2351 2990
114 120 211 156 1103

112 205 223 240 iuncti
249 203 392 235 erimus.
460 199 555 231 Haec
578 197 606 231 si
631 197 685 230 cui
706 207 780 228 non
807 194 993 233 videntur,
1027 204 1112 225 con-

113 258 230 290 vincet
248 266 327 287 eum
347 264 402 285 res
418 251 507 295 ipsa.
561 249 649 283 Cum
668 247 762 280 enim
777 245 933 291 primum
951 245 1042 278 facta
1061 250 1113 278 est

111 308 278 343 societas,
307 316 381 337 non
400 302 508 336 alium
532 307 664 333 metum
690 297 913 337 ostendistis,
947 308 1056 342 quam
1083 295 1113 329 si

112 360 309 394 sineremus
327 368 390 389 vos
406 352 583 398 opprimi,
608 363 673 384 nos
693 361 837 396 quoque
854 348 983 382 deinde
998 347 1035 380 in
1053 359 1113 391 pe-

111 410 264 445 riculum
283 414 454 440 venturos
475 415 560 438 esse.
618 402 692 436 Nec
717 413 803 434 vero
830 401 961 434 iustum
986 404 1037 433 est
1061 398 1114 431 illi

114 473 258 500 causae,
287 471 357 505 qua
384 463 487 490 antea
512 453 613 487 vobis
639 452 882 498 persuasistis,
912 463 1008 484 nunc
1024 449 1115 484 diffi-

113 515 217 553 dere,
253 517 287 544 et
311 522 352 542 eo
377 509 419 541 de
444 506 548 540 nobis
571 505 665 538 male
694 503 887 549 suspicari,
921 502 1005 549 quia
1033 514 1114 535 cum

114 564 245 599 maiori
262 560 417 595 exercitu
431 557 500 592 lmc
519 556 740 591 accessimus.
793 555 841 588 At
863 555 976 588 multo
1002 552 1115 597 magis

115 616 190 651 istis
213 612 446 647 diffidendum
472 615 535 643 est.
602 609 676 643 Nos
701 607 796 641 enim
821 618 865 640 ne
886 604 945 639 hic
969 616 1115 638 manere

116 677 325 713 possumus,
352 663 381 698 si
402 674 465 696 vos
482 659 694 694 habebimus
711 659 896 698 inimicos,
925 664 959 691 et
977 655 1116 690 etiamsi

115 718 248 764 perfide
279 727 342 748 vos
378 713 685 758 opprimeremus,
728 711 882 744 retinere
916 708 1115 754 potentiam

115 782 191 803 non
206 778 411 813 possemus,
438 764 521 810 quia
545 763 742 808 longinqua
767 761 949 806 navigatio
977 766 1048 799 est,
1084 765 1119 791 et

115 819 304 866 praesidiis
324 817 502 851 custodire
519 815 625 849 urbes
649 826 723 847 non
745 825 929 858 possemus
955 818 990 845 et
1014 810 1118 855 copia

117 885 240 906 rerum
258 872 410 909 deesset,
439 867 554 914 qualis
570 867 607 899 in
630 864 903 899 mediterraneis
923 875 997 897 esse
1017 863 1119 896 solet.

117 924 171 958 Illi
189 935 274 956 vero
297 934 371 954 non
395 919 537 959 castris,
570 918 632 952 sed
654 930 716 951 sua
741 917 829 950 urbe
853 915 991 955 vicina,
1028 925 1120 960 quae

117 975 235 1009 maior
255 980 305 1007 est
323 978 447 1006 nostro
464 969 639 1009 exercitu,
667 981 730 1002 vos
748 967 1019 1005 circumsident,
1055 977 1120 998 nec

119 1027 291 1061 omittunt
307 1025 416 1057 ullam
435 1022 657 1055 occasionem
669 1047 678 1060 ,
706 1019 910 1065 ubicunque
932 1018 1052 1063 aliqua
1070 1017 1121 1050 of-

118 1079 242 1112 fertur.
284 1075 322 1109 Id
339 1088 418 1108 cum
437 1073 505 1107 alia
523 1073 728 1112 ostendunt,
755 1078 830 1104 tum
847 1082 934 1103 vero
953 1081 1006 1109 ea,
1030 1080 1121 1114 quae

120 1136 244 1164 contra
255 1127 454 1161 Leontinos
471 1126 643 1164 fecerunt,
661 1130 696 1156 et
712 1135 808 1156 nunc
826 1122 928 1155 vohis
947 1127 1121 1166 tanquam

120 1180 270 1225 stupidis
303 1177 508 1212 hortatores
537 1181 640 1215 sunt,
679 1180 718 1208 ut
745 1174 850 1207 nobis
877 1171 996 1207 hostes
1018 1171 1123 1212 fiatis,

121 1233 182 1279 qui
204 1230 457 1276 impedivimus
474 1226 664 1266 hactenus,
699 1238 744 1259 ne
768 1225 835 1270 ipsi
861 1237 924 1258 vos
952 1224 1123 1257 servitute

122 1284 380 1329 opprimerent.
422 1280 496 1314 Kos
514 1285 638 1311 contra
657 1275 847 1310 hortamur
862 1289 925 1310 vos
944 1276 990 1308 ad
1007 1275 1124 1308 verio-

122 1348 199 1369 rem
233 1335 406 1371 salutem,
447 1337 626 1376 petentes,
662 1341 706 1362 ne
736 1335 900 1362 mutuam
931 1327 1123 1360 utilitatem

122 1387 292 1431 utrinque
326 1384 429 1417 nobis
466 1389 500 1415 et
535 1381 635 1415 vobis
670 1381 896 1425 profuturam
938 1377 1124 1410 abiiciatis.

124 1439 272 1482 Semper
289 1436 339 1469 illi
356 1435 462 1468 etiam
478 1434 553 1467 sine
571 1432 675 1466 sociis
693 1432 788 1465 viam
815 1429 1016 1475 expeditam
1041 1439 1124 1460 con-

125 1498 180 1524 tra
219 1501 282 1522 vos
319 1486 454 1520 habent
495 1491 643 1529 propter
682 1483 812 1516 civium
845 1480 1125 1514 multitudinem.

124 1541 236 1574 Vobis
266 1552 341 1572 non
373 1549 514 1581 semper
546 1535 613 1569 erit
645 1535 793 1568 facultas
825 1532 1039 1566 defendendi
1063 1543 1125 1563 vos

126 1606 206 1627 cum
230 1591 339 1624 tantis
364 1589 522 1627 auxiliis,
559 1599 649 1632 quae
675 1586 703 1620 si
729 1586 926 1623 discedent,
962 1583 1017 1616 vel
1041 1582 1124 1627 quia

127 1644 222 1678 mala
249 1640 480 1686 suspicamini
505 1640 547 1671 de
570 1638 692 1677 nobis,
733 1637 789 1669 vel
814 1642 962 1681 propter
989 1635 1126 1667 cladem

127 1696 283 1740 aliquam
298 1720 306 1733 ,
335 1699 457 1737 postea
475 1691 596 1722 videre
614 1689 811 1733 aliquotam
829 1694 969 1732 partem
989 1684 1127 1729 optabi-

126 1747 190 1786 tis,
220 1757 299 1778 cum
315 1741 404 1776 nihil
422 1743 593 1787 proficere
615 1739 833 1784 poterimus,
867 1737 1008 1772 etiamsi
1031 1748 1128 1769 acce-

128 1799 304 1832 deremus.

232 1847 367 1880 Verum
385 1857 450 1878 nec
470 1857 532 1878 vos
548 1856 613 1877 nec
630 1843 691 1876 alii
710 1840 897 1875 calumniis
914 1838 1044 1873 horum
1070 1840 1130 1872 de-

129 1898 338 1934 terreamini
352 1925 361 1938 ,
389 1909 477 1943 quas
491 1896 725 1930 refutabimus
742 1892 952 1938 simpliciter
970 1890 1129 1935 exposita

129 1953 290 1985 veritate.
343 1950 394 1984 Ac
410 1960 533 1982 rursus
549 1949 720 1986 fatemur,
749 1957 815 1979 nos
832 1943 932 1977 domi
950 1943 1130 1987 imperare

131 2003 283 2042 nostris,
309 2014 354 2034 ne
371 2000 503 2035 servire
521 2000 570 2033 eis
588 2010 777 2043 cogamur;
809 1994 867 2029 hie
885 2007 969 2028 vero
987 1995 1131 2027 liberta-

131 2062 202 2089 tem
228 2055 380 2087 aliorum
408 2051 652 2091 defendimus,
687 2061 732 2082 ne
756 2054 880 2082 contra
906 2058 972 2080 nos
995 2045 1132 2079 inimici

132 2106 261 2140 auxilia
295 2104 450 2137 mittant.
525 2103 639 2136 Multa
674 2102 789 2134 facere
825 2098 1005 2143 cogimur,
1048 2097 1130 2143 quia

133 2158 246 2192 multa
266 2157 422 2189 cavenda
444 2161 537 2189 sunt.

236 2208 410 2241 Venimus
425 2204 494 2240 huc
519 2213 554 2239 et
575 2205 648 2238 iam
673 2210 707 2237 et
729 2209 832 2236 antea
855 2208 896 2236 ut
918 2200 1024 2240 socii,
1058 2212 1133 2232 non

135 2267 262 2306 sponte
274 2287 282 2300 ‚
311 2260 373 2293 sed
390 2258 568 2297 accersiti,
602 2267 736 2301 vosque
755 2256 855 2288 decet
869 2266 943 2286 non
960 2251 1132 2296 repellere

135 2325 220 2353 nos,
248 2311 350 2357 quasi
372 2322 469 2343 nunc
493 2309 626 2343 iudices
651 2313 712 2341 aut
737 2318 900 2341 censores
926 2310 1133 2338 nostrorum

137 2363 369 2397 consiliorum
402 2361 497 2400 sitis;
538 2361 599 2395 sed
627 2360 782 2392 fructum
807 2357 920 2402 capite
946 2368 987 2389 ex
1011 2362 1134 2389 nostra

135 2414 360 2460 praesentia,
387 2413 460 2446 sive
478 2425 544 2446 nos
563 2411 783 2451 necessario,
818 2409 891 2443 sive
916 2420 990 2441 non
1016 2419 1135 2441 neces-

137 2466 232 2501 sario
258 2464 477 2498 accessimus.
529 2463 575 2497 Et
593 2463 789 2497 existimate
807 2466 928 2494 nostra
945 2471 1044 2492 arma
1060 2470 1135 2491 non

139 2517 306 2551 omnibus
323 2528 469 2556 nocere,
496 2516 609 2549 multo
628 2526 713 2548 vero
735 2513 897 2558 pluribus
913 2511 1135 2545 Graecorum

138 2570 326 2614 prodesse;
362 2567 399 2599 in
418 2567 583 2601 omnibus
604 2566 698 2600 enirn
715 2565 819 2605 locis,
846 2563 955 2597 etiam
975 2562 1037 2596 ubi
1062 2574 1136 2595 non

102 2641 113 2649 ι
139 2621 380 2664 imperamus,
415 2625 590 2663 coguntur
609 2624 706 2651 metu
727 2617 843 2651 nostri
867 2615 1047 2661 quiescere
1072 2613 1136 2653 illi,

142 2671 205 2717 qui
223 2671 301 2705 aliis
320 2669 556 2710 insidiantur,
580 2676 614 2702 et
637 2675 796 2702 amantes
820 2667 916 2712 pacis
942 2666 1016 2700 sine
1043 2665 1137 2710 peri-

143 2723 222 2756 culo
248 2722 409 2767 ipsorum
433 2727 632 2756 servantur.
698 2721 775 2754 Hoc
797 2718 1016 2764 praesidium
1042 2729 1137 2751 nunc

691 107 815 144 PHIL.
849 105 963 142 MEL.
997 103 1202 141 SCRIPTA
1232 104 1571 142 PHILOLOGICA.

2063 103 2163 141 1104

1165 205 1240 225 non
1256 192 1434 237 repellite;
1467 194 1529 227 sed
1545 193 1658 226 vicem
1681 191 1819 226 reddite
1837 190 2087 237 Syracusanis,
2114 197 2166 231 ut,

1166 249 1329 278 cum'eos
1350 256 1492 288 semper
1515 250 1618 278 antea
1645 243 1856 284 timueritis,
1890 254 1985 276 nunc
2011 241 2164 276 vicissim

1167 295 1216 330 eis
1233 302 1406 329 terrorem
1423 295 1617 331 incutiatis.

1399 386 1564 420 Oratio
1600 385 1936 433 Alcibiadisoe).

1270 455 1419 490 Necesse
1451 461 1503 490 est
1533 467 1591 489 me
1627 454 1784 500 primum
1816 456 1912 500 apud
1944 466 2008 489 vos
2036 455 2080 488 de
2111 465 2169 487 ca·

1167 507 1313 542 lumniis
1330 507 1466 547 dicere,
1490 507 1619 553 quibus
1637 519 1657 540 a
1676 519 1732 540 me
1753 506 1955 541 voluntates
1977 504 2169 540 hominum

1169 559 1306 592 inimici
1320 559 1477 592 alienare
1500 564 1695 599 conantur,
1721 570 1766 592 ne
1781 571 1881 593 secus
1906 558 1950 592 de
1974 570 2032 591 me
2057 557 2173 602 suspi-

1170 617 1302 652 cantes,
1329 609 1498 644 diffidatis
1515 609 1671 644 consiliis
1687 610 1775 644 meis
1790 610 1834 644 de
1848 609 2044 655 republica.
2077 608 2171 643 Cum

1170 663 1326 697 maiores
1341 662 1413 695 mei
1429 667 1578 707 propter
1595 661 1883 695 criminationem
1908 662 2091 707 quandam
2115 660 2172 695 ius

1170 713 1338 760 hospitii,
1381 713 1479 759 quod
1505 712 1690 747 vobiscum
1713 720 1808 754 erat,
1846 713 1948 747 vobis
1969 711 2174 746 renuntias-

1171 773 1268 808 sent,
1310 777 1374 810 ego
1398 765 1434 798 id
1460 764 1678 805 instauravi,
1716 777 1850 811 vosque
1875 764 1991 805 colui,
2029 775 2110 797 cum
2134 763 2174 796 in

1173 818 1250 852 aliis
1264 817 1382 858 rebus,
1410 822 1485 850 tum
1503 828 1589 850 vero
1607 816 1645 849 in
1660 816 1852 851 liberandis
1869 816 1925 857 iis,
1952 815 2069 862 quiin
2080 814 2174 860 Pylo

1173 869 1269 915 capti
1285 869 1440 903 fuerant.
1493 867 1656 914 Cumque
1674 880 1753 901 mea
1773 880 1854 912 erga
1873 880 1937 902 vos
1957 866 2175 901 benevolen-

1173 921 1222 955 tia
1249 921 1372 955 fuisset
1396 925 1591 965 perpetua,
1625 931 1688 953 vos
1709 919 1933 953 reconciliati
1948 917 2177 953 Atheniensi·

1172 974 1258 1013 bus,
1279 984 1443 1005 meorum
1461 971 1690 1004 inimicorum
1706 971 1906 1016 potentiam
1925 969 2177 1011 confirmastis,

1174 1031 1209 1058 et
1223 1021 1315 1058 mihi
1330 1023 1519 1056 infamiam
1539 1022 1716 1057 attulistis.
1777 1023 1898 1068 Quare
1918 1034 1938 1055 a
1954 1022 2056 1056 vohis
2075 1032 2179 1055 aver-

1175 1089 1254 1116 sus,
1293 1074 1415 1108 adiuvi
1427 1073 1475 1120 ⁶4)
1498 1073 1726 1108 Mantinaeos
1750 1080 1783 1107 et
1805 1074 1978 1118 Argivos,
2019 1080 2054 1108 et
2074 1072 2179 1107 vobis

1175 1127 1296 1167 nocui,
1320 1126 1383 1160 uhi
1399 1124 1514 1171 potui.
1567 1125 1603 1159 Si
1622 1125 1701 1171 quis
1718 1125 1827 1170 igitur
1843 1132 1928 1160 tunc
1942 1125 2073 1160 iniuste
2086 1122 2180 1158 mihi

1176 1180 1289 1212 iratus
1306 1177 1391 1218 fuit,
1419 1189 1515 1211 nunc
1534 1177 1675 1221 cognita
1701 1177 1870 1218 veritate,
1904 1177 1966 1211 fiat
1988 1174 2080 1210 mihi
2103 1175 2181 1221 pla-

1178 1237 1288 1264 catus.
1344 1229 1381 1263 Si
1400 1229 1479 1274 quis
1498 1228 1605 1261 etiam
1625 1240 1667 1261 eo
1684 1226 1774 1262 mihi
1793 1228 1860 1262 fuit
1877 1228 2057 1274 iniquior,
2084 1227 2183 1273 quod

1177 1282 1390 1327 popularem
1409 1286 1540 1314 statum
1558 1279 1651 1319 fovi,
1679 1291 1753 1312 non
1772 1286 1866 1313 recte
1882 1278 1972 1313 mihi
1987 1285 2181 1320 succenset,

1177 1339 1299 1367 nostra
1324 1331 1419 1364 enim
1446 1330 1581 1363 familia
1605 1343 1746 1375 semper
1769 1332 1955 1365 adversata
1984 1337 2036 1365 est
2058 1337 2182 1375 tyran-

1177 1385 1245 1418 nis.
1304 1381 1388 1415 Ideo
1413 1395 1479 1416 nos
1503 1388 1677 1427 tanquam
1703 1382 1860 1415 adiuncti
1888 1382 2023 1427 populo
2046 1381 2183 1416 mansi-

1178 1448 1277 1475 mus,
1314 1441 1348 1467 et
1363 1434 1400 1466 in
1417 1433 1636 1467 democratia
1655 1433 1767 1466 multa
1783 1439 1866 1466 sunt
1882 1433 2044 1467 facienda
2061 1433 2180 1467 alieno

1179 1486 1351 1525 arbitrio,
1388 1492 1422 1518 et
1444 1485 1622 1530 sequenda
1650 1491 1702 1518 est
1727 1485 1941 1524 multitudo,
1977 1485 2038 1519 sed
2060 1491 2183 1518 tamen

1180 1539 1217 1571 in
1234 1536 1361 1582 populi
1375 1536 1518 1570 licentia
1538 1547 1605 1569 nos
1627 1536 1915 1570 moderationem
1940 1535 2182 1570 adhibuimus.

1179 1589 1251 1622 Alii
1269 1589 1414 1622 suerunt
1429 1594 1462 1621 et
1480 1593 1583 1620 antea
1600 1594 1633 1620 et
1648 1599 1763 1627 nunc,
1791 1587 1853 1633 qui
1869 1588 2044 1632 populum
2062 1588 2108 1621 ad
2122 1588 2183 1621 de-

1181 1641 1313 1674 teriora
1340 1639 1600 1678 incitaverunt‚
1643 1639 1705 1684 qui
1737 1639 1844 1672 etiam
1869 1652 1925 1672 me
1950 1640 2182 1684 expulerunt;

1181 1705 1245 1737 ego
1264 1698 1383 1725 autem
1401 1691 1510 1724 totius
1528 1690 1680 1724 civitatis
1703 1691 1853 1724 salutem
1878 1691 2055 1736 spectavi,
2089 1690 2185 1735 cogi-

1182 1751 1261 1778 tans
1286 1744 1418 1777 iustum
1443 1754 1515 1776 esse
1539 1753 1751 1776 conservare
1776 1754 1857 1775 eum
1882 1749 2033 1783 statum,
2076 1754 2185 1788 quem

1182 1795 1338 1829 maxima
1369 1801 1408 1834 ,et
1441 1793 1626 1827 liberrima
1662 1793 1786 1827 civitas
1820 1806 1962 1838 semper
1996 1792 2185 1829 habuerat.

1183 1848 1319 1881 Omnes
1345 1846 1461 1886 enim,
1496 1845 1558 1891 qui
1583 1845 1758 1890 sapimus,
1791 1845 1980 1885 novimus,
2008 1851 2185 1891 quantum

1184 1899 1443 1944 vituperandus
1458 1897 1503 1931 sit
1517 1897 1702 1941 popularis
1718 1902 1849 1937 status,
1876 1903 1911 1930 et
1934 1908 1999 1941 ego
2028 1897 2185 1930 maxime

1185 1964 1267 1985 eum
1286 1950 1490 1994 vituperare
1505 1948 1652 1993 possim,
1670 1948 1752 1994 quia
1773 1949 1823 1981 ab·
1833 1960 1874 1982 eo
1891 1948 2023 1982 iniuria
2037 1948 2185 1983 affectus

1185 2015 1275 2037 sum.
1330 2001 1398 2035 Sed
1415 1999 1505 2034 nihil
1521 2000 1606 2033 novi
1628 2000 1743 2034 dicere
1768 2012 1857 2044 opus
1880 2006 1932 2035 est
1955 2001 1998 2033 de
2022 2000 2186 2041 stultitia,

1186 2066 1277 2100 quae
1294 2053 1430 2087 nemini
1446 2053 1568 2097 ignota
1587 2058 1654 2090 est;
1680 2064 1746 2085 nec
1767 2057 1889 2084 tamen
1912 2051 2102 2085 videbatur
2119 2063 2188 2085 no-

1185 2106 1239 2140 bis
1258 2112 1374 2139 tutum
1392 2111 1477 2138 tunc
1499 2116 1580 2137 eum
1606 2110 1767 2143 mutare,
1802 2116 1880 2136 cum
1906 2115 1925 2136 a
1948 2103 2050 2137 vobis
2073 2101 2186 2138 hosti-

1185 2158 1259 2201 bus⁸
1275 2157 1532 2191 obsideremur.
1600 2155 1696 2188 Haec
1725 2154 1809 2188 satis
1833 2155 1878 2188 sit
1899 2155 2117 2200 respondere
2140 2155 2186 2189 de

1187 2209 1416 2249 criminibus,
1446 2219 1536 2254 quae
1552 2204 1641 2240 mihi
1659 2206 1888 2240 obiiciuntur.

1290 2269 1395 2304 Nunc
1414 2267 1613 2313 cognoscite
1632 2268 1674 2300 de
1690 2273 1807 2301 vestra
1826 2265 2103 2307 deliberatione,
2137 2278 2185 2300 an

1189 2321 1326 2367 aliquid
1344 2326 1567 2365 compertum
1587 2316 1739 2352 habeam
1759 2318 1885 2352 melius
1911 2329 2019 2364 quam
2043 2317 2186 2353 caeteri.

1188 2372 1229 2406 In
1246 2373 1403 2406 Siciliam
1429 2370 1694 2415 navigavimus,
1729 2376 1788 2410 ut,
1822 2370 1851 2403 si
1873 2381 2076 2415 possemus,
2110 2375 2187 2403 tota

1189 2425 1308 2459 Sicilia
1327 2424 1547 2469 potiremur,
1575 2422 1703 2455 deinde
1722 2421 1885 2462 etltalia,
1912 2427 2035 2466 postea
2051 2427 2091 2455 ut
2100 2420 2187 2455 Car-

1189 2475 1372 2521 thaginem
1390 2481 1620 2509 tentaremus.
1669 2473 1766 2507 Haec
1781 2473 1809 2508 si
1826 2472 2096 2518 processissent,
2124 2479 2186 2507 aut

1224 2611 1274 2640 63)
1293 2609 1415 2641 Thucyd.
1433 2607 1483 2636 VI,
1505 2607 1631 2633 89-92.

1225 2663 1274 2691 64)
1291 2661 1397 2690 adiuvi]
1426 2660 1466 2684 sic
1484 2660 1534 2685 Ed.
1557 2660 1632 2686 1562.
1660 2659 1689 2683 in
1713 2658 1884 2689 corrigendis
1892 2666 1900 2690 ;
1934 2658 1962 2682 in
1981 2657 2106 2682 oratione
2125 2658 2187 2690 ipsa

1261 2698 1286 2721 h.
1302 2698 1319 2737 ¹1⁸
1344 2696 1462 2735 legitur:
1493 2694 1773 2735 adivilCl'hucxdidis
1798 2695 1883 2717 verba
1910 2694 1989 2717 sunt:
2025 2689 2080 2716 ὑπ’
2103 2691 2184 2726 ἐμοῦ,

1261 2738 1330 2763 προς
1347 2737 1375 2754 τε
1393 2738 1426 2754 τα
1450 2731 1616 2754 Mammam
1632 2727 1678 2753 καὶ
1693 2729 1822 2761 Λργείων
1839 2726 2098 2760 τραπομένου).
