2351 2990
107 142 208 180 1085
366 142 471 178 XLII.
512 142 912 178 INTERPRETATIO
941 142 1240 180 ORATIONUM
1264 143 1330 179 EX
1358 144 1654 181 THUCYDIDIS
1681 145 1830 182 LIBRO
1846 147 1906 185 lv.
2063 151 2164 188 1086

106 237 269 265 mentum
297 229 668 264 Lacedaemoniorum
705 231 794 265 dans
827 230 1107 276 magistratibus,
1161 231 1336 273 siderate,
1372 245 1465 280 quae
1495 232 1524 267 si
1552 245 1633 267 cum
1658 234 1824 268 oratione
1848 244 2066 281 congruent,
2099 236 2165 280 ha7

106 284 183 317 fore
202 283 353 324 liberos,
377 283 580 329 quicunque
599 295 634 316 se
652 280 741 316 mihi
758 283 999 317 adiunxerint.
1033 283 1108 318 Nec
1161 283 1290 318 bebitis
1305 284 1480 319 illustrem
1499 286 1825 328 confirmationem,
1846 299 1912 322 nos
1929 286 2020 322 nihil
2038 291 2165 325 fraude

108 335 247 380 agimus
262 333 350 375 hoc,
377 341 417 369 ut
436 335 470 367 vi
489 340 551 367 aut
567 334 692 368 fraude
718 347 907 380 oppressos
936 348 999 369 vos
1024 348 1108 369 con—
1162 347 1288 381 agere,
1314 337 1375 370 sed
1393 336 1591 383 aequaliter
1609 337 1769 384 utrisque
1788 340 1985 375 consulere.
2041 380 2043 383 ι
2158 377 2161 383 ,

107 393 161 420 tra
188 387 277 421 alios
303 388 494 427 ducamus,
529 387 590 420 sed
618 392 657 420 ut
680 387 859 432 oppressis
882 399 987 432 opem
1016 388 1109 420 sera·
1264 386 1327 421 Sin
1353 394 1472 422 autem
1498 386 1588 423 haec
1612 402 1669 423 me
1693 397 1920 435 proponente
1937 391 2072 433 dicitis,
2100 406 2165 429 vos

106 451 198 473 mus.
253 438 342 473 Cum
368 438 477 483 igitur
501 444 602 471 tanto
626 438 829 472 iuramento
855 452 910 472 me
940 439 1109 484 obligem‚
1163 436 1367 472 iuramento
1390 440 1566 485 obligatos
1590 439 1888 484 Atheniensibus,
1919 450 2080 477 nostram
2107 458 2165 479 so·-

106 490 219 524 nolim
240 502 458 537 quemquam
485 491 528 523 de
554 502 612 523 me
633 503 731 525 secus
749 491 940 536 suspicari,
969 503 1034 524 nec
1050 503 1109 524 ve-
1163 488 1327 524 cietatem
1347 492 1536 526 admittere
1559 504 1634 526 non
1651 505 1775 538 posse,
1801 496 1862 529 sed
1877 492 1970 528 nihil
1995 507 2059 529 vos
2080 509 2166 531 con-

104 542 167 576 lim
192 542 306 576 videri
328 554 402 575 non
427 554 530 587 posse
554 543 744 577 defendere
770 555 830 577 eos
845 569 855 584 ,
897 543 961 589 qui
985 542 1109 577 confisi
1163 547 1218 574 tra
1242 554 1309 577 nos
1330 543 1489 578 facturos
1513 556 1606 584 esse,
1644 551 1679 579 et
1701 552 1842 590 petere,
1878 553 1918 580 ut
1941 547 2166 583 discedamus

104 595 209 629 nobis
225 607 298 628 sese
318 593 598 629 coniunxissent.
1163 593 1265 628 vobis
1282 594 1412 629 illaesis
1424 622 1433 636 ,
1459 602 1493 629 et
1509 595 1626 630 dicitis
1637 623 1647 637 ,
1675 597 1790 631 videri
1806 598 1907 633 vobis
1918 625 1927 639 ,
1954 611 2021 633 nos
2037 599 2168 635 afferre

210 645 247 679 si
272 646 352 692 quis
370 653 489 680 autem
510 646 678 691 privatim
703 644 771 680 hoc
789 646 935 687 metuit,
962 658 1007 679 ne
1025 645 1110 679 civi·
1162 645 1402 689 periculosam
1431 647 1656 689 libertatem,
1699 655 1734 682 et
1757 650 1979 684 offerendam
2008 663 2082 686 esse
2110 652 2167 694 iis,

106 703 215 731 tatem
234 699 438 732 contrariae
451 698 599 731 factioni
615 699 777 739 tradam,
801 698 829 732 is
846 698 1000 731 maxime
1020 695 1110 731 mihi
1164 696 1227 742 qui
1257 704 1409 742 possunt
1439 711 1517 732 eam
1551 699 1732 744 recipere,
1767 701 1900 736 invitos
1929 713 2004 736 non
2039 715 2169 748 cogen-

106 750 274 784 confidat.
334 750 418 785 Non
444 750 538 783 enim
570 750 698 791 venio,
733 756 773 783 ut
809 750 899 784 ullas
934 749 1109 785 factiones
1164 748 1229 782 dos
1257 761 1331 783 esse
1349 750 1394 783 ad
1416 762 1493 784 eam
1518 750 1781 796 recipiendam:
1819 759 1925 788 testes
1949 754 2043 788 facio
2066 754 2164 792 Deos

106 802 340 843 confirmem,
367 808 401 836 et
426 814 575 846 augeam
600 802 812 843 seditiones,
841 814 906 836 nec
931 801 1109 835 existima·
1164 805 1198 833 et
1231 797 1361 835 heroas
1398 799 1528 836 harum
1563 803 1775 848 regionum,
1816 806 1933 850 quod,
1981 818 2062 840 cum
2097 809 2169 842 uti.

104 865 181 887 rem
201 860 314 887 tutam
332 854 410 887 fore
425 854 640 895 libertatem,
660 854 688 887 si
706 853 839 888 omisso
858 853 977 899 patrio
995 865 1110 895 more,
1163 851 1273 887 litatis
1296 859 1434 888 vestrae
1463 867 1568 889 causa
1593 855 1754 888 venerim
1768 883 1777 896 ,
1812 863 1930 891 vestra
1964 858 2067 903 culpa
2091 859 2166 902 fiat,

105 912 168 940 aut
188 905 384 951 populum,
419 912 481 939 aut
504 905 685 950 principes
712 906 911 950 redigerem
937 906 974 938 in
1000 905 1110 939 servi·
1164 905 1262 949 quod
1293 903 1406 940 hostis
1442 918 1515 940 esse
1546 919 1656 951 cogor
1674 934 1683 947 ,
1732 920 1868 954 vosque
1901 921 2072 954 agrorum
2103 924 2169 956 po-

103 964 229 992 tutem.
288 957 383 991 Nam
411 958 470 990 illa
498 958 694 991 domestica
722 958 919 991 factiomun
945 957 1110 991 domina·
1164 956 1349 999 pulatione
1381 970 1505 1002 cogam
1531 960 1577 992 ad
1600 958 1827 1000 societatem,
1864 973 1933 1006 qua
1959 961 1997 994 in
2023 974 2062 995 re
2091 974 2168 997 non

102 1009 175 1050 tio,
203 1008 342 1043 tristior
366 1015 417 1043 est
439 1009 631 1054 peregrino
656 1009 831 1054 irnperio,
861 1015 895 1042 et
920 1009 1024 1042 nobis
1040 1008 1110 1042 La·-
1163 1007 1293 1042 iniuste
1322 1021 1424 1053 agam
1454 1016 1605 1055 propter
1640 1011 1727 1045 duas
1746 1023 1887 1045 causas:
1927 1012 2085 1057 primum
2120 1027 2167 1049 ne

104 1061 346 1095 cedaemoniis
364 1073 438 1094 non
455 1062 647 1095 deberetur
670 1062 783 1105 gratia
810 1073 877 1106 pro
901 1060 1034 1095 nostris
1058 1061 1110 1093 la-
1162 1057 1444 1094 Lacedaemonii
1470 1062 1604 1095 damno
1639 1062 1864 1104 afficiantur,
1907 1076 1987 1098 cum
2018 1078 2080 1099 vos
2107 1079 2168 1111 pe-

102 1113 273 1154 boribus,
301 1114 363 1147 sed
390 1113 511 1158 potius
534 1125 600 1158 pro
619 1111 759 1146 honore
779 1119 813 1146 et
831 1112 945 1157 gloria
965 1124 1108 1146 accusa-
1163 1111 1267 1144 cunia
1292 1110 1528 1147 Athenienses
1552 1113 1739 1153 iuvabitis;
1783 1115 1913 1149 deinde
1936 1128 1981 1150 ne
2010 1123 2169 1152 caetero-

100 1165 174 1206 tio,
205 1165 235 1199 si
259 1164 409 1198 crimina
434 1163 650 1199 haberemus
677 1166 823 1205 eadem,
867 1176 959 1210 quae
985 1163 1109 1197 obiici·
1163 1175 1244 1196 rum
1263 1164 1485 1198 Graecorum
1501 1165 1667 1199 liberatio
1686 1166 1915 1211 impediatur.
1968 1167 2053 1203 Non
2071 1170 2169 1203 enim

101 1229 183 1251 mus
206 1214 507 1257 Atheniensibus,
543 1223 577 1250 et
603 1216 747 1262 quidem
773 1229 815 1249 eo
843 1216 988 1260 peiora,
1024 1215 1108 1261 quia
1163 1216 1393 1256 conveniret,
1434 1229 1500 1250 nos
1534 1217 1636 1251 vobis
1669 1230 1837 1262 parcere,
1882 1232 1962 1253 cum
1996 1220 2169 1256 iuvare-tis

100 1269 154 1302 illi
186 1281 231 1302 ne
272 1269 418 1314 quidem
460 1270 677 1313 profitentur
717 1280 753 1301 se
784 1267 960 1301 libertatis
997 1279 1109 1301 asser·
1162 1264 1282 1302 hostes
1299 1294 1308 1308 ‚
1349 1280 1414 1300 nec
1448 1269 1618 1303 debemus
1661 1269 1783 1304 invitis
1824 1270 1981 1305 tribuere
2023 1273 2169 1307 liberta-

99 1327 196 1355 tores
225 1332 310 1354 esse.
377 1320 536 1364 Turpius
569 1326 620 1353 est
653 1319 748 1352 enim
782 1316 857 1358 his,
903 1318 965 1364 qui
997 1318 1109 1363 impe-
1164 1324 1256 1359 tem,
1283 1319 1352 1353 nisi
1367 1319 1454 1352 boni
1471 1320 1604 1365 publici
1621 1333 1738 1356 causa.
1791 1321 1881 1356 Cum
1901 1323 1997 1356 enim
2015 1338 2090 1359 non
2106 1338 2168 1370 ap-

101 1373 155 1407 ria
187 1378 311 1406 tenent
327 1399 336 1412 ,
373 1371 537 1406 insidiari
567 1369 719 1404 honesto
749 1376 956 1416 praetextu,
999 1382 1109 1415 quam
1164 1375 1328 1413 petamus
1353 1372 1664 1413 dominationem,
1692 1374 1752 1408 sed
1778 1373 1867 1408 alios
1887 1376 2058 1410 servitute
2078 1377 2167 1411 libe-

102 1424 293 1458 manifesta
321 1423 492 1457 violentia
515 1422 580 1457 uti.
640 1422 732 1457 Nam
763 1421 935 1455 violentia
965 1421 1110 1455 videtur
1163 1433 1304 1462 remus,
1321 1421 1445 1457 iniusti
1463 1436 1639 1464 essemus,
1657 1424 1698 1466 si,
1723 1438 1803 1459 cum
1822 1426 1974 1461 velimus
1990 1429 2168 1464 universis

100 1477 157 1511 ius
178 1474 311 1509 habere
342 1481 492 1520 propter
515 1474 713 1519 potentiam
742 1486 760 1506 a
797 1475 941 1508 fortuna
973 1473 1110 1514 datam,
1164 1473 1313 1507 reddere
1332 1474 1558 1516 libertatem,
1587 1476 1688 1511 vobis
1711 1475 1986 1522 prohibentibus
2004 1493 2169 1525 parcere-

102 1530 163 1564 sed
182 1529 280 1562 fraus
299 1533 439 1561 tantum
457 1527 501 1559 ab
523 1526 697 1560 iniustitia
720 1525 848 1559 oritur.
900 1525 1000 1559 Adea
1018 1525 1109 1558 mul-
1163 1537 1255 1559 mus.
1308 1525 1418 1560 Recte
1436 1526 1545 1571 igitur
1565 1528 1778 1570 deliberate,
1807 1536 1841 1563 et
1865 1531 2002 1565 studete
2020 1533 2168 1568 Graecis

102 1588 176 1615 tam
205 1579 563 1625 circumspecti0nem
587 1578 625 1611 in
651 1577 757 1611 rebus
789 1576 974 1617 maximis,
1017 1589 1109 1623 quae
1163 1576 1307 1610 initium
1334 1580 1522 1612 ostendere
1549 1579 1746 1621 libertatis,
1780 1588 1815 1614 et
1840 1589 2006 1617 aeternae
2031 1585 2166 1629 gloriae

102 1634 149 1667 ad
164 1645 231 1666 nos
246 1631 448 1676 pertinent,
476 1629 708 1670 adhibemus,
731 1641 884 1675 cumque
903 1628 1109 1662 iuramento
1164 1629 1377 1662 memoriam
1398 1632 1495 1675 apud
1515 1638 1674 1666 caeteros
1698 1633 1899 1678 deponere,
1928 1641 1962 1668 et
1984 1637 2086 1671 vobis
2109 1650 2166 1671 res

102 1698 170 1719 nos
194 1683 455 1728 obligavimus,
483 1689 607 1728 postea
633 1682 740 1715 etiam
764 1681 856 1714 sacta
882 1687 1004 1714 nostra
1026 1692 1109 1714 con·
1163 1687 1299 1715 vestras
1317 1694 1397 1714 cum
1416 1682 1521 1716 laude
1537 1695 1692 1719 servare.

383 1939 420 1977 5.
471 1933 890 1974 ORATIONES
935 1933 1157 1978 SEXTI
1194 1934 1392 1972 LIBRI
1439 1935 1877 1975 THUCYDIDIS

300 2005 594 2039 CONVERSAE
630 2004 678 2033 IN
717 2003 941 2033 LATINUM
979 2003 1252 2033 SERMONEM
1288 2005 1313 2033 A
1349 2004 1576 2034 PHILIPPO
1613 2005 1960 2038 MELANTHONE.

382 2092 548 2129 Oratio
576 2091 706 2127 Nicia
718 2103 736 2124 e
754 2089 815 2138 ⁴⁸).
1162 2097 1195 2123 et
1212 2103 1294 2124 meo
1311 2090 1456 2136 corpori
1472 2091 1592 2126 minus
1608 2098 1730 2126 metuo
1750 2106 1857 2139 quam
1876 2095 1956 2135 alii;
1984 2092 2045 2130 sed
2072 2095 2165 2130 iudi-

1159 2154 1200 2175 co
1224 2143 1362 2177 bonum
1389 2142 1500 2176 civem
1520 2144 1627 2176 etiam
1646 2157 1731 2178 suae
1749 2145 1843 2179 vitae
1861 2153 1895 2179 et
1912 2148 2079 2182 fortunae
2100 2149 2161 2183 de-

1157 2194 1243 2228 bere
1273 2194 1478 2235 consulere,
1508 2196 1663 2229 maxime
1698 2209 1784 2231 vero
1820 2198 1926 2232 saluti
1963 2201 2159 2235 communi.

1158 2246 1206 2279 Ut
1232 2253 1350 2280 autem
1379 2253 1483 2280 antea
1508 2245 1599 2280 nihil
1621 2248 1693 2281 mei
1708 2246 1857 2284 honoris
1877 2263 2004 2293 causa,
2033 2258 2158 2286 contra

1157 2311 1266 2344 quam
1293 2298 1511 2339 sentiebam,
1544 2299 1659 2340 suasi,
1702 2299 1751 2333 ita
1778 2307 1812 2334 et
1840 2314 1936 2336 nunc
1959 2315 1999 2337 ea
2029 2303 2159 2345 dicam,

1157 2362 1249 2396 quae
1267 2357 1464 2384 rectissima
1484 2363 1557 2384 esse
1574 2351 1702 2386 sentio.

205 2164 281 2199 Etsi
307 2175 403 2197 nunc
432 2162 470 2195 in
503 2161 712 2195 concionem
745 2158 864 2193 vocati
886 2171 1030 2200 sumus,
1065 2165 1105 2192 ut

102 2218 321 2253 deliberetur
345 2216 388 2249 de
420 2220 596 2260 apparatu
625 2211 866 2257 navigationis
897 2216 1041 2244 nostrae
1067 2210 1105 2243 in

102 2270 282 2310 Siciliam,
317 2274 439 2301 tamen
469 2263 560 2299 mihi
585 2263 653 2298 hoc
676 2264 794 2309 ipsum
818 2262 918 2308 prius
943 2262 1104 2296 conside-

102 2324 258 2358 randum
283 2319 445 2360 videtur,
480 2318 571 2352 sitne
595 2317 768 2350 mittenda
794 2315 913 2349 classis
938 2321 1000 2348 aut
1016 2327 1102 2349 non.

100 2376 175 2412 Nec
208 2381 281 2407 tam
315 2371 431 2406 subita
459 2370 716 2404 deliberatione
741 2369 784 2402 de
807 2368 912 2401 rebus
938 2366 1103 2400 maximis
1306 2410 1314 2417 .
1644 2411 1652 2417 .
1683 2411 1691 2417 .

101 2427 330 2464 statuendum
349 2436 421 2458 esse
438 2434 576 2463 censeo,
595 2421 726 2456 auditis
738 2433 755 2453 a
775 2418 972 2465 peregrinis
985 2416 1103 2452 homi·
1258 2410 1338 2444 SCIO
1355 2410 1463 2444 talem
1481 2422 1554 2445 esse
1572 2412 1808 2470 ctipldltatem.
1828 2419 2004 2471 vestram,
2033 2422 2072 2449 ut
2095 2428 2157 2462 pa-

102 2481 209 2515 nibus
228 2477 295 2525 ¹¹⁹),
330 2483 370 2510 ut
400 2475 534 2509 bellum
561 2486 635 2507 non
661 2473 900 2507 necessarium
927 2470 1102 2515 suscipia-
1154 2473 1234 2495 rum
1260 2462 1379 2496 valeat
1402 2463 1589 2496 mOdel'flta
1616 2469 1754 2504 orauo,
1780 2477 1810 2497 ⁵1
1825 2464 1962 2506 d1cam,
1989 2479 2158 2511 praesen-

101 2545 194 2567 mus·
247 2526 340 2563 Mihi
365 2527 509 2574 quidem
536 2524 623 2560 haec
655 2524 832 2571 expeditio
857 2524 1011 2569 gloriosa
1038 2529 1102 2564 est,
1154 2513 1203 2546 tia
1219 2514 1407 2548 retinenda
1434 2527 1526 2555 esse,
1553 2526 1619 2548 nec
1646 2522 1795 2560 propter
1817 2516 1953 2551 incerta
1977 2525 2011 2551 et
2034 2520 2155 2554 futura

1154 2572 1285 2600 statum
1302 2573 1526 2611 praesentem
1542 2566 1579 2599 in
1595 2567 1786 2601 discrimen
1803 2569 2051 2604 adducendum
2069 2584 2155 2607 esse.

138 2651 187 2684 48)
209 2648 323 2680 Thucyd
345 2647 395 2678 Vl,
411 2646 518 2670 9-14.
1154 2617 1297 2652 Omisso
1324 2619 1431 2663 igitur
1457 2616 1525 2651 hoc
1545 2620 1732 2652 moderato
1753 2621 1924 2662 consilio,
1953 2624 2153 2666 ostendam,

138 2694 186 2727 49)
218 2692 320 2718 auditis
348 2688 504 2721 peregrinis
529 2684 697 2717 hominibus]
723 2686 763 2710 sic
788 2686 837 2709 Ed.
855 2685 929 2710 ¹562.
958 2683 985 2708 in
1005 2684 1098 2709 corri-
1154 2682 1218 2703 HOC
1244 2671 1454 2715 tempestive
1476 2683 1612 2704 novum
1634 2671 1767 2705 bellum
1794 2674 1951 2715 moveri,
1987 2687 2051 2708 nec
2076 2687 2153 2709 rem

173 2729 272 2761 gendis
296 2736 320 2747 =
344 2724 466 2755 Thucyd.
491 2719 631 2754 ‹affecto-w
655 2717 826 2752 ss'Mw'Mfflss
845 2719 1046 2752 nea-aonuivovffi
1072 2720 1099 2760 {¹¹
1151 2722 1289 2756 facilem
1325 2724 1420 2764 fore,
1457 2723 1618 2756 obtinere
1650 2723 1730 2764 illa,
1764 2726 1808 2758 ad
1838 2738 1930 2771 quae
1961 2727 2153 2765 tendimus.

168 2763 384 2824 lilii‘ffisf‘a‘fflfle
408 2760 432 2783 ¹¹·
451 2760 468 2782 ¹·
494 2759 619 2790 ¹eg¹t¹¹¹²
656 2757 757 2781 auditis
784 2762 800 2780 a
828 2762 985 2787 peregi-uns
1011 2756 1099 2780 nmm-
1152 2773 1208 2807 Sic
1231 2775 1323 2808 enim
1346 2775 1563 2815 ratiociuor,
1592 2788 1671 2809 cum
1689 2773 1746 2809 hic
1762 2778 1893 2811 multos
1909 2776 2027 2813 hostes
2044 2779 2152 2813 relin-
