2351 2990
110 107 186 143 933

107 200 164 228 tos
184 205 277 234 esse,
303 205 384 226 cum
402 188 663 225 Demosthenes
687 191 776 224 bene
799 191 1010 225 consuleret.
1064 190 1112 224 At

106 245 197 280 illud
212 251 264 279 est
277 244 493 285 absurdum,
521 256 600 277 cum
624 243 663 276 in
688 242 814 277 iisdem
839 243 1014 277 subselliis
1039 254 1111 282 eos,

109 296 172 343 qui
189 296 285 341 passi
307 301 393 330 sunt'
407 308 442 329 se
460 295 612 340 pecunia
637 295 841 340 corrumpi,
874 295 1023 328 infamia
1046 307 1110 327 no-

107 347 286 389 taveritis,
330 359 504 381 coronare
530 346 659 388 istum,
701 359 808 393 quem
843 359 968 381 omnes
995 345 1111 381 sciunt

107 400 271 433 mercede
288 399 409 433 omnia
426 399 582 443 gessisse.
642 399 695 432 Ac
717 398 851 432 iudices
874 398 913 432 in
934 398 1047 439 ludis,
1080 397 1111 432 si

106 463 183 485 non
201 451 269 485 rite
285 450 511 485 decreverint
525 450 701 495 praemia,
728 450 881 496 punitis;
909 463 972 485 vos
990 456 1108 484 autem

107 515 188 537 cum
205 503 281 538 sitis
298 502 430 537 iudices
447 514 522 535 non
537 502 727 542 ludorum,
759 503 820 536 sed
840 503 959 547 legum
984 508 1019 535 et
1041 502 1110 534 rei-

105 555 289 600 publicae,
316 554 513 588 decernetis
529 553 689 599 praemia
709 566 784 587 non
799 554 894 587 iuxta
913 554 1006 598 leges
1023 565 1109 597 pau-

107 606 156 640 cis
173 618 213 639 ac
232 606 369 650 dignis,
396 606 457 640 sed
472 605 551 646 isti,
580 606 640 651 qui
660 605 747 649 petit
770 618 810 639 ea
834 605 937 639 malis
962 605 1108 638 artibus.

104 657 245 691 Deinde
262 657 412 692 discedit
427 658 554 698 iudex,
588 665 621 690 et
638 670 738 690 suam
758 657 955 702 potentiam
980 655 1110 689 minuit

105 709 145 743 in
161 709 324 749 civitate,
353 709 491 743 oratori
508 709 608 742 addit
627 709 732 742 vires.
783 708 894 753 Atqui
909 706 1020 741 homo
1037 707 1109 752 pri-

105 767 210 795 vatus
226 761 264 794 in
282 761 396 794 libera
423 761 564 794 civitate
588 760 724 804 legibus
751 766 785 793 et
809 760 944 793 calculo
971 765 1108 804 regnat.

105 812 204 846 Haec
222 825 302 846 cum
320 813 365 845 ad
383 812 529 846 alterius
547 818 760 857 potestatem
785 811 954 852 contulit,
982 818 1108 856 poten-

102 863 192 898 tiam
224 875 327 898 suam
362 864 506 898 amittit.
581 863 722 897 Deinde
749 863 952 896 recordatio
985 862 1109 895 violati

102 915 340 950 iurisiurandi
357 915 492 949 cruciat
510 928 590 949 eum
604 942 613 956 ‚
641 928 720 948 cum
739 915 885 948 alterius
903 927 1007 948 causa
1028 926 1108 959 pec-

103 974 224 1001 catum
244 973 312 1008 est,
341 973 375 1000 et
397 973 520 1000 tamen
544 967 658 1011 gratia
680 966 842 999 beneficii
857 967 994 1010 sperari
1010 966 1106 999 nulla

103 1025 242 1064 potest,
279 1018 384 1064 quia,
419 1031 499 1052 cum
522 1018 648 1052 calculi
670 1019 760 1051 clam
784 1019 967 1059 serantur,
1004 1024 1109 1051 autor

104 1071 308 1115 ignoratur.

206 1121 384 1154 Videmur
416 1127 535 1154 autem
568 1122 660 1155 cives
692 1121 892 1155 inconsulte
921 1127 998 1154 tum
1022 1119 1108 1153 inci-

106 1173 198 1208 disse
213 1172 252 1206 in
268 1172 447 1218 pericula,
480 1179 556 1206 tum
582 1173 744 1207 evasisse.
804 1172 898 1206 Nam
922 1173 1019 1218 quod
1040 1170 1108 1205 hoc

105 1231 269 1269 tempore
286 1236 455 1268 magnam
472 1224 670 1268 potentiam
688 1223 808 1268 paucis
828 1224 931 1256 multi
956 1224 1109 1256 contuli-

104 1289 206 1317 mus,
238 1287 315 1309 non
338 1276 464 1313 laudo;
507 1276 568 1309 sed
593 1275 737 1308 interim
761 1272 829 1307 hoc
854 1275 943 1307 bene
972 1275 1108 1314 cecidit,

106 1328 205 1374 quod
228 1333 344 1361 aetate
365 1333 489 1361 nostra
510 1339 585 1360 non
606 1326 715 1360 nimis
740 1338 890 1370 magnus
912 1333 1108 1370 proventus

102 1379 357 1424 improborum
384 1385 419 1411 et
440 1378 631 1412 audacium
653 1384 840 1412 oratorum
863 1377 942 1412 suit.
996 1377 1107 1422 Supe-

104 1430 263 1465 rioribus
295 1429 392 1463 enim
425 1430 649 1474 temporibus
674 1430 761 1463 talia
786 1430 930 1474 ingenia
956 1430 1108 1474 protulit

104 1482 243 1523 civitas,
270 1493 362 1527 quae
378 1481 481 1515 facile
496 1482 621 1526 populi
638 1481 838 1526 potentiam
856 1482 1107 1515 dissolverunt.

102 1533 360 1568 Delectabatur
396 1533 491 1566 enim
524 1533 680 1578 populus
715 1532 1015 1573 assentatoribus,
1059 1533 1107 1566 ita

104 1598 181 1620 non
197 1583 256 1625 hi,
283 1597 373 1631 quos
391 1585 593 1626 metuebat,
621 1585 682 1618 sed
705 1584 777 1625 illi,
814 1597 968 1630 quorum
994 1585 1109 1618 consi-

102 1638 160 1672 liis
176 1636 298 1671 omnia
318 1636 583 1677 committebat,
611 1636 872 1680 rempublicam
891 1642 1108 1671 everterunt.

105 1689 215 1724 Tales
236 1689 384 1723 fuerunt
402 1688 569 1722 nonnulli
590 1700 632 1721 ex
654 1688 800 1731 triginta
827 1687 1011 1733 tyrannis,
1046 1688 1107 1734 qui

104 1741 227 1787 plures
260 1752 370 1786 quam
396 1740 494 1773 mille
519 1740 735 1786 quingentos
761 1739 853 1773 cives
879 1739 1107 1773 indemnatos

103 1798 345 1832 necaverunt,
387 1791 516 1837 quibus
546 1804 591 1825 ne
629 1791 775 1837 quidem
804 1791 953 1835 contigit
983 1791 1107 1825 audire

104 1856 249 1879 causam
261 1871 271 1885 ,
298 1855 361 1877 cur
378 1843 675 1877 interficerentur.
729 1843 853 1888 Neque
871 1843 1033 1887 cognatis
1048 1855 1108 1877 9ο-

104 1908 187 1931 rum
210 1895 492 1935 concedebatur,
520 1901 560 1929 ut
582 1896 689 1928 funus
711 1894 760 1928 eis
787 1895 956 1929 facerent.
1010 1895 1106 1928 Haec

106 1947 270 1993 exempla
286 1959 363 1980 non
377 1947 700 1980 commonefacient
718 1959 780 1980 vos
792 1973 801 1987 ‚
836 1952 876 1980 ut
893 1952 1053 1980 oratores
1069 1947 1106 1979 in

104 2005 281 2046 potestate
298 2004 415 2032 vestra
432 1998 663 2038 contineatis,
693 2004 726 2031 et
743 1999 915 2043 superbos
932 1999 1106 2033 revocetis

105 2053 152 2086 ad
180 2050 394 2084 modestiam
424 2057 458 2084 et
480 2049 761 2085 verecundiam?
821 2050 905 2084 Non
926 2049 1021 2084 scitis
1045 2062 1106 2083 ne-

103 2103 241 2137 minem
261 2114 423 2148 unquam
448 2102 657 2137 insidiatum
684 2114 757 2136 esse
779 2101 936 2135 libertati
962 2101 1105 2143 civium,

103 2155 174 2190 nisi
190 2154 253 2201 qui
270 2153 370 2199 prius
392 2155 592 2198 potentiam
615 2160 740 2188 nactus
763 2153 832 2187 fuit
853 2153 1028 2187 maiorem
1052 2154 1105 2188 iu-

105 2206 206 2241 diciis
223 2218 263 2239 ac
281 2205 442 2250 legibus?

205 2257 378 2291 Libenter
401 2257 621 2302 disputarem
646 2269 768 2290 coram
784 2256 900 2296 ,vobis
930 2269 1011 2290 cum
1043 2269 1105 2291 au-

102 2316 182 2344 tore
204 2309 358 2350 decreti,
398 2315 548 2355 propter
573 2310 670 2355 quod
694 2309 906 2343 heneficium
930 2309 1106 2343 censuerit

102 2359 387 2396 Demosthenem
405 2373 477 2396 esse
495 2362 757 2396 coronandum.
810 2361 847 2395 Si
870 2360 965 2394 enim
993 2361 1103 2395 dices:

106 2413 193 2460 quia
219 2413 331 2448 fossas
358 2413 459 2454 fecit,
500 2424 584 2446 nam
619 2411 687 2447 hoc
714 2413 885 2447 recitatur
910 2413 948 2446 in
973 2413 1105 2447 decreti

103 2464 306 2510 principio:
353 2465 458 2498 valde
492 2464 654 2499 mirabor
688 2465 949 2510 impudentiam
986 2471 1104 2505 tua1n;

102 2517 184 2562 plus
201 2516 298 2551 enim
320 2514 610 2562 reprehensionis
631 2514 759 2558 habet,
792 2519 889 2564 quod
913 2517 987 2562 ipse
1011 2517 1105 2562 peri-

105 2569 176 2603 culi
191 2580 297 2604 causa
314 2568 399 2610 fuit,
435 2575 583 2614 propter
606 2570 703 2616 quod
728 2570 867 2604 munita
891 2576 943 2603 est
969 2569 1104 2609 civitas,

105 2632 215 2666 quam
238 2618 348 2655 hahet
374 2621 489 2656 laudis
521 2621 598 2666 ipsa
630 2621 798 2657 munitio.
867 2621 993 2667 Neque
1016 2633 1102 2654 vero

104 2673 292 2714 convenit,
318 2674 520 2718 praemium
542 2673 702 2718 flagitare
727 2674 850 2715 illum,
886 2673 949 2720 qui
968 2673 1101 2706 vallum

103 2724 186 2758 urbi
201 2724 456 2767 circumdedit,
490 2732 551 2759 aut
574 2726 686 2761 fossas
708 2725 799 2771 egit,
832 2732 895 2760 aut
914 2722 1102 2771 sepulchra

304 103 491 140 XXXVIII.
535 103 763 139 INTERPR.
791 102 1054 139 ORATIONIS
1079 102 1326 138 AESCHINIS
1355 103 1554 139 CONTRA
1582 104 1969 141 CTESIPHONTEM.

2087 105 2164 142 934

1164 190 1292 229 diruit;
1335 191 1395 224 sed
1419 190 1477 224 isti
1499 191 1649 225 debetur
1670 192 1891 236 praemium,
1927 192 1989 238 qui
2013 192 2162 228 alicuius

1163 241 1251 275 boni
1274 254 1377 276 causa
1399 242 1477 276 suit.

1268 294 1336 327 Sed
1353 294 1381 327 si
1400 295 1445 326 ad
1462 294 1611 328 alteram
1629 294 1762 328 decreti
1787 300 1924 339 partem
1949 295 2088 336 venies,
2122 295 2160 328 in

1164 356 1233 390 qua
1250 345 1402 379 scribere
1419 358 1524 379 ausus
1542 358 1598 387 es,
1632 347 1729 392 quod
1745 346 1790 380 sit
1806 346 1860 379 vir
1877 346 1992 380 bonus
2016 353 2050 380 et
2070 347 2162 380 bene

1163 397 1311 431 meritus
1335 399 1377 430 de
1402 398 1536 441 populo
1553 396 1765 432 Atheniensi
1786 397 1823 431 in
1845 397 1995 431 dicenda
2022 404 2163 432 senten-

1163 448 1210 481 tia
1225 475 1233 487 ‚
1270 456 1304 481 et
1320 449 1423 482 rebus
1441 449 1621 492 gerendis:
1660 448 1718 483 hic
1737 450 1837 483 aufer
1853 447 1944 483 mihi
1958 449 2062 483 istam
2081 461 2161 483 ver-

1162 500 1291 533 borum
1310 500 1514 533 iactantiam
1528 527 1537 539 ‚
1566 507 1599 533 et
1617 513 1672 535 res
1690 501 1836 545 attinge.
1888 501 1980 536 Nam
1998 507 2039 535 ut
2056 501 2162 534 omit-

1163 557 1254 591 tam,
1282 553 1466 597 quomodo
1495 552 1538 584 ab
1557 551 1870 596 Amphissensihus
1894 560 1928 586 et
1943 552 2162 587 Euhoeensi-

1162 603 1227 637 bus
1243 603 1392 647 pecunia
1412 610 1600 647 corruptus
1617 604 1729 649 sitm),
1758 617 1836 637 cum
1853 604 1937 639 facis
1948 602 2161 638 Demosthe-

1164 667 1244 687 nem
1264 661 1425 687 autorem
1445 654 1623 688 societatis
1641 656 1754 688 sactae
1774 668 1852 689 cum
1871 654 2073 697 Thebanis,
2101 657 2161 689 de-

1163 705 1249 750 cipis
1267 718 1346 745 cos,
1382 706 1444 752 qui
1459 703 1647 740 historiam
1669 707 1741 740 eius
1758 707 1810 739 rei
1831 708 2016 751 ignorant3
2049 707 2163 742 scien-

1163 764 1213 791 tes
1232 764 1349 790 autem
1369 757 1584 790 contumelia
1602 758 1722 792 afficis.
1777 758 1987 793 Dissimulas
2006 759 2162 792 occasio-

1162 822 1243 841 nem
1266 815 1300 842 et
1324 809 1510 842 inclinatas
1527 806 1785 842 Thebanorum
1813 811 2014 845 voluntates
2039 812 2084 843 ad
2109 811 2162 843 fa-

1163 861 1324 894 ciendam
1349 860 1575 901 societatem,
1607 867 1642 894 et
1665 861 1762 895 urbis
1785 862 2015 895 autoritatem
2038 862 2075 895 in
2091 861 2163 895 De-

1162 910 1386 946 mosthenem
1405 913 1585 946 transfers.
1639 912 1783 957 Quanta
1801 919 1921 947 autem
1937 914 2077 947 vanitas
2091 913 2162 947 De-

1162 962 1359 998 mosthenis
1376 964 1440 1004 sit,
1460 976 1524 1008 ego
1543 964 1673 1008 insigni
1690 966 1846 1010 quodam
1864 966 2026 1011 exemplo
2046 971 2163 999 osten-

1162 1017 1258 1050 dam.
1326 1016 1518 1049 Persarum
1546 1028 1607 1048 rex
1631 1028 1704 1049 non
1726 1017 1840 1050 multo
1864 1023 1946 1050 ante
1970 1017 2162 1051 transitum

1162 1068 1358 1102 Alexandri
1376 1068 1413 1100 in
1431 1067 1552 1100 Asiam
1573 1068 1712 1112 scripsit
1728 1066 2005 1103 Atheniensibus
2031 1069 2162 1113 episto-

1162 1120 1233 1152 lam
1268 1119 1371 1152 valde
1405 1119 1726 1160 contumeliosam,
1765 1127 1800 1153 et
1822 1121 1927 1164 plane
1954 1121 2162 1161 barbaram,

1162 1171 1199 1204 in
1217 1183 1286 1216 qua
1305 1184 1383 1204 cum
1405 1170 1472 1202 alia
1490 1171 1602 1203 multa
1621 1171 1738 1215 inepte
1760 1178 1793 1204 et
1814 1171 2005 1205 inciviliter
2030 1172 2162 1216 scripta

1163 1229 1283 1261 erant,
1312 1229 1387 1255 tum
1404 1219 1492 1254 haec
1507 1222 1613 1255 etiam
1633 1223 1741 1255 verba
1762 1224 1797 1255 in
1814 1224 1884 1256 fine
1900 1224 2014 1268 posita
2042 1229 2162 1256 erant:

1161 1274 1237 1317 Ego
1255 1274 1357 1307 vobis
1374 1286 1501 1307 aurum
1519 1286 1592 1306 nou
1612 1275 1719 1315 (labo,
1742 1287 1786 1307 ne
1801 1275 1946 1319 petatis;
1975 1288 2049 1308 non
2067 1275 2163 1308 enim

1162 1325 1355 1369 accipietis.
1424 1323 1521 1358 Idem
1554 1325 1612 1358 ille
1648 1338 1710 1359 rex
1743 1326 1872 1359 deinde
1901 1327 2163 1361 circumventus

1162 1376 1328 1421 periculis
1344 1383 1470 1420 sponte
1488 1389 1551 1410 sua
1567 1377 1664 1411 misit
1682 1375 1752 1411 huc
1778 1378 1883 1412 nobis
1907 1391 1983 1412 non
2011 1378 2164 1424 petenti-

1162 1429 1227 1462 bus
1250 1434 1409 1461 trecenta
1434 1428 1588 1469 talenta,
1631 1441 1722 1474 quae
1748 1442 1812 1464 vos
1834 1431 2032 1475 prudenter
2057 1443 2164 1475 repu—

1162 1479 1297 1514 diastis.
1350 1479 1444 1514 Nam
1461 1486 1576 1513 metus
1596 1487 1761 1524 coegerat
1786 1495 1867 1516 eum
1893 1482 2053 1523 mittere,
2083 1495 2164 1516 cum

1164 1531 1318 1565 externis
1335 1531 1475 1565 auxiliis
1492 1544 1581 1576 opus
1599 1529 1758 1567 haberet.
1818 1532 1859 1567 Id
1883 1546 2011 1568 aurum
2041 1540 2164 1567 tamen

1162 1583 1390 1627 expugnavit.
1444 1580 1656 1624 Thebanos,
1691 1590 1732 1618 ut
1749 1597 1829 1618 cum
1852 1597 1934 1630 rege
1957 1586 2164 1619 societatem

1161 1636 1331 1669 facerent.
1394 1634 1452 1668 Tu
1475 1647 1561 1668 vero
1586 1633 1847 1671 Thebanorum
1874 1643 1908 1670 et
1932 1637 2027 1672 illius
2049 1637 2165 1671 infeli-

1162 1686 1323 1721 cissimae
1359 1686 1537 1721 societatis
1569 1688 1791 1722 mentionem
1825 1701 1929 1734 saepe
1963 1690 2070 1731 facis,
2121 1691 2164 1724 de

1161 1738 1384 1783 septuaginta
1403 1738 1545 1772 talentis
1561 1737 1651 1772 nihil
1666 1740 1779 1781 dicis‚·
1793 1753 1884 1786 quae
1904 1754 1944 1774 ex
1960 1742 2059 1786 regio
2073 1754 2162 1776 auro

1161 1790 1392 1835 intercepisti.
1458 1789 1589 1824 Nonne
1621 1797 1771 1836 propter
1797 1792 1959 1837 inopiam
1990 1793 2162 1837 pecuniae

1160 1842 1291 1876 milites
1317 1854 1392 1874 non
1415 1841 1608 1875 voluerunt
1640 1855 1756 1876 arcem
1787 1845 1929 1877 tradere
1955 1842 2164 1879 Thebanis?

1160 1906 1240 1927 cum
1267 1893 1427 1940 quinque
1451 1894 1593 1928 talentis
1616 1895 1790 1939 potuisset
1810 1908 1866 1931 res
1884 1896 2022 1931 confici.
2074 1896 2164 1931 Item

1161 1958 1241 1978 cum
1258 1946 1415 1979 Arcades
1433 1951 1467 1978 et
1482 1946 1587 1979 duces
1606 1947 1761 1992 expediti
1783 1954 1818 1981 et
1841 1948 1959 1993 parati
1981 1955 2097 1983 essent
2117 1950 2163 1982 ad

1159 1998 1346 2031 serendum
1383 1996 1577 2038 auxilium,
1618 2011 1741 2032 nonne
1774 2012 1831 2033 res
1864 2000 1998 2034 mansit
2031 2000 2162 2034 infecta

1159 2056 1308 2094 propter
1324 2061 1455 2082 novem
1473 2049 1634 2084 talenta?
1682 2049 1821 2084 Interea
1839 2058 1878 2086 tu
1894 2052 2026 2086 ditatus
2042 2065 2096 2093 es,
2123 2059 2164 2087 ut

1159 2102 1312 2134 tolerare
1329 2101 1555 2145 voluptatum
1579 2108 1724 2136 tuarum
1751 2110 1913 2149 sumptus
1937 2104 2062 2148 possis.
2115 2103 2162 2138 Et

1159 2153 1196 2186 in
1214 2165 1372 2193 summa,
1405 2153 1543 2197 regium
1573 2166 1702 2189 aurum
1728 2156 1824 2200 apud
1850 2153 1965 2197 hunc,
2000 2155 2160 2201 pericula

1158 2206 1254 2250 apud
1272 2218 1334 2239 vos
1350 2211 1572 2239 manserunt.

1261 2256 1421 2301 Dignum
1445 2263 1496 2291 est
1523 2264 1642 2292 autem
1671 2257 1859 2293 stultitiam
1885 2256 2017 2293 horum
2053 2259 2161 2293 etiam

1158 2309 1407 2354 contemplari.
1487 2308 1525 2342 Si
1566 2309 1661 2343 enim
1705 2310 1850 2344 audebit
1886 2309 2054 2356 Ctesipho
2089 2311 2161 2346 De-

1158 2359 1382 2395 mosthenem
1403 2373 1603 2402 accersere,
1630 2368 1670 2396 ut
1687 2359 1780 2395 hanc
1805 2375 1948 2397 causam
1973 2364 2070 2408 apud
2095 2376 2158 2398 vos

1158 2419 1258 2457 agat,
1301 2413 1467 2447 ascendet
1499 2413 1557 2446 ille
1590 2414 1878 2459 etjpraedicabit
1907 2427 1961 2454 se;
2002 2415 2040 2449 id
2070 2428 2157 2449 vero

1159 2465 1282 2498 audire
1301 2465 1462 2499 acerbius
1478 2465 1545 2498 erit
1563 2478 1671 2511 quam
1691 2466 1831 2511 perpeti
1856 2478 1916 2507 ea,
1951 2478 2041 2513 quae
2062 2467 2156 2502 fecit.

1157 2516 1249 2551 Nam
1282 2530 1362 2551 cum
1392 2529 1467 2550 non
1496 2518 1652 2551 feramus
1682 2518 1797 2553 bonos
1834 2518 1952 2559 viros,
1999 2531 2155 2565 quorum

1159 2568 1297 2613 egregia
1314 2569 1406 2602 facta
1423 2568 1526 2603 nobis
1544 2575 1629 2602 nota
1646 2576 1748 2612 sunt,
1773 2570 1803 2604 si
1821 2570 1970 2604 laudent
1984 2570 2052 2615 ipsi
2067 2583 2154 2612 sese,

1157 2621 1236 2666 quis
1249 2620 1383 2666 poterit
1398 2621 1492 2655 ferre
1512 2618 1697 2656 hominem
1708 2648 1719 2664 ,
1752 2622 1816 2670 qui
1831 2623 1983 2657 dedecus
2002 2622 2154 2657 civitatis

1190 2738 1238 2772 22)
1260 2740 1312 2770 sit]
1330 2740 1379 2765 Ed.
1401 2738 1552 2810 1563.9e‡t.
