2351 2990
182 120 252 153 771

183 203 352 239 hactenus
385 203 438 239 his
469 218 654 251 nunquam
686 207 722 240 in
743 208 821 240 loco
845 207 900 240 usi
925 207 1018 241 estis.
1075 207 1174 241 Nulli

183 257 325 290 urbium
340 258 485 290 secundi
509 259 608 293 estis:
637 271 760 291 verum
784 256 1000 292 bochellum
1022 258 1175 291 admini-

183 308 301 341 stratis
316 320 390 341 non
407 309 525 345 aliter,
554 316 658 354 atque
676 309 818 342 barbari
836 310 972 353 pugiles
991 310 1038 355 52)
1054 312 1174 343 decer—

182 365 271 393 tant.
316 359 408 394 ,Nam
426 358 462 392 hi
481 360 540 393 ubi
557 361 697 404 plagam
715 360 936 404 acceperint,
961 361 1009 394 ibi
1026 374 1172 395 manum

182 411 391 445 admovent:
438 411 570 443 interea
603 411 631 444 si
658 411 898 451 feriantur.in
930 413 1038 446 altera
1066 413 1174 453 mala,

180 469 261 506 post
278 462 385 495 ictum
406 463 464 494 illo
481 473 608 495 manus
624 463 844 496 transferunt
858 463 922 510 53);
951 470 1173 498 antevertere

180 520 299 547 autem
323 514 396 547 sive
420 513 621 557 prospicere
648 526 713 547 nec
739 521 905 559 possunt,
933 528 998 549 nec
1026 523 1173 550 norunt.

180 562 231 597 lta
257 576 340 603 vos,
376 577 454 597 cum
479 565 573 596 sama
600 564 637 597 in
659 563 881 600 Chersoneso
895 567 941 613 541)
963 565 1171 613 Philippum

180 628 252 649 esse
270 615 392 653 affert,
422 615 482 648 illo
500 616 675 655 transitis;
703 617 732 651 si
750 618 787 651 in
805 618 921 664 Pylis,
947 631 988 652 eo
1011 620 1172 659 tenditis;

179 666 207 700 si
225 666 328 705 alibi,
356 678 427 699 una
450 679 591 701 sursum
607 679 648 701 ac
665 670 832 703 deorsum
850 671 1047 711 cursitatis,
1075 684 1172 705 eum-

180 730 247 763 que
266 717 413 762 perinde
438 730 477 751 ac
500 720 625 752 ducem
643 720 851 766 sequimini;
877 734 992 768 neque
1010 735 1170 768 unquam

179 768 367 803 consilium
395 770 539 814 capiti5,
579 770 648 804 nisi
682 773 920 817 cognoveritis
945 774 1082 819 aliquid
1110 781 1172 808 aut

176 821 308 853 sactum
345 833 417 855 esse
447 828 508 854 aut
536 822 612 855 fieri
636 822 694 868 ⁵⁵).
752 826 867 858 Antea
894 825 1043 859 sortasse
1067 826 1171 860 nobis

176 868 266 905 haec
292 872 377 905 vitia
404 873 603 906 condonari
627 881 813 919 poterant;
855 888 950 909 nunc
984 877 1022 909 in
1057 884 1170 911 extre-

176 935 275 957 mum
292 923 502 964 discrimen,
530 931 564 957 et
587 925 699 969 ipsam
725 927 836 960 aciem
862 939 917 962 res
935 929 1086 962 adducta
1107 935 1169 969 est,

175 975 238 1007 ubi
262 975 397 1019 ignosci
422 982 565 1020 peccato
585 988 659 1009 non
688 984 815 1021 potest.
873 978 949 1022 Ego
966 979 1083 1013 Deum
1106 980 1169 1013 ali-

176 1038 281 1071 quem
308 1028 441 1071 pudere
466 1027 565 1060 urbis
589 1028 771 1069 existimo,
814 1030 876 1075 qui
902 1028 1072 1076 Philippo
1100 1029 1169 1064 hoc

175 1078 425 1112 aemulationis
449 1079 605 1112 studium
632 1080 755 1114 iniecit
778 1081 838 1127 56).
912 1081 1006 1116 Nam
1029 1083 1059 1117 si
1085 1095 1168 1116 con-

175 1135 292 1164 tentus
308 1129 367 1161 illa
389 1129 607 1170 accessione,
633 1143 741 1177 quam
758 1132 860 1172 fecit,
888 1133 1063 1178 reciperet
1079 1147 1115 1168 se
1130 1134 1168 1167 in

175 1180 307 1221 otium,
342 1193 406 1214 nec
428 1188 591 1225 pergeret
618 1183 721 1217 nobis
744 1184 876 1217 bellum
899 1186 1034 1226 facere,
1061 1186 1168 1230 pleri—

173 1244 242 1281 que
259 1238 415 1266 vestrum
440 1230 611 1267 hactenus
635 1247 714 1268 cum
738 1236 920 1280 republica
942 1237 1032 1271 bene
1049 1243 1168 1271 actum

172 1288 362 1324 ducerent,
405 1297 484 1318 cum
516 1291 637 1318 tamen
669 1299 810 1320 summo
835 1288 1009 1322 dedecore
1042 1289 1167 1322 affecta

171 1338 228 1372 sit.
280 1337 328 1370 At
354 1348 434 1369 cum
457 1336 607 1370 subinde
626 1338 764 1372 maiora
780 1336 969 1383 Philippus
985 1340 1167 1379 moliatur,

172 1388 316 1424 tandem
340 1388 552 1432 provocabit
575 1401 661 1429 nos,
688 1389 757 1423 nisi
780 1391 885 1435 plane
904 1403 1003 1434 spem
1023 1402 1166 1424 omnem

170 1443 214 1475 de
240 1439 421 1484 republica
451 1439 638 1474 abiecistis.
714 1441 798 1474 ‘Non
831 1441 1028 1485 expenditis
1064 1441 1166 1474 initio

172 1499 309 1538 gestum
333 1503 405 1525 esse
430 1491 585 1530 bellum,
610 1497 649 1524 ut
672 1492 715 1524 de
739 1489 910 1536 Philippo
936 1504 1091 1537 poenam
1110 1505 1167 1526 su-

172 1542 378 1579 meremus?
414 1554 510 1575 nuuc
535 1554 576 1574 eo
601 1542 694 1575 redit
718 1555 792 1583 res,
826 1549 867 1576 ut
889 1556 992 1588 aegre
1015 1545 1166 1578 salutem

171 1602 334 1631 nostram
359 1594 603 1627 defendamus.
669 1594 793 1640 Neque
818 1607 904 1627 vero
927 1595 985 1628 ille
1012 1595 1167 1635 desistet,

170 1648 240 1682 nisi
264 1646 299 1679 vi
323 1645 554 1690 reprimatur.
606 1643 744 1678 Interea
772 1643 919 1690 pulchre
943 1646 1044 1681 vobis
1062 1647 1166 1692 polli-

172 1698 302 1733 cemini
328 1699 372 1730 de
397 1696 577 1741 republica
607 1696 721 1730 missis
752 1697 890 1742 aliquot
921 1698 1041 1732 vacuis
1065 1699 1166 1731 navi-

168 1753 254 1791 bus,
288 1756 323 1783 et
340 1761 400 1793 spe
418 1748 572 1794 quadam
591 1754 766 1782 ostentata
786 1760 805 1781 a
822 1750 923 1783 duce.
976 1749 1074 1794 Quin
1097 1750 1166 1794 ipsi

169 1802 385 1840 militamus,
425 1806 461 1833 et
491 1805 630 1844 partem
659 1799 817 1833 civilium
846 1801 1031 1845 copiarum
1055 1801 1164 1835 mitti-

171 1853 271 1888 mus?
310 1852 416 1885 Dicat
439 1850 568 1896 aliquis
591 1850 652 1896 5⁷):
688 1857 724 1884 at
741 1851 820 1897 quis
843 1852 948 1886 nobis
967 1859 1092 1897 portus
1115 1853 1165 1886 ibi

170 1904 290 1951 patet?
324 1904 456 1937 bellum
481 1903 644 1936 ostendet
677 1915 805 1947 parum
838 1904 926 1938 fidas
955 1904 1164 1938 Macedonis

168 1970 245 1997 tes,
272 1956 381 1989 modo
405 1966 576 1988 conemur
601 1953 749 2000 aliquid.
817 1954 912 1989 Dum
942 1956 1040 1989 domi
1064 1957 1163 1990 sede-

202 2113 251 2141 52)
277 2113 335 2136 Hae
360 2111 428 2135 duae
453 2116 536 2134 voces
565 2109 592 2133 iu
611 2110 660 2134 Ed.
678 2110 769 2141 1559.,
797 2111 891 2141 156⁴„
915 2111 1009 2143 1570.,
1039 2112 1114 2137 1587.
1135 2112 1161 2136 in

236 2147 362 2177 margine
381 2145 517 2175 repetitae
536 2146 609 2168 sunt.

203 2191 252 2219 53)
288 2190 336 2213 ilio
363 2194 459 2213 manus
484 2187 675 2216 transferunt]
702 2187 743 2211 sic
767 2188 817 2212 Ed.
834 2189 927 2219 1562.;
958 2189 1043 2215 Editt.
1065 2190 1162 2217 nasu..

238 2225 329 2255 1559„
356 2222 550 2248 1564-1587.
571 2221 620 2246 illo
646 2227 745 2246 manus
766 2224 935 2247 transfertur
964 2225 1055 2254 (Dein.
1076 2223 1164 2249 ἐκεῖσέ

235 2259 306 2284 εἰσιν
325 2257 354 2282 αἱ
368 2258 484 2290 χεῖρες).

200 2303 249 2331 54]
267 2302 456 2330 Chersoneso]
473 2302 541 2325 hanc
554 2301 669 2325 sormam
684 2301 827 2331 vulgarem
842 2300 894 2323 11.1.
911 2302 937 2324 et
956 2308 981 2331 p.
992 2302 1053 2327 766.
1069 2303 1160 2333 scrip-

237 2337 323 2360 simus
337 2342 387 2366 pro
404 2336 513 2359 Attica:
534 2336 709 2361 Cherroneso
725 2338 771 2364 (ε
780 2335 855 2359 Dem.
870 2333 1063 2369 Χεῤῥονήσῳ),
1082 2343 1161 2368 quain

236 2371 321 2396 Editt.
342 2370 440 2399 Basi1.‚
462 2371 660 2395 1559—1587.
679 2371 786 2394 habent.

202 2413 251 2442 55)
276 2413 330 2436 nisi
355 2413 543 2443 cognoveritis
569 2413 673 2445 aliquid
701 2414 748 2437 aut
780 2413 882 2437 factum
908 2420 974 2438 esse
1002 2417 1050 2439 aut
1074 2416 1160 2445 fieri]

236 2447 277 2471 sic
306 2447 354 2470 Ed.
379 2447 454 2473 1562,
479 2449 534 2476 (=
556 2449 632 2472 Dem.
658 2447 725 2479 πρὶν
751 2444 787 2471 ἂν
817 2445 834 2479 ἢ
860 2448 1048 2482 γεγενημένον
1073 2447 1088 2480 ἢ
1115 2458 1159 2482 γι-

237 2478 377 2514 γνόμενόν
394 2488 418 2504 τι
438 2479 598 2514 numne-903
623 2483 708 2508 Editt.
727 2482 834 2513 BasiL,
853 2484 947 2514 1559.,
969 2485 1159 2511 1564—1587.

238 2516 291 2540 nisi
310 2516 437 2545 tanquam
456 2516 483 2540 in
502 2518 591 2541 media
609 2523 702 2542 arena.

202 2559 252 2587 56)
277 2557 320 2588 qui
346 2557 468 2587 Philippo
493 2560 543 2584 hoe
573 2559 767 2584 aemulationis
787 2560 906 2585 studium
925 2560 1032 2590 iniecit]
1052 2562 1092 2587 sic
1110 2563 1159 2587 Ed.

238 2592 314 2617 1562.
343 2594 398 2620 (=
416 2592 491 2617 Dem.
516 2593 563 2624 τήν
593 2591 870 2627 φιλοπραγμοσύνην
901 2593 1002 2627 ταύτην
1029 2595 1161 2628 ἐμβαλεῖν

237 2627 400 2657 Φιλίππῳ);
418 2626 502 2651 Editt.
522 2629 623 2658 Basil.,
645 2630 736 2659 1559„
758 2630 947 2655 1564—1587.
969 2631 1014 2663 qui
1034 2631 1158 2663 Philippo

237 2662 306 2686 adeo
326 2661 551 2686 exaemulandum
571 2663 688 2689 duxerit.

199 2704 384 2765 ωὲέἰίὲἐάοἰη
402 2704 486 2729 Editt.
505 2705 597 2738 1559.‚
618 2706 710 2739 1564„
731 2707 822 2740 1570„
844 2708 921 2736 ¹58⁷.
938 2711 1004 2735 nota
1022 2710 1153 2741 margin.:

761 120 883 156 PHIL.
919 120 1032 156 MEL.
1066 120 1268 155 SCRIPTA
1301 120 1639 157 PHILOLOGICA.

2145 124 2220 161 772

1226 219 1325 247 mus,
1362 214 1396 241 et.
1412 208 1572 242 rixamur
1591 208 1684 242 inter
1701 220 1784 248 nos,
1812 205 1902 240 nibil
1927 207 2060 252 poterit
2081 209 2219 245 confici.

1227 259 1274 291 At
1299 259 1360 291 ubi
1384 260 1491 294 missa
1514 260 1778 305 instructaque,
1814 259 1954 293 etiamsi
1981 272 2055 293 non
2088 261 2217 302 omnis,

1228 310 1364 343 urbana
1383 311 1499 345 classis
1515 312 1640 352 suerit,
1670 312 1719 345 ibi
1736 311 1895 345 Deorum
1913 310 2161 345 benevolentia
2179 318 2215 346 et

1226 361 1370 394 fortuna
1391 368 1697 408 conatusnostros
1716 361 1901 408 provehet.
1939 362 2111 396 Emittere
2130 375 2216 398 vero

1227 413 1352 445 ducem
1377 426 1456 446 cum
1481 414 1578 447 inani
1603 417 1744 448 decreto
1771 414 1816 461 58)
1848 421 1881 448 et
1906 414 2137 448 concionibus
2157 415 2218 448 be-

1227 463 1333 507 nigne
1354 465 1622 509 pollicentibus,
1649 464 1739 500 nihil
1763 466 1950 511 profuerit.
2002 465 2219 500 Huiusmodi

1227 516 1352 550 classes
1367 516 1575 551 deridentur
1592 518 1636 551 ab
1652 515 1772 558 hoste,
1801 524 1835 552 et
1849 517 1935 552 socii
1953 517 2098 551 interim
2120 523 2219 552 metu

1226 574 1389 611 pereunt.
1450 568 1541 602 Nam
1566 581 1622 602 res
1645 575 1762 604 tantas
1790 582 1882 605 unus
1910 567 2020 602 homo
2043 569 2217 603 conficere

1227 631 1301 652 non
1318 625 1452 664 potest;
1485 620 1665 664 polliceri,
1692 620 1829 661 dicere,
1857 632 2022 654 accusare
2040 620 2129 654 alios
2154 633 2219 665 po·

1226 676 1304 704 test.
1373 670 1469 705 Haec
1486 671 1532 719 59)
1563 678 1768 706 everterunt
1791 672 2063 716 rempublicam.
2127 671 2219 706 Cum

1225 721 1320 755 enim
1346 722 1545 767 imperator
1569 730 1686 757 vester
1710 724 1786 757 acie
1815 723 1927 757 victus
1943 723 2007 763 sit,
2042 722 2104 769 qui
2126 721 2219 756 nihil

1224 785 1341 807 secum
1377 775 1547 815 ducebat,
1588 780 1729 819 praeter
1770 774 1919 809 miseros
1963 775 2219 816 conducticios,

1225 837 1356 870 eosque
1380 827 1541 859 mercede
1566 827 1770 868 fraudatos,
1813 832 1848 859 et
1875 838 1954 859 cum
1980 825 2111 859 milites
2135 826 2219 859 inde

1223 876 1413 918 redierint,
1445 878 1557 911 multa
1584 878 1752 912 adversus
1776 879 1900 911 ducem
1919 876 2149 916 mentientes;
2183 883 2219 911 et

1224 940 1302 960 cum
1331 941 1394 962 vos
1419 929 1461 962 de
1487 929 1585 962 ducis
1607 929 1720 974 capite
1745 941 1786 962 ex
1804 930 1898 962 fama
1917 928 2097 962 iudicetis:
2126 939 2219 974 quae

1222 979 1367 1012 tandem
1384 980 1507 1024 salutis
1528 992 1607 1025 spes
1629 980 1704 1014 est'?
1739 980 1807 1013 Sed
1830 978 1885 1014 his
1907 979 2010 1013 malis
2033 980 2218 1025 quomodo

1221 1030 1470 1064 medebimur?
1513 1031 1561 1065 ita
1586 1032 1751 1071 demum,
1786 1032 1815 1065 si
1843 1032 1998 1065 delectus
2018 1030 2148 1064 civium
2169 1029 2218 1077 ω)

1221 1079 1396 1115 habeatur
1407 1109 1416 1123 ‚
1445 1082 1507 1128 qui
1523 1089 1557 1116 et
1573 1083 1640 1127 ipsi
1657 1083 1830 1123 militent,
1859 1089 1893 1117 et
1910 1088 2015 1116 testes
2031 1088 2064 1116 et
2082 1088 2219 1127 specta·

1222 1139 1317 1167 tores
1341 1146 1461 1167 rerum
1487 1135 1579 1175 sint,
1621 1147 1711 1180 quae
1734 1135 1839 1168 duces
1871 1140 2018 1179 gerunt,
2059 1139 2094 1167 et
2117 1132 2229 1167 domi·

1222 1191 1343 1229 postea
1363 1186 1405 1218 de
1421 1186 1526 1220 rebus
1543 1186 1648 1230 gestis
1671 1186 1830 1220 iudicent
1848 1185 1907 1231 61).
1958 1185 2051 1220 Nam
2075 1196 2132 1219 res
2151 1197 2219 1218 no-

1223 1242 1313 1270 stras
1332 1237 1493 1281 oportuit
1509 1249 1584 1270 non
1602 1249 1643 1270 ex
1662 1239 1757 1270 fama
1773 1249 2008 1281 cognoscere,
2035 1236 2097 1270 sed
2114 1247 2217 1281 prae-

1221 1293 1336 1321 sentes
1357 1294 1529 1332 spectare.
1580 1287 1654 1321 Iam
1680 1301 1765 1322 vero
1790 1301 1869 1321 cum
1890 1287 2022 1331 singuli
2038 1288 2144 1321 duces
2161 1293 2215 1320 to-

1221 1338 1286 1371 ties
1309 1336 1366 1371 hic
1389 1339 1432 1371 de
1457 1339 1571 1383 capite
1595 1338 1632 1371 in
1656 1338 1788 1373 iudicio
1815 1338 2079 1384 periclitentur,
2106 1350 2213 1372 nemo

1221 1389 1366 1422 illorum
1399 1389 1453 1422 vel
1485 1390 1593 1423 semel
1618 1390 1812 1434 periclitari
1834 1403 1940 1424 ausus
1970 1396 2022 1424 est
2053 1389 2091 1422 in
2122 1389 2216 1428 acie;

1220 1440 1430 1485 maluntque
1453 1441 1597 1485 defungi
1616 1442 1872 1486 plagiariorum
1898 1447 1932 1474 et
1948 1441 2069 1474 furum
2086 1447 2217 1482 morte,

1222 1503 1331 1536 quam
1353 1491 1411 1524 illa
1430 1490 1648 1527 honestiore.
1701 1492 1886 1526 Facinoris
1903 1491 2124 1537 praeiudicio
2141 1492 2215 1525 vita

1223 1542 1392 1587 eripitur;
1434 1544 1694 1588 imperatorum
1726 1551 1796 1585 est,
1832 1544 1868 1576 in
1891 1543 1965 1577 acie
1992 1543 2215 1580 occumbere.

1220 1593 1294 1627 Nos
1310 1594 1437 1628 deinde
1455 1607 1615 1629 erramus
1627 1596 1771 1640 passim,
1789 1602 1821 1630 et
1833 1595 2032 1640 spargimus
2048 1607 2213 1629 rumores

1220 1642 1345 1686 nihili,
1371 1643 1579 1692 Philippum
1606 1659 1673 1691 ope
1690 1646 2061 1681 Lacedaemoniorum
2077 1644 2211 1681 Thebis

1220 1697 1394 1731 excidium
1414 1698 1565 1740 minari,
1591 1705 1626 1732 et
1641 1698 1796 1733 Graecas
1819 1699 1978 1732 civitates
2002 1698 2214 1737 dissociare;

1219 1748 1279 1780 alii
1311 1750 1450 1790 ferunt,
1493 1750 1627 1795 legatos
1658 1751 1782 1785 missos
1813 1763 1886 1785 esse
1919 1762 1938 1783 a
1965 1747 2136 1794 Philippo
2165 1750 2212 1783 ad

1217 1799 1362 1839 Persas3
1407 1801 1487 1841 alii,
1523 1802 1657 1835 muniri
1682 1803 1787 1836 urbes
1810 1802 1847 1835 in
1872 1801 2012 1846 lllyrio;
2054 1801 2115 1834 alii
2142 1801 2212 1834 alia

1218 1858 1410 1895 nugantur.
1462 1851 1538 1896 Ego
1562 1854 1604 1887 de
1628 1851 1798 1898 Philippo
1821 1854 1869 1888 sic
1890 1852 2004 1886 sentio
2025 1858 2059 1885 et
2078 1852 2211 1893 iudico,

1217 1903 1355 1936 ebrium
1381 1916 1453 1938 esse
1469 1903 1516 1950 62)
1538 1905 1784 1949 magnitudine
1809 1917 1927 1939 rerum
1954 1910 2152 1948 gestarum,
2178 1909 2214 1937 et

1219 1955 1315 1998 apud
1338 1955 1498 1989 animum
1524 1956 1705 1990 somniare
1728 1956 1879 1995 similia,
1908 1968 1986 1989 cum
2012 1954 2132 1988 videat
2150 1967 2213 1989 ne-

1216 2005 1351 2039 minem
1388 2007 1578 2048 obsistere,
1625 2014 1731 2054 atque
1766 2008 1815 2042 sic
1851 2007 1998 2040 effertur
2037 2018 2210 2042 successu.

1216 2056 1290 2091 Nec
1306 2064 1393 2102 puto
1412 2071 1492 2092 eum
1511 2059 1659 2093 consilia
1676 2059 1759 2092 talia
1784 2070 1930 2102 capere,
1960 2069 2051 2104 quae
2077 2058 2209 2092 stultis—

1215 2108 1314 2143 simis
1333 2111 1427 2154 apud
1445 2123 1511 2144 nos
1526 2111 1731 2148 suboleant3
1765 2108 1855 2143 nihil
1870 2110 1964 2142 enim
1982 2109 2124 2143 stultius
2142 2109 2212 2144 illis

1216 2172 1403 2194 rumorum
1422 2162 1618 2195 autoribus.
1673 2161 1771 2207 Quin
1789 2162 1876 2194 illud
1893 2160 2210 2202 considerabimus,

1217 2212 1278 2257 qui
1295 2210 1407 2246 hostis
1424 2213 1494 2245 iam
1509 2213 1566 2252 sit,
1594 2214 1690 2258 quod
1707 2219 1828 2246 nostra
1844 2212 1947 2246 nobis
1966 2212 2083 2257 eripit,
2111 2213 2208 2259 quod

1249 2366 1298 2393 58)
1319 2365 1413 2388 ducem
1431 2370 1491 2387 cum
1511 2363 1584 2387 inani
1603 2363 1729 2392 decreto]
1748 2363 1789 2388 sic
1805 2364 1852 2388 Ed.
1868 2364 1943 2388 1562.
1963 2367 2013 2394 (=
2030 2364 2105 2388 Dem.
2121 2371 2207 2397 σιρα·

1286 2396 1370 2431 τηγὸν
1388 2398 1433 2421 καὶ
1452 2394 1590 2429 ψήφισμα
1609 2396 1721 2430 κενὸν);
1748 2399 1831 2422 Editt.
1855 2399 1936 2424 nasu.
1949 2416 1957 2429 ‚
1985 2399 2078 2431 1559„
2099 2400 2208 2424 ¹564-

1288 2433 1365 2459 ¹587.
1385 2433 1469 2457 etiam
1488 2433 1586 2457 ducem
1604 2440 1663 2457 cum
1682 2439 1769 2457 vacua
1786 2434 1886 2458 classe.

1247 2484 1608 2544 ⁵⁹)1ssigssecgffchffl'l562'3
1622 2485 1672 2511 Ed.
1682 2484 1763 2510 Basil.
1773 2485 1808 2509 At
1818 2485 1900 2516 haec3
1915 2484 1999 2509 Editt.
2011 2485 2208 2516 1559.,1564-

1360 2539 1367 2545 .
1465 2525 1523 2543 aec.

1245 2572 1294 2601 60)
1314 2571 1429 2601 civium]
1448 2571 1497 2597 Ed.
1516 2571 1598 2596 Basil.
1617 2577 1714 2596 errore
1733 2572 1863 2602 typogr.:
1882 2570 1988 2595 ciunim.

1246 2625 1296 2653 σι)
1315 2625 1347 2648 11.
1368 2624 1385 2648 1.
1405 2624 1432 2648 in
1451 2625 1645 2655 Editt.1559.,
1665 2624 1758 2654 ¹564„
1779 2623 1872 2655 ¹570„
1892 2623 1967 2648 1537.
1987 2624 2052 2648 nota
2072 2622 2204 2655 margin.:

1284 2658 1412 2684 Pericula
1436 2660 1541 2684 ducum.

1246 2710 1357 2769 θῖῗηιῐῖ.
1382 2711 1401 2735 1.
1432 2710 1458 2735 in
1486 2711 1583 2735 iisdem
1610 2712 1626 2735 4
1643 2711 1727 2735 Editt.
1751 2712 1815 2735 nota
1834 2709 1967 2742 margin-z
1998 2709 2099 2734 Ebrius
2118 2709 2207 2733 fertur

1322 2753 1329 2768 ι
1344 2752 1431 2776 ippus.

2313 1347 2320 1362 Ι

2310 1369 2322 1442 l
