2294 2975
112 117 183 152 207
681 101 803 138 pun..
837 99 950 135 MEL.
985 95 1186 133 SCRIPTA
1225 100 1558 137 PHILOLOGICA.
2066 104 2140 139 203

363 195 499 229 Aliud
532 196 854 236 argumentum.

216 274 252 306 ln
272 271 416 305 exordio
434 275 512 303 sunt
542 269 632 300 duae
649 271 782 310 partes,
810 271 961 306 quarum
988 258 1098 290 altera

114 326 217 358 habet
244 335 364 356 causas
380 320 548 364 longioris
566 316 751 361 epistolae,
779 313 888 345 altera
908 315 1020 343 certas
1044 319 1100 341 ra-

114 378 226 409 tiones
242 373 413 406 brevioris
428 370 558 413 scripti.
612 364 767 399 Emi-ilio
784 362 903 395 addita
929 366 979 394 est
994 371 1100 403 expo-

115 427 194 461 sitio
219 427 260 458 de
283 423 377 457 exitu
411 421 509 455 belli:
552 419 634 450 item
662 418 705 448 de
747 412 1032 458 perturbatione,
1068 415 1101 441 et

116 476 290 522 praesenti
311 472 527 508 calamitate,
555 479 660 513 quam
681 477 788 499 nemo
809 465 961 507 effugere
978 459 1100 506 possit.

115 528 252 561 Deinde
276 524 434 569 sequitur
450 519 564 553 brevis
580 517 721 551 reiectio
739 512 993 549 consolationis
1021 523 1100 544 cum

115 579 274 623 epilogo,
297 576 332 607 in
349 584 417 619 qua
435 570 606 615 repetitur
628 566 844 607 consolatio,
869 576 959 611 quae
983 568 1033 596 est
1049 561 1102 594 in-

115 631 206 662 clusa
231 623 452 670 expositioni.
469 653 473 664 ,

173 720 496 762 Argumentum
525 717 566 745 et
593 707 768 745 scholia
797 708 840 740 in
869 705 1040 751 episto-

526 763 613 795 lam
640 759 698 794 IV.

215 832 476 870 consolatoria.
521 829 666 863 Initium
682 825 841 870 liabet37)
859 821 1104 856 narrationem

115 888 367 935 periculorum.
419 882 556 916 Deinde
579 879 738 925 sequitur
762 874 956 910 consolatio
975 872 1103 917 gravis,

116 953 157 974 ex
182 940 259 972 loco
279 934 458 969 communi
480 938 641 976 sumpta:
671 931 760 963 Cum
784 925 873 960 nihil
900 925 944 959 sit
968 923 1104 956 malum

116 991 184 1024 nisi
210 989 331 1032 culpa,
372 997 445 1018 non
472 984 572 1016 valde
601 981 792 1015 dolendum
829 988 900 1010 esse
934 973 1008 1014 his,
1043 973 1105 1018 qui

118 1042 220 1085 culpa
245 1043 377 1072 carent.
435 1034 543 1068 Addit
566 1033 739 1078 quasdam
766 1028 923 1073 privatas
945 1025 1105 1058 consola-

116 1093 242 1125 tiones.
297 1088 333 1121 ln
359 1088 426 1120 fine
443 1088 699 1118 commemorat
718 1089 751 1114 et
769 1083 997 1124 argumenta,
1025 1074 1106 1120 qui—

117 1145 181 1176 bus
197 1152 269 1175 sese
286 1139 408 1172 Cicero
432 1133 681 1170 sustentaverit
704 1131 798 1176 ipse,
825 1126 997 1174 priinoae)
1023 1137 1106 1158 con-

117 1192 261 1228 scientia
277 1187 504 1222 consiliorum
516 1211 525 1224 ,
553 1190 587 1216 et
606 1188 787 1215 anteactae
804 1181 917 1217 vitae,
942 1178 1027 1209 item
1047 1185 1104 1207 ca-

118 1245 212 1278 sibus
234 1250 454 1275 summorum
471 1232 698 1278 vir0r1111139).

219 1291 249 1337 ἓ.
272 1293 304 1325 1.
343 1292 395 1324 De
419 1288 547 1332 finiaris
578 1290 688 1319 autem
719 1281 833 1325 rebus]
868 1276 1036 1313 Narratio
1064 1276 1106 1308 de

120 1342 366 1378 communibus
389 1337 552 1383 periculis
562 1335 620 1380 4⁰).

223 1393 252 1437 '3
271 1396 305 1428 2.
334 1391 577 1426 Conscientiam
598 1381 727 1430 reciae]
755 1381 878 1415 Prima
904 1375 1105 1423 propositio

121 1442 384 1480 consolationis,
412 1440 455 1472 ab
473 1437 641 1471 honesto:
671 1433 827 1467 Maxima
845 1428 1039 1464 consolatio
1058 1433 1109 1460 est

120 1498 234 1529 bonae
260 1487 562 1533 consciemiae⁴¹).
651 1487 720 1520 Sed
742 1485 800 1518 hoc
823 1479 924 1527 milae]
948 1479 1109 1513 Secunda

121 1548 164 1580 31)
180 1546 277 1585 utili,
305 1542 401 1589 quod
416 1540 547 1574 scilicet
563 1535 653 1570 nihil
670 1536 714 1569 sit
732 1534 799 1578 ipsi
820 1531 979 1577 periculi.

225 1594 254 1640 {-
273 1596 308 1629 3.
335 1593 511 1637 Reliquum
527 1585 592 1635 est]
615 1586 757 1625 Tertia,
784 1585 934 1617 deloco.
986 1579 1110 1624 Oppo-

122 1649 194 1685 nit,
222 1645 430 1679 tantundem
449 1642 584 1674 Romae
609 1650 680 1672 esse
697 1636 942 1673 miseriarum,
968 1643 1033 1664 nec
1055 1629 1110 1669 iis,

123 1699 184 1744 qui
200 1697 337 1730 Romae
354 1693 477 1738 sint4‘2)
490 1719 498 1732 ,
525 1690 650 1724 melius
668 1700 752 1722 esse.

226 1747 256 1791 ᾖ.
279 1747 313 1781 4.
347 1747 476 1786 Quanto
509 1741 652 1785 fuerim]
689 1736 902 1772 Consolatur
917 1733 964 1779 ⁴²3)
993 1744 1013 1764 a
1047 1742 1110 1764 suo

123 1799 304 1843 exemplo,
332 1796 369 1828 iu
397 1805 467 1839 quo
495 1791 627 1834 colligit
656 1790 784 1822 inultas
808 1786 964 1818 rationes
987 1793 1111 1815 conso-

157 1900 205 1928 37)
225 1895 426 1923 consolatoria.
463 1893 570 1918 Initium
590 1891 669 1915 habet
685 1890 750 1917 etc.]
770 1888 808 1912 sic
822 1887 905 1911 Editt.
923 1885 1007 1911 1565..
1028 1884 1111 1915 1569„

197 1933 288 1961 1592.;
327 1932 352 1954 in
372 1930 454 1953 Eunt.
479 1928 568 1957 1540„
597 1926 690 1955 1544„
712 1924 804 1947 1554..
826 1921 900 1945 1557.
930 1920 971 1943 his
992 1919 1114 1949 praefixa

192 1967 312 1991 suntcic.
334 1966 417 1988 verba
435 1963 476 1991 (S.
491 1963 547 1990 l.):
567 1960 645 1985 Novi
663 1959 740 1990 quod
759 1958 796 1981 ud
814 1958 857 1985 te;
877 1955 904 1978 in
923 1954 1008 1979 Editt.
1028 1953 1114 1983 1537.,

194 2001 280 2030 1545„
303 1999 395 2024 1546..
418 1997 508 2027 1560.,
529 1995 603 2019 1601.
623 1994 673 2017 hoc
690 1992 879 2023 argumentum
900 1988 995 2017 incipit
1013 1993 1029 2011 a
1049 1993 1113 2010 ver-

192 2036 247 2059 bis:
280 2033 386 2057 initium
406 2032 485 2055 habet
504 2031 565 2055 etc..
596 2033 649 2052 vox
668 2021 903 2058 „consolatoria”
922 2024 1026 2052 autem,
1059 2021 1114 2045 Cic.

192 2069 285 2093 verbis
304 2067 382 2092 Novi
401 2066 476 2097 quod
494 2064 532 2088 ad
551 2065 578 2088 te
597 2061 744 2092 praefixis,
763 2060 858 2090 quibus
879 2058 906 2081 in
924 2056 973 2080 Ed.
994 2055 1068 2079 1537.
1087 2055 1114 2078 in

193 2103 318 2133 margine
336 2100 463 2130 apposita
481 2100 542 2128 est,
562 2097 589 2120 111
607 2096 690 2120 Editt.
705 2095 790 2124 1545„
813 2093 885 2117 1560.
905 2092 1068 2121 argumento
1087 2091 1115 2113 et

195 2135 367 2161 annotationi
387 2132 537 2165 „Narratio
556 2143 589 2147 —
606 2127 756 2160 periculis''
776 2129 819 2152 est
837 2127 994 2150 interserta.

160 2179 207 2206 ae)
227 2178 328 2208 primo]
347 2175 396 2200 Ed.
419 2174 495 2198 1560.
513 2172 609 2203 prima.

161 2221 208 2248 ³⁹)
229 2221 286 2244 Boc
316 2218 503 2248 argumentum
534 2215 633 2238 habeut
664 2212 749 2237 Editt.
778 2209 997 2240 1537-1554.‚
1029 2207 1115 2238 1557..

199 2255 283 2283 1560„
304 2250 503 2281 1565—1596.,
523 2249 596 2272 1601.

164 2297 210 2323 40)
231 2297 301 2319 Haec
320 2297 399 2322 nota,
429 2298 508 2324 quam
526 2291 609 2315 Editt.
636 2289 726 2317 1537.,
748 2288 838 2317 1545..
863 2287 938 2310 1560.
956 2286 982 2309 11.
1000 2285 1019 2310 l.
1039 2284 1116 2309 exhi-

200 2333 276 2354 hent.
299 2330 325 2352 in
344 2329 425 2352 Editt.
448 2327 531 2355 1540..
554 2326 647 2351 15⁴4..
670 2324 759 2349 1554,
780 2322 855 2345 1557.
874 2321 958 2344 deest.
981 2331 1015 2337 —
1051 2319 1118 2342 Huic

199 2365 225 2386 in
246 2364 327 2386 Editt.
348 2363 432 2391 1545„
457 2362 529 2384 1560.
549 2358 701 2389 praemissa
721 2360 762 2380 est
782 2357 847 2384 illa,
882 2360 961 2385 quam
981 2354 1057 2377 modo
1077 2353 1119 2382 (in

201 2397 340 2454 &tta-gv)
359 2394 643 2419 commemoravimus:
664 2392 779 2423 „Novi,
809 2390 884 2421 quod
909 2396 928 2413 a
947 2389 990 2417 te]
1011 2388 1116 2412 Conso-

168 2474 216 2500 41)
237 2473 309 2495 Haec
333 2474 396 2494 nota
422 2470 447 2493 in
466 2469 549 2493 Editt.
569 2469 661 2498 ¹545.,
692 2468 765 2491 1560.
792 2466 925 2489 disiuncta
951 2467 992 2488 est
1018 2464 1047 2487 in
1069 2464 1118 2486 has

202 2508 285 2530 duas:
305 2506 414 2535 Auget-e
435 2504 574 2532 dotorem]
594 2503 684 2526 Prima
697 2500 847 2532 propositio
867 2498 1065 2523 consolationis
1084 2499 1116 2520 ab

202 2542 326 2564 honesto.
381 2538 593 2575 Conscientiam
620 2538 732 2565 rectae]
758 2535 876 2559 Maxima
900 2532 1052 2558 consolatio
1078 2533 1119 2555 est

205 2577 290 2597 bonae
309 2574 500 2596 conscientiae.

169 2617 217 2644 42)
237 2615 305 2643 sint]
326 2614 374 2638 Ed.
393 2614 467 2637 1560.
485 2615 557 2636 suut.

170 2660 217 2686 43)
237 2657 417 2684 consolatur]
436 2655 477 2678 sie
495 2655 577 2678 Editt.
600 2654 684 2679 1537..
704 2654 790 2681 1540„
811 2654 902 2683 1544„
922 2651 1006 2682 15⁵4„
1027 2651 1118 2682 ¹557.;

206 2692 288 2716 fiditt.
309 2691 392 2714 1545..
414 2690 487 2713 1560.
507 2688 674 2712 consolatio.

1151 185 1311 227 lationis,
1340 199 1358 220 a
1379 187 1590 221 conscientia
1609 188 1859 227 consiliorum,
1885 189 1928 221 ab
1945 193 2071 227 aetate,
2096 187 2140 220 ab

1152 236 1304 271 aliorum
1330 238 1487 273 interitu.
1552 241 1620 274 Sed
1633 241 1712 274 haec
1733 237 1836 287 satis]
1867 238 2054 272 Conclusio
2081 235 2144 270 ha-

1152 287 1210 320 bet
1233 289 1492 322 excusationem
1521 289 1746 334 prolixitatis.

1364 381 1503 417 Aliud
1531 390 1844 427 argumentum
1864 383 1923 428 Μ).

1254 454 1513 500 Argumentum
1540 459 1710 503 epistolae
1734 459 1838 503 plane
1864 458 1956 491 idem
1983 464 2032 492 est
2063 470 2143 491 cum

1154 507 1406 550 superioribus.
1460 508 1564 542 Initio
1588 516 1711 542 narrat
1734 511 1777 543 de
1802 509 1916 549 bello,
1945 510 2042 554 quod
2058 508 2144 542 Cae-

1155 557 1224 591 sari
1242 564 1318 591 erat
1333 571 1411 592 cum
1432 560 1541 604 copiis
1559 560 1742 605 Pompeii;
1769 561 1851 594 item
1878 561 1921 593 de
1945 559 2144 593 communi-

1155 609 1219 642 bus
1249 609 1425 653 periculis.
1501 610 1638 644 Deinde
1675 611 1835 656 congerit
1873 611 2146 650 consolationes,

1156 659 1282 705 quibus
1299 667 1401 694 antea
1419 673 1561 707 quoque
1585 674 1668 696 usus
1691 669 1753 696 est.
1804 661 1926 695 Prima
1950 660 2146 695 consolatio

1156 711 1379 754 publicorum
1395 712 1573 746 malorum
1590 719 1728 757 sumpta
1747 719 1798 746 est
1815 725 1856 746 ex
1872 711 2040 746 honesto:
2068 711 2147 745 Ma-

1157 762 1249 794 xima
1271 763 1466 796 consolatio
1485 769 1536 797 est
1553 764 1668 797 bonae
1685 763 1931 798 conscientiae.
1973 762 2063 796 Huic
2078 763 2142 796 ad-

1157 812 1506 869 dittcorrectionenh
1541 826 1602 848 seu
1633 814 1912 859 praecisionem,
1945 815 2041 859 quod
2072 825 2146 846 non

1156 869 1240 897 satis
1264 863 1308 898 sit
1331 865 1376 897 ad
1400 865 1654 899 consolandum
1675 865 1899 911 Torquatum
1923 865 1965 897 de
1989 876 2148 898 commu-

1156 914 1260 948 nibus
1280 915 1442 949 miseriis.
1494 916 1654 950 Secunda
1684 916 1880 950 consolatio
1904 922 1955 950 est
1978 916 2020 949 de
2043 914 2146 949 malis

1158 965 1325 1009 privatis,
1354 978 1459 1011 quam
1479 968 1608 1010 probat
1633 967 1773 1000 ratione
1799 979 1840 1000 ex
1864 967 2044 1000 voluntate
2062 965 2148 1000 Cae·

1158 1016 1267 1057 saris,
1295 1028 1313 1048 a
1334 1029 1405 1062 quo
1424 1015 1514 1050 nihil
1529 1018 1573 1051 sit
1596 1017 1756 1062 periculi.
1809 1016 1930 1051 Tertia
1951 1017 2146 1051 consolatio

1159 1073 1210 1101 est
1227 1068 1383 1100 deloco:
1412 1068 1469 1101 Tu
1493 1080 1566 1102 non
1592 1081 1627 1102 es
1648 1068 1772 1108 miser,
1800 1069 1896 1113 quod
1921 1080 2017 1101 nunc
2030 1067 2149 1101 Roma

1159 1118 1262 1155 abes,
1285 1119 1345 1149 sed
1368 1129 1433 1150 nos
1457 1129 1576 1151 sumus
1600 1117 1713 1150 multo
1731 1118 1953 1158 miseriores,
1980 1118 2042 1163 qui
2057 1117 2151 1161 cogi-

1159 1178 1240 1200 mur
1265 1179 1336 1200 esse
1363 1166 1513 1202 Romae.
1581 1167 1716 1201 Ultima
1744 1168 1940 1202 consolatio
1965 1174 2016 1202 est
2041 1180 2060 1201 a
2085 1181 2149 1202 suo

1160 1217 1340 1262 exemplo,
1376 1219 1557 1263 quomodo
1590 1219 1664 1263 ipse
1693 1219 1805 1253 soleat
1820 1220 1868 1265 ⁴⁵)
1899 1231 1935 1253 se
1962 1219 2149 1254 consolari.

1161 1268 1303 1312 Colligit
1321 1274 1438 1301 autem
1458 1275 1613 1314 quatuor
1633 1269 1790 1304 rationes
1814 1270 1915 1304 istius
1938 1270 2150 1304 consolatio-

1160 1320 1225 1353 nis.
1259 1319 1379 1352 Prima
1399 1331 1418 1352 a
1436 1320 1650 1354 conscientia
1669 1321 1919 1361 consiliorum,
1947 1322 2044 1366 quod
2061 1333 2151 1354 sem-

1160 1382 1223 1415 per
1248 1382 1369 1414 pacem
1395 1371 1554 1405 suaserit.
1622 1371 1784 1406 Secunda
1809 1384 1828 1405 a
1857 1371 2007 1416 publicis
2038 1371 2153 1412 malis,

1162 1423 1257 1467 quod
1280 1419 1346 1453 hoc
1372 1427 1531 1465 tempore
1547 1422 1742 1467 respublica
1768 1422 1813 1456 sit
1834 1422 2152 1466 perturbatissima.

1161 1471 1284 1505 Tertia
1320 1472 1363 1504 ab
1392 1479 1516 1508 aetate.
1585 1473 1721 1518 Quarta
1752 1474 1795 1506 31)
1825 1473 1978 1507 aliorum
2008 1474 2152 1507 fortuna

1163 1530 1196 1556 et
1214 1523 1372 1556 interitu.
1415 1523 1585 1568 Epilogus
1603 1523 1709 1557 habet
1727 1524 1987 1557 excusationem
2005 1524 2151 1568 prolixi-

1162 1574 1254 1607 tatis.
1305 1573 1345 1607 In
1366 1575 1434 1606 fine
1450 1574 1623 1618 significat
1641 1587 1675 1609 se
1701 1575 1820 1607 dolere
1840 1574 2002 1607 Servium
2027 1575 2152 1608 disces-

1162 1624 1243 1659 sisse
1260 1624 1429 1664 Athenis,
1456 1632 1488 1658 et
1503 1625 1659 1659 breviter
1683 1623 1913 1665 adhortatur,
1940 1631 1979 1658 ut
2000 1625 2084 1658 sorti
2110 1626 2155 1659 sit

1163 1676 1295 1710 animo.
1347 1675 1470 1708 Defert
1493 1677 1576 1709 item
1600 1676 1786 1721 Torquato
1809 1688 1910 1710 sunm
1937 1676 2090 1711 officium
2114 1677 2152 1709 in

1163 1728 1267 1761 rebus
1294 1727 1470 1761 omnibus.

1412 1819 1546 1853 Aliud
1578 1826 1902 1864 argumentum.

1267 1897 1462 1932 Exordium
1487 1898 1524 1931 in
1548 1895 1614 1930 hac
1640 1897 1788 1942 epistola
1822 1899 2014 1931 admodum
2046 1899 2152 1932 breve

1166 1956 1237 1989 est,
1270 1956 1449 1993 sumptum
1475 1950 1518 1982 ab
1543 1949 1786 1988 excusatione,
1814 1961 1923 1994 quare
1939 1947 2029 1982 nihil
2044 1961 2155 1983 nova-

1166 2013 1246 2034 rum
1268 2013 1386 2034 rerum
1414 1998 1480 2033 hoc
1505 2007 1663 2043 tempore
1688 1999 1828 2033 scribat.
1887 2000 2054 2034 Narratio
2079 2001 2155 2033 lon-

1167 2053 1245 2097 gior
1268 2058 1318 2085 est
1341 2052 1383 2084 de
1408 2051 1655 2084 communibus
1677 2051 1842 2094 periculis
1866 2057 1900 2084 et
1925 2051 2027 2085 malis
2058 2058 2153 2084 certo

1167 2103 1294 2137 futuris
1313 2115 1353 2135 ex
1375 2102 1466 2135 bello
1483 2102 1588 2135 civili.
1640 2101 1767 2134 Postea
1786 2101 1933 2146 ponitur
1954 2102 2152 2146 propositio

1169 2153 1440 2193 consolationis,
1468 2165 1558 2198 quae
1582 2151 1619 2184 in
1645 2152 1712 2185 illis
1738 2152 1997 2186 calamitatibus
2020 2153 2154 2196 praeci-

1168 2217 1238 2250 pua
1265 2211 1334 2244 est,
1362 2203 1523 2236 videlicet
1547 2202 1742 2236 consolatio
1765 2203 1881 2236 bonae
1906 2202 2156 2240 conscientiae;

1169 2257 1229 2290 sed
1264 2254 1356 2288 hanc
1393 2254 1672 2288 consolationem
1705 2254 1948 2287 communium
1977 2255 2155 2288 malorum

1170 2308 1324 2353 quadam
1342 2305 1590 2339 extenuatione
1607 2304 1660 2338 sui
1680 2304 1811 2348 ingenii
1827 2304 2011 2349 praecidit.
2044 2304 2154 2338 Dein-

1171 2360 1213 2392 de
1238 2363 1435 2403 sequuntur
1458 2357 1548 2390 duae
1579 2356 1668 2389 aliae
1693 2356 1953 2390 consolationes
1983 2356 2155 2400 privatae,

1171 2421 1321 2455 quarum
1337 2408 1446 2440 altera
1471 2414 1521 2440 est
1544 2407 1586 2439 de
1609 2406 1743 2447 reditu,
1771 2407 1880 2440 altera
1896 2408 1938 2440 de
1957 2407 2033 2451 ipso
2049 2407 2154 2440 exilio

1170 2472 1233 2505 per
1248 2458 1524 2492 confutationem
1543 2459 1585 2491 de
1600 2458 1690 2498 loco,
1719 2459 1905 2492 ostendens
1922 2457 2059 2490 Romae
2075 2457 2154 2501 plus

1205 2577 1252 2608 44)
1273 2578 1329 2600 Hoc
1348 2576 1537 2606 argumentum
1557 2576 1584 2598 et
1604 2575 1655 2598 duo
1682 2574 1824 2605 sequentia
1843 2574 2008 2604 praebentur
2026 2575 2058 2598 ab
2074 2573 2157 2598 Editt.

1243 2611 1327 2640 1556.,
1348 2608 1539 2634 1565—1596.

1205 2653 1376 2712 45)οῗὲἐὲῗῐ]
1408 2651 1447 2676 sic
1477 2651 1560 2676 Editt.
1593 2651 1684 2683 1556„
1716 2650 1806 2680 159².;
1842 2650 1926 2676 Editt.
1961 2649 2052 2681 ¹565„
2084 2650 2156 2674 1589.

1241 2694 1254 2710 s
1350 2703 1355 2709 .
