2294 2975
79 145 129 182 45
260 144 382 181 XXJII.

78 245 206 280 cunque
220 231 386 280 tempore]
410 230 639 278 Apostrophe
656 233 700 265 ad
712 230 923 272 Lentulum,
952 230 987 263 in
1008 243 1077 276 qua

80 296 142 319 sua
162 283 213 317 illi
230 284 344 319 officia
365 284 490 319 defert.

295 376 432 411 Aliud
466 382 786 422 argumentum
801 374 860 420 ⁵⁰).

182 443 342 490 Epistola
366 451 417 479 est
433 443 650 489 amplissima
670 444 774 477 relius
795 450 828 476 et
848 443 983 484 verbis,
1011 449 1077 477 est-

81 508 149 542 que
174 496 279 541 plane
306 494 497 531 rhetorica.
565 495 727 529 Pertinet
748 502 868 529 autem
892 495 936 528 ad
967 507 1077 540 genus

79 547 352 582 deliberativum
378 546 495 593 scum)
521 547 697 582 iudiciale.
750 546 945 592 Quaeritur
969 546 1077 586 enim,

79 597 317 634 honestumne
334 599 377 634 sit
403 599 538 645 aliquid
563 599 745 632 remittere
770 599 811 631 de
836 598 1000 632 libertate
1025 597 1077 630 di-

79 651 182 685 cendi
200 651 237 684 in
255 650 435 696 republica
446 651 504 698 52).
558 650 753 684 Exordium
775 656 957 695 sumptum
981 655 1033 683 est
1057 661 1075 681 a

80 715 144 738 suo
165 702 301 743 officio,
330 709 363 737 et
383 709 435 737 est
457 700 544 736 haec
567 715 704 736 smnma
731 702 886 736 exordii:
925 701 1075 735 Gaudeo

81 767 157 788 mea
177 754 291 788 officia
312 754 374 788 tibi
397 761 496 799 grata
522 754 647 795 fuisse,
676 760 797 800 estque
820 752 1075 798 amplificatum

81 807 266 841 exordium
292 818 356 851 per
377 805 701 850 comparationem:
742 805 779 839 si
802 816 968 850 praesens
992 803 1077 837 fuis-

80 871 152 899 ses,
195 858 420 903 cognovisses
446 871 500 891 me
523 857 635 890 multo
659 857 897 890 amantiorem
928 855 1000 896 tui,
1043 861 1075 888 et

81 910 316 955 perspexisses
353 921 468 942 meam
502 909 721 941 voluntatem
763 920 802 941 ac
842 907 998 942 studium
1038 906 1076 939 in

82 961 247 995 omnibus
276 962 379 994 rebus
404 959 484 994 tuis.
556 959 724 1005 Sequitur
761 960 996 999 narratio,
1040 959 1076 991 in

81 1024 149 1059 qua
168 1019 277 1046 status
293 1024 355 1046 seu
373 1009 572 1056 propositio
592 1018 659 1045 est:
689 1011 848 1044 Remitto
872 1010 1007 1057 aliquid
1033 1011 1075 1044 de

79 1064 262 1104 libertate,
290 1065 349 1098 sed
365 1063 432 1103 ita,
464 1069 505 1096 ut
526 1060 593 1096 hoc
619 1063 736 1107 ipsum
762 1070 883 1107 putem
910 1062 1075 1107 expedire

79 1116 308 1161 reipublicae.
351 1115 442 1148 Huic
460 1115 699 1159 propositioni
717 1115 859 1148 additur
874 1114 966 1148 ratio
982 1114 1075 1148 illius

78 1167 311 1202 remissionis.
369 1166 502 1212 Estque
527 1165 583 1199 hic
609 1166 845 1212 syllogismus.
911 1165 1074 1199 Maior:

79 1219 162 1254 Non
186 1230 325 1264 semper
349 1218 442 1251 idem
463 1217 687 1251 sentiendum
707 1224 777 1258 est,
804 1220 863 1252 scd
880 1217 1075 1251 flectendae

80 1277 161 1306 sunt
178 1270 224 1317 ⁵³)
261 1269 457 1304 sententiae
489 1270 534 1302 ad
568 1269 755 1303 utilitatem
793 1269 1006 1314 reipublicae
1043 1275 1077 1301 et

79 1322 263 1368 propriam
281 1321 444 1356 salutem.
498 1320 665 1354 Minor:
693 1320 768 1365 Ego
789 1333 862 1354 non
880 1321 980 1366 potui
1000 1321 1075 1355 sine

68 1374 237 1420 periculo
255 1372 378 1408 salutis
396 1379 429 1406 et
446 1373 561 1406 famae
578 1373 778 1406 libertatem
797 1373 963 1413 retinere,
991 1372 1075 1418 quia

77 1425 180 1460 initio
198 1425 249 1459 fui
268 1425 369 1459 liber.
420 1424 547 1458 Postea
570 1424 764 1470 Pompeius
788 1426 831 1458 de
856 1437 911 1458 me
932 1431 1076 1470 questus

77 1484 139 1513 est.
192 1476 299 1518 Item,
328 1476 501 1510 Videbam
523 1490 579 1509 me
595 1474 686 1509 nihil
708 1477 899 1521 proficere,
927 1476 955 1510 si
980 1476 1076 1510 solus

77 1541 273 1575 pugnarem
292 1529 421 1562 frustra
435 1555 444 1568 ,
474 1534 663 1574 postquam
687 1540 877 1562 consensus
896 1529 1074 1561 bonorum

78 1581 228 1616 dissiliit.
288 1578 395 1620 Item,
430 1579 490 1612 Me
515 1592 621 1613 nemo
647 1580 859 1620 adiuvabat,
894 1577 983 1613 mihi
1007 1586 1076 1613 sta-

79 1633 141 1666 tim
153 1632 199 1679 5⁵¹)
219 1632 425 1665 inviderunt
444 1631 479 1664 in
498 1632 626 1666 reditu.
687 1631 794 1673 Item,
822 1631 1007 1676 Principes
1026 1631 1076 1663 illi

79 1684 143 1718 visi
160 1690 242 1718 sunt
261 1683 479 1724 tolerabiles,
509 1696 661 1729 quorum
683 1683 887 1717 coniunctio
908 1684 1075 1729 prodesse

81 1736 189 1781 possit
207 1734 435 1780 reipublicae.
489 1734 605 1780 Atque
633 1735 669 1767 in
694 1733 759 1768 hac
784 1736 916 1768 minori
942 1736 1072 1768 lionam

78 1794 216 1833 partem
240 1786 409 1831 epistolae
429 1787 617 1820 consumit.
678 1786 942 1822 Conclusio:
979 1786 1075 1831 Ergo

78 1839 345 1873 concedendum
363 1844 412 1872 est
430 1835 537 1877 mihi,
563 1839 590 1872 si
615 1838 876 1884 aliquantulum
903 1840 945 1871 de
971 1838 1075 1871 liber-

79 1898 149 1925 tate
183 1890 340 1924 remitto.
417 1888 556 1922 Deinde
595 1890 776 1923 adduntur
812 1890 901 1923 aliae
938 1902 1075 1930 ramae,

78 1955 189 1989 quare
222 1941 417 1976 defenderit
446 1941 631 1975 Vatinium
666 1941 869 1982 inimicum,
913 1941 1077 1974 videlicet

78 1995 160 2029 odio
180 1994 295 2029 Clodii
317 1994 354 2026 in
371 1993 521 2038 gratiam
541 1993 714 2028 Caesaris.
776 1992 883 2035 ltem,
918 1994 1012 2039 quod
1038 1993 1076 2026 in

78 2046 240 2092 Pompeii
266 2045 417 2091 gratiam
446 2045 696 2079 reconciliatus
718 2045 761 2079 sit
786 2045 925 2080 Crasso.
991 2044 1075 2089 Epi-

79 2100 178 2143 logus
214 2097 371 2131 continet
408 2098 550 2130 brevem
588 2097 837 2142 repetitionem
875 2110 1076 2137 causarum,

79 2151 206 2197 quibus
225 2156 343 2183 motus
366 2149 409 2183 sit
431 2150 475 2182 ad
499 2149 758 2183 conciliandam
779 2149 928 2194 gratiam
949 2148 1075 2183 Caesa-

79 2203 137 2237 ris.
204 2202 265 2236 Est
293 2201 387 2235 enim
412 2199 685 2246 apostrophe'ss)
712 2202 754 2234 ad
781 2201 994 2239 Lentulum,
1038 2200 1073 2233 in

79 2267 147 2300 qua
169 2267 230 2289 sua
250 2253 301 2286 illi
319 2253 430 2286 officia
451 2254 574 2287 desert.
617 2248 770 2297 Epilogo
786 2267 877 2286 nova
897 2253 1073 2299 quaedam

81 2306 239 2339 narratio
257 2305 442 2340 subiicitur
458 2306 501 2338 de
520 2305 591 2339 suis
608 2305 767 2349 scriptis,
803 2306 882 2338 item
903 2306 946 2338 de
969 2305 1074 2338 rebus

79 2357 281 2391 domesticis
297 2356 458 2394 Lentuli,
488 2364 517 2389 et
538 2357 615 2389 aliis
634 2357 827 2390 levioribus
847 2357 1009 2399 negotiis.

113 2494 161 2521 50)
181 2494 238 2517 Hoc
257 2494 448 2521 argumentum
468 2494 494 2516 et
513 2493 565 2517 duo
584 2492 726 2524 sequentia
745 2494 778 2516 ab
799 2492 882 2516 Editt.
899 2493 985 2519 1556..
1009 2493 1075 2518 1565

150 2527 267 2553 -1596,
288 2528 463 2557 praebentur.

113 2573 161 2600 51)
180 2572 243 2600 seu]
263 2570 303 2594 sic
320 2570 403 2594 Editt.
426 2570 633 2598 1565—1577.;
665 2571 712 2595 Ed.
734 2571 809 2595 1556.
832 2572 885 2596 vel.

114 2616 164 2644 52)
183 2614 289 2639 dicendi
315 2613 342 2638 in
369 2613 522 2643 republica]
550 2614 588 2638 sic
615 2614 697 2639 Editt.
724 2615 935 2640 1565—1577,:

150 2650 224 2674 1556.
242 2650 309 2673 haec
328 2650 413 2672 verba
431 2649 540 2673 desunt.

113 2693 161 2721 53)
181 2694 259 2721 sunt]
280 2692 306 2716 in
325 2692 375 2717 Ed.
397 2691 471 2715 1556.
491 2691 577 2715 deest.

114 2737 162 2765 54)
181 2736 288 2765 statim]
308 2735 334 2759 in
353 2735 401 2759 Ed.
426 2734 497 2758 1556,
521 2734 607 2758 deest.

115 2779 162 2810 55)
181 2779 361 2810 apostrophe]
382 2779 430 2801 Ed.
455 2777 528 2801 1656.
548 2773 724 2808 ἆποστροᾳὸ.

975 2615 998 2637 iu
1028 2615 1073 2638 Ed.

434 142 744 181 ARGUMENTA
778 142 845 178 ET
880 141 1085 178 SCHOLIA
1118 141 1165 178 IN
1202 142 1352 178 EPlsT.
1385 142 1498 179 FAM.
1534 143 1618 179 ClC.
1650 144 1737 181 LIB.
1761 144 1786 181 Ι.
1822 146 1893 182 ΕΡ.
1918 146 1952 182 9.

1100 2719 1102 2727 η

1100 2734 1103 2743 i

2083 148 2132 184 46

1377 230 1518 264 Aliud
1556 239 1886 276 argumentum.

1236 306 1328 340 Haec
1348 306 1494 351 epistola
1514 320 1641 352 magna
1661 320 1702 342 ex
1726 316 1825 353 parte
1843 310 2004 344 narratio
2023 323 2129 357 quae-

1131 358 1213 390 dam
1242 364 1412 403 perpetua
1447 364 1518 399 est,
1563 371 1632 405 qua
1658 359 1782 394 Cicero
1813 362 1957 407 exponit
1983 375 2127 396 omnem

1131 421 1277 443 snorum
1315 409 1544 444 consiliorum
1581 410 1759 446 rationem
1797 412 1833 445 in
1868 413 1926 446 illa
1962 414 2130 459 reipubli-

1131 460 1250 507 caew)
1281 461 1383 507 quasi
1416 462 1634 504 mutatione,
1676 476 1767 509 quae
1800 471 1875 499 tum
1910 472 2006 506 erat,
2047 478 2126 500 cum

1132 512 1250 545 omnia
1271 513 1307 545 in
1327 525 1523 557 paucorum
1540 515 1738 559 potentiam
1756 523 1941 551 venerant.
1983 516 2129 551 Ducun—

1131 570 1189 597 tur
1207 564 1326 597 omnia
1345 565 1417 598 fere
1438 573 1648 609 argumenta
1666 579 1683 600 e
1701 567 1788 602 locis
1806 568 1957 603 suasorii
1977 569 2128 614 generis.

1131 614 1264 649 Tribus
1281 622 1398 649 autem
1425 616 1511 650 locis
1536 624 1673 652 constat
1697 616 1783 652 haec
1806 618 1969 665 epistola.
2031 620 2128 654 Pri-

1131 679 1165 698 m
1177 679 1223 701 us
1252 673 1322 707 est,
1365 680 1436 713 quo
1463 668 1580 702 reddit
1603 670 1779 704 rationem
1791 671 1856 718 ⁵⁷),
1899 684 1962 705 cur
1987 672 2023 704 in
2048 684 2127 717 gra-

1130 717 1217 750 tiam
1237 731 1316 751 cum
1332 717 1422 752 Iulio
1440 718 1589 754 Caesare
1607 722 1772 763 redierit,
1801 737 1818 755 a
1839 736 1910 769 quo
1933 730 2035 757 antea
2060 723 2129 759 dis·

1130 769 1290 803 senserit.
1344 769 1576 806 Secundus
1604 779 1673 814 est,
1703 786 1774 819 quo
1793 775 1957 819 exponit,
1986 788 2054 821 qua
2073 788 2129 808 ra-

1130 821 1227 854 tione
1257 822 1429 855 adductus
1453 822 1658 865 Vatinium,
1700 825 1755 858 cui
1788 825 1885 858 litem
1915 827 2129 868 intenderat,

1130 878 1265 906 mutata
1299 874 1473 907 sententia
1502 875 1655 908 laudarit
1681 889 1720 908 ac
1748 878 1957 912 defenderit.
2019 878 2127 912 Ter-

1130 924 1221 959 tius
1257 931 1328 964 est,
1369 938 1430 959 cur
1462 926 1598 971 putarit
1629 928 1930 962 reconciliandam
1961 928 2027 963 sibi
2057 942 2129 964 esse

1130 976 1246 1010 Crassi
1264 976 1470 1012 amicitiam.
1526 977 1646 1013 Status
1664 977 1768 1014 huius
1787 981 1956 1025 epistolae
1973 988 2024 1015 est
2040 981 2130 1015 iudi-

1130 1027 1239 1063 cialis.
1293 1027 1486 1062 Contendit
1505 1030 1598 1063 enim
1618 1029 1742 1065 Cicero
1767 1039 1861 1066 recte
1888 1046 1922 1067 se
1946 1032 2066 1067 secisse
2092 1033 2127 1066 in

1129 1077 1204 1120 his,
1231 1092 1321 1125 quae
1337 1081 1447 1114 modo
1464 1082 1644 1123 recensui,
1669 1083 1799 1117 scilicet
1817 1081 2006 1119 honestum
2022 1084 2129 1119 fuisse

1130 1131 1310 1165 remittere
1327 1132 1463 1178 aliquid
1481 1133 1522 1166 de
1541 1133 1703 1168 libertate
1721 1135 1862 1169 dicendi
1881 1137 1916 1169 in
1936 1136 2130 1181 republica.

1129 1183 1179 1216 Ut
1196 1189 1313 1216 autem
1332 1183 1444 1217 lector
1460 1185 1730 1230 dispositionem
1751 1188 1859 1222 totius
1878 1188 2039 1232 corporis
2056 1200 2129 1222 cer-

1130 1247 1213 1268 nere
1231 1235 1362 1279 possit,
1391 1236 1546 1281 singulas
1563 1244 1681 1282 partes
1702 1239 1871 1284 epistolae
1889 1252 1968 1273 cum
1987 1239 2058 1274 suis
2074 1251 2129 1273 ar-

1130 1286 1307 1330 gumentis
1325 1287 1450 1320 ordine
1468 1289 1671 1324 recensebo.

1230 1336 1477 1372 Exordium
1509 1340 1617 1384 igitur
1635 1342 1737 1374 valde
1761 1339 1978 1376 rhetoricum
1998 1349 2067 1383 est,
2095 1349 2129 1376 et

1130 1388 1282 1422 sumitur
1301 1391 1344 1422 ab
1365 1391 1498 1424 officio:
1528 1391 1677 1426 Gaudeo
1697 1405 1774 1426 mea
1801 1394 1914 1427 officia
1941 1394 2004 1428 tibi
2028 1400 2128 1439 grata

1131 1447 1165 1473 et
1189 1447 1329 1485 accepta
1355 1455 1440 1477 esse.
1507 1443 1676 1490 Sequitur
1709 1445 1939 1490 amplificatio
1965 1445 2129 1479 vocabuli

1127 1494 1283 1536 pietatis,
1312 1495 1413 1539 quasi
1431 1494 1579 1528 diceret:
1609 1495 1685 1540 Ego
1703 1497 1814 1530 debeo
1843 1497 1904 1530 tibi
1929 1510 2004 1531 non
2031 1510 2130 1532 amo-

1129 1556 1224 1585 rem,
1267 1557 1341 1578 non
1369 1546 1677 1588 benevolentiam,
1718 1549 1778 1582 sed
1803 1549 1993 1593 pietatem,
2038 1562 2129 1596 quae

1130 1596 1278 1630 debetur
1305 1598 1532 1642 parentibus,
1574 1598 1647 1632 imo
1682 1599 1816 1646 aliquid
1843 1601 1977 1642 maius,
2020 1614 2127 1647 quam

1130 1647 1242 1692 ipsam
1262 1648 1443 1693 pietatem.
1496 1650 1651 1685 Additur
1670 1651 1862 1693 correctio,
1892 1652 1927 1685 in
1949 1665 2017 1699 qua
2037 1659 2129 1687 exte-

1130 1706 1217 1732 nuat
1248 1713 1308 1734 sua
1344 1701 1457 1735 officia
1485 1702 1612 1736 collata
1640 1715 1718 1736 cum
1744 1703 1838 1738 illius
1862 1705 2015 1739 meritis:
2053 1704 2129 1740 Etsi

1129 1751 1346 1796 intelligam,
1390 1766 1428 1786 ea
1459 1754 1570 1787 multo
1597 1754 1730 1787 leviora
1758 1768 1850 1796 esse,
1895 1769 2002 1802 quam
2036 1769 2128 1802 quae

1129 1803 1192 1835 tibi
1225 1804 1391 1838 debeam:
1436 1811 1555 1839 tamen
1582 1807 1747 1841 voluntas
1779 1805 1866 1840 mihi
1899 1820 1972 1841 non
2006 1809 2129 1849 defuit,

1129 1866 1245 1901 neque
1280 1854 1395 1890 adhuc
1428 1857 1544 1898 deest,
1586 1858 1699 1892 multo
1728 1858 1866 1892 maiora
1893 1867 1925 1893 et
1952 1861 2128 1905 ampliora

1130 1908 1346 1951 praestandi.
1402 1907 1540 1942 Deinde
1560 1910 1706 1954 exponit
1720 1910 1826 1944 latius
1843 1911 1947 1945 fidem
1967 1919 2000 1945 et
2021 1912 2129 1956 grati-

1130 1958 1288 1992 tudinem
1306 1973 1407 1994 suam
1426 1973 1488 2004 per
1508 1962 1832 2006 comparationem:
1864 1963 1899 1996 Si
1923 1963 2046 1998 fuisses
2070 1961 2127 1999 hic

1130 2022 1313 2053 praesens,
1343 2012 1567 2056 cognovisses
1583 2025 1640 2045 me
1662 2014 1774 2046 multo
1799 2015 2036 2048 :munitiorem
2064 2016 2128 2056 tui,

1131 2068 1163 2095 et
1186 2063 1421 2107 perspexisses
1444 2076 1560 2096 meam
1585 2064 1805 2097 voluntatem
1842 2078 1881 2098 ac
1908 2066 2063 2099 studium
2092 2067 2127 2100 in

1130 2114 1296 2148 omnibus
1320 2115 1423 2148 relius
1447 2115 1525 2149 tuis.
1595 2115 1658 2149 His
1681 2116 1861 2161 subiungit
1887 2118 2127 2152 enumeratio·

1128 2178 1208 2198 nem
1243 2179 1387 2207 eorum,
1431 2166 1465 2199 in
1497 2167 1626 2212 quibus
1658 2168 1762 2202 rebus
1789 2167 1940 2202 Lentulo
1970 2169 2124 2204 officium

1129 2225 1310 2262 praestare
1347 2225 1376 2250 et
1416 2218 1581 2253 voluisset
1619 2226 1647 2252 et
1691 2220 1880 2264 potuisset,
1923 2221 1950 2255 si
1987 2220 2125 2255 Romae

1128 2269 1261 2304 fuisset.

1231 2321 1383 2354 Prima
1413 2322 1505 2355 ratio
1534 2329 1603 2362 est,
1647 2323 1743 2367 quod
1769 2323 1857 2356 belle
1885 2330 1919 2357 et
1943 2325 2124 2369 praeclare

1130 2373 1366 2418 potuissemus
1381 2380 1487 2413 stare,
1516 2387 1593 2407 cum
1615 2374 1703 2407 alter
1720 2374 1864 2409 alterius
1884 2375 2032 2410 consilio
2048 2375 2133 2410 ute-¹

1129 2432 1238 2459 retur.
1294 2425 1401 2466 ltem,
1431 2426 1490 2458 illo
1510 2432 1633 2459 nostro
1659 2438 1830 2460 consensu
1861 2435 1890 2460 et
1918 2428 1974 2460 illa
2000 2435 2121 2463 nostra

1129 2478 1319 2510 concordia
1337 2478 1524 2511 fuissemus
1546 2477 1778 2522 potentiores.
1832 2477 2036 2513 Secunda
2067 2492 2122 2513 ra-

1129 2530 1177 2563 tio
1199 2536 1247 2562 est
1266 2543 1283 2561 a
1304 2542 1364 2562 sua
1390 2541 1560 2573 persona:
1597 2528 1743 2564 Secutus
1767 2542 1875 2564 essem
1900 2537 1932 2563 te
1960 2538 2121 2565 autorem

1129 2581 1163 2613 in
1181 2580 1490 2614 administratione
1507 2580 1723 2625 reipublicae
1747 2588 1779 2615 ct
1806 2582 1847 2626 in·
1866 2583 2024 2617 dicendis
2047 2596 2124 2617 sen-

1161 2701 1210 2728 56)
1228 2699 1408 2729 reipublicae]
1429 2699 1477 2724 Ed.
1500 2700 1573 2724 1556.
1594 2705 1692 2724 errore
1711 2702 1837 2732 typogr:
1866 2700 2017 2731 republica.

1162 2742 1209 2767 57)
1231 2741 1319 2764 reddit
1338 2741 1486 2771 rationem]
1504 2741 1543 2765 sic
1558 2742 1640 2767 Editt.
1656 2742 1739 2766 1565„
1765 2743 1847 2766 5569..
1871 2742 1959 2767 1572:
1980 2742 2027 2766 Ed.
2045 2742 2117 2767 1556.

1199 2776 1328 2799 rationem
1350 2776 1448 2801 reddit.
