<?xml version="1.0" encoding="UTF-8"?>
<!DOCTYPE html PUBLIC "-//W3C//DTD XHTML 1.0 Transitional//EN"
    "http://www.w3.org/TR/xhtml1/DTD/xhtml1-transitional.dtd">
<html xmlns="http://www.w3.org/1999/xhtml" xml:lang="en" lang="en">
 <head>
  <title>
</title>
<meta http-equiv="Content-Type" content="text/html;charset=utf-8" />
  <meta name='ocr-system' content='tesseract 3.04.00' />
  <meta name='ocr-capabilities' content='ocr_page ocr_carea ocr_par ocr_line ocrx_word'/>
</head>
<body>
  <div class='ocr_page' id='page_1' title='image "./operaquaesupersu17melauoft/operaquaesupersu17melauoft_0100.png"; bbox 0 0 2294 2975; ppageno 0'>
   <div class='ocr_carea' id='block_1_1' title="bbox 85 108 2114 157">
    <p class='ocr_par' dir='ltr' id='par_1_1' title="bbox 85 108 2114 157">
     <span class='ocr_line' id='line_1_1' title="bbox 85 108 2114 157; baseline -0 -11"><span class='ocrx_word' id='word_1_1' title='bbox 85 123 155 157; x_wconf 75' lang='lat'>175</span> <span class='ocrx_word' id='word_1_2' title='bbox 654 114 777 149; x_wconf 64' lang='lat' dir='ltr'>pun..</span> <span class='ocrx_word' id='word_1_3' title='bbox 816 112 928 146; x_wconf 72' lang='lat' dir='ltr'>MEL.</span> <span class='ocrx_word' id='word_1_4' title='bbox 969 109 1171 145; x_wconf 76' lang='lat' dir='ltr'>scmrTA</span> <span class='ocrx_word' id='word_1_5' title='bbox 1198 108 1532 145; x_wconf 71' lang='lat' dir='ltr'>PfflLoLooim.</span> <span class='ocrx_word' id='word_1_6' title='bbox 2043 113 2114 145; x_wconf 84' lang='lat'>176</span> 
     </span>
    </p>
   </div>
   <div class='ocr_carea' id='block_1_2' title="bbox 129 197 1016 248">
    <p class='ocr_par' dir='ltr' id='par_1_2' title="bbox 129 197 1016 248">
     <span class='ocr_line' id='line_1_2' title="bbox 129 197 1016 248; baseline -0.015 -8"><span class='ocrx_word' id='word_1_7' title='bbox 129 210 449 248; x_wconf 62' lang='lat' dir='ltr'>Argumentum</span> <span class='ocrx_word' id='word_1_8' title='bbox 479 209 517 235; x_wconf 83' lang='lat' dir='ltr'>et</span> <span class='ocrx_word' id='word_1_9' title='bbox 550 200 723 235; x_wconf 84' lang='lat' dir='ltr'>scholia</span> <span class='ocrx_word' id='word_1_10' title='bbox 760 200 804 231; x_wconf 88' lang='lat' dir='ltr'>in</span> <span class='ocrx_word' id='word_1_11' title='bbox 841 197 1016 241; x_wconf 79' lang='lat' dir='ltr'>episto-</span> 
     </span>
    </p>
   </div>
   <div class='ocr_carea' id='block_1_3' title="bbox 430 252 683 295">
    <p class='ocr_par' dir='ltr' id='par_1_3' title="bbox 430 252 683 295">
     <span class='ocr_line' id='line_1_3' title="bbox 430 252 683 295; baseline -0.012 -8"><span class='ocrx_word' id='word_1_12' title='bbox 430 255 469 287; x_wconf 85' lang='lat' dir='ltr'>la</span> <span class='ocrx_word' id='word_1_13' title='bbox 482 267 515 286; x_wconf 90' lang='grc'>111</span> <span class='ocrx_word' id='word_1_14' title='bbox 545 252 683 295; x_wconf 70' lang='lat' dir='ltr'>Xll.²‘⁰).</span> 
     </span>
    </p>
   </div>
   <div class='ocr_carea' id='block_1_4' title="bbox 81 323 1077 1745">
    <p class='ocr_par' dir='ltr' id='par_1_4' title="bbox 81 323 1077 1646">
     <span class='ocr_line' id='line_1_4' title="bbox 184 323 1071 365; baseline -0.012 0"><span class='ocrx_word' id='word_1_15' title='bbox 184 331 377 365; x_wconf 66' lang='lat' dir='ltr'>Exordium</span> <span class='ocrx_word' id='word_1_16' title='bbox 405 329 510 363; x_wconf 78' lang='lat' dir='ltr'>babet</span> <span class='ocrx_word' id='word_1_17' title='bbox 545 330 686 361; x_wconf 72' lang='lat' dir='ltr'>lirexem</span> <span class='ocrx_word' id='word_1_18' title='bbox 713 324 972 358; x_wconf 80' lang='lat' dir='ltr'>excusationem</span> <span class='ocrx_word' id='word_1_19' title='bbox 1006 323 1071 355; x_wconf 87' lang='lat' dir='ltr'>im·</span> 
     </span>
     <span class='ocr_line' id='line_1_5' title="bbox 84 373 1066 429; baseline -0.01 -14"><span class='ocrx_word' id='word_1_20' title='bbox 84 384 292 429; x_wconf 71' lang='lat' dir='ltr'>pudentiae,</span> <span class='ocrx_word' id='word_1_21' title='bbox 335 388 367 414; x_wconf 81' lang='lat' dir='ltr'>et</span> <span class='ocrx_word' id='word_1_22' title='bbox 395 381 494 426; x_wconf 81' lang='lat' dir='ltr'>quasi</span> <span class='ocrx_word' id='word_1_23' title='bbox 520 379 697 423; x_wconf 79' lang='lat' dir='ltr'>quandam</span> <span class='ocrx_word' id='word_1_24' title='bbox 726 376 848 419; x_wconf 85' lang='lat' dir='ltr'>culpae</span> <span class='ocrx_word' id='word_1_25' title='bbox 882 373 1066 407; x_wconf 82' lang='lat' dir='ltr'>consessio-</span> 
     </span>
     <span class='ocr_line' id='line_1_6' title="bbox 84 424 1071 475; baseline -0.012 -7"><span class='ocrx_word' id='word_1_26' title='bbox 84 449 176 468; x_wconf 78' lang='lat' dir='ltr'>nein.</span> <span class='ocrx_word' id='word_1_27' title='bbox 231 433 367 466; x_wconf 86' lang='lat' dir='ltr'>Deinde</span> <span class='ocrx_word' id='word_1_28' title='bbox 391 431 548 475; x_wconf 81' lang='lat' dir='ltr'>sequitur</span> <span class='ocrx_word' id='word_1_29' title='bbox 573 428 686 460; x_wconf 67' lang='lat' dir='ltr'>brevis</span> <span class='ocrx_word' id='word_1_30' title='bbox 704 426 863 459; x_wconf 87' lang='lat' dir='ltr'>narratio</span> <span class='ocrx_word' id='word_1_31' title='bbox 882 438 960 458; x_wconf 80' lang='lat' dir='ltr'>cuin</span> <span class='ocrx_word' id='word_1_32' title='bbox 984 424 1071 468; x_wconf 91' lang='lat' dir='ltr'>peti-</span> 
     </span>
     <span class='ocr_line' id='line_1_7' title="bbox 82 475 1071 526; baseline -0.013 -6"><span class='ocrx_word' id='word_1_33' title='bbox 82 488 197 522; x_wconf 84' lang='lat' dir='ltr'>tione,</span> <span class='ocrx_word' id='word_1_34' title='bbox 225 485 279 517; x_wconf 86' lang='lat' dir='ltr'>eui</span> <span class='ocrx_word' id='word_1_35' title='bbox 299 482 449 526; x_wconf 71' lang='lat' dir='ltr'>aspergit</span> <span class='ocrx_word' id='word_1_36' title='bbox 470 480 642 525; x_wconf 80' lang='lat' dir='ltr'>quaedam</span> <span class='ocrx_word' id='word_1_37' title='bbox 661 483 881 520; x_wconf 73' lang='lat' dir='ltr'>argumenta.</span> <span class='ocrx_word' id='word_1_38' title='bbox 934 475 1071 508; x_wconf 80' lang='lat' dir='ltr'>Deinde</span> 
     </span>
     <span class='ocr_line' id='line_1_8' title="bbox 84 526 1072 579; baseline -0.011 -9"><span class='ocrx_word' id='word_1_39' title='bbox 84 536 242 579; x_wconf 53' lang='lat' dir='ltr'>augetffl)</span> <span class='ocrx_word' id='word_1_40' title='bbox 263 533 491 578; x_wconf 85' lang='lat' dir='ltr'>petitionem,</span> <span class='ocrx_word' id='word_1_41' title='bbox 520 528 675 562; x_wconf 83' lang='lat' dir='ltr'>adhibita</span> <span class='ocrx_word' id='word_1_42' title='bbox 696 527 972 561; x_wconf 73' lang='lat' dir='ltr'>circumstantia.</span> <span class='ocrx_word' id='word_1_43' title='bbox 1006 526 1072 559; x_wconf 86' lang='lat' dir='ltr'>Pe-</span> 
     </span>
     <span class='ocr_line' id='line_1_9' title="bbox 85 578 1072 624; baseline -0.011 -4"><span class='ocrx_word' id='word_1_44' title='bbox 85 589 126 621; x_wconf 87' lang='lat' dir='ltr'>tit</span> <span class='ocrx_word' id='word_1_45' title='bbox 159 586 271 623; x_wconf 84' lang='lat' dir='ltr'>enim,</span> <span class='ocrx_word' id='word_1_46' title='bbox 311 590 348 615; x_wconf 90' lang='lat' dir='ltr'>ut</span> <span class='ocrx_word' id='word_1_47' title='bbox 374 581 464 615; x_wconf 84' lang='lat' dir='ltr'>hanc</span> <span class='ocrx_word' id='word_1_48' title='bbox 490 579 677 614; x_wconf 72' lang='lat' dir='ltr'>historiam</span> <span class='ocrx_word' id='word_1_49' title='bbox 706 591 725 612; x_wconf 88' lang='lat' dir='ltr'>a</span> <span class='ocrx_word' id='word_1_50' title='bbox 751 578 894 624; x_wconf 83' lang='lat' dir='ltr'>reliquis</span> <span class='ocrx_word' id='word_1_51' title='bbox 921 583 1072 622; x_wconf 85' lang='lat' dir='ltr'>separet,</span> 
     </span>
     <span class='ocr_line' id='line_1_10' title="bbox 84 629 1071 678; baseline -0.01 -8"><span class='ocrx_word' id='word_1_52' title='bbox 84 640 166 670; x_wconf 80' lang='lat' dir='ltr'>item</span> <span class='ocrx_word' id='word_1_53' title='bbox 190 643 227 669; x_wconf 86' lang='lat' dir='ltr'>ut</span> <span class='ocrx_word' id='word_1_54' title='bbox 252 632 468 678; x_wconf 79' lang='lat' dir='ltr'>splendidius</span> <span class='ocrx_word' id='word_1_55' title='bbox 494 638 607 665; x_wconf 87' lang='lat' dir='ltr'>ornet.</span> <span class='ocrx_word' id='word_1_56' title='bbox 677 630 729 663; x_wconf 93' lang='lat' dir='ltr'>De</span> <span class='ocrx_word' id='word_1_57' title='bbox 755 630 918 663; x_wconf 86' lang='lat' dir='ltr'>ornando</span> <span class='ocrx_word' id='word_1_58' title='bbox 943 629 1071 661; x_wconf 88' lang='lat' dir='ltr'>iterum</span> 
     </span>
     <span class='ocr_line' id='line_1_11' title="bbox 82 680 1073 727; baseline -0.008 -7"><span class='ocrx_word' id='word_1_59' title='bbox 82 688 177 721; x_wconf 73' lang='lat' dir='ltr'>addit</span> <span class='ocrx_word' id='word_1_60' title='bbox 195 684 457 718; x_wconf 64' lang='lat' dir='ltr'>excusationem</span> <span class='ocrx_word' id='word_1_61' title='bbox 475 682 728 727; x_wconf 86' lang='lat' dir='ltr'>impudentiae,</span> <span class='ocrx_word' id='word_1_62' title='bbox 758 681 919 713; x_wconf 73' lang='lat' dir='ltr'>videlicet</span> <span class='ocrx_word' id='word_1_63' title='bbox 939 680 1073 713; x_wconf 83' lang='lat' dir='ltr'>conses-</span> 
     </span>
     <span class='ocr_line' id='line_1_12' title="bbox 81 731 1073 780; baseline -0.01 -8"><span class='ocrx_word' id='word_1_64' title='bbox 81 739 215 772; x_wconf 80' lang='lat' dir='ltr'>sionem</span> <span class='ocrx_word' id='word_1_65' title='bbox 233 736 366 780; x_wconf 81' lang='lat' dir='ltr'>culpae.</span> <span class='ocrx_word' id='word_1_66' title='bbox 407 734 575 779; x_wconf 82' lang='lat' dir='ltr'>Sequitur</span> <span class='ocrx_word' id='word_1_67' title='bbox 593 738 839 777; x_wconf 76' lang='lat' dir='ltr'>argumentum</span> <span class='ocrx_word' id='word_1_68' title='bbox 856 732 1010 776; x_wconf 87' lang='lat' dir='ltr'>primum</span> <span class='ocrx_word' id='word_1_69' title='bbox 1031 731 1073 763; x_wconf 90' lang='lat' dir='ltr'>ab</span> 
     </span>
     <span class='ocr_line' id='line_1_13' title="bbox 82 783 1075 834; baseline -0.008 -13"><span class='ocrx_word' id='word_1_70' title='bbox 82 790 156 834; x_wconf 85' lang='lat' dir='ltr'>ipsa</span> <span class='ocrx_word' id='word_1_71' title='bbox 180 794 327 826; x_wconf 82' lang='lat' dir='ltr'>natura,</span> <span class='ocrx_word' id='word_1_72' title='bbox 369 786 464 831; x_wconf 91' lang='lat' dir='ltr'>quod</span> <span class='ocrx_word' id='word_1_73' title='bbox 487 785 582 829; x_wconf 54' lang='lat' dir='ltr'>sitm)</span> <span class='ocrx_word' id='word_1_74' title='bbox 608 785 725 817; x_wconf 85' lang='lat' dir='ltr'>sutura</span> <span class='ocrx_word' id='word_1_75' title='bbox 751 783 902 816; x_wconf 90' lang='lat' dir='ltr'>iucunda</span> <span class='ocrx_word' id='word_1_76' title='bbox 927 788 1075 826; x_wconf 80' lang='lat' dir='ltr'>propter</span> 
     </span>
     <span class='ocr_line' id='line_1_14' title="bbox 83 833 1075 878; baseline -0.007 -6"><span class='ocrx_word' id='word_1_77' title='bbox 83 841 309 875; x_wconf 72' lang='lat' dir='ltr'>varietatem;</span> <span class='ocrx_word' id='word_1_78' title='bbox 353 843 386 869; x_wconf 88' lang='lat' dir='ltr'>et</span> <span class='ocrx_word' id='word_1_79' title='bbox 412 836 578 870; x_wconf 85' lang='lat' dir='ltr'>inseritur</span> <span class='ocrx_word' id='word_1_80' title='bbox 601 836 696 868; x_wconf 87' lang='lat' dir='ltr'>locus</span> <span class='ocrx_word' id='word_1_81' title='bbox 732 833 950 873; x_wconf 88' lang='lat' dir='ltr'>communis,</span> <span class='ocrx_word' id='word_1_82' title='bbox 979 833 1075 878; x_wconf 87' lang='lat' dir='ltr'>quod</span> 
     </span>
     <span class='ocr_line' id='line_1_15' title="bbox 83 883 1074 930; baseline -0.007 -7"><span class='ocrx_word' id='word_1_83' title='bbox 83 891 255 923; x_wconf 76' lang='lat' dir='ltr'>delectent</span> <span class='ocrx_word' id='word_1_84' title='bbox 287 889 324 920; x_wconf 91' lang='lat' dir='ltr'>in</span> <span class='ocrx_word' id='word_1_85' title='bbox 355 885 502 920; x_wconf 83' lang='lat' dir='ltr'>historia</span> <span class='ocrx_word' id='word_1_86' title='bbox 533 886 713 919; x_wconf 54' lang='lat' dir='ltr'>i‘nirabiles</span> <span class='ocrx_word' id='word_1_87' title='bbox 745 897 859 918; x_wconf 77' lang='lat' dir='ltr'>rasus:</span> <span class='ocrx_word' id='word_1_88' title='bbox 904 884 1010 929; x_wconf 88' lang='lat' dir='ltr'>idque</span> <span class='ocrx_word' id='word_1_89' title='bbox 1027 883 1074 930; x_wconf 73' lang='grc'>93)</span> 
     </span>
     <span class='ocr_line' id='line_1_16' title="bbox 84 934 1075 982; baseline -0.007 -8"><span class='ocrx_word' id='word_1_90' title='bbox 84 942 269 975; x_wconf 85' lang='lat' dir='ltr'>confirmat</span> <span class='ocrx_word' id='word_1_91' title='bbox 289 939 443 972; x_wconf 84' lang='lat' dir='ltr'>recitatis</span> <span class='ocrx_word' id='word_1_92' title='bbox 464 937 630 982; x_wconf 78' lang='lat' dir='ltr'>exemplis</span> <span class='ocrx_word' id='word_1_93' title='bbox 648 938 689 969; x_wconf 88' lang='lat' dir='ltr'>dc</span> <span class='ocrx_word' id='word_1_94' title='bbox 707 936 958 979; x_wconf 72' lang='lat' dir='ltr'>Epaminonda</span> <span class='ocrx_word' id='word_1_95' title='bbox 975 934 1022 980; x_wconf 65' lang='grc'>91)</span> <span class='ocrx_word' id='word_1_96' title='bbox 1042 940 1075 967; x_wconf 89' lang='lat' dir='ltr'>et</span> 
     </span>
     <span class='ocr_line' id='line_1_17' title="bbox 82 989 1075 1031; baseline -0.008 -6"><span class='ocrx_word' id='word_1_97' title='bbox 82 990 333 1025; x_wconf 77' lang='lat' dir='ltr'>Themistocle.</span> <span class='ocrx_word' id='word_1_98' title='bbox 374 989 575 1022; x_wconf 82' lang='lat' dir='ltr'>Secundum</span> <span class='ocrx_word' id='word_1_99' title='bbox 593 993 840 1031; x_wconf 71' lang='lat' dir='ltr'>argumentum</span> <span class='ocrx_word' id='word_1_100' title='bbox 860 999 878 1019; x_wconf 91' lang='lat' dir='ltr'>a</span> <span class='ocrx_word' id='word_1_101' title='bbox 895 992 1075 1030; x_wconf 90' lang='lat' dir='ltr'>praestan-</span> 
     </span>
     <span class='ocr_line' id='line_1_18' title="bbox 84 1036 1077 1083; baseline -0.007 -8"><span class='ocrx_word' id='word_1_102' title='bbox 84 1044 131 1076; x_wconf 75' lang='lat' dir='ltr'>tia</span> <span class='ocrx_word' id='word_1_103' title='bbox 158 1041 310 1075; x_wconf 78' lang='lat' dir='ltr'>artificis.</span> <span class='ocrx_word' id='word_1_104' title='bbox 375 1039 414 1072; x_wconf 85' lang='lat' dir='ltr'>Id</span> <span class='ocrx_word' id='word_1_105' title='bbox 445 1046 549 1083; x_wconf 76' lang='lat' dir='ltr'>auget</span> <span class='ocrx_word' id='word_1_106' title='bbox 582 1039 741 1082; x_wconf 77' lang='lat' dir='ltr'>exemplo</span> <span class='ocrx_word' id='word_1_107' title='bbox 767 1036 979 1076; x_wconf 76' lang='lat' dir='ltr'>Alexandri,</span> <span class='ocrx_word' id='word_1_108' title='bbox 1015 1036 1077 1081; x_wconf 88' lang='lat' dir='ltr'>qui</span> 
     </span>
     <span class='ocr_line' id='line_1_19' title="bbox 83 1087 1076 1136; baseline -0.008 -9"><span class='ocrx_word' id='word_1_109' title='bbox 83 1100 220 1127; x_wconf 80' lang='lat' dir='ltr'>tantum</span> <span class='ocrx_word' id='word_1_110' title='bbox 240 1104 258 1124; x_wconf 90' lang='lat' dir='ltr'>a</span> <span class='ocrx_word' id='word_1_111' title='bbox 278 1090 586 1136; x_wconf 70' lang='lat' dir='ltr'>praestantissumis</span> <span class='ocrx_word' id='word_1_112' title='bbox 604 1089 795 1122; x_wconf 83' lang='lat' dir='ltr'>artificibus</span> <span class='ocrx_word' id='word_1_113' title='bbox 812 1087 982 1132; x_wconf 77' lang='lat' dir='ltr'>imagInes</span> <span class='ocrx_word' id='word_1_114' title='bbox 997 1099 1076 1120; x_wconf 89' lang='lat' dir='ltr'>suas</span> 
     </span>
     <span class='ocr_line' id='line_1_20' title="bbox 85 1138 1077 1187; baseline -0.007 -10"><span class='ocrx_word' id='word_1_115' title='bbox 85 1144 160 1178; x_wconf 82' lang='lat' dir='ltr'>fieri</span> <span class='ocrx_word' id='word_1_116' title='bbox 186 1142 364 1187; x_wconf 71' lang='lat' dir='ltr'>voluit⁹⁵).</span> <span class='ocrx_word' id='word_1_117' title='bbox 423 1141 531 1173; x_wconf 84' lang='lat' dir='ltr'>Addit</span> <span class='ocrx_word' id='word_1_118' title='bbox 567 1140 879 1184; x_wconf 82' lang='lat' dir='ltr'>amplificationem</span> <span class='ocrx_word' id='word_1_119' title='bbox 904 1151 944 1171; x_wconf 83' lang='lat' dir='ltr'>ex</span> <span class='ocrx_word' id='word_1_120' title='bbox 971 1138 1077 1170; x_wconf 88' lang='lat' dir='ltr'>colla-</span> 
     </span>
     <span class='ocr_line' id='line_1_21' title="bbox 85 1187 1076 1235; baseline -0.008 -7"><span class='ocrx_word' id='word_1_121' title='bbox 85 1197 197 1230; x_wconf 85' lang='lat' dir='ltr'>tione;</span> <span class='ocrx_word' id='word_1_122' title='bbox 227 1200 260 1226; x_wconf 87' lang='lat' dir='ltr'>et</span> <span class='ocrx_word' id='word_1_123' title='bbox 286 1199 405 1225; x_wconf 89' lang='lat' dir='ltr'>tamen</span> <span class='ocrx_word' id='word_1_124' title='bbox 425 1192 536 1235; x_wconf 79' lang='lat' dir='ltr'>magis</span> <span class='ocrx_word' id='word_1_125' title='bbox 560 1191 736 1235; x_wconf 85' lang='lat' dir='ltr'>optandae</span> <span class='ocrx_word' id='word_1_126' title='bbox 754 1189 889 1234; x_wconf 71' lang='grc'><strong>51111196)</strong></span> <span class='ocrx_word' id='word_1_127' title='bbox 906 1187 1076 1222; x_wconf 84' lang='lat' dir='ltr'>historiae</span> 
     </span>
     <span class='ocr_line' id='line_1_22' title="bbox 85 1239 1076 1287; baseline -0.009 -8"><span class='ocrx_word' id='word_1_128' title='bbox 85 1248 170 1279; x_wconf 90' lang='lat' dir='ltr'>bene</span> <span class='ocrx_word' id='word_1_129' title='bbox 190 1244 402 1287; x_wconf 82' lang='lat' dir='ltr'>descriptae,</span> <span class='ocrx_word' id='word_1_130' title='bbox 427 1255 534 1287; x_wconf 89' lang='lat' dir='ltr'>quam</span> <span class='ocrx_word' id='word_1_131' title='bbox 562 1241 752 1285; x_wconf 84' lang='lat' dir='ltr'>imagines,</span> <span class='ocrx_word' id='word_1_132' title='bbox 781 1241 816 1272; x_wconf 89' lang='lat' dir='ltr'>id</span> <span class='ocrx_word' id='word_1_133' title='bbox 842 1240 969 1283; x_wconf 90' lang='lat' dir='ltr'>probat</span> <span class='ocrx_word' id='word_1_134' title='bbox 986 1239 1076 1282; x_wconf 83' lang='lat' dir='ltr'>Age-</span> 
     </span>
     <span class='ocr_line' id='line_1_23' title="bbox 85 1291 1077 1338; baseline -0.008 -9"><span class='ocrx_word' id='word_1_135' title='bbox 85 1296 162 1331; x_wconf 80' lang='lat' dir='ltr'>silai</span> <span class='ocrx_word' id='word_1_136' title='bbox 187 1295 358 1338; x_wconf 75' lang='lat' dir='ltr'>exemplo.</span> <span class='ocrx_word' id='word_1_137' title='bbox 418 1293 581 1326; x_wconf 87' lang='lat' dir='ltr'>Tertium</span> <span class='ocrx_word' id='word_1_138' title='bbox 605 1297 876 1335; x_wconf 82' lang='lat' dir='ltr'>argumentum,</span> <span class='ocrx_word' id='word_1_139' title='bbox 905 1291 948 1322; x_wconf 88' lang='lat' dir='ltr'>ab</span> <span class='ocrx_word' id='word_1_140' title='bbox 976 1296 1077 1322; x_wconf 88' lang='lat' dir='ltr'>auto-</span> 
     </span>
     <span class='ocr_line' id='line_1_24' title="bbox 84 1340 1076 1389; baseline -0.009 -8"><span class='ocrx_word' id='word_1_141' title='bbox 84 1349 187 1381; x_wconf 78' lang='lat' dir='ltr'>ritate</span> <span class='ocrx_word' id='word_1_142' title='bbox 212 1344 427 1389; x_wconf 62' lang='lat' dir='ltr'>Lucceiiffi),</span> <span class='ocrx_word' id='word_1_143' title='bbox 463 1356 536 1377; x_wconf 91' lang='lat' dir='ltr'>non</span> <span class='ocrx_word' id='word_1_144' title='bbox 558 1343 672 1376; x_wconf 88' lang='lat' dir='ltr'>solum</span> <span class='ocrx_word' id='word_1_145' title='bbox 703 1341 844 1374; x_wconf 83' lang='lat' dir='ltr'>artificis</span> <span class='ocrx_word' id='word_1_146' title='bbox 869 1340 975 1379; x_wconf 90' lang='lat' dir='ltr'>boni,</span> <span class='ocrx_word' id='word_1_147' title='bbox 1017 1341 1076 1373; x_wconf 89' lang='lat' dir='ltr'>sed</span> 
     </span>
     <span class='ocr_line' id='line_1_25' title="bbox 84 1392 1077 1438; baseline -0.008 -7"><span class='ocrx_word' id='word_1_148' title='bbox 84 1399 190 1432; x_wconf 88' lang='lat' dir='ltr'>etiam</span> <span class='ocrx_word' id='word_1_149' title='bbox 214 1396 309 1430; x_wconf 88' lang='lat' dir='ltr'>testis</span> <span class='ocrx_word' id='word_1_150' title='bbox 332 1396 520 1429; x_wconf 82' lang='lat' dir='ltr'>autoritate</span> <span class='ocrx_word' id='word_1_151' title='bbox 544 1392 766 1438; x_wconf 87' lang='lat' dir='ltr'>praestantis.</span> <span class='ocrx_word' id='word_1_152' title='bbox 834 1392 944 1424; x_wconf 86' lang='lat' dir='ltr'>Addit</span> <span class='ocrx_word' id='word_1_153' title='bbox 964 1403 1077 1424; x_wconf 80' lang='lat' dir='ltr'>exem-</span> 
     </span>
     <span class='ocr_line' id='line_1_26' title="bbox 86 1444 1077 1494; baseline -0.009 -11"><span class='ocrx_word' id='word_1_154' title='bbox 86 1450 183 1494; x_wconf 89' lang='lat' dir='ltr'>plum</span> <span class='ocrx_word' id='word_1_155' title='bbox 202 1447 361 1480; x_wconf 89' lang='lat' dir='ltr'>Hectoris</span> <span class='ocrx_word' id='word_1_156' title='bbox 377 1445 621 1489; x_wconf 61' lang='lat' dir='ltr'>Naevianiffi).</span> <span class='ocrx_word' id='word_1_157' title='bbox 691 1444 868 1488; x_wconf 84' lang='lat' dir='ltr'>Quartum</span> <span class='ocrx_word' id='word_1_158' title='bbox 891 1454 1077 1486; x_wconf 80' lang='lat' dir='ltr'>argumen-</span> 
     </span>
     <span class='ocr_line' id='line_1_27' title="bbox 89 1493 1076 1539; baseline -0.009 -5"><span class='ocrx_word' id='word_1_159' title='bbox 89 1508 163 1534; x_wconf 86' lang='lat' dir='ltr'>tum</span> <span class='ocrx_word' id='word_1_160' title='bbox 182 1500 224 1532; x_wconf 89' lang='lat' dir='ltr'>ab</span> <span class='ocrx_word' id='word_1_161' title='bbox 250 1497 504 1536; x_wconf 85' lang='lat' dir='ltr'>incommodis,</span> <span class='ocrx_word' id='word_1_162' title='bbox 532 1495 560 1529; x_wconf 88' lang='lat' dir='ltr'>si</span> <span class='ocrx_word' id='word_1_163' title='bbox 585 1496 658 1539; x_wconf 87' lang='lat' dir='ltr'>ipse</span> <span class='ocrx_word' id='word_1_164' title='bbox 681 1494 821 1528; x_wconf 89' lang='lat' dir='ltr'>scribat.</span> <span class='ocrx_word' id='word_1_165' title='bbox 876 1493 1076 1533; x_wconf 82' lang='lat' dir='ltr'>Conclusio,</span> 
     </span>
     <span class='ocr_line' id='line_1_28' title="bbox 88 1543 1077 1595; baseline -0.008 -11"><span class='ocrx_word' id='word_1_166' title='bbox 88 1551 215 1595; x_wconf 86' lang='lat' dir='ltr'>repetit</span> <span class='ocrx_word' id='word_1_167' title='bbox 250 1554 520 1591; x_wconf 82' lang='lat' dir='ltr'>argumentum,</span> <span class='ocrx_word' id='word_1_168' title='bbox 555 1558 663 1591; x_wconf 87' lang='lat' dir='ltr'>quare</span> <span class='ocrx_word' id='word_1_169' title='bbox 700 1543 790 1578; x_wconf 88' lang='lat' dir='ltr'>hanc</span> <span class='ocrx_word' id='word_1_170' title='bbox 824 1556 898 1577; x_wconf 85' lang='lat' dir='ltr'>rem</span> <span class='ocrx_word' id='word_1_171' title='bbox 920 1550 1077 1577; x_wconf 90' lang='lat' dir='ltr'>matura-</span> 
     </span>
     <span class='ocr_line' id='line_1_29' title="bbox 90 1599 368 1646; baseline -0.014 -11"><span class='ocrx_word' id='word_1_172' title='bbox 90 1614 126 1635; x_wconf 86' lang='lat' dir='ltr'>re</span> <span class='ocrx_word' id='word_1_173' title='bbox 135 1601 181 1646; x_wconf 73' lang='lat'>⁹⁹)</span> <span class='ocrx_word' id='word_1_174' title='bbox 205 1600 288 1632; x_wconf 68' lang='lat' dir='ltr'>velit</span> <span class='ocrx_word' id='word_1_175' title='bbox 298 1599 368 1643; x_wconf 87' lang='lat'>¹⁰⁰).</span> 
     </span>
    </p>

    <p class='ocr_par' dir='ltr' id='par_1_5' title="bbox 90 1645 1077 1745">
     <span class='ocr_line' id='line_1_30' title="bbox 193 1645 1076 1694; baseline -0.009 -9"><span class='ocrx_word' id='word_1_176' title='bbox 193 1649 222 1694; x_wconf 63' lang='grc' dir='ltr'>ἓ.</span> <span class='ocrx_word' id='word_1_177' title='bbox 244 1652 276 1685; x_wconf 86' lang='grc'>1.</span> <span class='ocrx_word' id='word_1_178' title='bbox 308 1652 426 1685; x_wconf 83' lang='lat' dir='ltr'>Coram</span> <span class='ocrx_word' id='word_1_179' title='bbox 454 1661 503 1682; x_wconf 84' lang='lat' dir='ltr'>me</span> <span class='ocrx_word' id='word_1_180' title='bbox 539 1645 660 1694; x_wconf 69' lang='lat' dir='ltr'>tecum]</span> <span class='ocrx_word' id='word_1_181' title='bbox 700 1646 895 1680; x_wconf 82' lang='lat' dir='ltr'>Exordium</span> <span class='ocrx_word' id='word_1_182' title='bbox 931 1658 949 1678; x_wconf 88' lang='lat' dir='ltr'>a</span> <span class='ocrx_word' id='word_1_183' title='bbox 973 1658 1076 1679; x_wconf 90' lang='lat' dir='ltr'>causa</span> 
     </span>
     <span class='ocr_line' id='line_1_31' title="bbox 90 1696 1077 1745; baseline -0.007 -8"><span class='ocrx_word' id='word_1_184' title='bbox 90 1701 276 1737; x_wconf 81' lang='lat' dir='ltr'>scribendi.</span> <span class='ocrx_word' id='word_1_185' title='bbox 367 1702 478 1734; x_wconf 74' lang='lat' dir='ltr'>Ardea</span> <span class='ocrx_word' id='word_1_186' title='bbox 515 1696 711 1745; x_wconf 74' lang='lat' dir='ltr'>cupiditate]</span> <span class='ocrx_word' id='word_1_187' title='bbox 747 1697 913 1732; x_wconf 66' lang='lat' dir='ltr'>Narratio</span> <span class='ocrx_word' id='word_1_188' title='bbox 949 1708 988 1730; x_wconf 89' lang='lat' dir='ltr'>ac</span> <span class='ocrx_word' id='word_1_189' title='bbox 1018 1709 1077 1741; x_wconf 89' lang='lat' dir='ltr'>pe-</span> 
     </span>
    </p>
   </div>
   <div class='ocr_carea' id='block_1_5' title="bbox 123 1843 1075 2156">
    <p class='ocr_par' dir='ltr' id='par_1_6' title="bbox 123 1843 1075 1941">
     <span class='ocr_line' id='line_1_32' title="bbox 123 1843 1075 1876; baseline -0.005 -4"><span class='ocrx_word' id='word_1_190' title='bbox 123 1849 170 1876; x_wconf 88' lang='grc'><strong>90)</strong></span> <span class='ocrx_word' id='word_1_191' title='bbox 189 1847 263 1876; x_wconf 64' lang='grc' dir='ltr'>ΧΠ]</span> <span class='ocrx_word' id='word_1_192' title='bbox 291 1847 330 1869; x_wconf 78' lang='lat' dir='ltr'>sic</span> <span class='ocrx_word' id='word_1_193' title='bbox 349 1846 396 1870; x_wconf 83' lang='lat' dir='ltr'>Ed.</span> <span class='ocrx_word' id='word_1_194' title='bbox 425 1846 498 1868; x_wconf 87' lang='grc'><strong>1560.</strong></span> <span class='ocrx_word' id='word_1_195' title='bbox 523 1847 550 1868; x_wconf 90' lang='lat' dir='ltr'>et</span> <span class='ocrx_word' id='word_1_196' title='bbox 570 1845 618 1868; x_wconf 85' lang='lat' dir='ltr'>Ed.</span> <span class='ocrx_word' id='word_1_197' title='bbox 642 1844 745 1868; x_wconf 83' lang='lat' dir='ltr'>Orell.:</span> <span class='ocrx_word' id='word_1_198' title='bbox 777 1844 860 1867; x_wconf 87' lang='lat' dir='ltr'>Editt.</span> <span class='ocrx_word' id='word_1_199' title='bbox 883 1843 967 1873; x_wconf 83' lang='grc'><strong>1540..</strong></span> <span class='ocrx_word' id='word_1_200' title='bbox 989 1843 1075 1874; x_wconf 78' lang='grc'><strong>1544..</strong></span> 
     </span>
     <span class='ocr_line' id='line_1_33' title="bbox 161 1877 1075 1908; baseline -0.005 -2"><span class='ocrx_word' id='word_1_201' title='bbox 161 1883 252 1906; x_wconf 84' lang='grc'><strong>1554..</strong></span> <span class='ocrx_word' id='word_1_202' title='bbox 282 1881 371 1905; x_wconf 85' lang='grc'><strong>1556..</strong></span> <span class='ocrx_word' id='word_1_203' title='bbox 403 1880 492 1904; x_wconf 86' lang='grc'><strong>1557..</strong></span> <span class='ocrx_word' id='word_1_204' title='bbox 522 1880 633 1903; x_wconf 81' lang='grc'><strong>1565-</strong></span> <span class='ocrx_word' id='word_1_205' title='bbox 652 1879 740 1902; x_wconf 61' lang='grc'><strong>15901</strong></span> <span class='ocrx_word' id='word_1_206' title='bbox 769 1878 840 1902; x_wconf 80' lang='lat' dir='ltr'>Xlll.</span> <span class='ocrx_word' id='word_1_207' title='bbox 867 1877 963 1905; x_wconf 79' lang='lat' dir='ltr'>(Editt.</span> <span class='ocrx_word' id='word_1_208' title='bbox 990 1878 1075 1908; x_wconf 72' lang='grc'><strong>1545..</strong></span> 
     </span>
     <span class='ocr_line' id='line_1_34' title="bbox 160 1915 442 1941; baseline -0.011 -2"><span class='ocrx_word' id='word_1_209' title='bbox 160 1917 245 1940; x_wconf 83' lang='grc'><strong>1546..</strong></span> <span class='ocrx_word' id='word_1_210' title='bbox 269 1916 356 1938; x_wconf 64' lang='lat' dir='ltr'>teor:</span> <span class='ocrx_word' id='word_1_211' title='bbox 376 1915 442 1941; x_wconf 84' lang='grc'><strong>69.).</strong></span> 
     </span>
    </p>

    <p class='ocr_par' dir='ltr' id='par_1_7' title="bbox 123 1955 699 1988">
     <span class='ocr_line' id='line_1_35' title="bbox 123 1955 699 1988; baseline -0.009 -6"><span class='ocrx_word' id='word_1_212' title='bbox 123 1960 171 1986; x_wconf 85' lang='grc'>91)</span> <span class='ocrx_word' id='word_1_213' title='bbox 190 1959 286 1988; x_wconf 80' lang='lat' dir='ltr'>anget]</span> <span class='ocrx_word' id='word_1_214' title='bbox 307 1957 388 1981; x_wconf 87' lang='lat' dir='ltr'>Editt.</span> <span class='ocrx_word' id='word_1_215' title='bbox 401 1956 484 1980; x_wconf 84' lang='grc'><strong>1546..</strong></span> <span class='ocrx_word' id='word_1_216' title='bbox 506 1955 580 1979; x_wconf 85' lang='grc'><strong>1601.</strong></span> <span class='ocrx_word' id='word_1_217' title='bbox 600 1955 699 1979; x_wconf 78' lang='lat' dir='ltr'>aufert.</span> 
     </span>
    </p>

    <p class='ocr_par' dir='ltr' id='par_1_8' title="bbox 124 1997 599 2030">
     <span class='ocr_line' id='line_1_36' title="bbox 124 1997 599 2030; baseline -0.011 -5"><span class='ocrx_word' id='word_1_218' title='bbox 124 2002 172 2029; x_wconf 77' lang='lat'>92)</span> <span class='ocrx_word' id='word_1_219' title='bbox 192 2001 240 2030; x_wconf 84' lang='lat' dir='ltr'>sit]</span> <span class='ocrx_word' id='word_1_220' title='bbox 260 2000 342 2024; x_wconf 87' lang='lat' dir='ltr'>Editt.</span> <span class='ocrx_word' id='word_1_221' title='bbox 365 1999 450 2022; x_wconf 77' lang='grc'><strong>1546..</strong></span> <span class='ocrx_word' id='word_1_222' title='bbox 474 1998 547 2021; x_wconf 91' lang='grc'><strong>1601.</strong></span> <span class='ocrx_word' id='word_1_223' title='bbox 566 1997 599 2020; x_wconf 88' lang='lat' dir='ltr'>si.</span> 
     </span>
    </p>

    <p class='ocr_par' dir='ltr' id='par_1_9' title="bbox 124 2040 502 2074">
     <span class='ocr_line' id='line_1_37' title="bbox 124 2040 502 2074; baseline -0.011 -7"><span class='ocrx_word' id='word_1_224' title='bbox 124 2043 172 2074; x_wconf 84' lang='lat'>93)</span> <span class='ocrx_word' id='word_1_225' title='bbox 192 2043 284 2073; x_wconf 89' lang='lat' dir='ltr'>idque]</span> <span class='ocrx_word' id='word_1_226' title='bbox 302 2042 351 2066; x_wconf 83' lang='lat' dir='ltr'>Ed.</span> <span class='ocrx_word' id='word_1_227' title='bbox 373 2041 446 2064; x_wconf 87' lang='grc'><strong>1560.</strong></span> <span class='ocrx_word' id='word_1_228' title='bbox 467 2040 502 2063; x_wconf 92' lang='lat' dir='ltr'>id.</span> 
     </span>
    </p>

    <p class='ocr_par' dir='ltr' id='par_1_10' title="bbox 123 2081 920 2116">
     <span class='ocr_line' id='line_1_38' title="bbox 123 2081 920 2116; baseline -0.005 -6"><span class='ocrx_word' id='word_1_229' title='bbox 123 2087 172 2114; x_wconf 86' lang='grc'><strong>94)</strong></span> <span class='ocrx_word' id='word_1_230' title='bbox 188 2084 385 2116; x_wconf 84' lang='lat' dir='ltr'>Epaminonda]</span> <span class='ocrx_word' id='word_1_231' title='bbox 406 2083 469 2106; x_wconf 90' lang='lat' dir='ltr'>illae</span> <span class='ocrx_word' id='word_1_232' title='bbox 488 2082 571 2105; x_wconf 86' lang='lat' dir='ltr'>Editt.</span> <span class='ocrx_word' id='word_1_233' title='bbox 590 2082 703 2105; x_wconf 87' lang='lat' dir='ltr'>habent:</span> <span class='ocrx_word' id='word_1_234' title='bbox 726 2081 920 2111; x_wconf 83' lang='lat' dir='ltr'>Epaminnnda.</span> 
     </span>
    </p>

    <p class='ocr_par' dir='ltr' id='par_1_11' title="bbox 123 2124 1075 2156">
     <span class='ocr_line' id='line_1_39' title="bbox 123 2124 1075 2156; baseline -0.004 -5"><span class='ocrx_word' id='word_1_235' title='bbox 123 2129 172 2156; x_wconf 89' lang='grc'>95)</span> <span class='ocrx_word' id='word_1_236' title='bbox 192 2128 270 2152; x_wconf 81' lang='lat' dir='ltr'>Conf.</span> <span class='ocrx_word' id='word_1_237' title='bbox 296 2125 433 2149; x_wconf 80' lang='lat' dir='ltr'>Plutarchi</span> <span class='ocrx_word' id='word_1_238' title='bbox 459 2124 517 2147; x_wconf 83' lang='lat' dir='ltr'>vita</span> <span class='ocrx_word' id='word_1_239' title='bbox 539 2124 616 2147; x_wconf 79' lang='lat' dir='ltr'>Alex.</span> <span class='ocrx_word' id='word_1_240' title='bbox 637 2130 658 2148; x_wconf 90' lang='lat' dir='ltr'>c.</span> <span class='ocrx_word' id='word_1_241' title='bbox 678 2125 702 2147; x_wconf 87' lang='grc'>4.</span> <span class='ocrx_word' id='word_1_242' title='bbox 729 2125 755 2147; x_wconf 86' lang='lat' dir='ltr'>et</span> <span class='ocrx_word' id='word_1_243' title='bbox 775 2124 807 2147; x_wconf 87' lang='lat' dir='ltr'>de</span> <span class='ocrx_word' id='word_1_244' title='bbox 826 2124 987 2148; x_wconf 86' lang='lat' dir='ltr'>fortitudine</span> <span class='ocrx_word' id='word_1_245' title='bbox 1008 2124 1075 2148; x_wconf 81' lang='lat' dir='ltr'>Ale-</span> 
     </span>
    </p>
   </div>
   <div class='ocr_carea' id='block_1_6' title="bbox 159 2158 1076 2225">
    <p class='ocr_par' dir='ltr' id='par_1_12' title="bbox 159 2158 1076 2225">
     <span class='ocr_line' id='line_1_40' title="bbox 160 2158 1076 2188; baseline -0.004 -2"><span class='ocrx_word' id='word_1_246' title='bbox 160 2163 257 2185; x_wconf 82' lang='lat' dir='ltr'>xandri</span> <span class='ocrx_word' id='word_1_247' title='bbox 275 2161 301 2185; x_wconf 83' lang='lat'>2.</span> <span class='ocrx_word' id='word_1_248' title='bbox 320 2167 342 2183; x_wconf 89' lang='lat' dir='ltr'>s.</span> <span class='ocrx_word' id='word_1_249' title='bbox 360 2160 384 2183; x_wconf 85' lang='grc'>3,</span> <span class='ocrx_word' id='word_1_250' title='bbox 405 2159 473 2186; x_wconf 69' lang='grc'><strong>11111..</strong></span> <span class='ocrx_word' id='word_1_251' title='bbox 497 2159 529 2181; x_wconf 86' lang='lat' dir='ltr'>de</span> <span class='ocrx_word' id='word_1_252' title='bbox 548 2158 653 2187; x_wconf 81' lang='lat' dir='ltr'>Apellis</span> <span class='ocrx_word' id='word_1_253' title='bbox 671 2158 777 2187; x_wconf 83' lang='lat' dir='ltr'>pictura</span> <span class='ocrx_word' id='word_1_254' title='bbox 803 2161 829 2181; x_wconf 89' lang='lat' dir='ltr'>et</span> <span class='ocrx_word' id='word_1_255' title='bbox 849 2159 965 2188; x_wconf 68' lang='lat' dir='ltr'>Lysippi</span> <span class='ocrx_word' id='word_1_256' title='bbox 984 2160 1076 2182; x_wconf 84' lang='lat' dir='ltr'>statua</span> 
     </span>
     <span class='ocr_line' id='line_1_41' title="bbox 159 2192 1075 2225; baseline -0.007 -5"><span class='ocrx_word' id='word_1_257' title='bbox 159 2195 308 2220; x_wconf 78' lang='lat' dir='ltr'>Alexandri</span> <span class='ocrx_word' id='word_1_258' title='bbox 328 2194 379 2217; x_wconf 85' lang='lat' dir='ltr'>vid.</span> <span class='ocrx_word' id='word_1_259' title='bbox 402 2193 483 2216; x_wconf 83' lang='lat' dir='ltr'>etiam</span> <span class='ocrx_word' id='word_1_260' title='bbox 502 2192 595 2222; x_wconf 76' lang='lat' dir='ltr'>sillig:</span> <span class='ocrx_word' id='word_1_261' title='bbox 615 2192 697 2215; x_wconf 83' lang='lat' dir='ltr'>catal.</span> <span class='ocrx_word' id='word_1_262' title='bbox 711 2192 847 2215; x_wconf 87' lang='lat' dir='ltr'>artificum</span> <span class='ocrx_word' id='word_1_263' title='bbox 867 2199 890 2221; x_wconf 90' lang='lat' dir='ltr'>p.</span> <span class='ocrx_word' id='word_1_264' title='bbox 901 2192 943 2218; x_wconf 89' lang='lat'>70.</span> <span class='ocrx_word' id='word_1_265' title='bbox 957 2192 1008 2217; x_wconf 82' lang='grc'>253</span> <span class='ocrx_word' id='word_1_266' title='bbox 1017 2199 1075 2225; x_wconf 47' lang='lat' dir='ltr'>sqq·</span> 
     </span>
    </p>
   </div>
   <div class='ocr_carea' id='block_1_7' title="bbox 124 2234 1076 2510">
    <p class='ocr_par' dir='ltr' id='par_1_13' title="bbox 125 2234 1076 2334">
     <span class='ocr_line' id='line_1_42' title="bbox 125 2234 1075 2268; baseline -0.004 -6"><span class='ocrx_word' id='word_1_267' title='bbox 125 2239 172 2268; x_wconf 80' lang='grc'>96)</span> <span class='ocrx_word' id='word_1_268' title='bbox 195 2238 327 2268; x_wconf 85' lang='lat' dir='ltr'>optandae</span> <span class='ocrx_word' id='word_1_269' title='bbox 354 2237 431 2264; x_wconf 84' lang='lat' dir='ltr'>sunt]</span> <span class='ocrx_word' id='word_1_270' title='bbox 458 2235 498 2258; x_wconf 86' lang='lat' dir='ltr'>sic</span> <span class='ocrx_word' id='word_1_271' title='bbox 523 2235 605 2259; x_wconf 87' lang='lat' dir='ltr'>Editt.</span> <span class='ocrx_word' id='word_1_272' title='bbox 634 2234 724 2265; x_wconf 80' lang='lat'>1537.,</span> <span class='ocrx_word' id='word_1_273' title='bbox 754 2235 845 2264; x_wconf 78' lang='grc'><strong>1545..</strong></span> <span class='ocrx_word' id='word_1_274' title='bbox 874 2235 963 2263; x_wconf 85' lang='grc'><strong>1546..</strong></span> <span class='ocrx_word' id='word_1_275' title='bbox 990 2235 1075 2261; x_wconf 86' lang='grc'><strong>1560..</strong></span> 
     </span>
     <span class='ocr_line' id='line_1_43' title="bbox 161 2268 1076 2300; baseline -0.002 -5"><span class='ocrx_word' id='word_1_276' title='bbox 161 2273 250 2297; x_wconf 63' lang='lat' dir='ltr'>woh:</span> <span class='ocrx_word' id='word_1_277' title='bbox 288 2271 370 2295; x_wconf 80' lang='lat' dir='ltr'>Editt.</span> <span class='ocrx_word' id='word_1_278' title='bbox 391 2270 482 2300; x_wconf 84' lang='grc'><strong>1540.,</strong></span> <span class='ocrx_word' id='word_1_279' title='bbox 511 2270 601 2298; x_wconf 85' lang='grc'><strong>1544..</strong></span> <span class='ocrx_word' id='word_1_280' title='bbox 631 2269 722 2292; x_wconf 85' lang='grc'><strong>1554..</strong></span> <span class='ocrx_word' id='word_1_281' title='bbox 750 2268 841 2292; x_wconf 85' lang='grc'><strong>1557..</strong></span> <span class='ocrx_word' id='word_1_282' title='bbox 874 2269 963 2299; x_wconf 78' lang='grc'><strong>1565..</strong></span> <span class='ocrx_word' id='word_1_283' title='bbox 990 2269 1076 2300; x_wconf 63' lang='grc'><strong>1569,</strong></span> 
     </span>
     <span class='ocr_line' id='line_1_44' title="bbox 161 2304 478 2334; baseline -0.003 -5"><span class='ocrx_word' id='word_1_284' title='bbox 161 2306 234 2329; x_wconf 82' lang='grc'><strong>1592.</strong></span> <span class='ocrx_word' id='word_1_285' title='bbox 255 2309 317 2328; x_wconf 85' lang='lat' dir='ltr'>sunt</span> <span class='ocrx_word' id='word_1_286' title='bbox 336 2304 478 2334; x_wconf 83' lang='lat' dir='ltr'>optandae.</span> 
     </span>
    </p>

    <p class='ocr_par' dir='ltr' id='par_1_14' title="bbox 124 2345 1076 2510">
     <span class='ocr_line' id='line_1_45' title="bbox 124 2345 1075 2376; baseline -0.004 -4"><span class='ocrx_word' id='word_1_287' title='bbox 124 2348 172 2376; x_wconf 83' lang='grc'>97)</span> <span class='ocrx_word' id='word_1_288' title='bbox 191 2348 310 2374; x_wconf 85' lang='lat' dir='ltr'>Lucceii]</span> <span class='ocrx_word' id='word_1_289' title='bbox 331 2347 412 2370; x_wconf 85' lang='lat' dir='ltr'>Editt.</span> <span class='ocrx_word' id='word_1_290' title='bbox 431 2345 521 2369; x_wconf 90' lang='grc'><strong>1537..</strong></span> <span class='ocrx_word' id='word_1_291' title='bbox 544 2345 634 2369; x_wconf 86' lang='grc'><strong>1540..</strong></span> <span class='ocrx_word' id='word_1_292' title='bbox 657 2346 740 2373; x_wconf 77' lang='grc'><strong>1544..</strong></span> <span class='ocrx_word' id='word_1_293' title='bbox 762 2345 856 2369; x_wconf 86' lang='grc'><strong>1554..</strong></span> <span class='ocrx_word' id='word_1_294' title='bbox 880 2345 968 2370; x_wconf 87' lang='grc'><strong>1557..</strong></span> <span class='ocrx_word' id='word_1_295' title='bbox 990 2345 1075 2376; x_wconf 79' lang='grc'><strong>1560.,</strong></span> 
     </span>
     <span class='ocr_line' id='line_1_46' title="bbox 164 2379 1076 2405; baseline -0.002 -1"><span class='ocrx_word' id='word_1_296' title='bbox 164 2382 248 2405; x_wconf 81' lang='grc'><strong>1565..</strong></span> <span class='ocrx_word' id='word_1_297' title='bbox 271 2381 353 2404; x_wconf 67' lang='grc'><strong>1569..</strong></span> <span class='ocrx_word' id='word_1_298' title='bbox 374 2380 446 2403; x_wconf 81' lang='grc'><strong>1592.</strong></span> <span class='ocrx_word' id='word_1_299' title='bbox 470 2379 571 2404; x_wconf 77' lang='lat' dir='ltr'>Luc-ei:</span> <span class='ocrx_word' id='word_1_300' title='bbox 597 2379 679 2401; x_wconf 82' lang='lat' dir='ltr'>Editt.</span> <span class='ocrx_word' id='word_1_301' title='bbox 701 2379 785 2403; x_wconf 86' lang='grc'><strong>1545..</strong></span> <span class='ocrx_word' id='word_1_302' title='bbox 809 2379 900 2402; x_wconf 82' lang='grc'><strong>1546..</strong></span> <span class='ocrx_word' id='word_1_303' title='bbox 922 2379 995 2402; x_wconf 88' lang='grc'><strong>1601.</strong></span> <span class='ocrx_word' id='word_1_304' title='bbox 1020 2380 1076 2402; x_wconf 90' lang='lat' dir='ltr'>Ln-</span> 
     </span>
     <span class='ocr_line' id='line_1_47' title="bbox 162 2412 1076 2443; baseline -0.002 -5"><span class='ocrx_word' id='word_1_305' title='bbox 162 2415 219 2438; x_wconf 90' lang='lat' dir='ltr'>ceii.</span> <span class='ocrx_word' id='word_1_306' title='bbox 238 2426 271 2430; x_wconf 97' lang='lat'><strong>—</strong></span> <span class='ocrx_word' id='word_1_307' title='bbox 306 2415 345 2437; x_wconf 83' lang='lat' dir='ltr'>De</span> <span class='ocrx_word' id='word_1_308' title='bbox 369 2415 415 2437; x_wconf 84' lang='lat' dir='ltr'>hoc</span> <span class='ocrx_word' id='word_1_309' title='bbox 434 2415 464 2437; x_wconf 83' lang='lat' dir='ltr'>L.</span> <span class='ocrx_word' id='word_1_310' title='bbox 485 2413 598 2436; x_wconf 80' lang='lat' dir='ltr'>Lucceio</span> <span class='ocrx_word' id='word_1_311' title='bbox 620 2414 650 2441; x_wconf 84' lang='lat' dir='ltr'>Q.</span> <span class='ocrx_word' id='word_1_312' title='bbox 671 2413 719 2436; x_wconf 83' lang='lat' dir='ltr'>F..</span> <span class='ocrx_word' id='word_1_313' title='bbox 748 2412 924 2435; x_wconf 75' lang='lat' dir='ltr'>historiarum</span> <span class='ocrx_word' id='word_1_314' title='bbox 942 2413 1076 2443; x_wconf 85' lang='lat' dir='ltr'>scriptore</span> 
     </span>
     <span class='ocr_line' id='line_1_48' title="bbox 159 2446 1074 2479; baseline 0 -8"><span class='ocrx_word' id='word_1_315' title='bbox 159 2448 399 2479; x_wconf 81' lang='lat' dir='ltr'>praestantissimo</span> <span class='ocrx_word' id='word_1_316' title='bbox 413 2450 439 2471; x_wconf 91' lang='lat' dir='ltr'>et</span> <span class='ocrx_word' id='word_1_317' title='bbox 453 2448 512 2469; x_wconf 78' lang='lat' dir='ltr'>vii-o</span> <span class='ocrx_word' id='word_1_318' title='bbox 532 2447 558 2469; x_wconf 88' lang='lat' dir='ltr'>in</span> <span class='ocrx_word' id='word_1_319' title='bbox 578 2447 715 2476; x_wconf 80' lang='lat' dir='ltr'>republica</span> <span class='ocrx_word' id='word_1_320' title='bbox 734 2446 856 2476; x_wconf 84' lang='lat' dir='ltr'>inprimis</span> <span class='ocrx_word' id='word_1_321' title='bbox 875 2447 988 2475; x_wconf 89' lang='lat' dir='ltr'>probato</span> <span class='ocrx_word' id='word_1_322' title='bbox 1003 2447 1074 2471; x_wconf 84' lang='lat' dir='ltr'>conf.</span> 
     </span>
     <span class='ocr_line' id='line_1_49' title="bbox 159 2480 975 2510; baseline -0.005 -4"><span class='ocrx_word' id='word_1_323' title='bbox 159 2482 255 2507; x_wconf 87' lang='lat' dir='ltr'>Orellii</span> <span class='ocrx_word' id='word_1_324' title='bbox 274 2484 300 2504; x_wconf 88' lang='lat' dir='ltr'>et</span> <span class='ocrx_word' id='word_1_325' title='bbox 319 2481 419 2504; x_wconf 87' lang='lat' dir='ltr'>Baiteri</span> <span class='ocrx_word' id='word_1_326' title='bbox 439 2481 577 2505; x_wconf 88' lang='lat' dir='ltr'>Onomast.</span> <span class='ocrx_word' id='word_1_327' title='bbox 599 2481 715 2505; x_wconf 88' lang='lat' dir='ltr'>Tullian.</span> <span class='ocrx_word' id='word_1_328' title='bbox 735 2480 763 2504; x_wconf 87' lang='lat' dir='ltr'>P.</span> <span class='ocrx_word' id='word_1_329' title='bbox 778 2480 809 2504; x_wconf 88' lang='lat' dir='ltr'>ll.</span> <span class='ocrx_word' id='word_1_330' title='bbox 830 2487 854 2509; x_wconf 89' lang='lat' dir='ltr'>p.</span> <span class='ocrx_word' id='word_1_331' title='bbox 868 2480 916 2503; x_wconf 82' lang='grc'>361</span> <span class='ocrx_word' id='word_1_332' title='bbox 934 2486 975 2510; x_wconf 83' lang='lat' dir='ltr'>sq.</span> 
     </span>
    </p>
   </div>
   <div class='ocr_carea' id='block_1_8' title="bbox 123 2522 1074 2620">
    <p class='ocr_par' dir='ltr' id='par_1_15' title="bbox 123 2522 1074 2620">
     <span class='ocr_line' id='line_1_50' title="bbox 123 2522 1074 2553; baseline -0.002 -4"><span class='ocrx_word' id='word_1_333' title='bbox 123 2526 170 2552; x_wconf 83' lang='grc'>98)</span> <span class='ocrx_word' id='word_1_334' title='bbox 191 2525 290 2547; x_wconf 75' lang='lat' dir='ltr'>Hector</span> <span class='ocrx_word' id='word_1_335' title='bbox 316 2523 471 2546; x_wconf 78' lang='lat' dir='ltr'>Naevianus</span> <span class='ocrx_word' id='word_1_336' title='bbox 497 2523 513 2546; x_wconf 92' lang='lat' dir='ltr'>i.</span> <span class='ocrx_word' id='word_1_337' title='bbox 533 2530 555 2547; x_wconf 93' lang='lat' dir='ltr'>e.</span> <span class='ocrx_word' id='word_1_338' title='bbox 579 2524 696 2547; x_wconf 81' lang='lat' dir='ltr'>Hector.</span> <span class='ocrx_word' id='word_1_339' title='bbox 725 2522 814 2553; x_wconf 85' lang='lat' dir='ltr'>qualis</span> <span class='ocrx_word' id='word_1_340' title='bbox 840 2522 866 2546; x_wconf 91' lang='lat' dir='ltr'>in</span> <span class='ocrx_word' id='word_1_341' title='bbox 894 2523 989 2546; x_wconf 75' lang='lat' dir='ltr'>Naevii</span> <span class='ocrx_word' id='word_1_342' title='bbox 1015 2525 1074 2547; x_wconf 87' lang='lat' dir='ltr'>tra-</span> 
     </span>
     <span class='ocr_line' id='line_1_51' title="bbox 160 2557 1074 2589; baseline 0 -8"><span class='ocrx_word' id='word_1_343' title='bbox 160 2559 257 2583; x_wconf 66' lang='lat' dir='ltr'>goedia</span> <span class='ocrx_word' id='word_1_344' title='bbox 275 2557 443 2586; x_wconf 78' lang='lat' dir='ltr'>(deperdita)</span> <span class='ocrx_word' id='word_1_345' title='bbox 464 2557 642 2587; x_wconf 76' lang='lat' dir='ltr'>describitur3</span> <span class='ocrx_word' id='word_1_346' title='bbox 663 2557 732 2581; x_wconf 80' lang='lat' dir='ltr'>conf.</span> <span class='ocrx_word' id='word_1_347' title='bbox 753 2557 807 2581; x_wconf 89' lang='lat' dir='ltr'>Cic.</span> <span class='ocrx_word' id='word_1_348' title='bbox 821 2557 854 2580; x_wconf 89' lang='lat' dir='ltr'>ad</span> <span class='ocrx_word' id='word_1_349' title='bbox 871 2557 945 2581; x_wconf 79' lang='lat' dir='ltr'>Fam.</span> <span class='ocrx_word' id='word_1_350' title='bbox 963 2557 1026 2588; x_wconf 75' lang='lat' dir='ltr'>XV,</span> <span class='ocrx_word' id='word_1_351' title='bbox 1046 2558 1074 2589; x_wconf 78' lang='lat'>6,</span> 
     </span>
     <span class='ocr_line' id='line_1_52' title="bbox 164 2590 550 2620; baseline -0.008 -4"><span class='ocrx_word' id='word_1_352' title='bbox 164 2594 186 2616; x_wconf 89' lang='lat'>1.</span> <span class='ocrx_word' id='word_1_353' title='bbox 207 2595 233 2615; x_wconf 88' lang='lat' dir='ltr'>et</span> <span class='ocrx_word' id='word_1_354' title='bbox 252 2591 360 2614; x_wconf 85' lang='lat' dir='ltr'>Tuscul.</span> <span class='ocrx_word' id='word_1_355' title='bbox 381 2591 428 2620; x_wconf 76' lang='lat' dir='ltr'>lv,</span> <span class='ocrx_word' id='word_1_356' title='bbox 447 2590 491 2617; x_wconf 81' lang='grc'>31.</span> <span class='ocrx_word' id='word_1_357' title='bbox 509 2590 550 2614; x_wconf 83' lang='grc'>67.</span> 
     </span>
    </p>
   </div>
   <div class='ocr_carea' id='block_1_9' title="bbox 126 2632 810 2663">
    <p class='ocr_par' dir='ltr' id='par_1_16' title="bbox 126 2632 810 2663">
     <span class='ocr_line' id='line_1_53' title="bbox 126 2632 810 2663; baseline 0 -6"><span class='ocrx_word' id='word_1_358' title='bbox 126 2632 172 2663; x_wconf 77' lang='grc'>99)</span> <span class='ocrx_word' id='word_1_359' title='bbox 193 2633 344 2659; x_wconf 85' lang='lat' dir='ltr'>maturare]</span> <span class='ocrx_word' id='word_1_360' title='bbox 364 2632 447 2655; x_wconf 86' lang='lat' dir='ltr'>Editt.</span> <span class='ocrx_word' id='word_1_361' title='bbox 469 2632 553 2661; x_wconf 86' lang='grc'><strong>1537..</strong></span> <span class='ocrx_word' id='word_1_362' title='bbox 577 2632 650 2655; x_wconf 88' lang='grc'><strong>1601.</strong></span> <span class='ocrx_word' id='word_1_363' title='bbox 670 2632 810 2658; x_wconf 78' lang='lat' dir='ltr'>maturari.</span> 
     </span>
    </p>
   </div>
   <div class='ocr_carea' id='block_1_10' title="bbox 126 2674 1071 2737">
    <p class='ocr_par' dir='ltr' id='par_1_17' title="bbox 126 2674 1071 2737">
     <span class='ocr_line' id='line_1_54' title="bbox 126 2674 1071 2706; baseline 0.001 -7"><span class='ocrx_word' id='word_1_364' title='bbox 126 2676 189 2702; x_wconf 87' lang='grc'><strong>100)</strong></span> <span class='ocrx_word' id='word_1_365' title='bbox 208 2675 263 2698; x_wconf 82' lang='lat' dir='ltr'>Hoc</span> <span class='ocrx_word' id='word_1_366' title='bbox 287 2676 475 2703; x_wconf 73' lang='lat' dir='ltr'>argumentum</span> <span class='ocrx_word' id='word_1_367' title='bbox 500 2674 597 2697; x_wconf 85' lang='lat' dir='ltr'>hahent</span> <span class='ocrx_word' id='word_1_368' title='bbox 622 2675 704 2699; x_wconf 82' lang='lat' dir='ltr'>Editt.</span> <span class='ocrx_word' id='word_1_369' title='bbox 732 2675 797 2699; x_wconf 81' lang='lat'>1537</span> <span class='ocrx_word' id='word_1_370' title='bbox 814 2675 954 2706; x_wconf 75' lang='lat'>-1554.,</span> <span class='ocrx_word' id='word_1_371' title='bbox 987 2675 1071 2706; x_wconf 82' lang='grc'><strong>1557..</strong></span> 
     </span>
     <span class='ocr_line' id='line_1_55' title="bbox 163 2707 563 2737; baseline -0.005 -4"><span class='ocrx_word' id='word_1_372' title='bbox 163 2709 249 2736; x_wconf 79' lang='grc'><strong>1560.,</strong></span> <span class='ocrx_word' id='word_1_373' title='bbox 271 2707 469 2737; x_wconf 72' lang='grc'><strong>1565-1596..</strong></span> <span class='ocrx_word' id='word_1_374' title='bbox 491 2707 563 2731; x_wconf 84' lang='grc'><strong>1601.</strong></span> 
     </span>
    </p>
   </div>
   <div class='ocr_carea' id='block_1_11' title="bbox 1123 194 2120 1412">
    <p class='ocr_par' dir='ltr' id='par_1_18' title="bbox 1123 194 2114 395">
     <span class='ocr_line' id='line_1_56' title="bbox 1123 194 2114 243; baseline 0 -14"><span class='ocrx_word' id='word_1_375' title='bbox 1123 197 1212 230; x_wconf 77' lang='lat' dir='ltr'>titio.</span> <span class='ocrx_word' id='word_1_376' title='bbox 1291 197 1383 236; x_wconf 73' lang='lat' dir='ltr'>Quod</span> <span class='ocrx_word' id='word_1_377' title='bbox 1412 199 1474 230; x_wconf 69' lang='lat' dir='ltr'>etsi</span> <span class='ocrx_word' id='word_1_378' title='bbox 1492 194 1590 243; x_wconf 74' lang='lat' dir='ltr'>milei]</span> <span class='ocrx_word' id='word_1_379' title='bbox 1619 195 1821 240; x_wconf 76' lang='lat' dir='ltr'>Amplificat</span> <span class='ocrx_word' id='word_1_380' title='bbox 1847 208 1865 228; x_wconf 89' lang='lat' dir='ltr'>a</span> <span class='ocrx_word' id='word_1_381' title='bbox 1896 207 2018 236; x_wconf 87' lang='lat' dir='ltr'>causa,</span> <span class='ocrx_word' id='word_1_382' title='bbox 2053 209 2114 230; x_wconf 88' lang='lat' dir='ltr'>cur</span> 
     </span>
     <span class='ocr_line' id='line_1_57' title="bbox 1124 247 2111 292; baseline 0 -12"><span class='ocrx_word' id='word_1_383' title='bbox 1124 249 1165 280; x_wconf 87' lang='lat' dir='ltr'>ab</span> <span class='ocrx_word' id='word_1_384' title='bbox 1183 248 1258 291; x_wconf 89' lang='lat' dir='ltr'>ipso</span> <span class='ocrx_word' id='word_1_385' title='bbox 1276 247 1445 280; x_wconf 85' lang='lat' dir='ltr'>celebrari</span> <span class='ocrx_word' id='word_1_386' title='bbox 1463 247 1556 280; x_wconf 73' lang='lat' dir='ltr'>velit.</span> <span class='ocrx_word' id='word_1_387' title='bbox 1611 247 1793 287; x_wconf 84' lang='lat' dir='ltr'>Secundo,</span> <span class='ocrx_word' id='word_1_388' title='bbox 1822 248 2003 292; x_wconf 88' lang='lat' dir='ltr'>quomodo</span> <span class='ocrx_word' id='word_1_389' title='bbox 2027 247 2111 280; x_wconf 69' lang='lat' dir='ltr'>velit</span> 
     </span>
     <span class='ocr_line' id='line_1_58' title="bbox 1123 298 2113 342; baseline -0.001 -10"><span class='ocrx_word' id='word_1_390' title='bbox 1123 298 1246 338; x_wconf 87' lang='lat' dir='ltr'>scribi,</span> <span class='ocrx_word' id='word_1_391' title='bbox 1281 298 1412 331; x_wconf 90' lang='lat' dir='ltr'>scilicet</span> <span class='ocrx_word' id='word_1_392' title='bbox 1438 305 1478 331; x_wconf 88' lang='lat' dir='ltr'>ut</span> <span class='ocrx_word' id='word_1_393' title='bbox 1500 298 1676 342; x_wconf 85' lang='lat' dir='ltr'>peculiare</span> <span class='ocrx_word' id='word_1_394' title='bbox 1712 311 1800 342; x_wconf 89' lang='lat' dir='ltr'>opus</span> <span class='ocrx_word' id='word_1_395' title='bbox 1826 301 1905 338; x_wconf 82' lang='lat' dir='ltr'>liat,</span> <span class='ocrx_word' id='word_1_396' title='bbox 1941 304 1975 331; x_wconf 87' lang='lat' dir='ltr'>et</span> <span class='ocrx_word' id='word_1_397' title='bbox 1997 298 2113 332; x_wconf 88' lang='lat' dir='ltr'>seiun-</span> 
     </span>
     <span class='ocr_line' id='line_1_59' title="bbox 1124 349 1473 395; baseline -0.003 -12"><span class='ocrx_word' id='word_1_398' title='bbox 1124 356 1217 383; x_wconf 88' lang='lat' dir='ltr'>ctum</span> <span class='ocrx_word' id='word_1_399' title='bbox 1235 361 1254 381; x_wconf 84' lang='lat' dir='ltr'>a</span> <span class='ocrx_word' id='word_1_400' title='bbox 1277 349 1473 395; x_wconf 86' lang='lat' dir='ltr'>reliquis¹).</span> 
     </span>
    </p>

    <p class='ocr_par' dir='ltr' id='par_1_19' title="bbox 1125 397 2115 598">
     <span class='ocr_line' id='line_1_60' title="bbox 1227 397 2114 446; baseline 0.001 -13"><span class='ocrx_word' id='word_1_401' title='bbox 1227 398 1257 442; x_wconf 46' lang='lat' dir='ltr'>{ss</span> <span class='ocrx_word' id='word_1_402' title='bbox 1282 402 1316 434; x_wconf 77' lang='lat'>2.</span> <span class='ocrx_word' id='word_1_403' title='bbox 1358 401 1470 434; x_wconf 69' lang='lat' dir='ltr'>Itale&#39;ci</span> <span class='ocrx_word' id='word_1_404' title='bbox 1504 397 1596 446; x_wconf 72' lang='lat' dir='ltr'>belli]</span> <span class='ocrx_word' id='word_1_405' title='bbox 1632 400 1667 433; x_wconf 89' lang='lat' dir='ltr'>id</span> <span class='ocrx_word' id='word_1_406' title='bbox 1704 407 1775 439; x_wconf 90' lang='lat' dir='ltr'>est,</span> <span class='ocrx_word' id='word_1_407' title='bbox 1810 400 1948 434; x_wconf 87' lang='lat' dir='ltr'>socialis</span> <span class='ocrx_word' id='word_1_408' title='bbox 1978 399 2114 446; x_wconf 70' lang='lat' dir='ltr'>belli‘2).</span> 
     </span>
     <span class='ocr_line' id='line_1_61' title="bbox 1126 451 2115 496; baseline -0.001 -12"><span class='ocrx_word' id='word_1_409' title='bbox 1126 451 1256 495; x_wconf 72' lang='lat' dir='ltr'>Civilis]</span> <span class='ocrx_word' id='word_1_410' title='bbox 1284 451 1415 484; x_wconf 88' lang='lat' dir='ltr'>scilicet</span> <span class='ocrx_word' id='word_1_411' title='bbox 1439 452 1535 496; x_wconf 90' lang='lat' dir='ltr'>quod</span> <span class='ocrx_word' id='word_1_412' title='bbox 1559 451 1723 484; x_wconf 65' lang='lat' dir='ltr'>excitavit</span> <span class='ocrx_word' id='word_1_413' title='bbox 1744 451 1895 491; x_wconf 88' lang='lat' dir='ltr'>Brutus,</span> <span class='ocrx_word' id='word_1_414' title='bbox 1931 457 1965 484; x_wconf 90' lang='lat' dir='ltr'>et</span> <span class='ocrx_word' id='word_1_415' title='bbox 1987 451 2115 484; x_wconf 86' lang='lat' dir='ltr'>deinde</span> 
     </span>
     <span class='ocr_line' id='line_1_62' title="bbox 1125 500 2114 549; baseline 0.001 -16"><span class='ocrx_word' id='word_1_416' title='bbox 1125 502 1231 546; x_wconf 67' lang='lat' dir='ltr'>Sylla.</span> <span class='ocrx_word' id='word_1_417' title='bbox 1340 504 1426 548; x_wconf 64' lang='lat' dir='ltr'>veque</span> <span class='ocrx_word' id='word_1_418' title='bbox 1442 508 1552 536; x_wconf 66' lang='lat' dir='ltr'>scarnen</span> <span class='ocrx_word' id='word_1_419' title='bbox 1570 500 1700 549; x_wconf 63' lang='lat' dir='ltr'>lquere]</span> <span class='ocrx_word' id='word_1_420' title='bbox 1722 502 1930 546; x_wconf 72' lang='lat' dir='ltr'>Ooeupatio,</span> <span class='ocrx_word' id='word_1_421' title='bbox 1958 503 2001 534; x_wconf 89' lang='lat' dir='ltr'>de</span> <span class='ocrx_word' id='word_1_422' title='bbox 2020 502 2114 535; x_wconf 86' lang='lat' dir='ltr'>illius</span> 
     </span>
     <span class='ocr_line' id='line_1_63' title="bbox 1126 552 1462 598; baseline 0 -12"><span class='ocrx_word' id='word_1_423' title='bbox 1126 552 1462 598; x_wconf 64' lang='lat' dir='ltr'>excusationibusss).</span> 
     </span>
    </p>

    <p class='ocr_par' dir='ltr' id='par_1_20' title="bbox 1126 600 2116 698">
     <span class='ocr_line' id='line_1_64' title="bbox 1230 600 2113 649; baseline 0 -13"><span class='ocrx_word' id='word_1_424' title='bbox 1230 602 1259 647; x_wconf 58' lang='grc' dir='ltr'>ξ.</span> <span class='ocrx_word' id='word_1_425' title='bbox 1274 604 1308 637; x_wconf 82' lang='grc'>3.</span> <span class='ocrx_word' id='word_1_426' title='bbox 1334 606 1450 648; x_wconf 75' lang='lat' dir='ltr'>Itaque</span> <span class='ocrx_word' id='word_1_427' title='bbox 1463 600 1510 649; x_wconf 74' lang='lat' dir='ltr'>te]</span> <span class='ocrx_word' id='word_1_428' title='bbox 1526 603 1606 636; x_wconf 84' lang='lat' dir='ltr'>Alia</span> <span class='ocrx_word' id='word_1_429' title='bbox 1624 603 1902 642; x_wconf 79' lang='lat' dir='ltr'>circumstantia,</span> <span class='ocrx_word' id='word_1_430' title='bbox 1931 604 2113 648; x_wconf 88' lang='lat' dir='ltr'>quomodo</span> 
     </span>
     <span class='ocr_line' id='line_1_65' title="bbox 1126 654 2116 698; baseline 0.001 -11"><span class='ocrx_word' id='word_1_431' title='bbox 1126 654 1209 687; x_wconf 69' lang='lat' dir='ltr'>velit</span> <span class='ocrx_word' id='word_1_432' title='bbox 1227 654 1344 694; x_wconf 90' lang='lat' dir='ltr'>scribi,</span> <span class='ocrx_word' id='word_1_433' title='bbox 1372 655 1432 688; x_wconf 89' lang='lat' dir='ltr'>sed</span> <span class='ocrx_word' id='word_1_434' title='bbox 1447 666 1525 687; x_wconf 85' lang='lat' dir='ltr'>cum</span> <span class='ocrx_word' id='word_1_435' title='bbox 1542 654 1874 698; x_wconf 87' lang='lat' dir='ltr'>amplificationibus</span> <span class='ocrx_word' id='word_1_436' title='bbox 1891 660 1925 687; x_wconf 91' lang='lat' dir='ltr'>et</span> <span class='ocrx_word' id='word_1_437' title='bbox 1942 654 2116 688; x_wconf 85' lang='lat' dir='ltr'>laudibus.</span> 
     </span>
    </p>

    <p class='ocr_par' dir='ltr' id='par_1_21' title="bbox 1127 704 2117 801">
     <span class='ocr_line' id='line_1_66' title="bbox 1231 704 2117 752; baseline -0.001 -13"><span class='ocrx_word' id='word_1_438' title='bbox 1231 704 1261 749; x_wconf 58' lang='grc' dir='ltr'>ξ.</span> <span class='ocrx_word' id='word_1_439' title='bbox 1279 705 1313 739; x_wconf 87' lang='grc'>4.</span> <span class='ocrx_word' id='word_1_440' title='bbox 1341 707 1488 740; x_wconf 69' lang='lat' dir='ltr'>Multam</span> <span class='ocrx_word' id='word_1_441' title='bbox 1503 707 1604 739; x_wconf 72' lang='lat' dir='ltr'>etiam</span> <span class='ocrx_word' id='word_1_442' title='bbox 1620 704 1775 752; x_wconf 76' lang='lat' dir='ltr'>casus⁴¹)]</span> <span class='ocrx_word' id='word_1_443' title='bbox 1794 705 1913 745; x_wconf 74' lang='lat' dir='ltr'>Ratio,</span> <span class='ocrx_word' id='word_1_444' title='bbox 1941 705 2024 750; x_wconf 84' lang='lat' dir='ltr'>quia</span> <span class='ocrx_word' id='word_1_445' title='bbox 2042 717 2117 738; x_wconf 85' lang='lat' dir='ltr'>am-</span> 
     </span>
     <span class='ocr_line' id='line_1_67' title="bbox 1127 756 1925 801; baseline 0.001 -12"><span class='ocrx_word' id='word_1_446' title='bbox 1127 756 1358 801; x_wconf 87' lang='lat' dir='ltr'>plificationes</span> <span class='ocrx_word' id='word_1_447' title='bbox 1375 756 1558 789; x_wconf 66' lang='lat' dir='ltr'>variorum</span> <span class='ocrx_word' id='word_1_448' title='bbox 1578 768 1720 789; x_wconf 87' lang='lat' dir='ltr'>casuum</span> <span class='ocrx_word' id='word_1_449' title='bbox 1739 757 1925 790; x_wconf 87' lang='lat' dir='ltr'>delectant.</span> 
     </span>
    </p>

    <p class='ocr_par' dir='ltr' id='par_1_22' title="bbox 1128 804 2119 1057">
     <span class='ocr_line' id='line_1_68' title="bbox 1231 804 2118 854; baseline 0 -14"><span class='ocrx_word' id='word_1_450' title='bbox 1231 806 1260 851; x_wconf 61' lang='grc' dir='ltr'>ξ.</span> <span class='ocrx_word' id='word_1_451' title='bbox 1285 807 1318 841; x_wconf 91' lang='grc'>6.</span> <span class='ocrx_word' id='word_1_452' title='bbox 1353 810 1404 841; x_wconf 82' lang='lat' dir='ltr'>Ac</span> <span class='ocrx_word' id='word_1_453' title='bbox 1426 820 1492 840; x_wconf 81' lang='lat' dir='ltr'>mm</span> <span class='ocrx_word' id='word_1_454' title='bbox 1512 804 1641 854; x_wconf 75' lang='lat' dir='ltr'>vereor]</span> <span class='ocrx_word' id='word_1_455' title='bbox 1679 807 1911 840; x_wconf 88' lang='lat' dir='ltr'>Confirmatio</span> <span class='ocrx_word' id='word_1_456' title='bbox 1936 806 2118 851; x_wconf 86' lang='lat' dir='ltr'>petitionis</span> 
     </span>
     <span class='ocr_line' id='line_1_69' title="bbox 1129 855 2118 903; baseline 0 -13"><span class='ocrx_word' id='word_1_457' title='bbox 1129 870 1169 890; x_wconf 77' lang='lat' dir='ltr'>ex</span> <span class='ocrx_word' id='word_1_458' title='bbox 1195 858 1285 892; x_wconf 88' lang='lat' dir='ltr'>lucri</span> <span class='ocrx_word' id='word_1_459' title='bbox 1300 858 1470 897; x_wconf 84' lang='lat' dir='ltr'>utilitate,</span> <span class='ocrx_word' id='word_1_460' title='bbox 1492 858 1593 903; x_wconf 83' lang='lat' dir='ltr'>quasi</span> <span class='ocrx_word' id='word_1_461' title='bbox 1609 858 1720 890; x_wconf 87' lang='lat' dir='ltr'>dicat:</span> <span class='ocrx_word' id='word_1_462' title='bbox 1747 858 1829 891; x_wconf 85' lang='lat' dir='ltr'>Tibi</span> <span class='ocrx_word' id='word_1_463' title='bbox 1847 869 1987 903; x_wconf 86' lang='lat' dir='ltr'>quoque</span> <span class='ocrx_word' id='word_1_464' title='bbox 2003 855 2118 891; x_wconf 91' lang='lat' dir='ltr'>hono-</span> 
     </span>
     <span class='ocr_line' id='line_1_70' title="bbox 1128 909 2118 953; baseline 0.002 -13"><span class='ocrx_word' id='word_1_465' title='bbox 1128 909 1265 942; x_wconf 83' lang='lat' dir='ltr'>rificum</span> <span class='ocrx_word' id='word_1_466' title='bbox 1283 916 1344 943; x_wconf 88' lang='lat' dir='ltr'>est.</span> <span class='ocrx_word' id='word_1_467' title='bbox 1387 909 1483 952; x_wconf 83' lang='lat' dir='ltr'>Ergo</span> <span class='ocrx_word' id='word_1_468' title='bbox 1501 909 1601 941; x_wconf 85' lang='lat' dir='ltr'>addit</span> <span class='ocrx_word' id='word_1_469' title='bbox 1618 909 1794 953; x_wconf 76' lang='lat' dir='ltr'>exempla:</span> <span class='ocrx_word' id='word_1_470' title='bbox 1818 909 2118 942; x_wconf 86' lang='lat' dir='ltr'>Honorificentius</span> 
     </span>
     <span class='ocr_line' id='line_1_71' title="bbox 1129 959 2119 1006; baseline 0.001 -13"><span class='ocrx_word' id='word_1_471' title='bbox 1129 966 1179 993; x_wconf 85' lang='lat' dir='ltr'>est</span> <span class='ocrx_word' id='word_1_472' title='bbox 1209 960 1378 993; x_wconf 89' lang='lat' dir='ltr'>celebrari</span> <span class='ocrx_word' id='word_1_473' title='bbox 1410 972 1428 992; x_wconf 88' lang='lat' dir='ltr'>a</span> <span class='ocrx_word' id='word_1_474' title='bbox 1452 959 1622 999; x_wconf 89' lang='lat' dir='ltr'>Lucceio,</span> <span class='ocrx_word' id='word_1_475' title='bbox 1651 972 1758 1004; x_wconf 82' lang='lat' dir='ltr'>quam</span> <span class='ocrx_word' id='word_1_476' title='bbox 1783 959 1905 992; x_wconf 87' lang='lat' dir='ltr'>ornari</span> <span class='ocrx_word' id='word_1_477' title='bbox 1935 959 2058 993; x_wconf 87' lang='lat' dir='ltr'>statuis</span> <span class='ocrx_word' id='word_1_478' title='bbox 2074 959 2119 1006; x_wconf 80' lang='lat'>⁵).</span> 
     </span>
     <span class='ocr_line' id='line_1_72' title="bbox 1128 1009 1777 1057; baseline 0 -13"><span class='ocrx_word' id='word_1_479' title='bbox 1128 1013 1199 1044; x_wconf 84' lang='lat' dir='ltr'>Nec</span> <span class='ocrx_word' id='word_1_480' title='bbox 1217 1011 1366 1057; x_wconf 63' lang='lat' dir='ltr'>minorss)</span> <span class='ocrx_word' id='word_1_481' title='bbox 1388 1009 1497 1057; x_wconf 71' lang='lat' dir='ltr'>enim]</span> <span class='ocrx_word' id='word_1_482' title='bbox 1525 1011 1777 1055; x_wconf 86' lang='lat' dir='ltr'>Amplificatio.</span> 
     </span>
    </p>

    <p class='ocr_par' dir='ltr' id='par_1_23' title="bbox 1130 1059 2118 1195">
     <span class='ocr_line' id='line_1_73' title="bbox 1232 1059 2118 1108; baseline -0.001 -13"><span class='ocrx_word' id='word_1_483' title='bbox 1232 1060 1262 1105; x_wconf 62' lang='grc' dir='ltr'>ἓ.</span> <span class='ocrx_word' id='word_1_484' title='bbox 1287 1062 1320 1095; x_wconf 88' lang='grc'>7.</span> <span class='ocrx_word' id='word_1_485' title='bbox 1353 1063 1467 1094; x_wconf 80' lang='lat' dir='ltr'>Placet</span> <span class='ocrx_word' id='word_1_486' title='bbox 1504 1064 1594 1094; x_wconf 73' lang='lat' dir='ltr'>enim</span> <span class='ocrx_word' id='word_1_487' title='bbox 1622 1064 1748 1094; x_wconf 72' lang='lat' dir='ltr'>Hector</span> <span class='ocrx_word' id='word_1_488' title='bbox 1779 1063 1834 1094; x_wconf 72' lang='lat' dir='ltr'>ille</span> <span class='ocrx_word' id='word_1_489' title='bbox 1854 1059 1977 1108; x_wconf 58' lang='lat' dir='ltr'>Numa]</span> <span class='ocrx_word' id='word_1_490' title='bbox 2011 1061 2118 1094; x_wconf 82' lang='lat' dir='ltr'>Aliud</span> 
     </span>
     <span class='ocr_line' id='line_1_74' title="bbox 1130 1109 2118 1156; baseline 0.001 -12"><span class='ocrx_word' id='word_1_491' title='bbox 1130 1113 1349 1156; x_wconf 85' lang='lat' dir='ltr'>exemplum,</span> <span class='ocrx_word' id='word_1_492' title='bbox 1378 1123 1449 1156; x_wconf 91' lang='lat' dir='ltr'>quo</span> <span class='ocrx_word' id='word_1_493' title='bbox 1468 1111 1621 1145; x_wconf 86' lang='lat' dir='ltr'>ostendit</span> <span class='ocrx_word' id='word_1_494' title='bbox 1644 1111 1748 1156; x_wconf 76' lang='lat' dir='ltr'>sibi7)</span> <span class='ocrx_word' id='word_1_495' title='bbox 1773 1109 2008 1145; x_wconf 83' lang='lat' dir='ltr'>honorificum</span> <span class='ocrx_word' id='word_1_496' title='bbox 2033 1124 2118 1152; x_wconf 88' lang='lat' dir='ltr'>esse,</span> 
     </span>
     <span class='ocr_line' id='line_1_75' title="bbox 1131 1161 1483 1195; baseline 0.003 -1"><span class='ocrx_word' id='word_1_497' title='bbox 1131 1162 1255 1195; x_wconf 88' lang='lat' dir='ltr'>ornari</span> <span class='ocrx_word' id='word_1_498' title='bbox 1282 1174 1301 1194; x_wconf 89' lang='lat' dir='ltr'>a</span> <span class='ocrx_word' id='word_1_499' title='bbox 1318 1161 1483 1195; x_wconf 90' lang='lat' dir='ltr'>Lucceio.</span> 
     </span>
    </p>

    <p class='ocr_par' dir='ltr' id='par_1_24' title="bbox 1130 1210 2120 1361">
     <span class='ocr_line' id='line_1_76' title="bbox 1232 1210 2120 1259; baseline 0.001 -13"><span class='ocrx_word' id='word_1_500' title='bbox 1232 1211 1262 1256; x_wconf 63' lang='grc' dir='ltr'>ξ.</span> <span class='ocrx_word' id='word_1_501' title='bbox 1282 1213 1315 1246; x_wconf 91' lang='grc'>8.</span> <span class='ocrx_word' id='word_1_502' title='bbox 1340 1215 1447 1256; x_wconf 75' lang='lat' dir='ltr'>Goym-</span> <span class='ocrx_word' id='word_1_503' title='bbox 1458 1210 1621 1259; x_wconf 75' lang='lat' dir='ltr'>fortasse]</span> <span class='ocrx_word' id='word_1_504' title='bbox 1651 1212 1851 1246; x_wconf 85' lang='lat' dir='ltr'>Secundum</span> <span class='ocrx_word' id='word_1_505' title='bbox 1871 1220 2120 1257; x_wconf 86' lang='lat' dir='ltr'>argumentum</span> 
     </span>
     <span class='ocr_line' id='line_1_77' title="bbox 1130 1263 2119 1308; baseline 0.003 -13"><span class='ocrx_word' id='word_1_506' title='bbox 1130 1275 1148 1295; x_wconf 88' lang='lat' dir='ltr'>a</span> <span class='ocrx_word' id='word_1_507' title='bbox 1177 1275 1240 1296; x_wconf 90' lang='lat' dir='ltr'>suo</span> <span class='ocrx_word' id='word_1_508' title='bbox 1267 1263 1496 1296; x_wconf 89' lang='lat' dir='ltr'>incommodo</span> <span class='ocrx_word' id='word_1_509' title='bbox 1524 1263 1688 1296; x_wconf 68' lang='lat' dir='ltr'>vitando:</span> <span class='ocrx_word' id='word_1_510' title='bbox 1718 1263 1755 1296; x_wconf 90' lang='lat' dir='ltr'>Si</span> <span class='ocrx_word' id='word_1_511' title='bbox 1776 1269 1815 1296; x_wconf 88' lang='lat' dir='ltr'>tu</span> <span class='ocrx_word' id='word_1_512' title='bbox 1837 1276 1911 1296; x_wconf 89' lang='lat' dir='ltr'>non</span> <span class='ocrx_word' id='word_1_513' title='bbox 1927 1265 2119 1308; x_wconf 87' lang='lat' dir='ltr'>scripseris,</span> 
     </span>
     <span class='ocr_line' id='line_1_78' title="bbox 1131 1313 2119 1361; baseline 0.004 -15"><span class='ocrx_word' id='word_1_514' title='bbox 1131 1326 1186 1346; x_wconf 86' lang='lat' dir='ltr'>me</span> <span class='ocrx_word' id='word_1_515' title='bbox 1217 1314 1395 1357; x_wconf 87' lang='lat' dir='ltr'>oportebit</span> <span class='ocrx_word' id='word_1_516' title='bbox 1421 1313 1592 1354; x_wconf 90' lang='lat' dir='ltr'>scribere,</span> <span class='ocrx_word' id='word_1_517' title='bbox 1621 1315 1717 1359; x_wconf 90' lang='lat' dir='ltr'>quod</span> <span class='ocrx_word' id='word_1_518' title='bbox 1733 1320 1784 1347; x_wconf 89' lang='lat' dir='ltr'>est</span> <span class='ocrx_word' id='word_1_519' title='bbox 1800 1314 2119 1361; x_wconf 67' lang='lat' dir='ltr'>incommodum8).</span> 
     </span>
    </p>

    <p class='ocr_par' dir='ltr' id='par_1_25' title="bbox 1234 1363 1924 1412">
     <span class='ocr_line' id='line_1_79' title="bbox 1234 1363 1924 1412; baseline 0.003 -14"><span class='ocrx_word' id='word_1_520' title='bbox 1234 1364 1262 1408; x_wconf 55' lang='grc' dir='ltr'>ξ.</span> <span class='ocrx_word' id='word_1_521' title='bbox 1281 1364 1314 1398; x_wconf 86' lang='grc'>9.</span> <span class='ocrx_word' id='word_1_522' title='bbox 1340 1367 1431 1398; x_wconf 84' lang='lat' dir='ltr'>Haec</span> <span class='ocrx_word' id='word_1_523' title='bbox 1449 1377 1507 1398; x_wconf 73' lang='lat' dir='ltr'>nos</span> <span class='ocrx_word' id='word_1_524' title='bbox 1523 1363 1645 1412; x_wconf 73' lang='lat' dir='ltr'>vitare]</span> <span class='ocrx_word' id='word_1_525' title='bbox 1676 1365 1864 1398; x_wconf 86' lang='lat' dir='ltr'>Conclusio</span> <span class='ocrx_word' id='word_1_526' title='bbox 1881 1365 1924 1411; x_wconf 81' lang='lat'>⁹).</span> 
     </span>
    </p>
   </div>
   <div class='ocr_carea' id='block_1_12' title="bbox 1348 1458 1900 1505">
    <p class='ocr_par' dir='ltr' id='par_1_26' title="bbox 1348 1458 1900 1505">
     <span class='ocr_line' id='line_1_80' title="bbox 1348 1458 1900 1505; baseline 0.002 -14"><span class='ocrx_word' id='word_1_527' title='bbox 1348 1458 1485 1491; x_wconf 81' lang='lat' dir='ltr'>Aliud</span> <span class='ocrx_word' id='word_1_528' title='bbox 1512 1459 1900 1505; x_wconf 69' lang='lat' dir='ltr'>argumentumffl).</span> 
     </span>
    </p>
   </div>
   <div class='ocr_carea' id='block_1_13' title="bbox 1129 1534 2119 1734">
    <p class='ocr_par' dir='ltr' id='par_1_27' title="bbox 1129 1534 2119 1734">
     <span class='ocr_line' id='line_1_81' title="bbox 1230 1534 2118 1578; baseline 0.002 -11"><span class='ocrx_word' id='word_1_529' title='bbox 1230 1534 1293 1567; x_wconf 79' lang='lat' dir='ltr'>Est</span> <span class='ocrx_word' id='word_1_530' title='bbox 1316 1535 1523 1568; x_wconf 77' lang='lat' dir='ltr'>suavissima</span> <span class='ocrx_word' id='word_1_531' title='bbox 1548 1535 1714 1578; x_wconf 85' lang='lat' dir='ltr'>epistola,</span> <span class='ocrx_word' id='word_1_532' title='bbox 1739 1541 1771 1567; x_wconf 91' lang='lat' dir='ltr'>et</span> <span class='ocrx_word' id='word_1_533' title='bbox 1791 1546 1831 1567; x_wconf 90' lang='lat' dir='ltr'>eo</span> <span class='ocrx_word' id='word_1_534' title='bbox 1851 1534 1955 1567; x_wconf 85' lang='lat' dir='ltr'>etiam</span> <span class='ocrx_word' id='word_1_535' title='bbox 1974 1536 2118 1569; x_wconf 89' lang='lat' dir='ltr'>nomine</span> 
     </span>
     <span class='ocr_line' id='line_1_82' title="bbox 1129 1585 2119 1631; baseline 0.003 -14"><span class='ocrx_word' id='word_1_536' title='bbox 1129 1585 1241 1629; x_wconf 86' lang='lat' dir='ltr'>magis</span> <span class='ocrx_word' id='word_1_537' title='bbox 1258 1586 1360 1618; x_wconf 86' lang='lat' dir='ltr'>debet</span> <span class='ocrx_word' id='word_1_538' title='bbox 1378 1598 1448 1619; x_wconf 89' lang='lat' dir='ltr'>esse</span> <span class='ocrx_word' id='word_1_539' title='bbox 1467 1586 1714 1618; x_wconf 87' lang='lat' dir='ltr'>commendata</span> <span class='ocrx_word' id='word_1_540' title='bbox 1732 1585 1908 1625; x_wconf 88' lang='lat' dir='ltr'>studiosis,</span> <span class='ocrx_word' id='word_1_541' title='bbox 1932 1587 2027 1630; x_wconf 93' lang='lat' dir='ltr'>quod</span> <span class='ocrx_word' id='word_1_542' title='bbox 2045 1588 2119 1631; x_wconf 88' lang='lat' dir='ltr'>ipse</span> 
     </span>
     <span class='ocr_line' id='line_1_83' title="bbox 1130 1635 2118 1678; baseline 0.003 -10"><span class='ocrx_word' id='word_1_543' title='bbox 1130 1635 1253 1669; x_wconf 90' lang='lat' dir='ltr'>Cicero</span> <span class='ocrx_word' id='word_1_544' title='bbox 1272 1637 1316 1669; x_wconf 90' lang='lat' dir='ltr'>ad</span> <span class='ocrx_word' id='word_1_545' title='bbox 1331 1636 1486 1669; x_wconf 81' lang='lat' dir='ltr'>Atticum</span> <span class='ocrx_word' id='word_1_546' title='bbox 1503 1648 1580 1668; x_wconf 86' lang='lat' dir='ltr'>eam</span> <span class='ocrx_word' id='word_1_547' title='bbox 1597 1636 1728 1675; x_wconf 84' lang='lat' dir='ltr'>laudet,</span> <span class='ocrx_word' id='word_1_548' title='bbox 1747 1643 1779 1669; x_wconf 90' lang='lat' dir='ltr'>et</span> <span class='ocrx_word' id='word_1_549' title='bbox 1794 1636 1916 1669; x_wconf 89' lang='lat' dir='ltr'>utilem</span> <span class='ocrx_word' id='word_1_550' title='bbox 1934 1637 2118 1678; x_wconf 77' lang='lat' dir='ltr'>existimet,</span> 
     </span>
     <span class='ocr_line' id='line_1_84' title="bbox 1130 1687 2118 1734; baseline 0.003 -15"><span class='ocrx_word' id='word_1_551' title='bbox 1130 1693 1167 1720; x_wconf 91' lang='lat' dir='ltr'>ut</span> <span class='ocrx_word' id='word_1_552' title='bbox 1190 1699 1292 1731; x_wconf 86' lang='lat' dir='ltr'>saepe</span> <span class='ocrx_word' id='word_1_553' title='bbox 1311 1693 1343 1720; x_wconf 88' lang='lat' dir='ltr'>et</span> <span class='ocrx_word' id='word_1_554' title='bbox 1366 1687 1552 1731; x_wconf 83' lang='lat' dir='ltr'>diligenter</span> <span class='ocrx_word' id='word_1_555' title='bbox 1582 1687 1729 1730; x_wconf 84' lang='lat' dir='ltr'>legatur.</span> <span class='ocrx_word' id='word_1_556' title='bbox 1795 1687 1850 1720; x_wconf 85' lang='lat' dir='ltr'>Sic</span> <span class='ocrx_word' id='word_1_557' title='bbox 1879 1687 1973 1720; x_wconf 81' lang='lat' dir='ltr'>enim</span> <span class='ocrx_word' id='word_1_558' title='bbox 2002 1688 2118 1734; x_wconf 90' lang='lat' dir='ltr'>inquit</span> 
     </span>
    </p>
   </div>
   <div class='ocr_carea' id='block_1_14' title="bbox 1166 1802 2118 1901">
    <p class='ocr_par' dir='ltr' id='par_1_28' title="bbox 1166 1802 2118 1901">
     <span class='ocr_line' id='line_1_85' title="bbox 1166 1802 2118 1832; baseline 0.001 -5"><span class='ocrx_word' id='word_1_559' title='bbox 1166 1805 1193 1832; x_wconf 91' lang='grc'>1)</span> <span class='ocrx_word' id='word_1_560' title='bbox 1215 1804 1286 1827; x_wconf 82' lang='lat' dir='ltr'>Haec</span> <span class='ocrx_word' id='word_1_561' title='bbox 1315 1805 1380 1827; x_wconf 84' lang='lat' dir='ltr'>nota</span> <span class='ocrx_word' id='word_1_562' title='bbox 1405 1802 1431 1825; x_wconf 91' lang='lat' dir='ltr'>in</span> <span class='ocrx_word' id='word_1_563' title='bbox 1456 1802 1541 1827; x_wconf 85' lang='lat' dir='ltr'>Editt.</span> <span class='ocrx_word' id='word_1_564' title='bbox 1566 1802 1657 1826; x_wconf 87' lang='grc'><strong>1545..</strong></span> <span class='ocrx_word' id='word_1_565' title='bbox 1691 1803 1765 1826; x_wconf 86' lang='grc'><strong>1560.</strong></span> <span class='ocrx_word' id='word_1_566' title='bbox 1797 1809 1854 1826; x_wconf 90' lang='lat' dir='ltr'>cnm</span> <span class='ocrx_word' id='word_1_567' title='bbox 1887 1804 2067 1832; x_wconf 84' lang='lat' dir='ltr'>praecedente</span> <span class='ocrx_word' id='word_1_568' title='bbox 2091 1805 2118 1828; x_wconf 84' lang='grc'>111</span> 
     </span>
     <span class='ocr_line' id='line_1_86' title="bbox 1196 1837 2117 1867; baseline 0.002 -7"><span class='ocrx_word' id='word_1_569' title='bbox 1196 1843 1276 1861; x_wconf 86' lang='lat' dir='ltr'>unam</span> <span class='ocrx_word' id='word_1_570' title='bbox 1301 1838 1340 1862; x_wconf 89' lang='lat' dir='ltr'>sic</span> <span class='ocrx_word' id='word_1_571' title='bbox 1366 1838 1409 1860; x_wconf 86' lang='lat' dir='ltr'>est</span> <span class='ocrx_word' id='word_1_572' title='bbox 1434 1837 1595 1860; x_wconf 85' lang='lat' dir='ltr'>coniuncta:</span> <span class='ocrx_word' id='word_1_573' title='bbox 1621 1837 1714 1861; x_wconf 79' lang='lat' dir='ltr'>Ardea</span> <span class='ocrx_word' id='word_1_574' title='bbox 1739 1838 1914 1867; x_wconf 73' lang='lat' dir='ltr'>cupiditate]</span> <span class='ocrx_word' id='word_1_575' title='bbox 1939 1838 2067 1863; x_wconf 60' lang='lat' dir='ltr'>Narratio</span> <span class='ocrx_word' id='word_1_576' title='bbox 2085 1844 2117 1862; x_wconf 83' lang='lat' dir='ltr'>ac</span> 
     </span>
     <span class='ocr_line' id='line_1_87' title="bbox 1199 1871 1853 1901; baseline 0 -6"><span class='ocrx_word' id='word_1_577' title='bbox 1199 1872 1301 1901; x_wconf 84' lang='lat' dir='ltr'>petitio.</span> <span class='ocrx_word' id='word_1_578' title='bbox 1337 1871 1492 1901; x_wconf 77' lang='lat' dir='ltr'>Amplificat</span> <span class='ocrx_word' id='word_1_579' title='bbox 1510 1876 1527 1894; x_wconf 88' lang='lat' dir='ltr'>a</span> <span class='ocrx_word' id='word_1_580' title='bbox 1545 1876 1628 1894; x_wconf 85' lang='lat' dir='ltr'>causa</span> <span class='ocrx_word' id='word_1_581' title='bbox 1646 1884 1679 1889; x_wconf 91' lang='lat'>—</span> <span class='ocrx_word' id='word_1_582' title='bbox 1697 1876 1713 1894; x_wconf 86' lang='lat' dir='ltr'>a</span> <span class='ocrx_word' id='word_1_583' title='bbox 1731 1872 1853 1901; x_wconf 78' lang='lat' dir='ltr'>reliquis,</span> 
     </span>
    </p>
   </div>
   <div class='ocr_carea' id='block_1_15' title="bbox 1164 1921 2116 2015">
    <p class='ocr_par' dir='ltr' id='par_1_29' title="bbox 1164 1921 2116 2015">
     <span class='ocr_line' id='line_1_88' title="bbox 1164 1921 2116 1952; baseline 0 -5"><span class='ocrx_word' id='word_1_584' title='bbox 1164 1923 1194 1951; x_wconf 80' lang='lat'>2)</span> <span class='ocrx_word' id='word_1_585' title='bbox 1217 1924 1274 1946; x_wconf 86' lang='lat' dir='ltr'>Hoc</span> <span class='ocrx_word' id='word_1_586' title='bbox 1300 1923 1414 1948; x_wconf 78' lang='lat' dir='ltr'>bellum,</span> <span class='ocrx_word' id='word_1_587' title='bbox 1442 1921 1512 1952; x_wconf 90' lang='lat' dir='ltr'>quod</span> <span class='ocrx_word' id='word_1_588' title='bbox 1537 1927 1562 1945; x_wconf 89' lang='lat' dir='ltr'>a.</span> <span class='ocrx_word' id='word_1_589' title='bbox 1588 1928 1614 1947; x_wconf 93' lang='lat' dir='ltr'>u.</span> <span class='ocrx_word' id='word_1_590' title='bbox 1641 1928 1662 1945; x_wconf 89' lang='lat' dir='ltr'>c.</span> <span class='ocrx_word' id='word_1_591' title='bbox 1681 1922 1740 1946; x_wconf 87' lang='grc'><strong>663.</strong></span> <span class='ocrx_word' id='word_1_592' title='bbox 1767 1922 1823 1950; x_wconf 82' lang='grc'><strong>(91.</strong></span> <span class='ocrx_word' id='word_1_593' title='bbox 1843 1928 1868 1946; x_wconf 88' lang='lat' dir='ltr'>a.</span> <span class='ocrx_word' id='word_1_594' title='bbox 1888 1923 1967 1951; x_wconf 85' lang='lat' dir='ltr'>Chr.)</span> <span class='ocrx_word' id='word_1_595' title='bbox 1993 1926 2116 1948; x_wconf 79' lang='lat' dir='ltr'>exortum</span> 
     </span>
     <span class='ocr_line' id='line_1_89' title="bbox 1198 1955 2116 1989; baseline 0.001 -9"><span class='ocrx_word' id='word_1_596' title='bbox 1198 1960 1257 1987; x_wconf 76' lang='lat' dir='ltr'>est,</span> <span class='ocrx_word' id='word_1_597' title='bbox 1282 1959 1412 1980; x_wconf 85' lang='lat' dir='ltr'>narratur</span> <span class='ocrx_word' id='word_1_598' title='bbox 1432 1955 1555 1984; x_wconf 83' lang='lat' dir='ltr'>inprimis</span> <span class='ocrx_word' id='word_1_599' title='bbox 1575 1956 1608 1979; x_wconf 88' lang='lat' dir='ltr'>ab</span> <span class='ocrx_word' id='word_1_600' title='bbox 1627 1956 1748 1985; x_wconf 82' lang='lat' dir='ltr'>Appiano</span> <span class='ocrx_word' id='word_1_601' title='bbox 1772 1958 1798 1979; x_wconf 85' lang='lat' dir='ltr'>B.</span> <span class='ocrx_word' id='word_1_602' title='bbox 1819 1957 1847 1981; x_wconf 88' lang='lat' dir='ltr'>C.</span> <span class='ocrx_word' id='word_1_603' title='bbox 1869 1957 1890 1983; x_wconf 82' lang='grc'>1.</span> <span class='ocrx_word' id='word_1_604' title='bbox 1910 1957 2049 1989; x_wconf 72' lang='grc'><strong>38-53..</strong></span> <span class='ocrx_word' id='word_1_605' title='bbox 2068 1959 2116 1981; x_wconf 86' lang='lat' dir='ltr'>Li-</span> 
     </span>
     <span class='ocr_line' id='line_1_90' title="bbox 1198 1989 1890 2015; baseline 0.001 -1"><span class='ocrx_word' id='word_1_606' title='bbox 1198 1992 1242 2015; x_wconf 90' lang='lat' dir='ltr'>vio</span> <span class='ocrx_word' id='word_1_607' title='bbox 1261 1989 1542 2014; x_wconf 69' lang='lat' dir='ltr'>Lxxu—hxxvt.</span> <span class='ocrx_word' id='word_1_608' title='bbox 1561 1991 1588 2012; x_wconf 87' lang='lat' dir='ltr'>et</span> <span class='ocrx_word' id='word_1_609' title='bbox 1607 1990 1726 2013; x_wconf 85' lang='lat' dir='ltr'>Diodoro</span> <span class='ocrx_word' id='word_1_610' title='bbox 1745 1991 1890 2015; x_wconf 75' lang='lat' dir='ltr'>xxxvn.</span> 
     </span>
    </p>
   </div>
   <div class='ocr_carea' id='block_1_16' title="bbox 1165 2040 1822 2070">
    <p class='ocr_par' dir='ltr' id='par_1_30' title="bbox 1165 2040 1822 2070">
     <span class='ocr_line' id='line_1_91' title="bbox 1165 2040 1822 2070; baseline -0.002 -4"><span class='ocrx_word' id='word_1_611' title='bbox 1165 2042 1194 2070; x_wconf 75' lang='grc'>3)</span> <span class='ocrx_word' id='word_1_612' title='bbox 1215 2043 1288 2066; x_wconf 84' lang='lat' dir='ltr'>Haec</span> <span class='ocrx_word' id='word_1_613' title='bbox 1307 2043 1372 2065; x_wconf 89' lang='lat' dir='ltr'>nota</span> <span class='ocrx_word' id='word_1_614' title='bbox 1390 2041 1417 2063; x_wconf 94' lang='lat' dir='ltr'>in</span> <span class='ocrx_word' id='word_1_615' title='bbox 1439 2040 1520 2065; x_wconf 88' lang='lat' dir='ltr'>Editt.</span> <span class='ocrx_word' id='word_1_616' title='bbox 1537 2040 1622 2065; x_wconf 85' lang='grc'><strong>1545..</strong></span> <span class='ocrx_word' id='word_1_617' title='bbox 1644 2041 1717 2064; x_wconf 88' lang='grc'><strong>1560.</strong></span> <span class='ocrx_word' id='word_1_618' title='bbox 1737 2041 1822 2065; x_wconf 87' lang='lat' dir='ltr'>deest.</span> 
     </span>
    </p>
   </div>
   <div class='ocr_carea' id='block_1_17' title="bbox 1163 2090 2116 2158">
    <p class='ocr_par' dir='ltr' id='par_1_31' title="bbox 1163 2090 2116 2158">
     <span class='ocr_line' id='line_1_92' title="bbox 1163 2090 2116 2121; baseline 0.004 -6"><span class='ocrx_word' id='word_1_619' title='bbox 1163 2095 1193 2121; x_wconf 81' lang='lat'>4)</span> <span class='ocrx_word' id='word_1_620' title='bbox 1214 2093 1264 2116; x_wconf 75' lang='lat' dir='ltr'>Pro</span> <span class='ocrx_word' id='word_1_621' title='bbox 1284 2093 1324 2115; x_wconf 84' lang='lat' dir='ltr'>his</span> <span class='ocrx_word' id='word_1_622' title='bbox 1344 2092 1398 2116; x_wconf 90' lang='lat' dir='ltr'>Cic.</span> <span class='ocrx_word' id='word_1_623' title='bbox 1418 2090 1508 2114; x_wconf 82' lang='lat' dir='ltr'>verbis</span> <span class='ocrx_word' id='word_1_624' title='bbox 1528 2090 1554 2113; x_wconf 88' lang='lat' dir='ltr'>in</span> <span class='ocrx_word' id='word_1_625' title='bbox 1574 2090 1657 2116; x_wconf 83' lang='lat' dir='ltr'>Editt.</span> <span class='ocrx_word' id='word_1_626' title='bbox 1681 2092 1765 2116; x_wconf 86' lang='grc'><strong>1545..</strong></span> <span class='ocrx_word' id='word_1_627' title='bbox 1794 2093 1868 2118; x_wconf 85' lang='grc'><strong>1560,</strong></span> <span class='ocrx_word' id='word_1_628' title='bbox 1887 2093 1948 2118; x_wconf 85' lang='lat' dir='ltr'>huic</span> <span class='ocrx_word' id='word_1_629' title='bbox 1967 2096 2047 2119; x_wconf 76' lang='lat' dir='ltr'>notae</span> <span class='ocrx_word' id='word_1_630' title='bbox 2066 2096 2116 2119; x_wconf 83' lang='lat' dir='ltr'>ad-</span> 
     </span>
     <span class='ocr_line' id='line_1_93' title="bbox 1195 2124 1839 2158; baseline 0 -8"><span class='ocrx_word' id='word_1_631' title='bbox 1195 2127 1299 2158; x_wconf 87' lang='lat' dir='ltr'>scripta</span> <span class='ocrx_word' id='word_1_632' title='bbox 1317 2128 1380 2149; x_wconf 89' lang='lat' dir='ltr'>sunt</span> <span class='ocrx_word' id='word_1_633' title='bbox 1398 2124 1602 2155; x_wconf 85' lang='lat' dir='ltr'>praecedentia:</span> <span class='ocrx_word' id='word_1_634' title='bbox 1623 2126 1690 2150; x_wconf 67' lang='lat' dir='ltr'>Etsi</span> <span class='ocrx_word' id='word_1_635' title='bbox 1707 2126 1839 2151; x_wconf 75' lang='lat' dir='ltr'>liberius.</span> 
     </span>
    </p>
   </div>
   <div class='ocr_carea' id='block_1_18' title="bbox 1163 2177 1913 2208">
    <p class='ocr_par' dir='ltr' id='par_1_32' title="bbox 1163 2177 1913 2208">
     <span class='ocr_line' id='line_1_94' title="bbox 1163 2177 1913 2208; baseline 0 -4"><span class='ocrx_word' id='word_1_636' title='bbox 1163 2181 1193 2208; x_wconf 87' lang='lat'>5)</span> <span class='ocrx_word' id='word_1_637' title='bbox 1217 2181 1289 2203; x_wconf 85' lang='lat' dir='ltr'>Haec</span> <span class='ocrx_word' id='word_1_638' title='bbox 1309 2180 1374 2202; x_wconf 91' lang='lat' dir='ltr'>nota</span> <span class='ocrx_word' id='word_1_639' title='bbox 1392 2178 1420 2201; x_wconf 85' lang='lat' dir='ltr'>in</span> <span class='ocrx_word' id='word_1_640' title='bbox 1437 2177 1521 2201; x_wconf 85' lang='lat' dir='ltr'>Editt.</span> <span class='ocrx_word' id='word_1_641' title='bbox 1542 2177 1628 2207; x_wconf 82' lang='grc'><strong>1545..</strong></span> <span class='ocrx_word' id='word_1_642' title='bbox 1650 2178 1723 2201; x_wconf 86' lang='grc'><strong>1560.</strong></span> <span class='ocrx_word' id='word_1_643' title='bbox 1744 2178 1847 2203; x_wconf 85' lang='lat' dir='ltr'>omissa</span> <span class='ocrx_word' id='word_1_644' title='bbox 1861 2180 1913 2204; x_wconf 89' lang='lat' dir='ltr'>est.</span> 
     </span>
    </p>
   </div>
   <div class='ocr_carea' id='block_1_19' title="bbox 1162 2228 2117 2365">
    <p class='ocr_par' dir='ltr' id='par_1_33' title="bbox 1162 2228 2117 2365">
     <span class='ocr_line' id='line_1_95' title="bbox 1162 2228 2116 2262; baseline 0.001 -6"><span class='ocrx_word' id='word_1_645' title='bbox 1162 2232 1191 2262; x_wconf 77' lang='lat'>6)</span> <span class='ocrx_word' id='word_1_646' title='bbox 1211 2231 1321 2259; x_wconf 77' lang='lat' dir='ltr'>minor]</span> <span class='ocrx_word' id='word_1_647' title='bbox 1341 2229 1381 2253; x_wconf 86' lang='lat' dir='ltr'>sic</span> <span class='ocrx_word' id='word_1_648' title='bbox 1398 2229 1480 2253; x_wconf 88' lang='lat' dir='ltr'>Editt.</span> <span class='ocrx_word' id='word_1_649' title='bbox 1505 2228 1597 2258; x_wconf 83' lang='lat'>¹537.‚</span> <span class='ocrx_word' id='word_1_650' title='bbox 1624 2229 1698 2253; x_wconf 83' lang='grc'><strong>1546.</strong></span> <span class='ocrx_word' id='word_1_651' title='bbox 1719 2229 1746 2252; x_wconf 90' lang='lat' dir='ltr'>in</span> <span class='ocrx_word' id='word_1_652' title='bbox 1764 2232 1856 2260; x_wconf 84' lang='lat' dir='ltr'>textu,</span> <span class='ocrx_word' id='word_1_653' title='bbox 1882 2232 1908 2254; x_wconf 86' lang='lat' dir='ltr'>et</span> <span class='ocrx_word' id='word_1_654' title='bbox 1927 2231 2010 2257; x_wconf 87' lang='lat' dir='ltr'>Editt.</span> <span class='ocrx_word' id='word_1_655' title='bbox 2032 2233 2116 2258; x_wconf 84' lang='grc'><strong>1540..</strong></span> 
     </span>
     <span class='ocr_line' id='line_1_96' title="bbox 1199 2262 2117 2295; baseline 0.001 -5"><span class='ocrx_word' id='word_1_656' title='bbox 1199 2267 1290 2295; x_wconf 83' lang='grc'><strong>1544..</strong></span> <span class='ocrx_word' id='word_1_657' title='bbox 1317 2264 1410 2293; x_wconf 80' lang='grc'><strong>1545,,</strong></span> <span class='ocrx_word' id='word_1_658' title='bbox 1436 2263 1527 2292; x_wconf 84' lang='grc'><strong>1554..</strong></span> <span class='ocrx_word' id='word_1_659' title='bbox 1553 2262 1645 2292; x_wconf 78' lang='grc'><strong>1557..</strong></span> <span class='ocrx_word' id='word_1_660' title='bbox 1674 2263 1748 2287; x_wconf 84' lang='grc'><strong>1560.</strong></span> <span class='ocrx_word' id='word_1_661' title='bbox 1779 2264 1806 2287; x_wconf 88' lang='lat' dir='ltr'>in</span> <span class='ocrx_word' id='word_1_662' title='bbox 1831 2265 1922 2288; x_wconf 84' lang='lat' dir='ltr'>verbis</span> <span class='ocrx_word' id='word_1_663' title='bbox 1947 2266 2008 2290; x_wconf 84' lang='lat' dir='ltr'>huic</span> <span class='ocrx_word' id='word_1_664' title='bbox 2035 2269 2117 2291; x_wconf 85' lang='lat' dir='ltr'>notae</span> 
     </span>
     <span class='ocr_line' id='line_1_97' title="bbox 1196 2297 2116 2331; baseline 0.002 -8"><span class='ocrx_word' id='word_1_665' title='bbox 1196 2299 1340 2330; x_wconf 84' lang='lat' dir='ltr'>praefixis,</span> <span class='ocrx_word' id='word_1_666' title='bbox 1359 2298 1386 2321; x_wconf 91' lang='lat' dir='ltr'>in</span> <span class='ocrx_word' id='word_1_667' title='bbox 1404 2298 1480 2320; x_wconf 84' lang='lat' dir='ltr'>textu</span> <span class='ocrx_word' id='word_1_668' title='bbox 1498 2299 1588 2320; x_wconf 82' lang='lat' dir='ltr'>autem</span> <span class='ocrx_word' id='word_1_669' title='bbox 1607 2297 1690 2320; x_wconf 82' lang='lat' dir='ltr'>Editt.</span> <span class='ocrx_word' id='word_1_670' title='bbox 1711 2298 1794 2325; x_wconf 84' lang='grc'><strong>1544..</strong></span> <span class='ocrx_word' id='word_1_671' title='bbox 1817 2298 1903 2324; x_wconf 82' lang='grc'><strong>1545..</strong></span> <span class='ocrx_word' id='word_1_672' title='bbox 1924 2300 2009 2331; x_wconf 73' lang='grc'><strong>1554..</strong></span> <span class='ocrx_word' id='word_1_673' title='bbox 2031 2301 2116 2328; x_wconf 83' lang='grc'><strong>1557..</strong></span> 
     </span>
     <span class='ocr_line' id='line_1_98' title="bbox 1198 2331 1961 2365; baseline -0.003 -7"><span class='ocrx_word' id='word_1_674' title='bbox 1198 2334 1283 2365; x_wconf 84' lang='grc'><strong>1560.,</strong></span> <span class='ocrx_word' id='word_1_675' title='bbox 1304 2332 1376 2357; x_wconf 79' lang='grc'><strong>1601.</strong></span> <span class='ocrx_word' id='word_1_676' title='bbox 1397 2337 1483 2361; x_wconf 82' lang='lat' dir='ltr'>aeque</span> <span class='ocrx_word' id='word_1_677' title='bbox 1500 2336 1532 2354; x_wconf 84' lang='lat' dir='ltr'>ac</span> <span class='ocrx_word' id='word_1_678' title='bbox 1550 2331 1599 2354; x_wconf 87' lang='lat' dir='ltr'>Ed.</span> <span class='ocrx_word' id='word_1_679' title='bbox 1620 2331 1705 2356; x_wconf 88' lang='lat' dir='ltr'>orell.</span> <span class='ocrx_word' id='word_1_680' title='bbox 1725 2332 1838 2356; x_wconf 82' lang='lat' dir='ltr'>habent:</span> <span class='ocrx_word' id='word_1_681' title='bbox 1857 2334 1961 2359; x_wconf 78' lang='lat' dir='ltr'>minus.</span> 
     </span>
    </p>
   </div>
   <div class='ocr_carea' id='block_1_20' title="bbox 1161 2380 2114 2444">
    <p class='ocr_par' dir='ltr' id='par_1_34' title="bbox 1161 2380 2114 2444">
     <span class='ocr_line' id='line_1_99' title="bbox 1161 2380 2114 2414; baseline 0.002 -5"><span class='ocrx_word' id='word_1_682' title='bbox 1161 2386 1191 2414; x_wconf 87' lang='grc'>7)</span> <span class='ocrx_word' id='word_1_683' title='bbox 1207 2384 1271 2413; x_wconf 85' lang='lat' dir='ltr'>sihi]</span> <span class='ocrx_word' id='word_1_684' title='bbox 1291 2383 1330 2407; x_wconf 87' lang='lat' dir='ltr'>sic</span> <span class='ocrx_word' id='word_1_685' title='bbox 1348 2381 1431 2405; x_wconf 79' lang='lat' dir='ltr'>Editt.</span> <span class='ocrx_word' id='word_1_686' title='bbox 1444 2380 1530 2409; x_wconf 87' lang='grc'><strong>1537..</strong></span> <span class='ocrx_word' id='word_1_687' title='bbox 1550 2380 1637 2408; x_wconf 86' lang='grc'><strong>1545..</strong></span> <span class='ocrx_word' id='word_1_688' title='bbox 1662 2381 1753 2411; x_wconf 88' lang='grc'><strong>1560.;</strong></span> <span class='ocrx_word' id='word_1_689' title='bbox 1773 2382 1800 2406; x_wconf 86' lang='grc'>111</span> <span class='ocrx_word' id='word_1_690' title='bbox 1819 2383 1902 2407; x_wconf 86' lang='lat' dir='ltr'>Editt.</span> <span class='ocrx_word' id='word_1_691' title='bbox 1923 2384 2007 2412; x_wconf 80' lang='grc'><strong>1540..</strong></span> <span class='ocrx_word' id='word_1_692' title='bbox 2029 2385 2114 2414; x_wconf 78' lang='grc'><strong>1544..</strong></span> 
     </span>
     <span class='ocr_line' id='line_1_100' title="bbox 1198 2416 1484 2444; baseline -0.014 -2"><span class='ocrx_word' id='word_1_693' title='bbox 1198 2420 1283 2444; x_wconf 83' lang='grc'><strong>1554..</strong></span> <span class='ocrx_word' id='word_1_694' title='bbox 1305 2416 1379 2440; x_wconf 86' lang='grc'><strong>1557.</strong></span> <span class='ocrx_word' id='word_1_695' title='bbox 1398 2416 1484 2439; x_wconf 85' lang='lat' dir='ltr'>deest.</span> 
     </span>
    </p>
   </div>
   <div class='ocr_carea' id='block_1_21' title="bbox 1161 2465 2114 2532">
    <p class='ocr_par' dir='ltr' id='par_1_35' title="bbox 1161 2465 2114 2532">
     <span class='ocr_line' id='line_1_101' title="bbox 1161 2465 2112 2499; baseline 0.002 -7"><span class='ocrx_word' id='word_1_696' title='bbox 1161 2471 1192 2498; x_wconf 85' lang='grc'>8)</span> <span class='ocrx_word' id='word_1_697' title='bbox 1211 2470 1286 2492; x_wconf 78' lang='lat' dir='ltr'>Haec</span> <span class='ocrx_word' id='word_1_698' title='bbox 1310 2469 1374 2491; x_wconf 86' lang='lat' dir='ltr'>nota</span> <span class='ocrx_word' id='word_1_699' title='bbox 1407 2466 1435 2489; x_wconf 88' lang='lat' dir='ltr'>in</span> <span class='ocrx_word' id='word_1_700' title='bbox 1459 2465 1542 2489; x_wconf 86' lang='lat' dir='ltr'>Editt.</span> <span class='ocrx_word' id='word_1_701' title='bbox 1570 2465 1655 2490; x_wconf 85' lang='grc'><strong>1545..</strong></span> <span class='ocrx_word' id='word_1_702' title='bbox 1688 2467 1762 2491; x_wconf 85' lang='grc'><strong>1560.</strong></span> <span class='ocrx_word' id='word_1_703' title='bbox 1798 2474 1857 2492; x_wconf 85' lang='lat' dir='ltr'>cum</span> <span class='ocrx_word' id='word_1_704' title='bbox 1881 2470 2055 2499; x_wconf 81' lang='lat' dir='ltr'>praecedenti</span> <span class='ocrx_word' id='word_1_705' title='bbox 2085 2470 2112 2494; x_wconf 92' lang='lat' dir='ltr'>in</span> 
     </span>
     <span class='ocr_line' id='line_1_102' title="bbox 1195 2500 2114 2532; baseline 0.001 -5"><span class='ocrx_word' id='word_1_706' title='bbox 1195 2508 1275 2527; x_wconf 88' lang='lat' dir='ltr'>unam</span> <span class='ocrx_word' id='word_1_707' title='bbox 1299 2502 1339 2525; x_wconf 83' lang='lat' dir='ltr'>sic</span> <span class='ocrx_word' id='word_1_708' title='bbox 1363 2500 1505 2525; x_wconf 79' lang='lat' dir='ltr'>coniuncta</span> <span class='ocrx_word' id='word_1_709' title='bbox 1532 2501 1590 2523; x_wconf 85' lang='lat' dir='ltr'>est:</span> <span class='ocrx_word' id='word_1_710' title='bbox 1617 2501 1726 2525; x_wconf 82' lang='lat' dir='ltr'>Hector</span> <span class='ocrx_word' id='word_1_711' title='bbox 1749 2502 1800 2527; x_wconf 68' lang='lat' dir='ltr'>ine</span> <span class='ocrx_word' id='word_1_712' title='bbox 1822 2502 2006 2532; x_wconf 75' lang='lat' dir='ltr'>Naevianus]</span> <span class='ocrx_word' id='word_1_713' title='bbox 2032 2505 2114 2528; x_wconf 80' lang='lat' dir='ltr'>Aliud</span> 
     </span>
    </p>
   </div>
   <div class='ocr_carea' id='block_1_22' title="bbox 1196 2533 2115 2594">
    <p class='ocr_par' dir='ltr' id='par_1_36' title="bbox 1196 2533 2115 2594">
     <span class='ocr_line' id='line_1_103' title="bbox 1196 2533 2115 2567; baseline 0.002 -7"><span class='ocrx_word' id='word_1_714' title='bbox 1196 2537 1348 2565; x_wconf 78' lang='lat' dir='ltr'>exemplum</span> <span class='ocrx_word' id='word_1_715' title='bbox 1373 2547 1407 2552; x_wconf 89' lang='lat'>—</span> <span class='ocrx_word' id='word_1_716' title='bbox 1431 2539 1448 2558; x_wconf 84' lang='lat' dir='ltr'>a</span> <span class='ocrx_word' id='word_1_717' title='bbox 1475 2533 1598 2558; x_wconf 80' lang='lat' dir='ltr'>Lucceio.</span> <span class='ocrx_word' id='word_1_718' title='bbox 1636 2536 1788 2560; x_wconf 83' lang='lat' dir='ltr'>Secundum</span> <span class='ocrx_word' id='word_1_719' title='bbox 1813 2539 2003 2567; x_wconf 84' lang='lat' dir='ltr'>argumentum</span> <span class='ocrx_word' id='word_1_720' title='bbox 2020 2550 2054 2556; x_wconf 90' lang='lat'>—-</span> <span class='ocrx_word' id='word_1_721' title='bbox 2073 2540 2115 2562; x_wconf 83' lang='lat' dir='ltr'>est</span> 
     </span>
     <span class='ocr_line' id='line_1_104' title="bbox 1196 2570 1403 2594; baseline 0 0"><span class='ocrx_word' id='word_1_722' title='bbox 1196 2570 1403 2594; x_wconf 87' lang='lat' dir='ltr'>incommodum.</span> 
     </span>
    </p>
   </div>
   <div class='ocr_carea' id='block_1_23' title="bbox 1160 2617 1821 2650">
    <p class='ocr_par' dir='ltr' id='par_1_37' title="bbox 1160 2617 1821 2650">
     <span class='ocr_line' id='line_1_105' title="bbox 1160 2617 1821 2650; baseline 0 -5"><span class='ocrx_word' id='word_1_723' title='bbox 1160 2621 1191 2650; x_wconf 86' lang='grc'>9)</span> <span class='ocrx_word' id='word_1_724' title='bbox 1212 2621 1284 2644; x_wconf 79' lang='lat' dir='ltr'>Haec</span> <span class='ocrx_word' id='word_1_725' title='bbox 1302 2621 1367 2644; x_wconf 83' lang='lat' dir='ltr'>nota</span> <span class='ocrx_word' id='word_1_726' title='bbox 1386 2619 1413 2642; x_wconf 86' lang='lat' dir='ltr'>in</span> <span class='ocrx_word' id='word_1_727' title='bbox 1431 2617 1513 2642; x_wconf 83' lang='lat' dir='ltr'>Editt.</span> <span class='ocrx_word' id='word_1_728' title='bbox 1529 2618 1616 2643; x_wconf 89' lang='grc'><strong>1545..</strong></span> <span class='ocrx_word' id='word_1_729' title='bbox 1637 2620 1710 2644; x_wconf 81' lang='grc'><strong>1560.</strong></span> <span class='ocrx_word' id='word_1_730' title='bbox 1737 2621 1821 2646; x_wconf 86' lang='lat' dir='ltr'>deest.</span> 
     </span>
    </p>
   </div>
   <div class='ocr_carea' id='block_1_24' title="bbox 1163 2670 2114 2730">
    <p class='ocr_par' dir='ltr' id='par_1_38' title="bbox 1163 2670 2114 2730">
     <span class='ocr_line' id='line_1_106' title="bbox 1163 2670 2114 2702; baseline 0.003 -6"><span class='ocrx_word' id='word_1_731' title='bbox 1163 2672 1209 2700; x_wconf 90' lang='grc'>10)</span> <span class='ocrx_word' id='word_1_732' title='bbox 1229 2672 1286 2695; x_wconf 79' lang='lat' dir='ltr'>Hoc</span> <span class='ocrx_word' id='word_1_733' title='bbox 1304 2671 1493 2701; x_wconf 77' lang='lat' dir='ltr'>argumentum</span> <span class='ocrx_word' id='word_1_734' title='bbox 1513 2672 1539 2693; x_wconf 89' lang='lat' dir='ltr'>et</span> <span class='ocrx_word' id='word_1_735' title='bbox 1561 2670 1613 2695; x_wconf 85' lang='lat' dir='ltr'>duo</span> <span class='ocrx_word' id='word_1_736' title='bbox 1633 2671 1775 2702; x_wconf 81' lang='lat' dir='ltr'>sequeutia</span> <span class='ocrx_word' id='word_1_737' title='bbox 1793 2672 1820 2696; x_wconf 89' lang='lat' dir='ltr'>in</span> <span class='ocrx_word' id='word_1_738' title='bbox 1842 2672 1925 2696; x_wconf 82' lang='lat' dir='ltr'>Editt.</span> <span class='ocrx_word' id='word_1_739' title='bbox 1943 2674 2029 2699; x_wconf 77' lang='grc'><strong>1556..</strong></span> <span class='ocrx_word' id='word_1_740' title='bbox 2050 2674 2114 2699; x_wconf 79' lang='grc'><strong>1565</strong></span> 
     </span>
     <span class='ocr_line' id='line_1_107' title="bbox 1197 2704 1514 2730; baseline -0.006 0"><span class='ocrx_word' id='word_1_741' title='bbox 1197 2705 1313 2730; x_wconf 73' lang='grc'><strong>-1596,</strong></span> <span class='ocrx_word' id='word_1_742' title='bbox 1331 2704 1514 2730; x_wconf 87' lang='lat' dir='ltr'>inveniuntur.</span> 
     </span>
    </p>
   </div>
  </div>
 </body>
</html>
