2351 2990
98 111 174 147 749
233 111 371 148 XXXII.
399 113 434 149 3.
470 112 869 149 INTERPRETATIO
900 113 1162 151 ORATIONIS
1189 114 1534 155 OLYNTHIACAE
1560 119 1618 157 111.
1654 123 2007 168 DEMOSTHENIS.

98 197 378 242 magistratibus.
416 198 512 233 Cedo
529 205 655 232 contra
673 211 764 246 quae
781 200 934 235 civitatis
949 202 1094 235 fortuna

98 256 149 283 est
164 248 232 283 hoc
248 256 410 295 tempore
422 276 431 290 ,
463 263 543 284 cum
560 257 633 284 tam
649 251 797 296 benigni
814 259 976 287 oratores
992 264 1096 298 prae-

96 307 198 342 sunt,
225 301 460 335 dissimillima
479 302 640 346 profecto
663 302 806 346 pristini
830 310 961 345 status,
996 317 1095 345 nam,

97 358 137 386 ut
153 353 265 386 multa
290 353 597 398 praetermittam,
632 353 759 388 videtis
784 354 821 387 in
847 361 946 389 tanta
971 356 1095 390 solitu-

97 403 200 444 dine,
228 416 320 450 quae
338 404 476 438 occasio
491 405 728 449 recuperandi
742 405 885 451 imperii
902 407 1020 441 oblata
1039 407 1095 442 sit.

95 454 188 489 Nam
206 454 575 490 Lacedaemoniorum
600 456 693 490 vires
714 458 847 492 fractae
870 465 971 499 sunt,
999 456 1095 492 The-

95 506 182 539 bani
200 507 383 552 occupati,
408 519 515 540 nemo
540 514 726 552 praeterea
749 509 908 555 reliquus
933 516 1005 550 est,
1032 509 1095 555 qui

97 564 233 591 certare
254 559 297 591 de
314 558 520 603 principatu
545 559 728 594 vobiscum
753 561 875 605 possit.
934 560 987 594 Ibi
1014 573 1093 594 cum

96 608 182 641 citra
202 609 399 653 periculum
422 616 586 644 nostrum
604 611 756 656 imperio
773 612 883 657 potiri
899 624 1095 657 possemus,

94 671 140 693 ne
164 667 286 694 nostra
310 661 455 707 quidem
479 661 615 695 interea
641 663 746 696 tutati
771 676 912 703 sumus;
947 663 1094 697 ditionis

95 710 190 744 enim
217 718 357 756 partem
383 712 588 753 amisimus,
630 714 819 748 effudimus
853 716 984 748 frustra
1014 715 1094 758 plus

95 774 203 808 quam
220 764 319 796 mille
337 770 371 797 et
387 764 582 809 quingenta
602 765 755 805 talenta;
783 766 882 806 socii,
904 778 994 811 quos
1010 765 1094 798 belli

94 819 256 858 tempore
273 815 377 849 nobis
402 816 679 850 adiunxeramus
702 817 739 849 iu
764 829 870 861 pace,
906 823 1091 850 oratorum

95 865 198 909 culpa
214 878 281 901 nos
299 867 498 906 deseruere,
524 864 662 900 hostem
682 869 869 902 adversum
888 880 954 902 nos
972 868 1094 901 valen-

94 916 270 950 tissimum
289 917 539 955 instruximus;
564 930 681 963 neque
699 918 793 951 enim
809 919 998 965 quisquam
1009 918 1092 952 Phi-

91 967 191 1012 lippo
210 974 353 1012 praeter
369 981 434 1002 nos
454 975 592 1001 tantum
610 969 741 1002 virium
759 970 889 1004 attulit.
948 970 1017 1003 Sed
1034 982 1093 1004 ur-

92 1019 208 1052 banae
224 1031 293 1059 res,
319 1019 472 1065 inquies,
499 1020 760 1064 splendidiores
777 1028 871 1055 sunt.
916 1020 979 1054 Dii
993 1021 1093 1062 boni,

94 1069 180 1116 quid
213 1070 341 1104 attinet
372 1083 555 1105 recensere
578 1073 847 1116 propugnacula
873 1073 966 1106 calce
990 1072 1093 1113 illita,

92 1123 168 1155 vias
188 1128 406 1162 constratas,
433 1123 548 1157 sontes
569 1124 702 1163 factos,
737 1130 770 1157 et
795 1122 1002 1158 huiusmodi
1026 1136 1092 1157 nu-

91 1184 164 1217 gas.
232 1172 330 1218 Quin
363 1174 528 1218 spectatis
561 1180 744 1208 tantarum
781 1187 902 1209 rerum
937 1182 1092 1215 autores,

92 1236 247 1270 quorum
264 1224 325 1257 alii
344 1237 424 1258 cum
444 1225 685 1258 mendicarint
702 1232 806 1259 autea
816 1226 883 1272 5¹),
918 1239 1014 1260 nunc
1037 1227 1090 1260 lo—

91 1275 323 1320 cupletissimi
353 1282 455 1314 sunt;
499 1276 559 1308 alii
586 1277 769 1321 quondam
796 1278 957 1318 obscuri,
996 1290 1092 1311 nunc

90 1326 330 1371 amplissimos
352 1324 510 1360 honores
534 1334 680 1371 gerunt,
724 1330 954 1373 quorundam
987 1330 1090 1362 aedes

90 1377 377 1422 magnificentia,
404 1378 547 1422 publica
574 1379 734 1411 aedificia
759 1380 919 1413 vincunt.
972 1379 1090 1412 Porro

88 1427 157 1462 hoc
173 1428 328 1463 deterius
347 1426 456 1462 habet
471 1429 669 1473 respublica
681 1456 690 1469 ,
727 1443 798 1475 quo
822 1430 935 1474 magis
959 1430 1091 1463 florent

88 1493 145 1515 res
160 1480 325 1514 istorum,

191 1531 238 1565 Et
253 1537 437 1565 tantorum
455 1531 601 1576 quidem
620 1531 798 1565 malorum
822 1529 911 1565 haec
937 1539 989 1567 est
1009 1545 1090 1566 cau-

92 1595 129 1617 sa
142 1609 152 1623 ,
180 1583 296 1629 quod,
316 1595 395 1616 cum
415 1582 587 1616 militaret
602 1595 668 1627 pro
684 1595 759 1617 sese
776 1584 951 1627 populus,
978 1584 1090 1629 impe-

89 1635 194 1668 rabat
208 1634 251 1668 iis
272 1633 377 1667 etiam
391 1660 400 1674 ‚
428 1634 491 1680 qui
506 1634 763 1677 rempublicam
781 1635 972 1678 gerebant,
999 1642 1034 1669 et
1052 1636 1089 1668 in

89 1691 265 1731 potestate
284 1697 345 1719 sua
363 1683 543 1718 habebant
558 1685 718 1730 praemia
735 1685 856 1719 omnia
874 1687 1028 1727 virtutis,
1056 1694 1090 1720 et

89 1750 168 1771 mos
193 1743 269 1770 erat
293 1749 312 1769 a
341 1737 476 1782 populo
502 1743 623 1781 petere
645 1735 821 1777 honores,
848 1738 1089 1782 magistratus,

89 1788 331 1834 beneficiaque
358 1788 441 1822 alia.
508 1788 612 1823 Nunc
635 1795 758 1822 contra
786 1800 895 1833 penes
927 1796 1089 1823 oratores

91 1841 213 1874 omnia
233 1841 422 1873 commoda
439 1839 537 1874 urbis
552 1846 654 1879 sunt,
680 1846 714 1873 et
731 1853 794 1884 per
811 1837 876 1874 hos
892 1841 1011 1874 onmia
1030 1853 1088 1885 ge-

90 1898 239 1932 runtur,
266 1904 329 1925 vos
347 1891 507 1924 enervati
523 1897 557 1925 et
572 1891 748 1931 mutilati,
785 1891 923 1925 amissis
948 1892 1088 1926 auxiliis

89 1951 124 1977 et
143 1943 315 1989 pecunia,
341 1940 529 1976 rhetorum
553 1942 731 1987 mancipia
756 1943 856 1983 estis,
890 1955 954 1976 nec
978 1955 1087 1988 penes

88 2008 152 2029 vos
169 1994 361 2039 imperium
380 2000 450 2035 est,
483 1995 543 2028 sed
569 1994 620 2027 illi
644 1995 745 2028 vobis
771 1995 866 2028 velut
891 1994 1086 2039 appendice

87 2052 250 2081 utuntur.
303 2045 435 2092 Estque
452 2046 593 2079 abunde
608 2045 694 2080 satis
710 2045 829 2086 vobis,
865 2048 963 2091 quod
988 2044 1086 2080 thea-

89 2098 214 2131 tralem
233 2097 421 2142 pecuniam
437 2097 660 2142 largiuntur,
688 2104 722 2131 et
736 2109 1000 2143 nonnunquam
1017 2095 1086 2132 huc

90 2150 135 2182 ad
151 2161 250 2183 sacra
269 2150 440 2193 praedam
457 2149 615 2189 mittunt,
642 2161 707 2193 pro
730 2162 801 2195 quo
819 2149 990 2182 beneficio
1007 2161 1086 2194 gra-

87 2201 175 2234 tiam
194 2200 300 2234 etiam
319 2213 382 2234 vos
401 2200 449 2234 eis
465 2201 594 2234 debere
614 2201 797 2241 iudicatis,
825 2201 923 2246 quod
941 2207 992 2235 est
1011 2207 1086 2234 tur-

87 2252 273 2297 pissimum
285 2278 294 2292 ,
321 2264 401 2285 cum
420 2253 463 2291 de
483 2258 599 2286 vestro
617 2252 689 2286 sint
706 2253 889 2292 liberales,
917 2265 980 2286 vos
997 2264 1084 2286 vero

87 2304 186 2337 domi
203 2303 440 2343 concludunt,
474 2304 600 2337 callide
622 2304 843 2344 subducunt,
875 2304 1013 2350 sibique
1038 2303 1084 2336 ci-

86 2367 211 2389 curare
229 2361 264 2388 et
278 2356 542 2389 mansuefacere
559 2355 692 2395 solent;
727 2368 801 2389 non
825 2361 942 2400 potest
963 2361 1083 2389 autem

86 2406 199 2440 animi
215 2406 378 2440 alacritas
397 2406 602 2440 conservari
619 2406 657 2440 in
674 2407 760 2442 otio.
820 2407 912 2442 Nam
937 2407 1010 2440 fere
1032 2406 1082 2440 ita

87 2458 243 2503 gerimus
260 2457 420 2491 animum
433 2484 442 2498 ‚
469 2464 509 2492 ut
525 2457 618 2492 vitae
636 2459 857 2493 consuetudo
882 2465 917 2492 et
937 2458 1081 2502 negotia

87 2509 355 2547 assuefecerint;
381 2521 496 2555 neque
515 2522 599 2543 vero
615 2510 746 2544 mirum
767 2510 876 2544 fuerit
899 2522 962 2555 per
978 2510 1082 2543 Cere·

86 2573 181 2603 rem,
207 2561 235 2595 si
254 2560 454 2606 graviorem
473 2560 510 2593 111
526 2573 582 2593 me
600 2574 753 2605 poenam
772 2568 920 2606 propter
938 2561 1081 2594 liberta-

86 2618 156 2646 tem
172 2611 276 2647 huius
296 2612 469 2646 orationis
486 2612 692 2653 statueritis,
721 2626 828 2659 quam
847 2614 883 2646 in
899 2613 990 2654 illos,
1018 2612 1080 2659 qui

120 2733 169 2762 51)
188 2732 221 2757 Η.
239 2733 258 2758 1.
278 2732 306 2757 in
323 2731 373 2756 Ed.
392 2731 499 2763 nagan.
519 2737 543 2756 s.
563 2734 589 2755 a.
609 2731 676 2755 nota
695 2729 829 2763 margin.:
855 2730 957 2756 lronia.

2070 134 2145 173 750

1148 199 1237 235 haec
1259 203 1346 237 vitia
1371 213 1493 240 serunt
1516 206 1554 240 in
1578 208 1741 251 civitate;
1783 226 1858 248 non
1884 218 1979 252 enim
2004 232 2145 266 semper

1149 254 1245 297 apud
1262 267 1326 289 vos
1348 256 1505 291 libertati
1518 258 1618 294 locus
1635 268 1705 301 est;
1740 270 1775 297 et
1799 266 1957 302 divinam
1984 272 2147 307 admiror

1148 305 1359 348 patientiam
1392 315 1567 352 vestram,
1615 314 1712 358 quod
1744 317 1854 351 modo
1885 325 2022 355 tantam
2054 322 2146 357 mihi

1148 356 1349 391 libertatem
1369 361 1574 396 conceditis.
1627 364 1786 400 Proinde
1807 369 1837 402 si
1859 368 1976 405 adhuc
1998 386 2018 406 a
2043 375 2145 410 vobis

1148 407 1335 452 impetrari
1353 417 1489 454 potest,
1514 419 1555 446 ut
1571 411 1658 449 haec
1675 416 1760 450 vitia
1777 420 1982 465 corrigatis,
2017 426 2147 460 milite·

1148 458 1192 493 tis
1216 459 1303 504 ipsi,
1329 462 1538 509 faciatisque
1562 472 1701 500 caetera
1726 481 1793 513 pro
1816 471 1990 517 dignitate
2015 483 2147 518 vestra,

1148 510 1247 568 ea⁵:²)-
1259 513 1431 555 pecunia,
1459 526 1567 560 quam
1591 525 1740 563 propter
1764 524 2010 559 necessitatem
2037 528 2147 561 inter-

1149 568 1286 605 cipitis,
1336 565 1490 597 utamini
1523 567 1569 599 ad
1601 580 1677 602 rem
1711 575 1926 616 gerendam,
1974 590 2147 623 magnum

1148 614 1400 655 commodum,
1429 623 1604 661 quantum
1624 621 1799 657 coniicere
1816 638 1926 670 queo,
1951 628 2041 662 lucri
2058 631 2148 663 fece-

1146 663 1237 697 ritis.
1301 663 1347 698 Et
1372 663 1580 701 huiusmodi
1606 671 1750 715 quidem
1775 676 1942 711 lucellum
1966 681 2146 725 negligere

1148 716 1303 756 suadeo,
1345 718 1442 762 quod
1469 717 1561 752 1111111
1591 722 1772 765 persimile
1797 727 1939 762 videtur
1965 731 2147 774 demenso,

1148 766 1246 810 quod
1270 774 1417 811 aegroto
1442 781 1461 802 a
1482 771 1629 806 medicis
1655 774 1771 810 datur.
1838 779 1930 813 Nam
1958 789 1997 815 ut
2019 783 2055 816 id
2080 797 2146 818 nec

1147 817 1240 851 vires
1263 819 1392 859 reficit,
1428 833 1492 854 nec
1521 824 1689 858 morbum
1716 828 1898 876 vitamque
1922 832 2025 867 finire
2051 835 2147 876 sinit,

1147 868 1195 901 ita
1221 866 1405 905 theatralis
1429 874 1601 917 pecunia,
1643 889 1713 921 qua
1738 880 1922 923 fruimini,
1956 896 2021 918 nec
2046 892 2147 920 tanta

1148 926 1217 960 est,
1257 928 1298 954 ut
1319 934 1538 968 magnopere
1564 927 1740 963 conducat
1763 932 1808 964 ad
1831 945 1908 966 rem
1929 935 2145 971 familiarem

1146 971 1317 1015 privatim
1349 974 1660 1020 locupletandam,
1701 988 1736 1014 et
1766 994 1846 1016 cum
1873 986 2147 1031 desperaveritis

1146 1023 1260 1056 multo
1284 1025 1483 1069 ampliora,
1518 1031 1702 1073 quomodo
1728 1046 1818 1079 quae
1843 1036 1931 1071 foris
1957 1039 2089 1073 virtute
2113 1047 2148 1073 et

1147 1074 1336 1108 militando
1361 1079 1516 1120 petenda
1541 1088 1655 1116 erant.
1723 1084 1824 1119 Hanc
1856 1087 1993 1123 interea
2016 1091 2145 1136 stipem

1147 1126 1311 1168 aufertis,
1340 1140 1405 1161 nec
1422 1130 1562 1173 publice
1580 1133 1661 1166 usui
1681 1146 1755 1170 esse
1775 1138 1963 1187 possit53),
1995 1143 2056 1175 sed
2084 1143 2148 1176 alit

1147 1182 1286 1234 tantum
1305 1178 1344 1211 in
1359 1180 1506 1224 singulis
1519 1181 1685 1217 inertiam
1706 1194 1813 1234 atque
1829 1189 2022 1234 ignaviam.
2050 1193 2146 1227 Num

1145 1235 1254 1271 igitur
1278 1230 1352 1271 vis,
1394 1231 1534 1277 inquiet
1566 1235 1714 1282 aliquis,
1755 1246 1795 1273 ut
1822 1244 1985 1276 mercede
2017 1245 2148 1278 milite-

1146 1280 1248 1337 mus?
1298 1280 1376 1338 ligo
1395 1296 1480 1317 vero
1500 1286 1641 1329 patior,
1669 1296 1709 1322 ut
1726 1288 1936 1327 theatralem
1955 1296 2145 1339 pecuniam

1145 1337 1348 1373 retineatls,
1377 1340 1411 1367 et
1427 1341 1547 1369 tamen
1572 1337 1619 1371 ita
1647 1341 1730 1374 volo
1759 1344 1928 1378 constitui
1952 1346 2145 1388 civitatem,

1144 1388 1197 1421 ut,
1220 1395 1300 1416 011111
1316 1387 1507 1427 pecuniam
1526 1389 1666 1431 publice
1683 1393 1879 1438 accipiatis,
1904 1397 2059 1432 vicissim
2076 1399 2146 1432 rei-

1144 1433 1308 1476 publicae
1339 1435 1429 1470 detis
1459 1450 1626 1482 operam,
1669 1455 1883 1491 quacunque
1917 1448 1956 1481 in
1986 1461 2024 1482 re
2056 1463 2146 1494 opus

1143 1485 1262 1519 fuerit.
1304 1485 1400 1520 Num
1417 1488 1524 1522 etiam
1542 1491 1655 1525 otium
1671 1495 1809 1528 nemini
1825 1499 2027 1541 permittis?
2061 1501 2146 1535 Non

1144 1536 1310 1578 invideo,
1344 1539 1432 1584 quin
1457 1541 1590 1577 fruaris
1616 1544 1710 1586 otio,
1745 1548 1855 1581 modo
1879 1561 1897 1582 a
1922 1551 2145 1596 turpitudine

1144 1588 1311 1629 desistas,
1338 1603 1446 1635 quam
1472 1593 1587 1627 otium
1611 1602 1646 1629 et
1666 1597 1788 1642 inopia
1813 1602 1920 1644 parit.
1982 1603 2091 1648 Quod
2117 1604 2147 1638 si

1143 1641 1276 1673 bellum
1295 1640 1482 1684 inciderit,
1509 1656 1576 1688 par
1600 1654 1670 1688 est,
1706 1656 1765 1690 ut,
1801 1663 1880 1684 cum
1906 1655 2060 1688 utamini
2082 1668 2145 1700 pa-

1143 1692 1233 1725 triae
1258 1694 1429 1736 pecunia,
1469 1695 1625 1732 vicissim
1646 1700 1818 1736 militetis.
1889 1704 1997 1750 Quod
2027 1707 2056 1740 si
2089 1707 2145 1740 cui

1142 1756 1217 1776 non
1233 1744 1342 1777 fuerit
1358 1753 1454 1780 aetas
1471 1747 1656 1792 militaris,
1692 1758 1768 1785 tum
1797 1755 1906 1788 modo
1932 1758 2041 1800 gratis
2066 1765 2144 1791 uta-

1143 1801 1201 1828 tur
1218 1795 1430 1831 liberalitate
1455 1798 1749 1850 reipublicae⁵4)‚
1786 1805 1953 1851 deinceps
1979 1808 2028 1841 ita
2054 1810 2144 1842 acci-

1142 1846 1236 1890 piat,
1265 1853 1305 1879 ut
1320 1848 1420 1881 domi
1437 1850 1591 1884 vicissim
1611 1855 1869 1899 rempublicam
1895 1866 1993 1892 curet
2022 1866 2057 1893 et
2081 1862 2143 1894 ad-

1141 1897 1330 1933 ministret.

1244 1974 1284 2008 In
1307 1988 1466 2019 summa,
1500 1979 1690 2024 pristinam
1716 1985 1961 2019 confusionem
1989 1988 2141 2024 civitatis

1141 2028 1315 2067 emendo,
1339 2040 1453 2072 pauca
1472 2036 1547 2063 tum
1568 2032 1723 2077 eripiens
1748 2036 1869 2078 vobis,
1905 2044 1980 2071 tum
2007 2042 2141 2074 condo-

1140 2090 1250 2119 nans,
1272 2085 1312 2112 ut
1329 2079 1396 2113 rite
1412 2081 1616 2126 accipiatis,
1651 2085 1832 2128 militetis,
1869 2091 2059 2125 exerceatis
2086 2092 2140 2126 iu·

1140 2129 1307 2177 dicia55),
1334 2131 1494 2173 faciatis,
1522 2147 1614 2179 quae
1631 2148 1697 2180 pro
1717 2144 1833 2172 aetate
1857 2140 1985 2186 cuique
2012 2155 2139 2177 conve—

1138 2181 1254 2216 niunt.
1307 2181 1428 2217 Nolim
1446 2185 1625 2228 publicam
1643 2189 1832 2232 pecuniam
1857 2192 2069 2237 dilapidari,
2105 2202 2139 2229 et

1139 2245 1219 2266 cum
1234 2233 1406 2268 debeatur
1423 2235 1487 2277 iis,
1514 2237 1575 2282 qui
1591 2246 1727 2273 navant
1751 2254 1898 2286 operam
1924 2244 2022 2286 urbi,
2057 2257 2136 2289 gra-

1138 2284 1181 2319 tis
1211 2285 1366 2327 effundi,
1399 2299 1464 2320 nec
1492 2289 1599 2322 velim
1633 2303 1810 2338 quemque
1842 2294 1947 2328 simul
1979 2296 2135 2331 otiosum

1137 2348 1210 2370 esse
1229 2343 1263 2370 et
1281 2349 1394 2381 egere.
1447 2339 1484 2372 Si
1502 2341 1586 2385 quid
1606 2343 1767 2377 acerbius
1783 2344 1876 2386 dixi,
1904 2346 2040 2380 faciunt
2049 2346 2134 2381 Phi-

1136 2387 1226 2433 lippi
1240 2386 1418 2433 hospites,
1443 2397 1483 2424 ut
1499 2392 1582 2425 talia
1603 2394 1646 2426 de
1665 2395 1766 2429 vobis
1788 2396 1967 2437 ferantur3
2006 2399 2134 2434 videtis

1168 2542 1216 2571 52]
1237 2543 1284 2571 ea]
1305 2542 1346 2566 sic
1361 2541 1411 2566 Ed.
1432 2542 1537 2573 nagan.
1558 2549 1580 2567 5.
1601 2549 1643 2574 a.;
1667 2544 1718 2569 Ed.
1738 2544 1815 2570 1562.
1833 2547 1863 2570 ut
1883 2552 1924 2572 ea.

1168 2592 1215 2624 53)
1235 2599 1286 2617 nec
1303 2600 1327 2623 p.
1348 2599 1375 2617 u.
1397 2599 1461 2616 esse
1480 2593 1584 2623 possit]
1605 2594 1645 2619 sic
1663 2595 1714 2619 Ed.
1732 2597 1839 2628 nagan.
1860 2604 1884 2624 s,
1903 2604 1945 2630 a.;
1981 2600 2031 2625 Ed.
2052 2602 2130 2627 1562,

1203 2633 1273 2658 quae
1292 2634 1341 2651 nec
1360 2635 1384 2657 p.
1404 2634 1431 2653 u.
1451 2634 1514 2651 esse
1533 2630 1634 2658 potest.

1167 2680 1215 2707 54)
1236 2679 1418 2709 reipublicae]
1440 2679 1480 2702 Ed
1501 2679 1576 2704 1562.
1597 2685 1694 2705 errore
1713 2683 1842 2714 typogr.:
1868 2684 2027 2714 reipublica.

1166 2730 1214 2759 55)
1234 2729 1346 2757 iudicia]
1370 2729 1411 2753 sic
1429 2730 1504 2754 recte
1524 2730 1572 2755 Ed.
1594 2731 1687 2761 1562.;
1710 2733 1761 2756 Ed.
1780 2734 1887 2765 nagan.
1908 2742 1931 2761 s,
1951 2741 1977 2761 a.
1996 2735 2110 2762 iudicio.
