2351 2990
178 109 225 146 92
234 111 252 143 7
763 110 885 144 PHlL.

179 195 361 241 quomodo
395 207 456 228 vos
488 195 649 229 resistere
681 195 761 230 huic
794 196 943 229 iniustae
975 196 1174 230 defensioni

178 247 336 291 possitis,
372 246 501 280 dicam.
569 248 657 280 Cum
688 246 755 281 huc
783 247 970 281 accesserit
993 245 1174 292 Ctesipho,

181 305 213 331 et
228 297 413 331 exordium
447 299 544 331 domi
576 300 814 342 compositum
837 299 984 338 dixerit,
1020 305 1055 332 et
1079 299 1175 332 volet

177 347 360 382 extrahere
385 356 523 394 tempus
550 350 678 382 omissa
703 362 827 390 causa,
868 351 1057 383 admonete
1092 363 1173 384 eum

175 401 250 434 siue
276 401 451 439 tumultu,
485 407 522 433 ut
546 401 704 433 tabulam
729 401 764 433 in
788 414 916 435 manus
939 401 1108 446 accipiat,
1140 408 1175 435 et

176 453 269 496 leges
289 453 331 485 ad
353 453 532 485 decretum
552 452 724 486 conserat.
778 452 815 485 ld
834 454 863 487 si
881 453 1120 486 dissimulabit
1137 466 1173 487 se

175 504 320 541 audire,
361 515 424 535 nec
452 515 514 536 vos
541 503 660 536 audite
686 504 815 548 ipsum.
883 505 965 539 Non
996 505 1091 537 enim
1116 502 1174 537 hic

176 554 381 588 consedistis
399 555 442 586 ad
462 553 609 588 iniustas
628 555 850 589 defensiones
871 556 1087 600 audiendas,
1113 557 1174 590 sed

175 608 218 639 ad
239 606 406 639 tuendam
434 605 584 639 salutem
607 618 753 647 eorum,
791 607 851 653 qui
880 607 1008 641 iustam
1030 620 1172 647 excusa-

174 657 309 690 tionem
327 657 503 690 adserunt.
565 657 627 690 Sin
650 664 767 691 autem
785 665 903 703 spreta
924 659 1012 692 iusta
1032 659 1172 692 ratione

174 708 388 742 defensionis
406 706 685 742 Demosthenem
702 710 910 750 advocabit,
938 722 1171 756 nequaquam

173 760 350 792 admittite
368 759 574 804 improbum
592 758 777 794 hominem
805 762 850 794 ad
871 762 1082 802 dicendum,
1110 762 1171 807 qui

173 811 320 844 confidit
335 823 370 845 se
388 811 479 855 leges
497 812 640 845 eludere
657 825 759 856 posse
778 813 947 852 dicendo;
982 825 1048 846 nec
1076 813 1172 858 quis-

173 876 280 908 quam
296 862 344 896 sic
363 863 514 896 miretur
532 863 773 909 eloquentiam
796 865 908 906 illius,
944 871 983 899 ut
1000 871 1100 909 putet
1116 877 1171 898 ac-

173 915 380 948 cersendum
399 926 485 948 esse.

275 966 364 999 Cum
395 966 632 1010 interrogabit
655 964 844 1011 Ctesipho,
885 978 931 999 an
959 968 1086 1001 debeat
1109 980 1171 1001 vo—

171 1029 251 1051 care
269 1015 547 1051 Demosthenem
561 1044 569 1056 ,
598 1018 758 1063 quisquis
775 1018 929 1062 primam
949 1031 1073 1052 vocem
1091 1020 1171 1053 edet

171 1075 205 1102 et
222 1069 352 1102 accersi
369 1069 522 1108 iubebit,
556 1069 584 1103 is
607 1076 731 1102 contra
748 1081 783 1103 se
800 1069 937 1114 ipsum,
972 1077 1095 1104 contra
1122 1071 1171 1104 le-

171 1132 249 1165 ges,
279 1126 400 1153 contra
419 1120 620 1153 libertatem
640 1121 740 1155 illum
759 1121 916 1155 accersit.
969 1122 1034 1155 Sin
1050 1128 1168 1155 autem

170 1172 348 1205 videbitur
366 1171 466 1205 vobis
486 1172 610 1205 audire
629 1170 929 1212 Demosthenem,
958 1174 1103 1214 efficite,
1130 1180 1171 1208 ut

171 1223 334 1257 ordinem
353 1223 390 1255 in
408 1223 612 1257 defensione
629 1231 746 1257 servet
763 1225 937 1265 eundem,
973 1237 1078 1270 quem
1104 1238 1168 1270 ego

170 1275 308 1310 servavi
328 1275 363 1307 in
383 1275 620 1309 accusatione.
661 1275 753 1310 Nam
766 1302 775 1315 ,
803 1282 842 1309 ut
860 1276 1073 1309 admoneam
1093 1289 1169 1318 vos,

170 1339 234 1370 ego
256 1338 372 1371 neque
396 1326 574 1370 privatam
601 1327 711 1359 vitam
736 1327 851 1367 illius,
894 1340 1010 1372 neque
1034 1328 1168 1371 flagitia

170 1377 310 1422 publica
332 1377 430 1422 prius
449 1378 568 1422 attigi,
604 1390 684 1411 cum
709 1379 850 1412 abunde
876 1379 989 1412 multa
1013 1391 1169 1412 comme-

169 1441 313 1463 morare
343 1441 504 1474 possem,
545 1436 718 1475 tanquam
744 1442 892 1474 prorsus
918 1431 1054 1463 deesset
1078 1428 1169 1463 mihi

170 1481 339 1519 materia;
365 1481 425 1514 sed
439 1480 597 1525 primum
614 1481 707 1524 leges
730 1478 894 1521 exhibui,
928 1493 1020 1526 quae
1047 1488 1169 1515 vetant

171 1544 345 1565 coronare
372 1544 451 1572 eos,
485 1532 549 1577 qui
571 1533 734 1565 nondum
765 1533 966 1566 retulerunt
998 1533 1169 1568 rationes.

169 1583 308 1616 Deinde
331 1583 421 1623 dixi,
450 1581 719 1628 Ctesiphontem
735 1582 970 1617 Demostheni
995 1596 1167 1617 coronam

170 1634 366 1667 decrevisse
383 1635 544 1667 nondum
563 1635 682 1669 relatis
705 1635 924 1675 rationibus,
951 1635 1027 1669 sine
1046 1635 1167 1682 aliquo

170 1692 375 1731 praetextu,
403 1686 478 1719 sine
498 1686 626 1719 usitata
648 1686 853 1730 exceptione
879 1686 1087 1732 (postquam
1113 1700 1168 1721 re-

170 1738 292 1771 tulerit
313 1737 488 1781 rationes)
512 1739 601 1770 adeo
624 1744 658 1770 et
680 1750 742 1770 vos
767 1744 801 1770 et
824 1738 917 1782 leges
941 1739 1167 1783 contempsit.

169 1788 327 1833 Exposui
356 1788 459 1828 item,
505 1790 687 1833 quomodo
718 1789 918 1823 cavillatori
943 1790 1015 1824 sint
1041 1790 1168 1835 legem.

170 1840 332 1874 Secundo
350 1839 497 1872 recitavi
513 1840 606 1885 leges
623 1841 666 1873 de
683 1841 882 1885 praeconiis·
894 1868 903 1881 ,
938 1853 1028 1887 quae
1048 1843 1166 1886 palam

170 1889 362 1936 prohibent
380 1891 587 1925 renuntiare
605 1904 776 1925 coronam
793 1905 811 1925 a
831 1893 965 1938 populo
988 1894 1167 1927 decretam

171 1950 267 1976 extra
295 1955 517 1976 concionem.

272 1995 319 2028 At
347 1992 515 2038 Ctesipho
540 2006 614 2028 non
639 1995 753 2029 solum
780 1996 930 2029 violavit
955 1997 1069 2040 leges,
1106 1997 1168 2030 sed

171 2052 204 2078 et
220 2052 359 2090 tempus
383 2046 566 2090 praeconii
595 2052 629 2079 et
653 2047 783 2082 locum.
848 2046 949 2081 Iussit
975 2048 1070 2080 enim
1092 2060 1167 2081 non

170 2097 206 2129 in
227 2097 418 2137 concione,
446 2098 505 2131 sed
522 2097 558 2130 in
574 2095 715 2131 theatro
731 2099 963 2144 praeconium
980 2099 1077 2140 fieri,
1103 2112 1167 2133 nec

171 2161 250 2181 cum
268 2146 421 2182 habetur
437 2148 561 2181 concio
573 2175 583 2189 ‚
604 2151 666 2183 sed
684 2163 763 2184 cum
777 2151 982 2195 tragoediae
1000 2149 1167 2185 exhiben-

170 2206 240 2234 tur.
292 2200 420 2233 Postea
437 2213 515 2233 cum
534 2201 576 2233 de
602 2201 741 2245 privata
767 2201 841 2236 eius
865 2203 936 2235 vita
959 2202 1166 2237 brevissime

170 2252 284 2284 dicam
299 2279 308 2291 ,
335 2253 378 2285 de
395 2252 500 2285 rebus
519 2252 563 2285 ab
580 2265 621 2286 eo
641 2260 764 2286 contra
782 2253 973 2287 utilitatem
996 2254 1167 2299 reipubli-

171 2315 230 2335 cae
250 2303 353 2346 gestis
369 2303 511 2347 longior
530 2310 582 2338 est
607 2305 736 2339 oratio.
796 2304 934 2338 Eodem
963 2306 1089 2339 ordine
1113 2306 1167 2340 iu-

170 2353 248 2386 bete
266 2353 544 2388 Demosthenem
563 2357 798 2401 respondere:
830 2357 988 2402 primum
1011 2358 1054 2391 de
1077 2358 1167 2402 lege,

171 2416 262 2449 quae
284 2412 379 2438 xetat
402 2407 588 2447 coronari,
624 2407 835 2454 priusquam
859 2409 992 2442 relatae
1015 2409 1086 2443 sint
1110 2422 1166 2442 ra-

170 2456 304 2493 tiones;
345 2457 471 2491 deinde
494 2459 779 2498 renuutiatione;
822 2461 947 2500 tertio,
989 2462 1087 2506 quod
1115 2468 1166 2495 est

170 2507 424 2551 praecipuum,
472 2509 619 2553 planum
661 2512 786 2552 saciat,
837 2524 873 2545 se
909 2512 1057 2556 dignum
1091 2525 1164 2547 esse

171 2571 318 2592 corona.

273 2610 342 2643 Sed
360 2610 389 2643 si
406 2617 500 2654 petet
518 2624 536 2644 a
554 2613 671 2653 vobis,
699 2621 738 2647 ut
756 2614 970 2658 permittatis
987 2627 1067 2648 eum
1093 2615 1163 2648 alio

172 2661 296 2694 ordine
318 2662 533 2696 defensionis
556 2664 627 2704 uti,
664 2677 702 2697 ac
725 2666 950 2709 pollicebitur
975 2679 1010 2700 se
1034 2667 1071 2699 in
1094 2668 1163 2700 fine

172 2713 344 2747 orationis
362 2714 404 2747 de
421 2713 556 2758 legibus
574 2727 829 2759 responsurum
853 2730 945 2758 esse,
973 2731 1017 2752 ne
1041 2730 1164 2752 conce-

922 109 1033 144 MEL.
1069 110 1272 145 SCRIPTA

1313 111 1649 148 PHILOLOGICA.
2151 114 2226 152 928

1227 196 1338 237 datis,
1366 210 1431 231 nec
1448 197 1617 242 ignoretis
1642 211 1722 232 eum
1748 198 1894 232 insidias
1919 199 2049 233 iudicio
2075 207 2223 236 struere.

1226 248 1309 282 Non
1327 249 1421 282 enim
1439 249 1475 282 id
1493 257 1590 294 aget,
1624 257 1663 283 ut
1685 256 1767 283 tunc
1785 251 1826 283 de
1844 251 1979 294 legibus
1996 253 2222 296 respondeat,

1226 301 1287 333 sed
1310 300 1393 345 quia
1419 301 1552 334 nullam
1578 301 1707 335 iustam
1734 302 1975 335 defensionem
1996 300 2122 343 habet,
2149 309 2222 337 stu-

1227 352 1286 384 det
1312 352 1464 385 aliarum
1490 365 1610 386 rerum
1636 353 1818 386 mentione
1847 353 2058 387 memoriam
2082 366 2223 389 accusa-

1226 403 1334 436 tionis
1351 403 1515 437 obruere.
1573 403 1671 437 Sicut
1688 404 1795 448 igitur
1812 405 1849 438 in
1865 405 2038 450 gymnicis
2056 405 2220 439 certami-

1225 454 1330 488 nibus
1347 454 1473 488 videtis
1488 454 1622 499 pugiles
1642 456 1684 488 de
1702 456 1780 488 loco
1804 456 1897 489 inter
1920 469 1956 490 se
1981 463 2133 490 certare:
2170 457 2220 490 ita

1226 512 1260 538 et
1281 518 1344 539 vos
1361 512 1433 538 tota
1453 505 1510 538 die
1531 517 1597 550 pro
1615 507 1796 550 republica
1815 520 1895 541 cum
1914 521 1956 541 eo
1979 509 2022 541 de
2047 508 2223 542 defensio-

1226 557 1281 591 nis
1299 557 1424 590 ordine
1444 557 1665 597 contendite,
1693 570 1757 591 nec
1779 558 1884 592 sinite
1909 572 1988 592 emn
2016 566 2113 593 extra
2139 572 2222 593 cau-

1225 620 1301 642 sam
1331 609 1474 653 vagari,
1515 609 1575 641 sed
1612 609 1813 653 compellite
1844 622 1925 643 eum
1957 611 2050 644 intra
2078 623 2223 645 causam

1225 660 1432 694 assiduitate
1450 666 1484 692 et
1500 659 1684 703 vigilantia
1710 667 1846 701 vestra,
1881 668 1914 694 et
1937 663 2122 696 observate
2147 663 2222 696 eius

1225 711 1475 756 digressiones.

1326 762 1461 796 Verum
1480 761 1648 795 convenit
1673 761 1800 802 etiam,
1828 769 1868 796 ut
1892 763 2029 804 dicam,
2057 763 2143 809 quid
2167 764 2222 798 fu-

1225 820 1345 847 turum
1373 814 1429 848 sit.
1493 813 1587 848 Nam
1619 811 1716 847 haud
1746 814 1852 847 dubie
1879 812 2046 859 Ctesipho
2073 815 2224 848 adducet

1223 865 1331 899 istum
1365 865 1598 910 impostorem
1627 877 1666 898 ac
1692 865 1828 906 furem,
1872 866 1935 911 qui
1963 866 2222 911 rempublicam

1223 917 1453 961 depeculatus
1473 923 1543 957 est,
1578 916 1607 950 is
1622 916 1760 950 facilius
1778 917 1917 961 plorat,
1954 930 2063 963 quam
2088 917 2150 951 alii
2172 917 2222 951 ri-
2268 938 2275 942 κ
2317 924 2319 938 ³

1223 968 1328 1008 dent,
1357 975 1391 1001 et
1408 968 1452 1001 ad
1478 968 1713 1013 peierandum
1740 968 1920 1002 levissimo
1944 968 2129 1002 momento
2154 969 2222 1002 im-

1223 1019 1379 1064 pellitur.
1432 1018 1478 1053 Et
1493 1017 1591 1054 haud
1609 1020 1703 1059 scio,
1735 1032 1780 1052 an
1806 1019 1913 1053 etiam
1935 1017 2008 1060 his,
2044 1020 2107 1066 qui
2130 1020 2222 1054 iudi-

1223 1070 1316 1104 cium
1334 1071 1584 1112 circumstant,
1613 1070 1892 1112 conviciabitur,
1927 1083 1967 1104 ac
1992 1071 2084 1105 dicet
2106 1069 2222 1106 homi—

1222 1135 1284 1156 nes
1311 1129 1497 1167 potentes,
1532 1122 1749 1167 descriptos,
1787 1123 1985 1156 accusatori
2008 1124 2150 1164 adesse,
2184 1130 2221 1157 at

1222 1173 1380 1218 plebeios
1402 1172 1566 1208 homines
1593 1186 1655 1207 reo
1681 1174 1813 1208 favere.
1873 1174 1962 1208 Cum
1989 1181 2109 1208 autem
2132 1173 2221 1209 haee

1221 1225 1315 1258 dicet
1332 1224 1611 1266 Demosthenes,
1646 1226 1859 1269 respondete
1879 1227 1923 1258 ad
1940 1225 2127 1260 seditiosos
2151 1227 2220 1260 cla·

1222 1289 1339 1311 mores
1357 1277 1485 1322 ipsius;
1520 1277 1550 1311 si
1566 1276 1618 1310 tui
1633 1276 1765 1310 similes
1781 1276 1929 1310 fuissent
1954 1277 2030 1317 isti,
2068 1277 2131 1322 qui
2155 1290 2219 1322 po-

1220 1328 1345 1372 pulum
1365 1329 1402 1360 in
1417 1327 1573 1372 patriam
1590 1327 1841 1368 restituerunt,
1869 1340 2056 1373 nunquam
2072 1328 2218 1363 libertas

1220 1385 1430 1423 recuperata
1448 1385 1548 1413 esset.
1600 1378 1647 1411 At
1663 1379 1714 1411 illi
1731 1379 2037 1413 turbulentissimo
2054 1386 2218 1424 tempore

1220 1436 1455 1464 servaverunt
1478 1431 1678 1470 civitatem,
1718 1430 1859 1474 prolata
1885 1430 1944 1463 illa
1969 1427 2220 1464 honestissima

1220 1482 1412 1515 sententia:
1454 1481 1508 1516 Ne
1541 1482 1620 1526 quis
1647 1486 1812 1525 acceptae
1835 1481 1989 1514 iniuriae
2013 1483 2220 1515 recordare-

1221 1539 1289 1566 tur.
1334 1533 1381 1566 At
1397 1539 1435 1566 tu
1451 1533 1600 1566 vulnera
1619 1532 1722 1572 facis,
1750 1538 1784 1565 et
1802 1532 1915 1577 magis
1933 1538 2016 1566 sunt
2030 1533 2096 1566 tibi
2113 1545 2219 1567 curae

1221 1584 1453 1630 quotidianae
1476 1583 1773 1624 declamationes,
1801 1596 1909 1629 quam
1932 1584 2026 1618 salus
2048 1584 2219 1629 reipubli-

1221 1648 1293 1669 cae.
1328 1636 1484 1681 Quando
1503 1641 1622 1668 autem
1639 1632 1749 1668 homo
1766 1635 1933 1679 periurus
1951 1635 2047 1668 volet
2063 1648 2099 1670 se
2115 1635 2220 1671 iuris-

1220 1687 1364 1720 iurandi
1391 1687 1563 1732 religione
1590 1686 1702 1727 tueri,
1740 1684 1807 1719 hoc
1835 1686 2025 1732 opponite:
2069 1688 2167 1733 quod
2188 1688 2219 1722 si

1221 1738 1300 1784 quis
1329 1738 1495 1784 periurus
1524 1738 1681 1783 postulat
1711 1738 1779 1772 sibi
1810 1738 1914 1771 fidem
1946 1736 2090 1779 haberi,
2136 1737 2220 1773 huic

1222 1796 1364 1834 oportet
1381 1797 1442 1824 aut
1462 1790 1551 1824 alios
1575 1790 1780 1834 contingere
1804 1790 2005 1831 auditores,
2040 1796 2102 1824 aut
2126 1797 2219 1825 certe

1220 1842 1328 1882 tales,
1356 1842 1416 1888 qui
1433 1842 1551 1875 nullos
1568 1841 1663 1875 Deos
1682 1847 1823 1879 curent;
1852 1848 1887 1874 at
1902 1839 2031 1875 horum
2050 1848 2217 1876 neutrum

1221 1893 1369 1938 contigit
1385 1891 1631 1927 Demostheni.
1687 1892 1740 1926 De
1756 1890 1948 1938 lachrymis
1966 1899 2086 1927 autem
2104 1900 2139 1927 et
2155 1906 2218 1927 vo—

1221 1945 1268 1979 cis
1292 1951 1417 1979 tenore
1445 1957 1523 1979 cum
1543 1944 1780 1988 interrogabit
1801 1957 1883 1985 vos,
1918 1957 1989 1990 quo
2014 1957 2072 1978 me
2099 1946 2217 1979 confe-

1220 2009 1317 2037 ram,
1345 1997 1457 2037 cives,
1485 1996 1514 2030 si
1530 2009 1587 2029 me
1603 1996 1744 2029 civitate
1764 1995 2005 2030 excluseritis?
2040 2009 2112 2042 quo
2132 2009 2217 2031 avo-

1219 2048 1327 2082 labo?
1379 2048 1606 2093 Respondete
1625 2048 1672 2081 ei:
1699 2047 1746 2080 At
1763 2059 1848 2080 vero
1865 2060 1936 2093 quo
1954 2048 2135 2092 confugiet
2152 2061 2216 2094 po-

1219 2100 1324 2144 pulus
1350 2098 1604 2134 Atheniensis?
1645 2099 1689 2131 ad
1718 2111 1808 2144 quae
1831 2099 1961 2133 auxilia
1985 2099 2133 2145 recipiet
2154 2100 2216 2135 se?

1220 2152 1306 2197 quid
1323 2149 1431 2185 habet
1446 2151 1597 2197 reliqui,
1626 2150 1712 2196 quid
1732 2151 1940 2195 providisti,
1976 2152 2073 2197 quod
2090 2152 2136 2185 ad
2152 2165 2217 2197 po-

1219 2203 1295 2248 puli
1320 2204 1469 2237 salutem
1495 2201 1733 2236 conduceret?
1794 2202 1907 2243 Nam,
1941 2203 2125 2249 quomodo
2150 2204 2227 2239 tibi„

1219 2255 1463 2300 prospexeris,
1500 2266 1623 2287 omnes
1646 2254 1829 2294 videmus,
1867 2256 2007 2288 deserta
2027 2255 2115 2289 urbe
2140 2267 2217 2290 non

1218 2305 1358 2341 habitas
1374 2307 1411 2340 in
1426 2307 1574 2346 Piraeo,
1607 2306 1667 2339 sed
1685 2318 1725 2338 ex
1741 2306 1828 2339 urbe
1848 2307 2013 2340 subducis
2031 2312 2084 2347 te,
2118 2314 2215 2352 post-

1219 2371 1327 2404 quam
1354 2356 1463 2392 homo
1487 2357 1731 2391 timidissimus
1768 2358 1873 2402 regiis
1904 2358 2153 2404 largitionibus
2181 2366 2216 2394 et

1217 2411 1368 2455 publicis
1384 2411 1486 2444 furtis
1505 2409 1637 2443 ditatus
1653 2422 1699 2443 es.
1752 2409 1917 2456 Denique
1941 2411 2027 2456 quid
2053 2422 2142 2455 opus
2164 2418 2216 2446 est

1218 2462 1293 2496 istis
1317 2460 1510 2508 lachrymis
1535 2467 1568 2493 et
1592 2461 1658 2494 ista
1681 2462 1986 2506 comploratione,
2029 2474 2109 2496 cum
2130 2475 2212 2497 reus

1217 2514 1262 2547 sit
1286 2512 1474 2559 Ctesipho,
1517 2518 1551 2545 et
1571 2512 1741 2547 iudicium
1771 2520 1976 2547 exerceatur
1999 2521 2138 2547 tantum
2167 2515 2212 2548 de

1217 2565 1374 2599 mulcta?
1426 2565 1483 2598 Tu
1502 2576 1586 2597 vero
1613 2576 1728 2610 neque
1755 2565 1796 2598 de
1820 2565 2058 2610 patrimoniO,
2094 2577 2210 2612 neque

1217 2618 1259 2650 de
1277 2617 1367 2657 vita,
1395 2628 1510 2662 neque
1531 2616 1574 2649 de
1594 2616 1725 2649 mulcta
1745 2617 1903 2650 dimicas.

1321 2668 1390 2702 Sed
1413 2681 1486 2702 non
1513 2669 1564 2701 vis
1592 2667 1655 2700 tibi
1677 2668 1767 2712 eripi
1792 2680 1935 2701 auream
1957 2680 2126 2702 coronam
2141 2696 2150 2709 ,
2177 2676 2211 2702 et

1218 2720 1449 2764 praeconium
1470 2725 1593 2753 contra
1610 2719 1702 2764 leges
1718 2720 1912 2753 decretum.
1966 2719 2078 2766 Atqui
2100 2721 2129 2754 si
2155 2718 2210 2754 hic

2330 1769 2351 1789 im

2323 2758 2351 2834 fan
