2351 2990
95 119 169 157 785
222 120 376 156 XXXIV.

89 209 247 242 officium
270 207 419 241 faciant!
456 209 610 254 denique
633 208 663 242 si
687 208 803 241 refixis
826 207 961 252 legibus
985 220 1085 241 suam

88 260 240 306 quisque
256 260 442 293 libidinem
458 272 524 304 pro
543 260 617 304 lege
635 266 740 305 atque
763 260 916 304 imperio
940 257 1086 292 babeat!

86 311 129 345 In
144 310 351 345 huiusmodi
367 311 528 345 moribus
544 312 630 344 cedo
642 338 651 350 ,
686 312 784 345 cuius
803 312 874 344 vita
892 312 929 344 in
944 311 1087 344 civitate

85 364 125 396 in
149 369 226 396 tuto
252 362 344 396 erit?
413 362 535 408 Quare
560 363 678 407 legum
701 363 875 397 autoritas
897 363 1087 396 incolumis

86 426 162 449 esse
179 415 294 448 (lebet.
346 414 464 459 Quam
483 415 595 448 multa
620 415 716 447 enim
744 415 900 448 violenta
927 414 1087 455 consilia,

86 478 196 513 quam
212 466 333 499 variae
353 466 525 507 iniuriae,
563 479 653 512 quae
669 467 907 500 contumeliae
927 466 1087 512 quotidie

86 518 125 551 in
141 517 308 551 omnibus
329 517 479 551 urbibus
498 519 777 563 susciperentur!
813 532 892 552 cum
916 519 1026 551 modo
1054 524 1089 551 et

85 569 302 615 tranquillae
335 568 407 602 sint
438 576 473 602 et
503 582 567 603 suo
600 582 762 615 quaeque
795 570 920 604 ordine
942 570 1088 603 saciant.

83 621 272 666 Denique,
307 620 395 665 quid
421 633 511 665 opus
539 628 590 656 est
614 622 731 655 verbis
756 622 793 655 in
816 634 854 655 re
877 620 1088 655 manifesta?

84 673 180 708 Nam
197 672 254 705 vel
267 671 351 704 inde
370 679 521 717 apparet
536 674 629 717 leges
645 686 772 718 parere
788 673 1087 719 tranquillitatem

86 724 257 765 urbibus,
286 724 383 769 quod
406 737 485 757 cum
511 737 635 759 omnes
658 725 875 765 sortiantur,
910 731 1030 758 tamen
1051 721 1089 756 111

85 782 227 809 tantum
246 775 407 809 iudicant
423 788 492 816 res,
519 789 674 822 quorum
693 789 769 810 sors
784 776 906 810 vincit.
939 774 1088 820 Quare?

86 827 172 874 quia
196 833 231 860 et
259 832 353 861 sorte
379 827 477 860 ducti
499 834 583 861 sunt
606 834 639 861 et
655 828 852 861 renuntiati
868 827 965 861 iuxta
983 827 1089 870 leges,

85 885 122 912 et
147 891 229 912 cum
251 878 354 911 vobis
380 879 473 922 leges
498 879 681 912 iudicandi
698 885 911 924 potestatem
929 878 1089 918 fecerint,

85 937 192 975 turpe
217 929 287 963 erit
307 930 491 963 absolvere
517 942 619 971 eum,
661 931 723 976 qui
747 930 820 963 vim
846 936 972 963 contra
997 930 1090 973 leges

85 988 205 1027 parat,
233 987 268 1014 et
283 992 358 1013 non
373 993 579 1015 succensere
597 987 658 1015 aut
674 983 924 1015 incandescere
941 987 1090 1026 propter

85 1039 187 1066 tanta
203 1031 351 1077 flagitia.
411 1032 445 1065 O
471 1033 667 1067 execrabile
691 1034 803 1067 scelus
818 1033 886 1079 3⁵),
922 1046 1002 1066 cum
1029 1038 1089 1066 tua

86 1083 231 1118 licentia
258 1095 334 1116 non
357 1085 544 1126 cancellis,
579 1097 654 1118 non
677 1085 834 1125 foribus,
870 1086 931 1118 sed
958 1084 1090 1118 mulcta

86 1147 200 1181 eaque
218 1135 415 1180 perscripta
435 1136 472 1168 in
489 1148 588 1176 arce,
616 1143 715 1181 septa
734 1144 768 1170 et
782 1138 921 1170 frenata
940 1136 1004 1176 sit,
1039 1141 1091 1168 ta-

85 1199 172 1221 men
190 1185 261 1220 huc
283 1186 484 1231 irrumpere
510 1189 638 1229 audes,
672 1189 767 1222 unde
788 1195 820 1221 te
845 1189 939 1232 leges
965 1187 1093 1232 procul

86 1239 302 1278 extrudunt,
330 1239 443 1272 multo
464 1246 546 1272 ante
569 1240 773 1273 confossum
799 1240 912 1273 tribus
938 1238 1091 1278 iudiciis,

87 1303 109 1325 a
141 1289 369 1329 censoribus,
403 1302 423 1322 a
459 1291 729 1336 quaestoribus,
766 1298 799 1324 et
833 1303 912 1324 cum
944 1303 1008 1335 per
1036 1302 1091 1323 ca-

87 1341 265 1376 lumniam
285 1341 356 1374 alio
383 1354 554 1386 oppresso
582 1343 842 1376 condemnatus
864 1354 920 1381 es,
957 1348 990 1374 et
1014 1348 1092 1374 tan-

88 1400 166 1428 tum
182 1405 258 1426 non
273 1393 398 1427 ferreis
421 1394 555 1428 catenis
580 1394 765 1439 alligatus,
800 1400 921 1427 tamen
946 1391 1015 1426 huc
1039 1393 1092 1425 di-

86 1445 203 1490 ruptis
220 1444 370 1478 vinculis
386 1444 581 1490 irrepsisti,
609 1452 644 1479 et
659 1446 760 1478 inani
779 1450 966 1490 praetextu
989 1451 1092 1489 putas

87 1503 122 1531 te
139 1497 232 1540 leges
249 1508 372 1530 omnes
389 1496 570 1531 elusurum
589 1509 674 1531 esse.
728 1497 797 1531 Sed
812 1498 972 1530 adferam
991 1496 1092 1530 vobis

88 1548 313 1592 exemplum,
357 1549 455 1593 quod
485 1550 613 1583 doceat
640 1561 716 1582 non
741 1561 813 1582 esse
838 1549 1091 1593 negligendum

87 1601 210 1644 legum
229 1605 497 1644 contemptum,
524 1601 580 1634 vel
601 1600 637 1633 in
666 1612 778 1645 parva
803 1613 854 1634 re.
914 1601 1028 1640 mm,
1064 1600 1093 1634 si

89 1651 170 1698 quis
196 1651 392 1696 descriptos
419 1652 551 1686 civium
580 1653 723 1686 ordines
748 1652 893 1685 turbare
919 1652 1023 1692 velit,
1059 1658 1094 1684 et

89 1703 255 1737 consulat
282 1715 324 1736 ex
350 1703 505 1737 militum
530 1710 593 1738 aut
615 1705 877 1749 praefectorum
901 1703 953 1736 rei
976 1703 1093 1737 nauti-

90 1767 152 1789 cae
187 1761 248 1788 aut
283 1754 547 1789 classiariorum
571 1768 724 1789 numero
751 1755 889 1801 aliquot
911 1761 1093 1800 exemptos

89 1806 296 1841 oratoribus
322 1807 506 1840 addendos
532 1820 625 1847 esse,
666 1805 763 1841 hunc
785 1806 882 1840 haud
907 1808 1013 1841 dubie
1036 1819 1094 1840 oc-

90 1858 255 1892 cideretis
276 1858 372 1891 velut
390 1860 660 1903 perturbantem
687 1859 840 1892 civitatis
862 1865 1013 1899 statum,
1040 1859 1094 1892 id-

91 1922 161 1956 que
181 1910 272 1943 11118.
324 1910 442 1943 Porro
461 1917 596 1956 quanto
613 1911 756 1955 gravius
778 1909 847 1943 hoc
871 1911 1006 1944 malum
1031 1917 1094 1951 est,

90 1967 305 2007 potestatem
323 1962 439 1995 facere
461 1963 697 2007 capessendae
714 1962 929 2007 reipublicae
953 1969 1014 1995 aut
1030 1975 1094 2006 per

95 2014 169 2047 vim
199 2019 261 2046 aut
291 2013 477 2048 destinatis
514 2014 667 2054 carceri,
710 2021 771 2047 aut
806 2013 953 2046 infamia
991 2020 1093 2047 nota-

92 2064 156 2104 tis,
191 2070 253 2097 aut
281 2066 449 2106 aerariis,
483 2066 638 2111 denique
667 2064 735 2098 hoc
763 2078 872 2110 genus
901 2065 998 2105 aliis,
1033 2065 1095 2110 qui

95 2121 131 2149 et
165 2113 362 2155 habentur,
402 2123 436 2150 et
470 2130 507 2150 re
540 2117 616 2162 ipsa
654 2124 736 2151 sunt
770 2117 950 2155 scelerati,
1002 2129 1093 2162 quae

94 2167 216 2201 omnia
242 2166 279 2199 in
308 2165 403 2201 hunc
432 2175 651 2213 competunt.
721 2168 844 2214 ltaque
883 2181 947 2212 ego
976 2175 1093 2202 statuo

93 2218 167 2252 iam
203 2218 288 2252 olim
321 2216 418 2253 hunc
454 2232 494 2253 ea
531 2227 753 2265 perpetrasse
793 2220 927 2265 flagitia
946 2247 955 2257 ,
1004 2232 1095 2265 quae

94 2271 283 2316 capitalem
301 2283 457 2315 poenam
473 2273 717 2306 merebantur.
771 2272 956 2317 Quantum
974 2278 1094 2304 autem

95 2321 317 2368 audebitw),
350 2323 379 2356 si
401 2329 518 2357 vestra
543 2324 738 2364 autoritas,
773 2324 871 2369 quod
887 2322 947 2356 Dii
973 2321 1097 2368 prohi-

95 2374 224 2414 beant,
250 2375 420 2418 potestati
437 2375 510 2409 eius
528 2376 640 2409 robur
659 2375 916 2422 addiderit3⁷)?
960 2375 1095 2408 Mirum

130 2459 179 2488 35)
199 2459 231 2482 Η.
250 2458 268 2482 l.
289 2458 316 2481 in
335 2458 420 2484 Editt.
441 2459 534 2489 1559„
561 2460 755 2484 1564—1587.
781 2462 847 2484 nota
867 2459 998 2490 margin*

166 2493 316 2524 stogitonis
336 2493 461 2517 audacia,

131 2537 180 2565 36)
200 2537 233 2560 Η.
252 2536 270 2560 l.
290 2535 318 2559 in
333 2535 517 2567 Editt.1527.‚
538 2537 613 2562 1547.
633 2539 699 2561 nota
718 2538 854 2569 margin:
880 2537 962 2561 Redit
980 2538 1014 2561 ad
1033 2544 1099 2568 pei·-

169 2576 255 2595 sonae
272 2570 501 2600 insectationem,
522 2576 607 2601 eaque
625 2574 755 2602 tauquam
771 2573 884 2596 minoris
902 2573 1027 2602 probatio
1048 2574 1098 2596 est.

168 2607 204 2630 Et
223 2605 339 2635 primum
359 2605 426 2629 facit
445 2612 505 2628 eum
525 2605 717 2637 desperatum,
743 2609 770 2631 et
795 2610 925 2638 tanquam
952 2608 1099 2638 fui-entem,

168 2640 264 2698 utfdatlt
286 2640 390 2663 nullam
409 2641 514 2670 partein
535 2641 702 2671 reipublicae
721 2642 964 2666 administrandam
984 2642 1098 2666 idoneus

170 2681 198 2697 vi
219 2679 251 2698 ea
266 2680 308 2699 ur.

134 2717 182 2745 ³⁷)
201 2717 353 2746 addiderit]
380 2717 422 2741 sic
446 2719 523 2741 recte
549 2718 632 2742 Editt.
655 2719 749 2750 1527.,
771 2720 864 2751 1547„
885 2720 978 2751 1562.;

173 2751 265 2783 1559.‚
288 2751 480 2777 1564—1587.
500 2753 664 2776 addiderint.

108 2795 293 2825 MELANTH.
312 2796 418 2826 OPER.
452 2796 538 2826 Vni„
555 2796 661 2826 xvn.

1031 2459 1098 2483 Ari-

1015 2720 1099 2745 Editt.

421 120 647 156 INTERPR.
673 120 935 156 ORATIONIS
950 119 976 155 1.
1000 118 1344 155 DEMOSTHENIS
1367 116 1567 153 CONTRA
1590 114 2007 150 ARlSTOGITONEM.

2062 112 2136 149 786

1141 213 1259 240 autem
1283 212 1373 240 esset
1390 204 1571 238 neminem
1597 203 1633 236 id
1656 202 1765 241 scire,
1809 200 1904 235 hunc
1933 203 1978 235 ad
2001 200 2135 234 nullam

1141 258 1357 302 reipublicae
1379 263 1514 302 partem
1536 256 1729 300 gerendam
1746 254 1915 287 idoneum
1927 252 1973 299 ³⁸)
1992 258 2054 286 aut
2069 251 2138 285 uti-

1140 310 1210 343 lem
1228 322 1313 344 esse,
1367 309 1428 342 Dii
1445 308 1614 347 meliora,
1642 319 1749 352 quam
1773 311 1813 338 111
1836 311 1935 338 tanta
1959 305 2139 337 bonorum

1141 362 1302 395 virorum
1319 361 1440 406 inopia
1458 361 1521 399 sit,
1547 366 1587 393 ut
1610 359 1728 404 aliqua
1754 356 1970 401 reipublicae
1989 368 2072 400 pars
2096 355 2141 388 ad

1140 414 1422 457 Aristogitonem
1442 412 1630 445 deferenda
1650 412 1713 452 sit,
1744 409 1806 455 qui
1825 409 1869 440 ad
1886 420 1973 453 quas
1992 419 2047 440 res
2064 407 2140 439 ido-

1141 477 1228 499 neus
1246 466 1310 504 sit,
1339 464 1530 497 abominor
1547 463 1675 496 dicere.
1731 462 1839 507 Quod
1855 460 1884 495 si
1902 466 2022 493 tamen
2039 464 2139 491 tanta

1142 523 1194 550 est
1210 517 1331 561 inopia
1350 514 1560 555 hominum,
1588 515 1698 548 satius
1721 513 1829 547 suerit
1852 524 2000 557 prorsus
2023 510 2140 543 nullos

1142 581 1215 603 esse
1232 568 1480 611 magistratus,
1507 579 1613 612 quam
1631 566 1717 599 tales
1736 565 1898 609 praefici,
1936 563 2065 609 quibus
2080 573 2142 593 vo-

1141 621 1259 664 luptas
1282 625 1371 653 esset
1395 625 1554 652 evertere
1577 618 1848 661 rempublicam.
1915 615 2009 649 Nam
2044 613 2141 659 quod

1142 678 1282 705 tantum
1297 671 1408 704 scelus
1426 676 1495 710 est,
1525 671 1619 714 quod
1637 681 1711 701 non
1728 669 1858 701 audeat
1872 664 1929 699 hic
1945 664 2141 699 homuncio

1142 723 1340 767 suscipere,
1389 722 1631 754 inflammatus
1662 720 1775 753 veteri
1805 726 1838 752 et
1870 724 2021 762 paterno
2057 715 2141 749 odio

1143 787 1225 819 erga
1245 773 1445 819 populum?
1474 785 1548 806 non
1573 773 1662 806 alius
1689 773 1734 804 ad
1759 771 1991 804 evertendam
2016 769 2142 802 urbem

1142 826 1256 871 magis
1291 826 1441 859 idoneus
1485 824 1640 857 inveniri
1676 829 1806 868 posset.
1886 822 1969 855 Non
2006 820 2144 859 videtis,

1144 879 1242 924 quod
1260 890 1379 911 mores
1397 877 1472 910 eius
1490 876 1659 921 privatim
1672 902 1681 914 ,
1710 881 1743 908 et
1764 873 1922 908 actiones
1940 884 2063 906 01111185
2079 883 2144 916 pu-

1142 930 1233 963 blice
1257 942 1332 962 non
1355 929 1470 968 ratio,
1502 940 1578 960 non
1601 928 1739 972 pudor,
1773 927 1833 960 sed
1857 924 2058 969 desperatio
2083 935 2145 967 gu-

1143 980 1295 1016 bernat?
1350 981 1474 1026 Neque
1492 979 1587 1013 enim
1606 979 1675 1012 alia
1694 990 1749 1011 res
1775 989 1856 1010 eum
1882 978 1925 1009 ad
1953 975 2145 1020 suscipien-

1144 1035 1207 1067 das
1228 1031 1292 1067 has
1317 1033 1476 1066 actiones
1503 1043 1627 1064 omnes
1656 1030 1802 1069 incitat,
1837 1028 1913 1062 nisi-
1930 1026 2145 1072 desperatio.

1145 1085 1253 1130 Quod
1271 1097 1351 1118 cum
1369 1083 1515 1128 singulis
1540 1082 1681 1116 exitiale
1707 1081 1841 1114 malum
1868 1086 1941 1120 est,
1976 1086 2052 1113 tum
2078 1077 2147 1111 rei-

1144 1137 1308 1182 publicae
1331 1136 1431 1170 1111110
1456 1136 1564 1168 modo
1588 1134 1828 1167 tolerandum.
1897 1132 1991 1165 Nam
2025 1132 2149 1176 despe-

1144 1188 1269 1234 131139)
1290 1188 1383 1221 caeci
1398 1186 1637 1232 praecipitant
1654 1186 1691 1218 in
1706 1185 1883 1229 pericula,
1911 1195 1975 1216 nec
1997 1183 2147 1227 diligen-

1146 1241 1192 1274 tia
1222 1247 1256 1273 et
1280 1240 1428 1273 consilio
1453 1239 1602 1272 salutem
1629 1250 1730 1271 suam
1754 1236 1942 1275 muniunt,
1983 1241 2018 1268 et
2041 1235 2146 1279 plane

1146 1304 1230 1326 casu
1247 1293 1304 1331 fit,
1333 1298 1373 1324 111
1393 1291 1590 1323 incolumes
1613 1290 1768 1322 evadant
1795 1287 2004 1333 aliquando.
2058 1285 2147 1331 Quis

1145 1343 1255 1387 igitur
1279 1355 1385 1376 sanus
1410 1348 1471 1375 aut
1493 1354 1593 1375 suam
1620 1347 1682 1374 aut
1706 1339 1844 1384 patriae
1874 1339 2024 1372 salutem
2057 1338 2148 1371 eius-

1145 1395 1246 1428 modi
1263 1392 1405 1427 homini
1422 1392 1651 1426 committat?
1687 1391 1776 1437 Quis
1794 1403 1868 1425 non
1882 1391 2008 1436 procul
2024 1390 2149 1435 fugiat,

1147 1453 1181 1480 et
1206 1447 1434 1490 desperatum
1456 1445 1561 1488 longe
1590 1456 1609 1476 a
1633 1444 1816 1488 republica
1839 1444 2070 1482 submoveat,
2103 1454 2147 1475 ne

1147 1498 1226 1543 quis
1260 1497 1297 1530 in
1332 1497 1440 1530 talem
1476 1496 1532 1528 vel
1570 1501 1713 1539 praeter
1745 1495 1954 1539 opinionem
1990 1492 2148 1527 incidat?

1146 1550 1239 1584 §am
1257 1561 1337 1590 eos,
1364 1548 1426 1594 qui
1443 1548 1592 1581 urbibus
1612 1546 1822 1587 consulunt,
1852 1558 2023 1592 quaerere
2042 1558 2148 1590 opor·

1147 1607 1217 1642 tet,
1258 1613 1334 1634 non
1365 1612 1520 1646 quorum
1545 1599 1745 1632 temeritate
1768 1605 1930 1631 exertant
1955 1598 2148 1642 rempubli-

1147 1665 1247 1692 cam,
1271 1653 1333 1686 sed
1352 1663 1507 1697 quorum
1527 1650 1718 1695 prudentia
1744 1656 1778 1683 et
1805 1650 1989 1694 diligentia
2014 1656 2149 1684 susten-

1147 1711 1235 1738 tent.
1288 1704 1382 1738 Nam
1397 1703 1601 1736 felicitatem
1622 1701 1869 1748 prudentiam)
1891 1702 2058 1735 omnibus
2084 1699 2148 1734 ho-

1146 1756 1304 1789 minibus
1327 1755 1434 1800 parit.
1500 1755 1702 1788 Temeritas
1727 1767 1768 1787 eo
1792 1754 1943 1798 abripit,
1979 1765 2150 1799 quorsum

1148 1809 1288 1841 auferre
1313 1808 1412 1840 illum
1442 1807 1643 1851 oportebat.
1711 1805 1838 1838 Videte
1861 1818 1947 1838 vero
1972 1817 2047 1838 non
2074 1811 2149 1837 tam

1149 1860 1350 1893 orationem
1368 1871 1483 1891 meam
1505 1870 1612 1903 quani
1632 1870 1858 1891 communem
1882 1855 2074 1890 hominum
2099 1856 2151 1889 vi-

1147 1919 1234 1945 tam.
1272 1910 1313 1944 In
1331 1911 1498 1944 omnibus
1513 1910 1661 1943 urbibus
1681 1921 1764 1942 arae
1785 1916 1891 1955 atque
1911 1909 2043 1953 templa
2055 1909 2150 1942 Deo-

1147 1976 1228 1997 rum
1246 1969 1349 2003 sunt,
1377 1962 1414 1995 in
1432 1960 1485 1996 his
1504 1962 1610 1994 etiam
1627 1961 1882 1994 Providentiae
1905 1960 2043 2007 arae‘fl)
2068 1967 2151 1995 sunt

1148 2022 1321 2061 tanquam
1341 2014 1462 2058 magni
1479 2013 1649 2047 numinis.
1697 2013 1761 2047 Est
1779 2020 1812 2046 et
1832 2014 1928 2058 apud
1943 2013 2151 2058 Apollinem

1148 2068 1186 2100 in
1212 2064 1361 2111 Delphis
1386 2066 1478 2113 11142)
1513 2066 1589 2109 ipso
1622 2065 1747 2110 templi
1776 2065 1875 2099 aditu
1896 2065 2151 2098 Providentiae

1151 2131 1234 2159 ara,
1261 2126 1295 2152 et
1314 2125 1366 2152 est
1381 2118 1512 2162 Apollo
1540 2118 1614 2162 ipse
1640 2124 1760 2157 vates,
1796 2117 2017 2162 prospiciens
2044 2124 2150 2163 atque

1149 2183 1300 2204 monens
1318 2170 1355 2202 in
1371 2177 1562 2215 utramque
1586 2176 1746 2214 partem,
1781 2170 1867 2215 quid
1890 2170 1936 2204 sit
1961 2169 2151 2214 optimum,

1148 2235 1265 2268 neque
1290 2222 1354 2255 ulli
1377 2223 1498 2266 generi
1522 2219 1711 2254 hominum
1742 2222 2002 2266 desperationis
2023 2228 2058 2254 et
2085 2221 2151 2254 1111-

1149 2274 1342 2319 pudentiae
1359 2285 1442 2306 arae
1462 2279 1563 2313 sunt,
1592 2273 1653 2307 sed
1669 2273 1824 2307 iustitiae
1847 2279 1953 2318 atque
1981 2285 2150 2307 verecun—

1185 2408 1234 2437 33)
1255 2410 1331 2432 Haec
1349 2410 1433 2432 verba
1452 2407 1479 2432 in
1492 2408 1576 2432 Editt.
1595 2409 1681 2439 1559„
1703 2409 1894 2433 1564—1557.
1915 2409 1941 2433 in
1960 2410 2086 2441 mai-gine
2104 2417 2150 2435 re—

1219 2444 1307 2473 petita
1326 2446 1390 2467 sunt
1411 2444 1468 2467 sic:
1494 2444 1535 2467 Ad
1558 2443 1659 2466 nullam
1678 2443 1846 2473 reipublicae
1865 2446 1971 2474 partem
1990 2445 2114 2470 idoneus.

1184 2487 1233 2516 39)
1253 2488 1329 2511 naec
1347 2494 1401 2511 vox
1419 2487 1447 2510 in
1467 2487 1551 2511 Editt.
1572 2486 1665 2512 1559..
1691 2486 1785 2518 1564„
1813 2487 1888 2513 1570.
1916 2487 1942 2511 iu
1963 2488 2087 2524 margine
2105 2491 2149 2512 est

1221 2522 1346 2553 repetita.

1185 2566 1233 2594 40)
1253 2566 1286 2590 Η,
1307 2566 1324 2588 l.
1343 2565 1371 2588 in
1390 2564 1474 2588 Editt.
1494 2565 1586 2595 1559„
1615 2564 1805 2590 156-1—1587.
1826 2568 1893 2590 nota
1911 2567 2044 2597 margia:
2077 2566 2148 2590 Pru-

1221 2600 1315 2623 dentia
1334 2600 1408 2623 felix.

1186 2642 1234 2673 41)
1255 2644 1312 2666 Hae
1336 2643 1406 2666 dnae
1431 2648 1516 2666 voces
1542 2642 1569 2666 in
1587 2642 1673 2666 Editt.
1691 2643 1784 2674 1559.,
1815 2644 2008 2669 1564—1537.
2029 2644 2055 2668 in
2075 2649 2150 2668 mar-

1219 2677 1284 2708 gine
1303 2680 1367 2700 sunt
1386 2677 1530 2707 repetitae.

1187 2720 1461 2779 42)-1111ἒ8ξ11ᾱ1ἒὲ151ξ1,
1483 2719 1568 2751 1527.,
1589 2719 1680 2753 1547.,
1701 2721 1792 2751 ¹562.;
1818 2721 1846 2745 in
1866 2722 1950 2748 Editt.
1972 2723 2062 2754 1559.‚
2085 2723 2151 2748 ¹564
