2294 2975
109 112 178 148 155

109 207 241 237 imunt,
292 200 460 244 temporis
493 201 655 233 videlicet
685 207 717 233 et
751 199 918 237 rationis,
972 203 1092 241 estque

110 250 300 283 sententia:
328 251 473 296 Alioqui
491 258 539 285 est
560 252 736 289 futurum,
771 257 809 283 ut
833 257 969 293 tempus
994 248 1095 280 dolo-

111 313 185 333 rem
205 301 359 341 minuat,
395 315 504 347 quare
532 309 631 344 turpe
659 308 708 334 est
732 307 764 332 te
790 312 863 332 nou
888 298 1095 344 praevenire

113 352 248 384 ratione
270 353 353 385 illud
373 359 522 397 tempus.
576 351 769 395 Septinnuu
791 364 807 383 a
832 351 1014 384 voluntate
1039 350 1098 381 de-

113 403 252 435 suuctae
280 404 384 436 tiliae:
421 403 495 447 Ipsa
523 415 595 434 non
623 402 696 434 vult
722 408 754 434 tc
779 402 923 435 nomine
947 413 1010 434 suo
1037 401 1098 433 do-

114 453 183 485 lere
194 454 257 497 ²⁷),
287 467 367 496 ergo
395 466 526 487 cessare
547 453 661 486 debes.
716 452 890 486 Ultimum
913 463 1100 496 argumen-

116 511 188 536 tum
209 518 226 536 a
245 505 398 547 periculo
423 505 544 548 ipsius,
577 515 621 535 ne
646 503 835 536 immodico
862 505 958 537 luctu
976 504 1101 536 Caesa—

116 567 190 587 rem
217 556 388 591 offendat,
424 562 456 586 et
483 554 640 587 animum
668 554 704 586 in
730 555 966 599 suspicionem
992 554 1101 586 addu-

117 612 171 637 cat
187 605 284 649 quasi
303 618 373 636 uon
392 606 481 637 tiliae
493 632 500 645 ,
528 606 588 637 sed
605 605 819 649 reIpublicae
837 618 955 639 casnm
972 606 1102 648 lugeat.

115 655 282 698 Epilogus
308 653 409 687 hahet
437 656 693 699 praecisionem
715 658 971 696 verecundam,
1002 662 1035 688 et
1059 655 1103 688 si-

117 706 190 738 mul
209 713 464 739 commemorat
479 707 577 739 brevi
594 707 804 751 repetitione
821 707 1103 751 magnitudinem

118 756 227 788 animi
252 756 450 797 Ciceronis,
486 759 700 803 quandoque
731 771 804 792 non
835 759 878 792 sit
902 760 1031 791 fractus
1055 770 1105 790 se-

119 808 240 840 cundis
269 808 392 848 rebus,
437 815 538 853 turpe
563 810 710 843 omniuo
743 810 787 843 sit
819 811 923 843 rebus
950 808 1106 842 adversis

117 859 243 902 frangi.

367 927 500 962 Aliud
530 935 855 972 argumentum.

220 986 378 1030 Epistola
396 988 509 1021 Servii
528 988 763 1021 consolatoria
784 995 852 1028 est,
888 987 923 1020 iu
948 1000 1015 1032 qua
1038 985 1105 1020 bu-

121 1038 323 1071 manissime
343 1039 546 1072 consolatur
563 1039 788 1079 Ciceronem,
822 1039 882 1084 qui
900 1039 936 1070 in
954 1038 1106 1071 maximo

122 1094 197 1120 erat
216 1089 309 1121 luctu
329 1097 474 1133 propter
491 1090 625 1122 obitum
646 1090 747 1123 filiae.
788 1090 911 1122 Primo
930 1090 1007 1121 loco
1028 1101 1108 1121 nar-

120 1139 212 1171 ratio
248 1140 411 1183 ponitur,
462 1153 550 1186 quae
588 1139 693 1173 hahet
729 1140 1106 1173 commemorationem

120 1190 261 1222 brevem
293 1191 344 1223 sui
369 1191 521 1230 doloris,
563 1193 657 1236 quod
682 1191 844 1224 videlicet
869 1191 1022 1235 graviter
1047 1191 1107 1222 do-

120 1241 225 1273 luerit
241 1243 282 1274 de
301 1255 380 1275 casu
399 1243 489 1275 filiae
507 1242 697 1275 Ciceronis.
751 1242 797 1275 Et
811 1242 908 1274 addit
931 1241 1106 1273 rationem

121 1292 243 1332 officii,
287 1305 394 1337 quare
421 1306 499 1326 eum
531 1293 707 1326 consolari
730 1293 939 1331 instituerit,
981 1303 1107 1334 nempe

122 1344 217 1387 quod
236 1344 425 1387 impeditus
442 1352 542 1387 pater
559 1344 767 1387 gravissimo
785 1344 907 1376 dolore
926 1341 1014 1375 nihil
1030 1354 1108 1386 pos-

123 1394 166 1426 sit
190 1395 364 1438 cogitare,
400 1396 549 1441 quod³⁸)
576 1395 726 1438 erigeret
754 1395 924 1427 animum.
978 1393 1109 1427 Narra-

122 1445 254 1478 tionem
285 1446 444 1490 sequitur
469 1447 667 1490 propositio
702 1445 974 1484 consolationis,
1014 1444 1109 1489 quod

121 1508 194 1528 non
213 1497 315 1529 debet
331 1497 481 1530 nimium
497 1497 714 1530 commoveri
731 1497 790 1529 illo
807 1496 1000 1529 domestico
1017 1507 1110 1528 casu.

121 1546 166 1578 Et
191 1548 371 1580 adduntur
394 1548 529 1593 aliquot
554 1555 773 1591 argumenta.
824 1547 986 1580 Primum
1005 1545 1110 1579 sumi-

124 1604 217 1630 tura
236 1599 383 1638 maiori,
419 1605 539 1644 estque
565 1597 652 1632 haec
677 1598 867 1632 sententia:
902 1597 1016 1630 Multo
1037 1608 1111 1629 ma-

123 1648 197 1680 iora
218 1650 356 1693 publica
375 1649 467 1682 mala
487 1650 682 1694 pertulisti,
711 1661 820 1695 quare
844 1656 944 1692 turpe
968 1648 1050 1687 erit,
1078 1653 1111 1680 te

122 1711 195 1732 non
223 1713 324 1744 posse
349 1699 416 1733 hoc
443 1702 673 1734 domesticum
710 1713 850 1746 quoque
884 1700 987 1732 serre.
1053 1698 1112 1731 Se-

123 1751 278 1783 cundum
308 1758 358 1785 est
381 1763 399 1783 a
428 1752 574 1795 publicis
601 1752 876 1790 calamitatibus,
915 1763 955 1783 ex
986 1750 1112 1795 quibus

124 1801 212 1845 eripi
237 1814 364 1846 magna
391 1805 565 1847 quaedam
589 1804 735 1836 felicitas
758 1808 819 1836 est.
872 1801 1035 1834 Tertium
1058 1813 1113 1833 ar-

124 1860 330 1896 gumentum
358 1854 509 1887 sumitur
535 1855 577 1887 ab
604 1854 771 1898 exemplis
795 1852 937 1886 urbium
960 1865 1020 1886 seu
1046 1851 1113 1884 rei-

123 1904 283 1947 publicae
303 1905 391 1937 bene
410 1906 640 1945 constitutae,
669 1917 759 1950 quae
782 1916 965 1949 nunqnam
990 1915 1113 1947 perpe-

125 1961 185 1987 tuo
207 1956 420 1995 consistunt,
449 1963 481 1989 et
498 1969 557 1990 sua
584 1957 780 1989 mutatione
807 1955 996 1989 ostendunt
1019 1966 1113 1986 com-

126 2018 269 2039 munem
299 2006 539 2041 conditionem
569 2007 808 2040 mortalitatis.
885 2006 1060 2050 Quartum
1094 2016 1112 2037 a

127 2069 276 2100 persona
298 2058 496 2098 Ciceronis,
529 2061 624 2105 quod
650 2059 753 2102 plane
778 2057 961 2101 indignum
987 2056 1031 2089 sit
1050 2054 1113 2088 ho-

130 2108 259 2141 minem
280 2106 531 2153 philosophum
550 2123 622 2142 non
639 2122 739 2153 posse
758 2107 850 2141 huuc
874 2108 1035 2141 dolorem
1059 2119 1114 2140 su-

130 2171 264 2202 perare.
340 2159 384 2194 Et
414 2160 555 2194 additur
585 2161 723 2203 elegans
757 2160 898 2192 collatio
929 2170 1113 2191 causarum

133 2210 301 2253 temporis
319 2218 352 2244 et
375 2212 545 2251 rationis,
580 2225 669 2256 quae
692 2213 762 2244 duo
788 2211 946 2243 dolorem
972 2221 1114 2242 omnem

132 2261 307 2295 minuunt.
377 2263 550 2307 Quintum
588 2268 834 2306 argumentum
869 2260 1115 2304 gravissimum

136 2311 290 2344 continet
306 2310 429 2353 πάθος
444 2326 462 2346 a
484 2314 666 2347 voluntate
688 2314 871 2346 defunctae
888 2311 998 2350 tiliae,
1028 2323 1116 2356 quae

133 2359 222 2393 nibil
240 2363 353 2396 minus
371 2365 477 2408 cupit,
500 2377 606 2410 quam
623 2366 728 2397 talem
745 2369 952 2408 perpetuum
973 2362 1116 2395 luctum.

139 2411 325 2446 Conclusio
354 2411 459 2448 habet
481 2417 715 2449 verecundam
742 2413 1018 2458 praecisionem,
1059 2414 1117 2445 ad-

137 2462 208 2494 dita
234 2465 493 2506 praedicatione
520 2467 774 2511 magnitudinis
799 2464 909 2497 animi
927 2464 1118 2503 Ciceronis,

137 2513 190 2545 cui
210 2520 310 2557 turpe
328 2515 371 2547 sit
386 2517 539 2551 adversis
557 2518 691 2562 frangi,
719 2530 796 2551 cum
816 2522 916 2548 antea
934 2527 1116 2559 nunqnam

137 2564 266 2597 fractus
287 2566 330 2597 sit
348 2568 506 2600 secundis
524 2569 638 2601 rebus.

171 2665 218 2693 47)
237 2665 346 2694 dolere]
364 2666 410 2688 Ed.
427 2667 499 2689 1556,
519 2673 612 2690 errore
632 2670 756 2697 typorum
777 2666 880 2690 dolore.

175 2710 221 2736 452⁴)
241 2709 324 2738 qnod]
344 2709 382 2732 sic
403 2709 485 2732 Editt.
509 2709 712 2740 1565—2577.3
738 2709 787 2733 Ed.
808 2708 880 2732 1556.
901 2712 963 2738 quo.

677 114 797 149 PHIL.
830 112 941 147 MEL.
976 108 1177 146 SCRIPTA
1209 109 1546 146 PHILOLOGICA.

2057 111 2130 146 136

1397 197 1534 231 Aliud
1562 204 1886 241 argumentum.

1249 265 1408 309 Epistola
1446 271 1496 298 est
1532 265 1780 300 consolatoria.
1844 265 2040 299 Exordium
2075 275 2138 309 pa-

1150 315 1319 350 tlieticum
1344 323 1413 356 est,
1454 322 1488 349 et
1513 317 1664 350 sumitur
1693 317 1736 349 ab
1759 317 1961 356 occasione,
2001 328 2063 349 seu
2087 315 2139 348 of-

1151 368 1228 401 sicio
1252 380 1315 412 per
1340 366 1601 412 querimoniam
1624 367 1843 411 significans,
1878 373 2049 413 quantum
2076 366 2140 398 do-

1151 420 1262 451 lorem
1289 419 1362 462 ipse
1387 418 1578 462 acceperit,
1622 425 1655 451 et
1684 430 1792 463 quare
1816 420 1860 451 ad
1884 417 2141 451 consolandum

1153 483 1188 504 se
1219 469 1508 503 accommodarit.
1577 469 1743 514 Sequitur
1773 470 1987 514 propositio:
2024 468 2143 513 Quae—

1154 534 1211 560 50,
1245 533 1289 553 ne
1314 527 1345 553 te
1370 521 1525 553 asssictes.
1585 520 1754 553 Rationes
1787 519 2042 564 propositionis
2074 517 2142 551 hae

1155 578 1246 606 sunt.
1299 571 1419 604 Prima
1446 569 1551 603 habet
1574 571 1799 603 collationem
1820 572 2018 610 malorum,
2046 569 2143 615 quod

1156 623 1224 655 alia
1260 622 1396 654 maiora
1427 622 1520 654 mala
1552 633 1655 666 saepe
1695 621 1828 654 suerint
1863 622 2020 654 serenda.
2084 619 2144 653 Se-

1157 675 1270 707 cunda
1297 673 1453 706 continet
1477 672 1777 705 circumstantiam
1815 685 1855 706 ex
1884 683 2035 717 persona
2057 670 2144 704 Tul-

1158 726 1244 764 liae,
1281 725 1374 769 quod
1405 721 1494 756 nihil
1526 723 1611 755 mali
1645 723 1675 756 ei
1709 723 1892 764 acciderit,
1935 725 2019 756 dum
2047 733 2145 755 mor-

1159 782 1218 809 tua
1248 782 1307 809 est.
1374 775 1496 807 Tertia
1526 774 1617 806 ratio
1651 781 1790 818 sumpta
1818 781 1869 807 est
1896 775 1939 807 ab
1966 772 2147 816 exemplis,

1159 840 1219 860 seu
1236 826 1312 859 loco
1329 825 1524 858 communi:
1546 825 1679 858 Omnes
1694 823 1870 858 humanae
1886 838 1942 859 res
1959 830 2040 858 sunt
2056 823 2147 857 eius—

1159 877 1278 917 modi,
1319 883 1358 909 ut
1390 876 1508 909 onmia
1541 882 1724 910 senescant
1747 882 1780 908 et
1803 876 1931 910 sensim
1957 875 2146 908 intereant.

1160 929 1294 961 Ultima
1324 927 1415 960 ratio
1446 925 1553 960 habet
1584 933 1792 975 argumenta
1824 940 1865 977 elx
1895 925 2044 960 honesto
2067 931 2102 957 et
2125 935 2146 956 a

1161 991 1311 1023 persona
1339 978 1530 1011 Ciceronis.
1588 976 1775 1010 lnterserta
1802 984 1853 1011 est
1876 976 2147 1022 amplificatiun-

1161 1030 1237 1063 cula
1263 1041 1281 1062 a
1306 1029 1432 1067 simili,
1465 1028 1520 1061 cui
1544 1029 1662 1060 addita
1679 1035 1729 1061 est
1745 1029 1942 1063 communis
1960 1025 2146 1062 sententia.

1161 1079 1349 1114 Conclusio
1372 1079 1548 1123 principio
1571 1077 1678 1111 habet
1700 1079 1939 1114 reiectionem.
2007 1077 2146 1110 Deinde

1161 1130 1345 1165 subiicitur
1362 1131 1479 1163 brevis
1497 1126 1713 1163 adhortatio.

1211 1229 1536 1273 Argumentum
1565 1235 1607 1262 et
1635 1226 1813 1263 scholia
1848 1228 1894 1261 in
1922 1229 2097 1273 episto-

1569 1280 1654 1312 lam
1682 1278 1740 1313 VI.

1262 1356 1358 1389 Haec
1375 1355 1522 1399 epistola
1541 1362 1591 1389 est
1614 1356 1875 1400 propemodum
1896 1355 2090 1389 confutatio
2116 1362 2151 1389 et

1161 1407 1344 1452 responsio
1371 1408 1415 1439 ad
1441 1407 1624 1450 epistolam
1651 1407 1775 1440 Servii.
1835 1406 2031 1440 Exordium
2057 1419 2152 1440 sum-

1162 1466 1262 1503 ptum
1280 1464 1331 1491 est
1349 1469 1367 1490 a
1393 1458 1739 1503 coniprobatioue‘ffi)
1766 1457 1871 1489 officii
1894 1464 1928 1490 et
1950 1457 2153 1491 litterarum

1163 1509 1288 1543 Servii.
1340 1507 1478 1541 Deinde
1501 1509 1660 1553 sequitur
1682 1508 1901 1552 propositio,
1934 1520 2024 1553 quae
2045 1507 2153 1541 hahet

1165 1559 1446 1598 concessionem,
1473 1570 1542 1603 qua
1561 1560 1743 1603 praedicat
1759 1570 1794 1592 se
1822 1556 1914 1591 hanc
1938 1559 2152 1592 consolatio-

1164 1624 1245 1645 nem
1267 1610 1451 1643 admittere
1462 1609 1520 1655 ⁵⁰).

1267 1660 1296 1705 ἓ.
1316 1662 1347 1694 1.
1380 1662 1520 1700 Vellem,
1549 1664 1583 1693 ut
1604 1657 1744 1706 scribis]
1774 1658 1978 1693 Concessio:
2012 1659 2150 1693 Vellem

1166 1720 1197 1746 te
1231 1712 1389 1751 affuisse,
1423 1717 1456 1744 et
1481 1711 1632 1744 multum
1655 1710 1835 1754 profecisti
1857 1711 2073 1744 consolando
2091 1711 2150 1758 ⁵¹).

1165 1766 1232 1798 Sed
1259 1765 1427 1806 opprimor
1450 1759 1700 1808 interdumfflfl
1730 1761 1930 1802 Correctio‚
1959 1763 2055 1806 quod
2077 1774 2153 1795 ma-

1166 1815 1216 1857 gis
1234 1826 1341 1859 quam
1368 1812 1497 1845 caeteri
1514 1812 1650 1852 doleat,
1687 1818 1875 1856 propterea
1900 1812 1983 1857 quia
2006 1814 2151 1846 accedat

1166 1864 1252 1898 haec
1273 1864 1453 1897 calamitas
1469 1865 1513 1896 ad
1530 1863 1717 1907 publicam.
1769 1862 1814 1895 Et
1830 1870 1879 1896 est
1895 1863 2050 1897 inversio
2068 1876 2151 1897 con-

1166 1915 1349 1950 solationis
1379 1915 1584 1954 Tullianae,
1628 1912 1695 1946 hoc
1724 1914 1848 1947 modo:
1886 1913 1999 1947 Antea
2030 1916 2152 1959 lugens

1165 1967 1440 2011 rempublicam,
1480 1965 1666 1998 recreabar
1697 1962 1801 1998 huius
1833 1977 2015 2006 sermone,
2057 1977 2152 1999 nunc

1167 2019 1268 2052 amisi
1285 2024 1496 2062 utrumque,
1524 2022 1557 2048 et
1575 2022 1691 2048 vetera
1708 2017 1968 2049 recrudescunt.

1271 2067 1300 2113 ἓ.
1317 2071 1352 2104 2.
1379 2071 1457 2102 ss'on
1474 2069 1562 2100 em'm
1579 2072 1613 2101 ut
1631 2080 1729 2113 quum
1738 2065 1810 2114 ⁵³)]
1837 2066 2016 2112 Expolitio
2035 2067 2151 2101 inver-

1167 2121 1287 2155 sionis.

1271 2169 1300 2215 §—
1326 2171 1360 2204 3.
1402 2172 1470 2213 Eyo
1502 2173 1611 2202 antem
1644 2181 1743 2215 quum
1777 2167 1909 2216 multis]
1951 2168 2151 2210 Conclusio,

1170 2223 1266 2269 quod
1284 2222 1399 2266 ipsum
1420 2225 1585 2264 expectet.

1202 2325 1250 2351 49)
1270 2320 1503 2351 comprobatione]
1534 2320 1573 2343 sic
1600 2319 1793 2351 Editt.1537.‚
1823 2320 1914 2351 ¹540„
1946 2321 2036 2350 154⁴.,
2067 2322 2152 2353 1554„

1241 2357 1331 2386 1557.;
1357 2355 1440 2379 Editt.
1462 2355 1552 2384 1545„
1574 2355 1665 2383 1546.‚
1687 2354 1777 2383 1560.,
1800 2354 1872 2377 1601.
1891 2356 2101 2385 comparatione.

1202 2402 1251 2428 50)
1270 2401 1326 2423 Hoc
1351 2400 1537 2425 argumentum
1563 2396 1702 2420 continent
1720 2396 1803 2421 Editt.
1825 2397 1935 2421 15³7—
1949 2398 2039 2429 1554„
2068 2398 2153 2430 1552,

1242 2436 1332 2463 καθα,
1360 2433 1432 2455 ¹601.

1205 2479 1252 2506 51)
1273 2477 1379 2500 Vellem
1405 2477 1431 2498 te
1450 2487 1481 2491 —
1501 2473 1692 2502 consolando]
1716 2474 1783 2498 haec
1806 2473 1832 2498 in
1856 2474 1939 2499 Editt.
1961 2475 2051 2506 1545„
2077 2475 2153 2500 1560.

1241 2513 1346 2535 desunt.

1205 2555 1251 2586 52)
1272 2555 1324 2577 Pro
1350 2553 1391 2576 his
1417 2552 1473 2576 Cic.
1499 2550 1590 2574 verbis
1616 2550 1642 2573 in
1666 2551 1748 2575 Editt.
1770 2537 1860 2580 lfi5„
1889 2551 1962 2574 1560.
1986 2551 2048 2576 huic
2072 2553 2154 2576 notae

1241 2589 1361 2619 praefixa
1380 2588 1443 2609 sunt
1462 2586 1559 2609 verba:
1590 2586 1644 2608 Via:
1662 2586 1766 2609 resisto
1785 2585 1887 2609 dolori.

1206 2634 1253 2659 53)
1273 2631 1372 2661 quum]
1398 2629 1439 2652 sic
1462 2628 1545 2651 Editt.
1568 2627 1657 2657 1537.,
1691 2627 1780 2657 1540„
1815 2628 1888 2651 1545.
1914 2629 1941 2651 et
1963 2627 2046 2653 Editt.
2069 2629 2154 2657 1544„

1242 2667 1333 2695 1554„
1361 2663 1453 2692 1552,
1478 2662 1550 2685 1560.
1575 2662 1601 2685 in
1628 2662 1677 2685 hac
1700 2662 1780 2691 nota;
1815 2662 1842 2686 in
1868 2662 1943 2685 textu
1962 2664 2051 2686 autem
2068 2663 2119 2687 hae
2137 2665 2154 2686 4

1243 2700 1326 2724 Editt.
1347 2700 1372 2722 et
1391 2698 1440 2721 Ed.
1462 2696 1546 2720 oren.
1566 2696 1680 2720 habent:
1707 2697 1774 2720 tum.
