2351 2990
117 111 191 146 437
251 111 371 146 XXIII.
413 110 724 145 ARGUMENTA
748 108 812 143 ΕΤ
836 108 1039 144 SCHOLIA
1063 107 1111 143 IN
1133 107 1280 145 EPIST.
1301 110 1413 147 FAM.
1439 111 1522 148 CIC.
1550 112 1637 147 LlB.
1655 112 1725 147 XII.
1755 114 1827 150 [P.
1848 117 2020 155 16—20.
2082 120 2154 156 438

115 199 238 231 laudat
263 198 336 232 eius
365 196 551 231 consilinm
576 197 614 230 in
640 196 771 230 tuenda
792 195 989 241 proviiicia.
1042 195 1113 228 De-
1138 218 1142 256 Ι
1169 196 1309 230 ordinm
1346 204 1397 231 est
1420 196 1575 244 ἠθικὸν,
1615 200 1670 233 cui
1699 200 1925 245 subiungitur
1949 207 2162 250 propositio,

115 249 198 282 inde
229 251 271 282 de
306 249 563 294 tranquillitate
593 248 690 282 urbis
716 248 845 282 iterum
873 248 962 291 agit,
1009 253 1043 280 et
1070 247 1112 281 de
1166 260 1234 293 qua
1260 249 1449 293 praecipue
1477 257 1577 294 optat
1601 251 1732 284 bellum
1756 264 1773 284 a
1802 253 1943 289 Parthis
1971 256 2160 291 imminens

114 302 342 345 quorundam
376 299 546 333 x·iole11tia
579 299 821 345 conqueritur.
895 299 1029 344 Estque
1062 299 1111 332 ibi
1163 300 1311 333 feliciter
1329 312 1346 332 a
1365 301 1556 334 Cornificio
1571 303 1749 336 sustineri.
1803 303 1926 349 ltaque
1946 307 2050 340 etiam
2076 321 2158 341 con-

114 350 374 395 pulclierriunls
394 352 489 384 locus
517 351 715 384 communis
742 352 784 383 de
813 351 908 384 exitu
932 351 1108 383 beliorum
1163 350 1280 384 silium
1305 352 1423 392 addit,
1462 365 1532 397 quo
1560 355 1750 394 admonet,
1786 359 1968 400 quomodo
1995 360 2157 392 deficien-

115 403 293 442 civilium,
322 416 391 448 quo
409 402 532 435 Cicero
551 414 657 446 supra
676 402 783 435 etiam
802 402 838 434 in
862 409 990 447 quarto
1015 402 1106 434 libro
1165 402 1255 435 tibus
1282 403 1416 436 viribus
1440 416 1475 436 se
1494 405 1585 437 tueri
1604 406 1725 449 possit.
1778 404 1817 438 In
1842 407 1908 440 fine
1926 409 2013 452 petit
2034 422 2051 442 a
2071 410 2156 443 Cor-

115 453 238 487 iisdem
258 455 329 487 sere
349 454 464 486 xer-bis
487 466 569 486 usus
588 460 649 487 cst.
1164 453 1282 486 nificio
1312 454 1458 488 litteras.

358 537 497 569 Aliud
524 543 852 580 argumentum.

214 603 410 637 Exordium
437 602 539 637 habet
567 605 683 637 iocum
710 617 728 637 a
756 604 995 649 respondendi
1025 616 1107 636 con-

112 655 296 688 suetudine
318 655 442 688 ordine
458 656 612 689 inverso.
666 656 872 701 Sequuntur
890 662 959 688 tres
983 667 1106 687 narra-

110 705 226 739 tiones
241 706 500 750 responsoriae.
550 707 672 740 Prima
690 714 740 740 est
766 708 808 739 de
835 718 897 740 sua
923 706 1103 749 diligentia

110 756 149 790 in
164 756 289 790 litteris
307 757 518 797 scribendis,
548 770 637 804 quae
659 757 816 791 continet
841 757 1024 802 obliquam
1049 768 1104 789 ex-

112 808 344 842 cusationem.
397 809 556 842 Secunda
573 807 679 842 habet
699 808 997 852 approbationem
1021 820 1104 840 con-

113 859 182 891 silii
208 859 407 899 Cornificii,
445 867 564 905 estque
591 859 709 892 addita
738 860 855 892 brevis
885 859 1030 903 petitio,
1065 865 1103 892 ut

113 910 254 954 saepius
268 910 396 943 scribat
417 912 459 943 de
475 917 550 943 toto
567 911 723 954 negotio.
786 910 917 943 Ultima
945 910 1103 943 continet

113 962 294 1005 quandam
325 962 505 1006 querelam
524 988 533 1001 ,
577 962 674 1007 quod
705 962 824 994 neutri
850 959 966 994 adhuc
991 961 1102 994 conti-

111 1012 201 1054 gerit
225 1010 414 1045 honestum
441 1025 480 1045 ac
501 1012 582 1045 felix
608 1013 740 1052 otium,
785 1019 818 1045 et
841 1014 938 1057 quod
964 1012 1102 1045 Romae

110 1063 221 1095 multa
240 1064 327 1095 fiant
345 1070 466 1096 contra
483 1061 718 1098 honestatem.
777 1062 817 1096 ln
835 1065 902 1096 tine
918 1064 1034 1096 brevis
1053 1069 1103 1096 est

111 1111 315 1146 adhortatio
328 1140 336 1153 ,
363 1121 402 1146 ut
419 1115 551 1148 redeat.

355 1199 490 1231 Aliud
519 1204 846 1242 argumentum.

213 1264 370 1308 Epistola
398 1277 542 1308 prorsus
566 1271 616 1298 est
641 1264 838 1296 familiaris.
907 1265 1030 1296 Primo
1059 1266 1101 1297 de

111 1315 286 1348 scribendi
306 1316 420 1348 officio
439 1322 472 1347 et
488 1314 624 1348 litteris.
678 1315 814 1346 Deinde
834 1315 977 1347 collatio
996 1328 1102 1360 quae-

111 1367 193 1398 dam
214 1378 330 1400 rerum
350 1367 532 1411 utriusque
548 1366 617 1398 loci
632 1372 665 1397 et
683 1365 805 1410 Syriae
817 1392 825 1404 ,
852 1366 913 1398 ubi
930 1372 1005 1398 erat
1016 1366 1101 1399 Cor-

112 1416 268 1458 nificius,
297 1425 330 1450 et
350 1418 509 1457 Romae,
537 1417 597 1450 ubi
619 1417 753 1450 Cicero.
808 1416 995 1450 Postremo
1019 1416 1100 1450 llor-

110 1473 224 1507 tatur,
250 1475 287 1501 ut
307 1469 343 1501 in
359 1468 496 1501 ltaliam
514 1468 629 1501 redire
648 1474 813 1501 maturet.

330 1551 465 1584 Aliud
494 1551 884 1598 argumentumffl‘).

216 1619 460 1663 Responsoria
477 1626 546 1659 est,
576 1631 724 1664 eamque
751 1619 890 1652 orditur
913 1631 931 1651 a
957 1631 1101 1652 consue—

112 1669 236 1703 tudine
256 1676 441 1703 oratorum
459 1670 496 1702 in
510 1671 760 1713 respondendo
785 1682 846 1703 seu
872 1670 1102 1704 confutando,

111 1721 280 1765 Sequitur
308 1721 425 1754 brevis
447 1721 628 1760 narratio,
663 1733 754 1765 quae
780 1719 887 1753 habet
910 1721 1102 1754 excusatio-

110 1784 193 1804 nem
213 1771 394 1805 varietatis
410 1771 622 1805 litterarum.
681 1771 771 1804 Huic
795 1772 975 1804 adduntur
1001 1772 1101 1805 aliae.

111 1823 233 1855 Prima
252 1824 294 1855 de
311 1823 462 1866 acceptis
479 1823 623 1861 litteris,
651 1822 770 1855 addita
788 1821 1039 1855 adhortatione
1058 1824 1102 1855 ad

112 1886 215 1918 saepe
234 1875 471 1907 scribendum.
523 1874 644 1907 Altera
666 1880 717 1907 est
732 1874 774 1906 de
792 1886 855 1906 suo
877 1873 1010 1913 animo,
1031 1886 1102 1918 quo

112 1925 234 1958 tulerit
250 1925 456 1962 discessum;
485 1926 527 1958 de
544 1931 637 1958 statu
653 1924 768 1961 urbis;
803 1924 886 1956 item
904 1925 946 1956 de
963 1937 1024 1958 sua
1043 1937 1102 1968 pa-

113 1976 237 2008 tientia
264 1976 300 2008 in
325 1976 479 2009 serendis
513 1976 697 2016 omnibus,
740 1987 830 2020 quae
862 1975 1019 2020 quotidie
1049 1988 1103 2007 ac-

114 2027 246 2061 cidunt.

286 2127 472 2162 Scholia
500 2129 545 2162 in
572 2129 816 2174 epistolam
846 2127 934 2162 XIX.

221 2204 251 2249 ξ.
271 2206 303 2239 1.
337 2207 575 2241 Libentissime
597 2205 680 2254 Ieyi]
718 2206 915 2239 Exordium
943 2217 983 2238 ex
1006 2218 1103 2238 occa·

117 2257 228 2295 sione,
255 2258 351 2301 quod
366 2257 504 2290 litterae
522 2259 680 2291 redditae
700 2258 781 2291 sint.
835 2258 978 2296 Bellum,
1005 2257 1103 2302 quod]

117 2307 296 2341 Narratio.

410 2383 737 2427 Argumentum
753 2382 812 2427 87).

220 2448 391 2481 Precatur
421 2449 610 2482 Cornificio
648 2449 850 2482 felicitatem
882 2449 919 2480 in
954 2448 1105 2480 admini-

119 2500 262 2533 stranda
278 2499 475 2543 provilicia‚
503 2506 536 2532 et
551 2501 764 2533 sustinendis
782 2500 818 2532 in
836 2513 873 2532 ea
891 2499 1002 2533 bellis.
1038 2499 1105 2532 lix-

341 2557 357 2577 ι

153 2619 201 2646 86)
220 2619 277 2642 Hoc
294 2617 484 2648 argumentum
502 2616 600 2639 habent
618 2616 701 2640 Editt.
721 2617 788 2640 1565
799 2617 912 2641 -1596-

154 2667 200 2699 87)
220 2669 277 2692 Hoc
294 2668 483 2699 argumentum
503 2669 530 2691 et
555 2667 606 2691 duo
624 2667 765 2698 sequeutia
783 2669 815 2692 ab
835 2668 916 2692 Editt.
938 2668 1021 2699 1556„
1044 2668 1109 2692 1565

189 2702 305 2727 -1596,
327 2702 495 2727 exhibentur.

1412 521 1547 555 Aliud
1575 530 1902 566 argumentum.

1263 580 1459 614 Exordium
1485 587 1666 624 sumptum
1687 589 1737 615 est
1762 584 1805 616 ab
1826 585 2010 619 occasione
2036 588 2077 620 de
2097 600 2152 621 ac-

1161 631 1269 674 ceptis
1293 632 1430 666 litteris.
1471 632 1653 677 vSequitur
1671 635 1846 677 precatio,
1875 643 1913 669 ut
1932 649 1986 671 res
2003 638 2151 672 feliciter

1160 683 1260 714 cedat
1286 683 1322 715 in
1346 683 1439 715 bello
1470 684 1624 727 gerendo
1660 690 1693 716 et
1722 685 1758 717 in
1788 687 1971 730 provincia
1998 690 2149 722 admini-

1158 734 1313 767 stranda.
1352 734 1557 767 Precationi
1587 734 1746 768 additum
1774 743 1823 769 est
1849 739 2046 774 consilium.
2110 740 2148 774 In

1158 785 1225 817 tine
1242 791 1292 818 est
1307 785 1423 818 brevis
1441 783 1644 818 adhortatio
1657 812 1665 825 ,
1690 793 1728 818 ut
1746 788 1884 831 saepius
1904 791 2045 825 scrIbat.

1403 850 1539 884 Aliud
1573 860 1902 895 argumentum.

1258 910 1356 942 Bene
1381 917 1546 954 precatur
1565 910 1756 944 Cornificio
1770 939 1778 951 ‚
1803 913 1859 946 cui
1876 914 1978 959 Syria
2000 917 2145 960 provin-

1157 960 1207 992 cia
1244 961 1438 1005 obtigerat,
1475 968 1507 993 et
1543 963 1645 994 docet
1673 975 1753 995 eum
1780 965 1821 996 de
1846 965 1938 998 bello
1964 966 2144 1002 Parthico.

1156 1011 1325 1051 Orditur,
1353 1019 1392 1045 ut
1417 1024 1544 1056 supra,
1573 1025 1591 1045 a
1620 1015 1914 1057 comprobatione
1932 1017 2144 1053 litterarum.

1376 1088 1513 1121 Aliud
1548 1092 1930 1139 argumentumss).

1256 1146 1453 1180 Monitoria
1487 1154 1538 1181 est
1572 1148 1720 1192 epistola
1753 1151 1795 1183 de
1828 1152 1975 1185 consilio
1998 1154 2143 1189 vitando

1157 1205 1279 1230 contra
1304 1196 1469 1232 Parthos.
1521 1198 1719 1233 Exordium
1745 1202 1898 1236 sumitur
1915 1216 1955 1236 ex
1980 1217 2144 1249 compro-

1156 1250 1298 1281 batione
1317 1250 1529 1283 litterarum.
1584 1251 1751 1295 Sequitur
1767 1254 1946 1294 narratio,
1976 1269 2065 1300 quae
2083 1255 2144 1290 ha-

1155 1301 1213 1332 bet
1235 1300 1496 1343 precationem,
1524 1307 1563 1333 ut
1585 1302 1732 1335 feliciter
1753 1304 1976 1338 administret
2000 1309 2144 1350 provin-

1156 1351 1257 1384 ciam.
1310 1351 1437 1384 Postea
1457 1351 1604 1395 ponitur
1622 1354 1808 1388 consilium
1831 1357 2044 1401 confligendi
2064 1372 2142 1392 cum

1155 1400 1325 1435 hostibus.
1388 1402 1576 1436 Conclusio
1611 1411 1748 1438 constat
1779 1407 2036 1450 significatione
2059 1423 2141 1443 suae

1154 1453 1358 1496 diligentiae
1383 1454 1420 1485 in
1448 1454 1640 1488 scribendis
1654 1456 1801 1497 litteris,
1829 1464 1863 1491 et
1877 1457 2142 1502 adhortatione,

1155 1511 1193 1537 ut
1216 1504 1369 1538 vicissim
1397 1505 1600 1549 saepissime
1627 1507 1768 1541 scribat.

1291 1581 1625 1625 Argumentum
1662 1583 1893 1627 epistolae
1922 1585 1994 1620 XX.

1256 1638 1517 1686 Narratiosssa),
1552 1641 1588 1673 in
1617 1654 1687 1687 qua
1719 1644 1937 1687 expostulat,
1977 1648 2073 1691 quod
2099 1649 2141 1679 ad

1155 1701 1191 1722 se
1219 1701 1292 1723 non
1308 1691 1505 1726 diverterit.

1365 1761 1507 1796 Aliud
1534 1771 1857 1808 argumentum
1873 1765 1932 1810 ⁸⁹).

1257 1819 1379 1854 Iocosa
1411 1829 1462 1856 est
1484 1823 1643 1867 epistola.
1705 1824 1795 1857 Cum
1820 1825 1914 1858 enim
1933 1825 2142 1862 Cornificius

1157 1872 1381 1914 praediolum
1411 1873 1617 1913 Ciceronis,
1659 1876 1755 1919 quod
1787 1875 1973 1910 Sinuessae
2005 1876 2142 1919 habuit,

1158 1923 1397 1965 praeterierit,
1426 1925 1558 1957 indicat
1584 1925 1707 1958 Cicero
1740 1938 1803 1969 per
1827 1930 2142 1973 prosopopoeiam,

1157 1973 1256 2005 illum
1273 1980 1515 2019 contemptum
1534 1975 1658 2021 iniquo
1672 1976 1792 2009 animo
1810 1989 1828 2009 a
1846 1979 1994 2021 praedio
2013 1981 2138 2025 accipi.

1156 2024 1295 2057 Deinde
1319 2033 1422 2068 rogat
1447 2026 1513 2059 sibi
1536 2027 1756 2060 occasionem
1781 2028 1859 2060 dari
1883 2031 2041 2062 certandi
2059 2033 2143 2064 scri-

1156 2075 1225 2118 ptis
1249 2088 1328 2108 eum
1355 2076 1566 2117 Cornificio,
1601 2090 1642 2111 ex
1672 2091 1742 2123 quo
1769 2086 1919 2123 apparet
1935 2080 2142 2116 Ciceronem

1158 2126 1263 2158 etiam
1289 2129 1598 2171 occupatissimum
1627 2130 1829 2163 occasiones
1855 2133 2039 2165 exercendi
2062 2135 2142 2179 styli

1157 2190 1384 2222 quaesivisse.

1404 2238 1541 2271 Aliud
1563 2246 1889 2283 argumentum.

1258 2296 1534 2331 Narratiuncula
1558 2305 1607 2331 est
1641 2299 1826 2332 continens
1853 2299 2004 2333 amicam
2036 2314 2142 2347 expo-

1157 2347 1404 2389 stulationem,
1459 2350 1555 2394 quod
1593 2349 1815 2393 praeterierit
1857 2350 2143 2389 diversoriolum.

1157 2397 1295 2431 Deinde
1343 2399 1486 2433 additur
1533 2398 1866 2441 adhortatiuxmula,
1917 2408 1956 2435 ut
2005 2405 2143 2449 saepius·

1157 2449 1298 2483 scrIbat.

1191 2530 1239 2562 88)
1259 2533 1317 2556 Hoc
1335 2534 1523 2562 argumentum
1549 2531 1576 2554 in
1595 2531 1679 2557 Editt.
1702 2532 1891 2556 1565-1596.
1909 2533 2033 2558 affertur.

1192 2566 1260 2594 88³)
1279 2567 1348 2590 Huic
1367 2567 1427 2590 voci
1446 2567 1472 2589 iu
1495 2566 1579 2589 Editt.
1598 2566 1807 2596 1540—1545.,
1833 2567 1926 2596 1554.,
1954 2569 2027 2593 1557.
2040 2587 2047 2595 .
2070 2571 2142 2595 1560.

1228 2601 1350 2631 praefixa
1368 2603 1431 2624 suut
1451 2602 1506 2625 Cic.
1525 2600 1612 2623 verba
1635 2601 1677 2629 (5.
1694 2601 1750 2628 1.):
1788 2601 1911 2626 Gratiae
1935 2604 2023 2631 mihi,
2048 2605 2142 2634 quibus

1230 2636 1281 2659 hoc
1300 2637 1491 2665 argumentum
1509 2635 1536 2658 in
1555 2634 1604 2659 Ed.
1618 2634 1691 2660 1537.
1705 2635 1731 2658 in
1746 2636 1871 2666 margine
1885 2638 1929 2659 est
1942 2637 2103 2666 appositum.

1194 2669 1243 2696 89)
1262 2670 1320 2692 Hoc
1338 2672 1526 2700 argumentum
1542 2669 1568 2692 et
1581 2669 1632 2693 duo
1645 2670 1789 2701 sequentia
1801 2670 1829 2694 iu
1839 2670 1923 2694 Editt.
1937 2671 2022 2701 1556„
2037 2673 2144 2696 1565—

1233 2703 1307 2728 1596,
1327 2704 1511 2730 inveniuntur.
1613 2735 1633 2753 *
