2351 2990
79 121 152 157 721

78 218 145 241 nos
177 218 283 252 opem
315 205 486 239 tulerunt.
569 204 755 244 Breviter,
810 201 979 237 nonnihil
1011 216 1088 237 mo-

77 258 193 292 menti
218 258 334 291 adfert
360 256 513 290 accessio
547 257 787 301 undecunque
819 256 912 288 facta
942 257 988 289 ad
1025 256 1088 288 ali-

78 310 180 344 cuius
198 309 303 343 vires.
357 308 429 342 Per
449 319 523 342 sese
548 319 634 340 vero
651 307 869 340 Macedones
894 307 1088 341 imbecilles

78 367 162 395 sunt
174 387 183 402 ,
212 367 247 394 et
260 359 383 394 multis
399 360 471 392 iam
488 359 752 392 calamitatibus
769 358 956 393 debilitati.
993 358 1086 393 Nam

78 413 166 446 dum
191 423 210 444 a
234 410 405 456 Philippo
430 410 579 445 assiduis
605 410 893 455 expeditionibus
919 408 1086 455 (propter

79 476 170 509 quas
187 463 289 497 illum
304 469 493 507 tantopere
512 462 660 508 quidam
683 461 899 507 formidant)
923 468 1085 502 vexatur,

80 514 295 548 Macedonia
332 514 547 547 nonnullam
582 513 758 547 iacturam
794 513 948 554 virium,
995 525 1084 558 quas

79 565 218 611 alioqui
248 564 426 605 habebat,
458 565 552 599 fecit.
618 565 714 598 Tota
741 565 837 610 enim
862 564 988 598 erratis
1013 564 1083 605 via,

78 617 108 651 si
123 617 273 662 perinde
289 616 454 650 iudicatis
470 616 707 661 popularibus
723 616 900 661 voluptati
915 616 1081 649 militiam

76 679 172 709 esse,
200 675 307 715 atque
323 666 495 713 Philippo
515 674 577 702 est.
630 668 698 701 Hic
724 668 860 712 gloriae
887 667 1081 711 cupiditate

74 719 222 764 flagrat,
250 727 284 754 et
301 720 339 753 in
354 718 424 753 hoc
438 719 617 753 incumbit
634 732 675 753 ac
699 719 856 753 decrevit
876 719 1014 763 agendo
1041 730 1081 751 ac

74 771 314 816 periclitando
333 771 471 816 ingenti
488 772 610 804 animo
633 772 725 805 serre
751 770 923 817 quicquid
945 769 1082 803 accide-

74 822 143 863 rit,
169 828 204 855 et
219 824 399 867 potiorem
417 822 489 856 vita
516 835 556 856 ac
578 823 767 857 securitate
794 822 947 866 gloriam
972 821 1080 861 ducit,

74 879 116 907 ut
131 871 226 908 hanc
243 875 386 908 laudem
407 875 565 915 auferat,
591 874 724 908 nullius
743 879 824 906 ante
842 886 877 907 se
897 872 1079 906 maiorum

73 936 131 958 res
163 932 277 970 gestas
311 938 392 959 cum
424 925 496 960 suis
525 925 681 959 conferri
702 937 818 970 posse.
879 924 1079 969 Populares

73 988 161 1009 vero
181 974 248 1010 hac
266 977 379 1021 gloria
408 989 483 1010 non
506 978 695 1015 fruuntur;
730 977 792 1011 sed
819 977 905 1010 dum
929 976 1079 1009 assiduis

73 1028 362 1072 expeditionibus
405 1041 547 1062 sursum
590 1040 631 1062 ac
669 1029 836 1061 deorsum
870 1027 1079 1072 fatigantur,

72 1085 257 1120 moerent,
285 1086 320 1113 et
336 1080 518 1125 perpetuis
533 1080 715 1113 aerumnis
733 1079 991 1119 conficiuntur,
1017 1091 1079 1112 ne-

72 1143 142 1178 que
160 1131 256 1165 enim
271 1138 376 1165 vacat
391 1131 528 1164 interea
545 1144 671 1176 agrurn
691 1131 806 1164 colere
818 1157 827 1171 ,
862 1142 903 1163 ac
927 1142 1004 1163 rem
1028 1131 1079 1163 fa-

71 1183 252 1216 miliarem
271 1183 372 1217 dom'i
389 1194 526 1217 curare.
578 1183 704 1228 Neque
721 1182 750 1215 si
775 1182 862 1228 quid
879 1181 1079 1215 latrociniis

72 1235 149 1269 istis
164 1235 402 1281 undecunque
420 1241 564 1279 partum
582 1234 706 1274 fuerit,
734 1246 814 1267 cum
831 1234 965 1267 bellum
982 1246 1079 1266 com-

73 1287 209 1320 mercia
228 1287 350 1320 omnia
367 1293 401 1320 et
424 1286 584 1331 emporia
608 1286 844 1325 intercludat,
879 1283 1078 1318 distrahere

70 1344 234 1384 possunt.
289 1338 484 1383 Quomodo
506 1337 616 1382 igitur
633 1349 715 1381 erga
733 1335 945 1381 Philippum
964 1348 1079 1381 popu-

73 1390 167 1424 lares
184 1389 302 1423 affecti
317 1390 400 1430 sint,
425 1387 509 1422 hinc
525 1389 730 1422 coniectura
745 1389 823 1422 fieri
840 1394 968 1433 potest.
1004 1387 1079 1421 Du-

75 1453 132 1475 ces
146 1453 232 1474 vero
250 1441 468 1485 pedestrium
487 1441 674 1485 copiarum
695 1440 769 1474 eius
796 1440 833 1473 in
860 1452 990 1484 magna
1017 1440 1079 1472 ad-

74 1492 269 1526 miratione
286 1499 320 1526 et
337 1492 374 1526 in
392 1504 431 1526 re
448 1492 598 1526 militari
614 1492 782 1527 industrii
804 1504 877 1526 esse
899 1492 1079 1525 videntur.

73 1544 211 1578 Verum
229 1557 313 1589 ergo
337 1557 356 1578 a
382 1546 562 1590 quodam,
597 1545 659 1590 qui
684 1544 721 1577 in
738 1543 952 1577 Macedonia
977 1545 1080 1588 dege-

75 1603 154 1637 rat,
182 1597 315 1642 accepi,
342 1594 490 1630 homine
509 1597 718 1642 neutiquam
736 1596 866 1629 dubiae
883 1596 978 1636 fidei,
1003 1607 1079 1628 non

74 1649 273 1682 admodum
297 1649 543 1682 formidabiles
562 1661 648 1682 esse.
702 1648 739 1682 Si
764 1648 843 1693 quis
866 1647 962 1681 enim
986 1647 1079 1680 inter

73 1697 141 1733 hos
159 1700 212 1733 rei
227 1700 393 1733 militaris
410 1701 519 1745 paulo
538 1700 689 1745 peritior
706 1706 769 1739 est,
798 1697 904 1740 hunc,
921 1706 960 1732 ut
976 1699 1079 1731 intel-

73 1751 166 1792 lexi,
209 1751 407 1785 ambitione
441 1753 597 1798 quadam
631 1758 665 1785 et
688 1751 886 1784 invidentia
913 1757 1080 1784 exaucto-

76 1815 158 1837 rare
190 1805 328 1845 studet,
371 1816 416 1837 ne
446 1804 544 1837 cuius
582 1803 713 1836 virtute
748 1803 822 1847 ipse
851 1803 1078 1839 obscuretur;

76 1867 160 1900 erga
201 1856 361 1901 reliquos
395 1855 674 1900 incomparabili
707 1854 906 1887 ambitione
942 1854 1080 1887 fereba-

75 1912 136 1941 tur
156 1907 222 1942 uti.

337 2000 495 2042 Qualis
519 2000 721 2042 privatus
748 2000 818 2032 sit.

181 2066 219 2101 Si
251 2066 329 2112 quis
357 2079 443 2101 vero
477 2067 697 2107 modestior,
741 2072 802 2099 aut
835 2072 963 2099 natura
999 2077 1079 2100 san-

78 2118 243 2165 ctior⁶⁵)‚
286 2130 395 2163 quam
419 2124 460 2152 ut
484 2119 576 2152 serre
605 2118 679 2152 eius
704 2124 918 2163 perpetuum
944 2118 1080 2158 luxum,

72 2170 286 2204 ebrietatem
312 2176 346 2202 et
371 2170 580 2204 saltationes
605 2176 714 2216 queat
746 2169 948 2210 contemni,
991 2169 1081 2202 acci-

77 2222 160 2267 pio,
197 2228 231 2255 et
250 2221 288 2253 in
309 2221 407 2254 nullo
427 2234 578 2255 numero
602 2220 746 2261 haberi,
781 2222 939 2267 reliquos
958 2233 1081 2265 super-

78 2286 154 2307 esse
176 2273 273 2318 apud
292 2285 373 2306 eum
388 2273 546 2308 latrones
571 2286 611 2307 ac
635 2274 831 2318 palpones,
866 2273 995 2319 quibus
1018 2285 1080 2305 vo-

78 2325 210 2370 luptati
228 2330 279 2358 est
300 2336 371 2357 una
388 2332 580 2369 perpotare
600 2338 639 2358 ac
656 2326 785 2359 saltare
797 2352 806 2366 ,
840 2331 874 2358 et
891 2324 1080 2358 admittere

80 2383 219 2410 caetera
232 2402 241 2416 ,
270 2388 361 2421 quae
378 2377 489 2421 pudet
505 2377 611 2410 etiam
630 2377 840 2417 nominare,
869 2384 976 2422 atque
994 2374 1082 2409 haec

79 2428 118 2461 in
143 2427 337 2472 propatulo
362 2434 463 2466 sunt;
498 2441 572 2461 non
595 2429 690 2462 enim
716 2429 906 2462 obscurum
932 2434 983 2461 est
998 2425 1082 2461 Phi-

79 2479 180 2524 lippo
199 2477 265 2513 hos
283 2491 423 2513 scurras
440 2480 543 2513 unice
561 2487 681 2524 gratos
697 2492 737 2513 ac
754 2480 961 2519 familiares,
981 2491 1083 2525 quos,

82 2531 166 2576 quia
183 2537 267 2564 sunt
281 2530 584 2575 impudentiores,
611 2544 718 2577 quam
737 2544 802 2576 par
819 2532 882 2573 sit,
917 2532 1004 2565 urbe
1026 2543 1084 2563 ve-

81 2588 154 2615 stra
183 2582 309 2616 eiicere
341 2583 480 2624 soletis,
523 2582 673 2616 Calliam
705 2583 870 2617 videlicet
900 2583 1083 2628 publicum

80 2633 323 2678 mancipium,
352 2641 386 2668 et
399 2633 467 2668 hoc
483 2646 593 2679 genus
610 2635 698 2668 alios
717 2635 865 2676 mimos,
894 2642 928 2668 et
942 2636 1086 2669 obscoe-

118 2751 166 2779 65)
187 2752 220 2775 Η.
239 2752 258 2775 1.
277 2753 371 2779 annot.
391 2752 524 2784 margin.:
555 2753 651 2788 Qualis
671 2752 801 2784 privatim
822 2753 880 2778 eius
900 2752 966 2777 vita.

85 2793 272 2826 MELANTH.
293 2795 399 2828 Opim.
433 2796 519 2827 Vot..
537 2797 644 2827 XVII.

232 117 371 155 XXXII.
414 121 451 155 2.
479 115 884 154 INTERPRETATIO
908 115 1172 152 ORATIONIS
1194 115 1541 152 OLYNTHIACAE
1562 115 1604 151 ΙΙ.
1626 115 1982 151 DEMOSTHENIS.

2069 116 2145 153 722

1141 216 1274 238 norum
1308 204 1510 237 carminum
1544 209 1708 243 autores,
1747 214 1838 248 quae
1868 202 2073 236 scribuntur
2107 203 2146 236 in

1142 269 1222 297 eos,
1248 256 1310 302 qui
1327 268 1399 290 una
1416 255 1591 289 victitant.
1644 254 1761 287 Porro
1783 252 1870 287 haec
1887 254 2031 288 tametsi
2050 254 2144 288 levia

1141 321 1215 342 esse
1240 308 1432 341 videantur
1449 306 1517 353 ⁶⁶),
1559 313 1681 340 tamen
1705 305 1838 339 iudicio
1862 307 2081 349 prudentum
2110 312 2145 340 et

1140 359 1350 404 gravissima
1377 365 1586 403 argumenta
1611 363 1695 391 sunt
1715 357 1877 402 perditae
1901 356 1939 389 in
1962 358 2023 390 illo
2045 369 2145 390 men-

1139 412 1204 453 tis,
1241 418 1275 444 et
1298 411 1444 444 exitium
1469 410 1500 443 ei
1523 410 1757 455 portendunt.
1821 406 1956 441 Verum
1981 408 2145 453 aliquan-

1139 463 1249 508 tisper
1265 460 1353 495 haec
1372 463 1546 496 dedecora
1564 461 1713 494 felicitas
1731 460 1805 494 eius
1822 459 2001 493 obscurat.
2049 458 2143 493 Nam

1137 516 1314 548 secundae
1333 527 1389 547 res
1406 520 1643 559 tyrannorum
1662 512 1802 557 privata
1821 511 1907 544 vitia
1930 511 2143 556 plerumque

1137 571 1272 609 tegunt.
1305 565 1353 598 At
1371 565 1433 598 ubi
1448 564 1585 597 reflarit
1601 565 1745 596 fortuna
1758 589 1767 603 ,
1795 569 1870 596 tum
1888 560 1976 595 haec
1992 575 2028 596 se
2045 562 2141 595 mala

1136 618 1292 660 prodent
1314 628 1354 649 ac
1380 613 1719 660 deprehenduntur,
1763 627 1829 647 nec
1851 614 1996 654 dubito,
2039 613 2141 659 quin,

1135 668 1164 701 si
1182 674 1306 702 nostro
1330 667 1472 711 incepto
1497 666 1619 711 superi
1644 666 1818 706 faverint,
1853 672 1887 699 et
1911 666 2139 710 propositum

1134 731 1198 753 vos
1218 731 1345 763 urgere
1361 718 1547 752 volueritis
1561 745 1570 759 ,
1596 718 1697 750 brevi
1714 718 1802 750 adeo
1819 717 1979 751 futurum
2003 716 2067 757 sit,
2100 723 2142 750 ut

1134 777 1249 814 pestes
1274 771 1352 804 illas
1374 771 1541 803 fateatur.
1595 769 1688 803 Nam
1713 775 1754 802 ut
1776 768 1813 801 in
1838 768 2050 812 corporibus
2074 780 2140 801 no-

1133 823 1236 863 stris,
1263 822 1293 856 si
1313 823 1409 868 quod
1427 821 1629 854 membrum
1647 820 1813 853 vitiatum
1831 826 1893 860 est,
1921 820 2035 853 donec
2053 819 2140 852 alio-

1134 874 1196 919 qui
1212 875 1380 908 valetudo
1399 874 1537 917 integra
1553 879 1623 912 est,
1650 884 1725 905 non
1753 872 1869 911 dolet,
1904 872 1966 905 sed
1988 872 2138 905 adversa

1132 926 1338 959 valetudine
1356 926 1393 958 in
1410 938 1449 958 ea
1467 924 1575 958 etiam
1596 923 1757 968 corporis
1774 929 1895 968 parte,
1923 923 1996 956 sive
2017 929 2138 967 rupta,

1132 977 1206 1011 sive
1227 978 1346 1011 luxata
1368 977 1472 1010 dolor
1489 976 1717 1009 recrudescit.
1774 974 1825 1008 Ita
1848 974 1991 1008 urbium
2017 986 2057 1006 ac
2083 980 2137 1018 ty-

1132 1041 1333 1062 rannorum
1357 1028 1498 1074 privata
1521 1028 1635 1068 mala,
1672 1028 1785 1060 donec
1808 1026 1896 1060 foris
1920 1026 2053 1059 bellum
2080 1037 2138 1069 ge-

1132 1087 1238 1121 runt,
1266 1081 1368 1114 facile
1395 1080 1678 1114 dissimulantur.
1739 1078 1787 1111 At
1813 1091 1892 1112 cum
1920 1077 2019 1110 domi
2042 1076 2138 1121 peri-

1133 1132 1321 1172 clitantur,
1348 1132 1534 1176 patefiunt.
1581 1130 1619 1164 Si
1636 1142 1742 1176 quem
1759 1136 1878 1163 autem
1898 1142 1916 1162 a
1934 1129 2027 1162 bello
2045 1140 2138 1161 non-

1132 1181 1223 1215 nihil
1246 1185 1402 1216 deterret
1427 1181 1589 1226 Philippi
1613 1183 1758 1215 fortuna
1775 1181 1842 1228 ⁶⁷),
1885 1181 1914 1214 is
1940 1181 2138 1225 prudenter

1132 1234 1278 1275 iudicat,
1307 1247 1478 1278 magnum
1499 1234 1594 1266 enim
1612 1233 1650 1266 in
1669 1234 1813 1266 fortuna
1830 1239 2056 1266 momentum
2074 1238 2138 1272 est,

1132 1286 1244 1319 immo
1272 1298 1411 1320 summa
1437 1297 1559 1319 rerum
1584 1283 1826 1318 humanarum
1848 1284 2009 1317 omnium
2029 1295 2139 1328 penes

1133 1350 1210 1371 eam
1231 1344 1293 1371 est.
1355 1338 1481 1382 Qualis
1506 1336 1620 1382 qualis
1652 1343 1771 1369 autem
1804 1336 1949 1370 fortuna
1975 1333 2137 1379 Philippi

1133 1395 1203 1430 est,
1242 1389 1366 1421 malim
1392 1387 1497 1422 huius
1521 1388 1619 1421 urbis
1641 1388 1867 1428 felicitatem,
1906 1388 1935 1421 si
1961 1387 2135 1420 alterutra

1132 1441 1177 1474 sit
1195 1442 1352 1485 optanda
1364 1468 1373 1481 ,
1401 1441 1510 1473 modo
1529 1440 1594 1484 ipsi
1612 1440 1667 1473 vel
1684 1440 1870 1484 paululum
1889 1439 2059 1472 adiuvare
2078 1450 2137 1471 ve·-

1132 1493 1239 1526 limus
1270 1492 1445 1526 industria
1474 1493 1670 1525 fortunam.
1739 1491 1890 1524 Exstant
1916 1491 2011 1524 enim
2037 1490 2135 1523 testi—

1134 1545 1256 1578 monia
1280 1544 1553 1578 benevolentiae
1584 1543 1729 1576 divinae
1760 1555 1839 1586 erga
1871 1555 1937 1576 nos
1968 1542 2135 1582 certiora,

1134 1609 1242 1642 quam
1275 1609 1357 1641 erga
1389 1597 1503 1630 illum.
1570 1594 1705 1628 Verum
1731 1594 1851 1639 supini
1876 1606 1916 1626 ac
1945 1594 2136 1627 oscitantes

1133 1661 1321 1682 cessamus.
1380 1648 1587 1681 Ridiculum
1611 1653 1730 1680 autem
1756 1646 1865 1679 fuerit
1889 1646 2071 1690 postulare
2088 1644 2135 1692 68)

1133 1701 1189 1733 vel
1206 1701 1250 1733 ab
1269 1699 1413 1740 amicis,
1441 1705 1481 1733 ut
1501 1711 1647 1743 operam
1666 1700 1750 1731 dent
1774 1698 1858 1737 tibi,
1895 1697 1924 1730 si
1948 1697 2022 1742 ipse
2044 1697 2137 1731 nolis

1132 1752 1318 1791 laborare,
1353 1757 1494 1784 tantum
1521 1752 1639 1790 abest,
1673 1757 1713 1783 ut
1726 1750 1821 1783 Deos
1844 1761 2027 1792 speremus
2054 1749 2138 1781 dor-

1133 1804 1328 1837 mientibus
1346 1804 1569 1835 confecturos
1588 1814 1673 1835 esse.
1713 1802 1835 1846 Quare
1854 1813 1927 1833 nou
1946 1807 2010 1840 est,
2038 1801 2137 1845 quod

1132 1855 1265 1888 mirere
1282 1852 1442 1898 Philippi
1458 1853 1661 1886 felicitatem
1675 1880 1683 1892 ,
1713 1853 1770 1886 ille
1788 1853 1970 1885 fortunam
1996 1852 2064 1886 sibi
2085 1853 2137 1884 sa-

1134 1907 1200 1947 cit,
1229 1919 1308 1939 cuin
1328 1906 1402 1950 ipse
1420 1905 1569 1945 militat,
1596 1905 1738 1938 labores
1755 1916 1818 1949 per
1836 1916 1909 1938 sese
1930 1903 2024 1944 obit,
2060 1903 2138 1936 ubi-

1135 1970 1203 2004 que
1224 1959 1342 1997 adest,
1375 1957 1579 1990 occasiones
1597 1969 1721 1990 omnes
1738 1963 1851 1999 urget.
1905 1955 1978 1989 Vos
1998 1961 2137 1995 contra,

1134 2009 1351 2049 mutamini,
1386 2008 1593 2049 decernitis,
1627 2008 1761 2053 rogatis
1783 2007 1989 2041 sententias.
2058 2006 2136 2051 Ego

1133 2074 1219 2095 sane
1238 2074 1313 2094 non
1331 2060 1464 2101 miror,
1492 2072 1575 2093 suae
1593 2060 1692 2093 illum
1715 2060 1911 2093 industriae
1935 2059 2138 2103 praemium

1133 2114 1246 2155 ferre,
1290 2113 1402 2145 immo
1430 2112 1541 2156 magis
1567 2113 1770 2145 mirandum
1795 2111 1920 2151 suerit,
1956 2112 1983 2145 si
2010 2123 2074 2144 nos
2101 2111 2138 2143 in

1134 2172 1233 2198 tanta
1257 2164 1399 2209 ignavia
1425 2163 1628 2208 superiores
1653 2176 1828 2203 essemus,
1864 2175 1942 2196 cum
1970 2163 2027 2195 ille
2056 2174 2138 2196 nus-

1135 2230 1242 2263 quam
1268 2229 1343 2249 non
1370 2216 1551 2259 advigilet.
1622 2215 1696 2249 Iam
1731 2214 1797 2249 hoc
1824 2216 1938 2248 miror
1954 2214 2019 2259 ⁶⁹),
2056 2226 2136 2247 cum

1133 2269 1432 2303 Lacedaemoniis
1451 2268 1537 2301 olim
1556 2268 1664 2302 totius
1682 2268 1841 2313 reliquae
1852 2267 2022 2300 Graeciae
2034 2278 2138 2298 causa

1134 2321 1267 2355 bellum
1293 2320 1506 2359 intuleritis,
1539 2325 1573 2352 et
1595 2332 1673 2353 cum
1702 2318 1851 2363 possetis
1879 2318 2048 2363 privatim
2075 2329 2139 2361 per

1134 2374 1297 2406 fraudem
1321 2372 1447 2406 vestris
1471 2371 1670 2404 commodis
1693 2371 1898 2409 consulere,
1939 2369 2138 2402 malueritis

1136 2431 1270 2459 vestras
1286 2426 1449 2458 fortunas
1467 2435 1507 2456 ac
1523 2423 1672 2456 salutem
1694 2421 1911 2466 periclitari,
1946 2433 1991 2454 ne
2019 2421 2141 2465 oppri-

1171 2553 1220 2581 66)
1239 2553 1273 2577 11.
1292 2553 1311 2576 1.
1332 2551 1427 2576 annot.
1446 2549 1581 2580 margum
1607 2548 1791 2578 amplificatio
1811 2548 1880 2572 mire
1900 2549 2064 2578 opportuna.

1173 2595 1221 2626 67)
1245 2597 1277 2620 Η.
1298 2596 1316 2619 1.
1336 2596 1430 2619 annot.
1457 2593 1592 2623 margum
1628 2592 1744 2617 Confert
1771 2593 1911 2616 fortunam
1937 2590 2053 2621 Philippi
2077 2596 2137 2614 cum

1209 2631 1323 2654 fortuna.
1341 2630 1519 2653 Athenarum.

1174 2673 1222 2699 68)
1244 2673 1276 2696 H.
1297 2673 1315 2695 1.
1335 2673 1428 2695 annot.
1450 2670 1581 2700 margia:
1607 2669 1783 2700 Translati0‚
1803 2674 1866 2692 nam
1882 2673 1899 2692 a
1917 2668 2029 2691 fortuna
2048 2666 2075 2691 in
2095 2666 2140 2691 in-

1211 2706 1346 2730 dustriam
1367 2705 1459 2729 omnia
1481 2705 1598 2728 confert.

1175 2749 1225 2780 69)
1245 2749 1279 2774 H.
1298 2748 1317 2772 1.
1337 2749 1428 2772 annot.
1447 2746 1580 2778 margum
1605 2746 1647 2770 Ex
1666 2745 1782 2770 minore.

1526 2781 1576 2816 46
