2294 2975
128 134 198 170 199

367 233 499 266 Aliud
529 235 857 275 argumentum.

231 317 424 352 Exordium
441 317 529 350 duos
546 314 649 348 habet
678 313 790 345 locos:
821 309 977 354 primum
999 308 1116 341 locum

135 369 403 403 lwnemleiuiao
426 380 466 400 ex
497 367 604 411 ipsius
625 362 768 400 litteris;
797 361 922 394 deinde
950 359 1122 403 signitica-

138 422 270 455 tioneni
289 419 342 453 sui
361 418 492 451 amoris
509 429 546 449 ac
564 413 740 448 desiderii.
790 412 880 445 Huic
895 410 995 444 alteri
1014 422 1124 443 mem-

136 473 202 505 bro
222 470 356 504 exordii
380 468 496 501 addita
515 473 564 499 est
587 465 678 498 ratio
705 464 857 508 quadam
881 460 1125 506 amplificatio—

138 535 200 561 ne,
226 533 316 566 quae
339 524 476 562 sumpta
504 523 554 550 est
571 528 588 548 a
611 513 874 548 circumstantia
893 524 1066 558 personae
1092 516 1126 543 et

139 571 320 616 temporis.
378 566 700 612 Amplificationem
729 565 888 611 sequitur
915 561 1127 608 propositio,

142 623 238 657 cuius
253 620 338 655 haec
353 626 402 654 est
419 629 575 653 summa:
605 617 832 651 Consuetudo
856 615 1017 649 omnium
1045 613 1129 647 isto-

702 124 824 160 PHIL.
856 122 969 158 MEL.
1005 119 1206 157 SCRIPTA
1239 119 1578 155 PHILOLOGICA.

2081 121 2157 156 200

1171 219 1271 247 rum,
1305 206 1432 252 quibus
1456 218 1549 239 nunc
1578 214 1679 249 utor,
1715 219 1788 241 non
1814 212 1865 241 est
1893 205 2065 243 iucunda;
2098 206 2159 238 sed

1171 264 1309 291 tantum
1328 270 1383 290 me
1401 258 1576 291 delectant
1592 259 1836 292 meaelitterae
1853 263 1886 290 et
1895 268 1972 290 mea
1982 255 2159 290 conscien-

1173 308 1234 342 tia.
1286 308 1376 341 Huic
1392 308 1629 353 propositioni
1647 310 1765 343 addita
1790 315 1841 342 est
1864 308 1998 340 interea
2025 306 2160 350 exposi-

1176 359 1237 392 tio.
1290 359 1416 392 Postea
1451 371 1513 404 per
1542 361 1720 405 quandam
1751 359 1993 394 narrationem
2017 356 2160 402 exponit

1176 409 1352 443 rationem
1378 410 1431 444 sui
1458 411 1615 452 consilii,
1643 424 1704 445 cur
1720 410 1890 445 hactenus
1907 409 2044 442 Romae
2059 419 2161 441 man-

1177 461 1273 494 serit.
1325 459 1363 493 In
1381 467 1558 505 postrema
1580 469 1679 507 parte
1697 464 1842 507 ponitur
1859 459 2053 494 consolatio
2076 459 2162 501 figu-

1178 517 1255 544 rata
1281 523 1322 544 ex
1345 509 1529 553 antithesi,
1557 525 1646 558 quae
1670 513 1836 558 proprius
1859 518 1969 546 status
1994 516 2043 544 est
2058 507 2164 542 huius

1180 561 1360 606 epistolae.
1425 561 1595 607 Epilogus
1625 564 1770 598 brevem
1806 563 1962 597 continet
1998 558 2165 595 adhorta-

1181 613 1328 648 tionem.

1001 824 1202 854 LIBER
1245 824 1296 853 VI,

192 920 510 965 Argumentum
539 925 578 952 et
613 916 789 953 scholia
826 917 870 950 in
905 916 1079 962 episto-

532 970 620 1003 lam
654 969 679 1003 I.
696 969 737 1014 ¹).

249 1046 337 1080 Sunt
364 1046 401 1078 in
436 1043 503 1079 hoc
527 1045 618 1078 libro
647 1045 779 1078 multae
810 1043 1037 1078 suavissimae
1063 1043 1135 1088 epi-

149 1098 272 1136 stolae,
301 1098 403 1129 valde
419 1095 629 1129 rhetoricae.
684 1096 778 1127 Haec
799 1101 915 1127 autem
935 1094 1134 1128 consolato-

148 1149 200 1180 ria
230 1154 299 1186 est,
328 1154 361 1179 et
384 1147 521 1179 orditur
547 1159 565 1179 a
592 1146 730 1191 loc0‘2),
756 1151 795 1178 ut
813 1145 1058 1190 Torquatusss)
1085 1145 1136 1177 sa-

151 1199 248 1231 cilius
270 1199 360 1230 serat
384 1209 419 1230 se
444 1198 551 1229 domo
577 1196 708 1229 abesse.
769 1195 908 1227 Deinde
933 1196 1136 1227 consolatur

149 1249 373 1293 Torquatum
392 1260 452 1291 spe
475 1247 629 1292 quadam
648 1245 844 1290 proposita.
897 1244 1020 1277 Tertio
1039 1244 1137 1278 insti-

149 1300 216 1332 tuit
244 1298 521 1332 consolationem
547 1310 588 1330 ex
603 1298 681 1329 loco
699 1295 897 1329 communi:
924 1295 1067 1328 Bonum
1087 1295 1138 1327 vi-

150 1363 229 1382 rum
263 1355 403 1392 oportet
434 1349 573 1392 culpam
607 1353 805 1391 praestare,
839 1358 913 1378 non
939 1347 1136 1383 fortunam3

150 1413 215 1434 nos
241 1400 354 1433 officio
376 1399 518 1433 adducti
540 1399 671 1432 bellum
699 1398 884 1442 gessimus,
911 1409 985 1430 non
1004 1409 1064 1441 spe
1088 1397 1140 1429 vi-

152 1451 283 1484 ctoriae
296 1477 304 1490 ,
332 1451 392 1484 sed
409 1450 555 1484 scientes
571 1450 702 1483 exitum
720 1449 893 1481 incertum
915 1460 1004 1481 esse:
1033 1447 1139 1491 igitur

152 1503 336 1535 moderate
362 1502 527 1534 feramus.
587 1500 696 1533 Addit
722 1499 918 1543 exemplum
945 1498 1137 1543 Torquati:

152 1553 248 1586 Olim
288 1564 403 1585 meam
448 1551 723 1584 imbecillitatem
764 1556 802 1582 tu
844 1547 1139 1594 reprehendebas,

152 1616 246 1637 nuuc
274 1603 380 1646 igitur
408 1608 440 1635 te
465 1614 606 1647 quoque
633 1602 841 1633 confirmato
860 1600 933 1644 ipse
944 1601 987 1647 ⁴).

258 1652 288 1696 ξ.
310 1654 342 1686 1.
372 1655 446 1687 Etsi
460 1665 499 1686 ea
513 1650 743 1698 perturbatio]
773 1651 977 1684 Consolatio
989 1650 1032 1696 ⁵).
1073 1650 1140 1683 Ar-

154 1704 372 1747 gumentatio
397 1701 503 1736 habet
519 1702 799 1736 consolationem
817 1703 859 1735 de
880 1703 975 1735 loco:
1003 1702 1140 1735 Romae

155 1768 226 1789 esse
252 1761 302 1788 est
324 1754 585 1794 miserrimum,
611 1753 717 1797 igitur
741 1759 779 1786 tu
800 1765 853 1797 ‘ne
877 1754 997 1786 doleas
1021 1759 1054 1785 te
1082 1753 1141 1785 ab-

155 1819 237 1840 esse.

257 1855 287 1892 ξ.
305 1858 339 1891 2.
369 1858 420 1889 De
436 1861 466 1889 ie
485 1852 656 1901 aniemss)]
675 1853 875 1886 Secundum
894 1858 1141 1896 argumentum

155 1921 171 1939 a
200 1919 258 1951 spe
283 1906 427 1940 reditus.
480 1908 552 1940 Nec
564 1911 675 1939 tamen
691 1904 757 1951 5³⁷)
775 1902 863 1951 ipse]
891 1903 992 1938 Nova
1018 1915 1141 1937 conso-

192 2033 219 2056 1)
240 2032 273 2060 L]
293 2032 326 2061 gin
353 2030 435 2054 Editt.
461 2030 547 2059 1545..
575 2030 667 2057 1546..
694 2029 786 2059 1601.,
815 2028 934 2052 numeris
963 2027 1141 2058 epistolarum

225 2065 417 2095 praecedentis
446 2065 508 2087 libri
528 2063 710 2093 continuatis,
740 2064 805 2086 haec
824 2063 941 2092 epistola
959 2068 1071 2086 numero
1090 2063 1141 2093 79„

226 2106 343 2130 sequens
358 2104 470 2122 numero
488 2098 530 2122 80.
548 2100 598 2122 etc.
617 2098 743 2128 signatae
763 2098 836 2121 sunt.

191 2150 221 2178 2)
240 2150 314 2179 loco]
334 2150 384 2173 Ed.
404 2149 478 2173 1560.
499 2153 595 2172 errore
617 2149 744 2178 typogr.:
764 2147 832 2172 ioco.

190 2200 220 2229 3)
240 2202 269 2224 A.
297 2201 416 2224 Manlius
440 2200 472 2222 A.
499 2199 518 2222 s.
538 2200 708 2228 Torquatus,
741 2198 938 2227 Pompeianus,
969 2204 1047 2227 quem
1071 2198 1142 2221 victo

226 2235 350 2264 Pompeio
370 2233 483 2257 Athenis
503 2233 656 2256 exulantem
677 2232 772 2256 Cicero
793 2232 918 2261 epistolis
937 2233 1044 2255 1—1V.
1064 2233 1142 2255 liuius

227 2269 287 2291 libri
307 2275 331 2293 a.
351 2275 376 2292 11.
397 2274 420 2291 c.
439 2267 497 2290 709.
516 2267 683 2293 consolatur,
703 2266 772 2290 cons.
793 2266 888 2290 Orellii
909 2267 936 2289 et
954 2266 1143 2290 Baiteriono-

225 2305 304 2326 mast.
324 2302 438 2326 Tulliau.
459 2301 488 2325 P.
503 2301 536 2324 11.
557 2307 581 2330 p.
595 2300 655 2324 ³77.

192 2354 220 2379 4]
244 2353 299 2375 Hoc
317 2353 503 2382 argumentum
520 2351 619 2374 liabent
637 2351 719 2374 Editt.
730 2350 932 2379 1537—1554.,
953 2350 1037 2380 ¹552,
1058 2351 1143 2378 1560.,

229 2386 427 2416 moa—1596„
449 2385 521 2408 1601.

192 2438 222 2465 5)
245 2437 418 2465 Consolatio]
436 2437 476 2460 sic
495 2437 671 2467 Editt.t537.‚
692 2437 777 2467 1545„
798 2436 891 2467 ¹560.;
913 2436 938 2459 in
955 2436 1036 2460 Editt.
1058 2437 1142 2467 1540„

230 2472 312 2494 1544..
335 2472 420 2498 1554..
441 2471 514 2495 1557.
534 2472 619 2495 deest.

191 2521 221 2549 6)
241 2521 292 2543 Pro
312 2520 352 2542 his
370 2520 425 2544 Cic.
445 2520 554 2544 verbis,
580 2526 648 2549 quae
667 2521 692 2543 in
712 2520 795 2543 Editt.
821 2520 909 2549 1540„
936 2520 1026 2545 1544..
1055 2520 1139 2544 1554..

226 2554 300 2579 1557.
320 2554 342 2576 h,
362 2554 379 2578 l.
400 2554 541 2583 leguntur,
561 2554 586 2577 in
607 2555 689 2577 Editt.
718 2555 802 2582 1545,
825 2554 896 2577 1560.
915 2554 975 2577 huic
993 2556 1074 2578 notae
1092 2555 1141 2577 ad-

227 2589 328 2616 scripta
347 2589 409 2610 sunt
429 2587 634 2615 praecedentia:
654 2588 712 2612 Nec
730 2589 810 2612 debes
828 2590 860 2612 tu
874 2605 882 2617 ,
901 2588 1027 2618 quoniam
1048 2589 1074 2611 in
1091 2589 1138 2612 Ed.

229 2622 299 2645 1537.
319 2622 359 2643 his
381 2621 472 2643 verbis
493 2621 519 2643 in
539 2622 661 2651 margine
681 2622 807 2651 apposita
827 2624 877 2645 est.

189 2673 220 2700 7)
238 2673 277 2700 is]
296 2672 344 2695 Ed.
358 2671 430 2694 1545.
449 2670 476 2694 in
496 2671 548 2695 Cic.
569 2671 661 2694 verbis
685 2672 744 2695 huic
763 2675 844 2697 notae
862 2672 991 2703 praefixis
1004 2673 1075 2696 male
1095 2674 1138 2704 tu,

226 2707 251 2729 in
272 2709 346 2730 textu
364 2707 452 2729 autem
471 2705 540 2729 sicut
559 2707 621 2730 cett.
642 2707 677 2730 is.

1184 918 1270 952 latio
1290 918 1332 951 de
1348 917 1539 962 republica.

1187 967 1392 1002 honestatis.

1289 1017 1319 1062 ἓ.
1340 1019 1374 1052 3.
1400 1020 1574 1064 Reliquum
1591 1017 1706 1066 est⁸)]
1733 1018 1949 1063 propositio,
2003 1019 2095 1059 Quod
2116 1029 2173 1060 eqo

1187 1069 1348 1115 qitasi⁹)]
1377 1068 1585 1112 Occupatio.
1648 1072 1749 1104 Cuius
1763 1065 2023 1114 iu›ett'7nali¹⁰)]
2052 1067 2170 1100 Maior

1187 1122 1229 1154 Si
1245 1121 1334 1153 enim
1350 1117 1448 1164 bene]
1476 1118 1610 1152 Minor.

1292 1166 1322 1211 ᾗ.
1343 1166 1377 1201 4.
1407 1170 1517 1209 Quare
1540 1170 1571 1202 si
1592 1170 1628 1202 id
1650 1166 1777 1216 evenit]
1805 1167 2010 1202 Conclusio:
2051 1167 2173 1201 Bonus

1189 1218 1244 1251 vir
1265 1219 1368 1251 debet
1390 1225 1481 1251 recte
1499 1219 1629 1252 sentire
1646 1225 1680 1251 et
1702 1220 1836 1259 facere,
1862 1225 1895 1252 et
1920 1219 2059 1252 sortiter
2084 1219 2175 1251 ferre

1190 1269 1341 1309 exitum,
1376 1269 1630 1315 qualiscunque
1668 1270 1806 1304 futurus
1836 1269 1896 1308 sit;
1939 1282 2004 1303 nos
2032 1269 2068 1302 id
2092 1269 2175 1302 feci-

1190 1333 1287 1353 mus:
1314 1319 1421 1363 igitur
1436 1332 1515 1352 nonv
1531 1320 1726 1354 doleamus.

1294 1368 1324 1414 ἓ.
1342 1369 1376 1404 5.
1403 1373 1513 1416 Atque
1529 1372 1609 1405 haec
1621 1369 1724 1418 mihi]
1751 1370 1988 1415 Amplificatio
2007 1382 2048 1403 ex
2064 1371 2175 1404 veteri

1191 1421 1319 1454 robore
1339 1427 1372 1454 et
1389 1421 1586 1454 constantia
1603 1421 1795 1467 Torquati:
1825 1421 1922 1455 Olim
1944 1421 2040 1455 suisti
2054 1421 2175 1460 fortis;

1191 1485 1236 1506 sis
1263 1484 1358 1505 nunc
1386 1484 1540 1517 quoque.

1294 1522 1324 1566 ἓ.
1342 1522 1375 1556 6.
1404 1524 1496 1563 Quod
1517 1528 1548 1556 et
1566 1524 1602 1556 in
1617 1535 1655 1556 ea
1670 1523 1749 1557 urbe
1758 1522 1830 1570 11)γ]
1848 1521 2053 1556 Consolatio
2071 1523 2179 1556 delo·

1192 1585 1252 1613 co,
1280 1574 1323 1606 ab
1352 1571 1562 1606 &thenarum
1579 1573 1753 1608 laudibus.

1590 917 1850 963 Argumentum
1868 916 2019 951 sumitur
2036 928 2077 949 ex
2091 916 2169 949 loco

1412 1656 1549 1690 Aliud
1583 1655 1964 1703 argumentum12).

1297 1723 1444 1757 Occasio
1473 1730 1506 1757 et
1531 1729 1778 1768 argumentum
1802 1721 1909 1757 huius
1932 1723 2099 1768 epistolae
2119 1732 2181 1760 est.

1193 1774 1398 1819 Torquatus
1419 1774 1657 1818 Pompeianas
1686 1781 1804 1819 partes
1833 1780 1990 1815 secutus,
2016 1781 2097 1819 post
2116 1788 2182 1820 pu-

1194 1837 1298 1868 gnam
1324 1823 1566 1858 Pharsalicam
1590 1823 1748 1859 Athenas
1771 1838 1806 1859 se
1831 1832 2032 1869 receperat,
2059 1825 2178 1872 ibique

1194 1875 1349 1919 primum
1374 1876 1534 1917 dolebat,
1575 1877 1671 1922 quod
1707 1883 1890 1920 cogeretur
1921 1876 2028 1910 domo
2061 1877 2179 1912 abesse

1193 1933 1291 1960 metu
1312 1926 1490 1968 Caesaris,
1532 1933 1566 1960 et
1590 1926 1710 1959 animo
1737 1939 1811 1960 non
1836 1926 1960 1960 leviter
1985 1928 2180 1972 angebatur

1193 1984 1339 2022 propter
1390 1984 1519 2012 statum
1563 1977 1776 2022 reipublicae
1823 1979 2180 2022 perturbatissimum.

1193 2028 1285 2061 Eum
1305 2028 1426 2061 Cicero
1451 2027 1515 2061 hac
1541 2029 1686 2072 epistola
1714 2029 1928 2063 consolatur.
1986 2029 2049 2063 Est
2072 2029 2179 2073 igitur

1194 2079 1332 2122 generis
1352 2079 1593 2119 deliberativi,
1620 2080 1868 2114 consolatoria.
1922 2080 2043 2113 Utitur
2059 2087 2176 2113 autem

1195 2130 1353 2174 diligenti
1378 2137 1411 2164 et
1432 2130 1567 2164 erudita
1593 2131 1918 2174 argumentatione,
1952 2143 2042 2176 quae
2069 2132 2181 2164 conti-

1194 2187 1255 2213 net
1279 2182 1365 2215 duas
1391 2181 1662 2226 propositiones.
1731 2181 1851 2214 Prima
1879 2181 2078 2226 propositio
2108 2188 2177 2216 est:

1194 2232 1277 2266 Non
1301 2233 1406 2266 debes
1431 2233 1569 2272 dolere,
1604 2232 1700 2277 quod
1731 2233 1838 2265 domo
1865 2232 1968 2266 absis.
2027 2232 2181 2266 Additur

1196 2284 1438 2324 confirmatio,
1472 2295 1561 2328 quae
1584 2280 1691 2315 habet
1711 2289 1864 2328 quatuor
1885 2284 2059 2324 rationes,
2094 2296 2180 2330 qua-

1228 2401 1259 2429 8)
1278 2401 1332 2424 Pro
1364 2400 1404 2423 luis
1428 2399 1482 2424 Cic.
1511 2400 1602 2424 verbis
1628 2400 1654 2424 in
1679 2400 1763 2424 Editt.
1790 2402 1880 2433 1545„
1917 2401 1990 2426 ¹560.
2014 2401 2074 2425 liuic
2098 2402 2179 2426 notae

1262 2435 1382 2465 praefixa
1400 2436 1462 2457 sunt
1481 2435 1681 2459 antecedentia:
1717 2437 1863 2467 Quumque
1876 2436 2009 2461 omnium.

1227 2477 1258 2504 9)
1277 2477 1392 2500 Eaedem
1411 2477 1428 2500 2
1446 2477 1528 2501 Editt.
1548 2477 1572 2500 11.
1593 2478 1609 2500 Ι.
1630 2478 1726 2501 hahent
1744 2479 1884 2503 anteced.:
1903 2479 2057 2510 Reliquum
2070 2479 2119 2503 est.

1230 2519 1275 2547 ¹0)
1293 2519 1410 2543 Eaedem
1429 2520 1445 2542 2
1464 2520 1564 2543 Euius:
1586 2521 1743 2545 Eme-ructet
1765 2527 1915 2546 commune.

1229 2562 1274 2589 11)
1293 2563 1323 2585 in
1341 2568 1374 2585 ea
1394 2562 1478 2589 urbe]
1499 2562 1538 2584 sic
1557 2562 1620 2586 illae
1640 2564 1722 2587 Editt.
1747 2569 1839 2588 omnes
1859 2565 1886 2587 et
1904 2564 1956 2594 al.;
1974 2563 2022 2588 Ed.
2044 2563 2128 2588 own.
2148 2563 2178 2587 in

1261 2595 1330 2619 urhe
1349 2602 1390 2619 ea.
1410 2608 1443 2612 -—
1462 2596 1490 2618 ln
1510 2596 1590 2620 Editt.
1616 2599 1706 2626 15⁴5„
1734 2598 1806 2622 1560.
1832 2598 1893 2622 huic
1916 2599 1996 2622 notae
2024 2604 2078 2622 non
2101 2597 2177 2628 haec,

1260 2630 1308 2652 sed
1327 2630 1447 2654 anteced,
1467 2631 1549 2653 verba
1569 2632 1628 2655 Hoc
1645 2638 1713 2656 vero
1733 2633 1841 2663 tempus
1858 2632 1979 2661 praefixa
1999 2632 2070 2656 sunt.

1229 2672 1275 2696 1-2)
1297 2672 1353 2694 Hoc·
1373 2673 1560 2697 argumentum
1582 2674 1607 2695 et
1628 2673 1679 2697 duo
1697 2675 1838 2704 sequentia
1856 2675 1890 2698 ab
1907 2674 1991 2700 Editt.
2009 2674 2092 2705 1556„
2113 2673 2179 2698 1565

1261 2706 1376 2730 —1596.
1400 2706 1566 2731 exhibentur.
