2351 2990
121 107 218 142 1087

119 192 257 240 quatis,
286 191 314 224 si
343 191 426 224 illuc
454 188 692 234 navigabitis,
720 187 808 221 velle
834 199 897 221 vos
920 186 1040 231 plures
1065 191 1116 218 at-

117 241 275 278 trahere.

221 293 316 328 Num
337 292 470 337 putatis
488 290 647 325 inducias
665 290 785 323 firmas
800 289 896 327 fore,
923 299 1014 333 quae
1038 294 1116 321 tan-

117 346 244 390 tisper,
269 345 382 378 donec
400 343 625 389 quiescimus,
651 347 757 374 erunt
776 339 939 373 induciae
956 339 1115 373 nomine.

116 396 173 431 Sic
198 396 294 429 enim
323 395 528 441 aliquorum
558 392 715 426 consiliis
747 398 928 437 utcunque
955 390 1115 437 quaesita

117 454 169 482 est
186 447 388 492 respiratio.
441 446 510 480 Sed
534 444 562 479 si
589 443 676 490 quid
693 443 832 477 adversi
849 441 953 475 nobis
968 442 1116 482 accidet,

115 499 276 533 celeriter
310 510 375 531 nos
418 497 588 530 invadent
623 493 742 530 hostes
775 494 902 528 melius
939 493 1115 534 instructi,

115 551 199 597 quia
233 548 427 583 adversarii
460 560 535 581 non
560 547 765 587 voluntate,
807 546 868 581 sed
895 545 1008 578 coacti
1043 544 1115 578 suis

115 602 274 635 cladibus
296 601 457 633 fecerunt
481 599 663 639 inducias,
690 598 810 632 minus
833 595 982 631 honeste
1005 609 1113 642 quam

114 666 191 686 nos.
244 651 382 686 Deinde
409 652 452 685 de
476 650 596 684 multis
619 649 778 684 articulis
804 649 842 682 in
866 649 940 693 ipsa
958 648 1112 681 formula

114 703 341 738 induciarum
359 709 494 737 restant
512 701 797 741 controversiae,
822 706 858 734 et
874 699 1033 734 civitates
1050 699 1114 731 ali-

114 768 206 802 quae
232 767 306 788 non
331 755 516 795 infirmae,
546 765 592 788 ne
614 751 709 787 hanc
737 752 881 798 quidem
908 750 1112 796 pactionem

114 806 340 841 induciarum
357 812 588 851 receperunt,
617 805 677 839 sed
702 804 821 850 palam
841 800 957 836 adhuc
978 802 1112 836 bellum

114 864 264 903 gerunt,
292 859 433 905 aliquae
458 870 500 891 eo
525 857 731 903 quiescunt,
759 854 843 901 quia
865 854 988 888 vident
1002 853 1113 887 Lace-

113 910 325 945 daemonios
345 910 525 956 quiescere
548 914 696 953 propter
712 907 832 940 decem
851 905 990 939 dierum
1009 905 1112 938 indu-

114 962 197 995 cias.
251 960 375 1008 Itaque
392 974 471 995 cum
490 959 647 993 viderint
663 964 807 993 nostros
830 956 1004 991 exercitus
1022 956 1112 990 divi-

113 1026 171 1047 sos
204 1025 297 1054 esse,
338 1021 377 1047 ut
408 1024 504 1046 nunc
530 1011 690 1045 dividere
714 1022 774 1043 eos
799 1009 1018 1053 cogitamus,
1060 1008 1112 1040 illi

111 1064 384 1109 Peloponnesiis
402 1076 524 1098 rursus
541 1061 742 1102 coniuncti,
767 1073 834 1095 nos
856 1060 1048 1100 invadent,
1078 1066 1113 1092 et

113 1116 259 1162 quidem
284 1116 390 1151 simul
416 1128 496 1149 cum
523 1113 670 1153 Siculis,
698 1124 788 1159 quos
819 1112 934 1145 multo
961 1118 1042 1144 ante
1066 1112 1112 1143 ad

113 1167 318 1202 societatem
336 1166 442 1201 huius
460 1165 543 1200 belli
562 1165 714 1198 libenter
732 1163 971 1197 attraxissent.

220 1218 531 1253 Considerandum
556 1216 664 1261 igitur
680 1221 751 1255 est,
779 1214 898 1261 qualia
917 1211 1006 1247 haec
1028 1213 1111 1253 siut,

112 1282 176 1303 nec
202 1270 420 1315 periclitanti
444 1268 579 1303 civitati
611 1273 810 1311 augeantur
834 1265 1013 1311 pericula,
1046 1277 1112 1298 nec

112 1322 210 1356 aliud
234 1322 426 1368 imperium
447 1326 677 1365 appetamus,
704 1318 827 1363 priore
854 1317 1017 1351 nondum
1042 1323 1112 1351 sta-

112 1374 228 1409 bilito.
296 1374 387 1409 Cum
413 1370 663 1407 Chalcidenses
692 1369 730 1403 in
755 1367 934 1409 Thracia,
967 1367 1030 1413 qui
1058 1373 1113 1400 tot

112 1426 185 1459 iam
203 1438 317 1460 annos
333 1431 416 1460 sunt
430 1423 600 1463 rebelles,
625 1422 789 1455 nondum
808 1419 938 1453 domiti
959 1419 1051 1459 sint,
1078 1425 1113 1451 et

113 1478 174 1512 alii
207 1478 356 1525 quidam
389 1476 428 1510 in
453 1474 659 1509 continente
694 1478 922 1506 contumaces
947 1469 1039 1510 sint,
1082 1469 1112 1503 si

112 1530 302 1575 Egestanis
336 1528 406 1562 cito
442 1526 592 1560 velimus
629 1522 821 1569 opitulari,
862 1522 1113 1567 impediemur,

113 1594 187 1628 quo
212 1581 332 1615 minus
355 1578 534 1624 possimus
555 1576 705 1610 rebelles
729 1575 774 1608 ad
797 1572 954 1608 officium
975 1584 1111 1617 cogere.

112 1633 159 1668 Et
175 1639 297 1666 tamen
319 1630 386 1665 hos
407 1629 544 1663 vicinos
571 1627 727 1661 domitos
753 1625 908 1659 retinere
933 1624 972 1657 in
994 1623 1111 1657 officio

113 1696 310 1730 possemus.
363 1681 500 1716 Siculos
518 1685 657 1719 autem,
685 1676 748 1723 qui
764 1683 799 1710 et
815 1676 941 1722 procul
959 1681 994 1708 et
1008 1675 1113 1709 multi

112 1742 215 1775 sunt,
243 1733 384 1768 etiamsi
405 1733 609 1771 vincemus,
643 1729 827 1776 quomodo
852 1726 1113 1761 retinebimus?

112 1787 268 1822 Stultum
286 1791 338 1819 est
353 1790 473 1818 autem
492 1783 662 1815 invadere
681 1793 741 1814 eos
753 1807 763 1821 ,
789 1791 880 1826 quos
899 1778 1016 1812 victor
1037 1791 1113 1812 non

112 1838 227 1885 possis
250 1837 289 1870 in
315 1835 431 1870 officio
456 1833 624 1868 retinere.
684 1831 731 1866 Et
753 1831 783 1866 si
806 1831 1012 1871 vincemur,
1037 1842 1113 1864 non

113 1891 246 1925 erimus
263 1887 413 1932 integri,
440 1893 480 1921 ut
495 1891 613 1920 antea.

217 1940 267 1974 Ut
301 1946 421 1973 autem
456 1949 553 1971 nunc
586 1948 622 1971 se
648 1933 785 1969 habent
813 1945 870 1968 res
896 1933 1113 1974 Siculorum,

114 1990 205 2027 mihi
236 1991 399 2031 videtur,
434 1989 679 2035 Syracusanos
713 1985 833 2020 minus
868 1985 1113 2019 formidabiles

113 2045 218 2078 nobis
234 2044 311 2077 fore
322 2069 331 2084 ,
353 2042 383 2076 si
396 2041 465 2087 ipsi
482 2040 553 2075 sint
569 2038 791 2084 superiores,
808 2049 880 2084 quo
899 2042 1111 2082 argumento

115 2096 217 2130 vobis
234 2093 405 2139 Egestani
421 2099 596 2126 terrorem
615 2089 806 2124 incutiunt.
859 2088 953 2123 Nam
973 2088 1113 2122 etiamsi

113 2147 225 2194 aliqui
249 2145 359 2180 Siculi
384 2145 429 2177 ad
452 2141 759 2176 Lacedaemonios
784 2140 950 2180 venient,
990 2146 1112 2173 tamen

113 2211 189 2232 non
211 2204 264 2232 est
289 2202 590 2235 consentaneum,
628 2206 688 2227 eos
713 2192 822 2233 velle,
849 2198 890 2225 ut
912 2191 980 2226 soli
1003 2190 1112 2225 Lace-

113 2248 296 2284 daemonii
313 2248 351 2281 in
368 2246 519 2282 Graecia
543 2245 796 2284 dominentur,
825 2243 924 2290 quod
947 2243 976 2278 si
1000 2244 1112 2284 fieret,

113 2302 277 2336 venirent
293 2300 331 2332 in
346 2298 555 2334 servitutem
572 2303 606 2331 et
622 2296 689 2342 ipsi
707 2295 936 2341 Syracusani.

219 2351 348 2387 Graeci
374 2362 481 2389 vero,
508 2348 571 2395 qui
595 2347 669 2382 illic
692 2353 795 2388 sunt,
822 2346 853 2381 si
873 2358 949 2380 non
974 2346 1112 2380 veneri-

115 2416 212 2443 mus,
238 2402 351 2446 magis
376 2414 442 2435 nos
468 2406 649 2440 metuent,
676 2411 785 2445 quam
802 2398 832 2433 si
849 2404 991 2433 ostenso
1014 2410 1112 2431 exer-

116 2455 220 2495 citu,
244 2465 328 2487 mox
351 2453 528 2498 fugiemus
552 2452 651 2485 clade
678 2450 798 2497 aliqua
822 2456 984 2494 accepta;
1026 2455 1111 2483 tunc

116 2507 213 2539 enim
237 2510 445 2549 contemptu
468 2503 603 2543 nostri,
637 2515 717 2536 cum
743 2501 821 2536 aliis
845 2513 911 2535 nos
928 2501 1110 2535 invadent.

115 2558 208 2593 Nam
218 2557 415 2601 longinqua
431 2561 513 2588 suut
529 2555 566 2587 in
581 2553 831 2593 admiratione,
847 2559 881 2586 et
897 2564 988 2598 quae
998 2553 1110 2597 probe

116 2609 251 2653 experti
283 2619 424 2646 sumus,
460 2612 581 2638 carent
613 2605 894 2644 existimatione,
938 2610 978 2637 ut
1009 2605 1110 2638 vobis

116 2672 212 2693 nunc
235 2658 373 2692 accidit.
427 2656 521 2702 Quia
547 2656 641 2689 enim
664 2663 806 2700 praeter
826 2655 1034 2701 opinionem
1058 2655 1109 2688 vi-

115 2711 212 2745 cistis
246 2708 576 2748 Lacedaemonios,
622 2719 712 2753 quos
747 2714 848 2741 antea
886 2707 1108 2746 metuebatis,

697 100 821 136 PHIL.
854 99 966 134 MEL.
1004 97 1205 133 SCRIPTA
1240 96 1577 132 PHILOLOGICA.

2065 95 2163 130 1088

1169 196 1263 218 nunc
1286 182 1340 217 his
1364 184 1577 229 contemptis
1602 182 1758 217 Siciliam
1782 180 1961 226 appetitis.
2013 180 2076 215 Est
2101 192 2163 214 au-

1169 241 1239 268 tem
1258 235 1454 280 sapientia,
1481 247 1555 268 non
1574 235 1692 268 efferri
1711 233 1840 267 animis
1863 239 2011 278 propter
2034 233 2161 265 adver-

1167 299 1225 320 sos
1250 299 1350 320 casus
1373 283 1550 327 hostium,
1577 287 1638 320 sed
1655 286 1795 319 ratione
1815 285 2012 324 confidere,
2039 290 2073 317 et
2091 283 2163 317 exi-

1167 338 1333 379 stimare,
1374 336 1678 372 Lacedaemonios
1709 338 1786 370 fore
1818 335 2081 381 vigilantiores,
2121 340 2162 368 ut

1169 396 1349 434 acceptam
1379 388 1617 433 ignominiam
1651 388 1754 422 nobis
1790 387 1942 422 vicissim
1975 385 2163 431 superatis,

1168 442 1374 474 emendent:
1411 440 1518 486 idque
1543 453 1584 474 eo
1608 440 1720 484 magis
1744 439 1893 480 facient,
1919 451 1991 485 quo
2025 436 2162 471 maiore

1167 492 1285 526 studio
1304 498 1339 525 et
1358 491 1491 525 diutius
1509 491 1661 536 gloriam
1680 490 1821 525 virtutis
1844 490 2040 535 possident.
2092 486 2161 522 Ita-

1168 556 1236 590 que
1259 543 1363 577 nobis
1381 555 1455 576 non
1476 550 1527 577 est
1552 549 1732 576 certamen
1746 554 1826 576 cum
1842 541 2027 587 Egestanis
2045 538 2163 573 homi-

1167 595 1273 630 nibus
1290 595 1454 629 barbaris
1470 595 1507 628 in
1523 594 1641 628 Sicilia
1653 620 1663 634 ,
1687 594 1749 627 sed
1767 594 1951 639 quomodo
1971 592 2162 637 vigilanter

1167 653 1333 680 tueamur
1349 646 1525 691 patriam,
1552 658 1597 678 ne
1617 645 1763 679 libertas
1780 644 2005 689 opprimatur
2027 643 2072 677 ab
2094 641 2163 684 his,

1167 698 1228 744 qui
1252 710 1449 744 paucorum
1466 696 1667 742 potentiam
1692 696 1729 729 in
1754 707 1793 729 ea
1816 695 2031 729 constituere
2055 706 2164 728 cona-

1166 756 1237 784 tur.
1301 749 1354 783 Ac
1378 749 1669 789 meminerimus,
1711 747 1770 781 vix
1793 759 1871 781 eam
1904 746 2041 792 aliquid
2067 745 2165 779 laxa-

1166 800 1278 834 menti
1303 807 1445 834 nactam
1476 813 1551 835 esse
1582 806 1664 845 post
1690 811 1835 833 saevam
1866 797 2106 844 pestilentiam
2130 802 2166 830 et

1165 853 1313 897 longum
1337 852 1490 893 bellum,
1531 858 1570 886 ut
1593 863 1716 885 rursus
1740 862 1892 884 numero
1915 847 2106 883 hominum
2129 854 2166 881 et

1166 903 1338 949 pecuniae
1364 904 1485 947 augeri
1502 903 1625 949 possit.
1679 902 1780 948 Quas
1797 914 1854 936 res
1873 901 2080 946 impendere
2095 911 2163 934 nos

1166 968 1233 1001 pro
1250 955 1354 989 nobis
1372 955 1409 988 in
1426 955 1543 999 patria
1563 954 1690 989 iustius
1709 959 1761 987 est
1776 966 1883 999 quam
1902 965 1970 998 pro
1988 951 2163 992 exulibus,

1166 1007 1229 1053 qui
1251 1006 1385 1040 auxilio
1409 1005 1588 1051 indigent,
1616 1005 1745 1052 quibus
1768 1011 1802 1038 et
1825 1004 1971 1038 mentiri
1987 1003 2074 1038 utile
2099 1009 2166 1044 est,

1166 1058 1229 1104 qui
1252 1064 1287 1091 et
1312 1058 1349 1090 in
1372 1057 1552 1102 praesenti
1575 1057 1733 1102 periculo
1760 1062 1900 1090 tantum
1927 1056 2034 1089 verba
2061 1056 2163 1095 dant,

1165 1116 1200 1143 et
1223 1109 1253 1144 si
1278 1109 1392 1142 exitus
1415 1109 1487 1143 sint
1516 1108 1700 1154 prosperi,
1732 1119 1808 1141 non
1832 1108 1993 1141 referunt
2016 1106 2164 1151 dignam

1165 1160 1338 1205 gratiam;
1366 1160 1421 1194 sin
1437 1160 1550 1195 exitus
1564 1160 1636 1195 sint
1652 1159 1829 1200 infelices,
1856 1156 2006 1192 trahunt
2029 1157 2166 1193 amicos

1165 1213 1202 1246 in
1224 1212 1433 1257 perniciem.
2131 1234 2134 1237 »

1267 1262 1305 1297 si
1328 1263 1407 1308 quis
1433 1269 1552 1296 autem
1575 1262 1705 1296 electus
1727 1261 1868 1301 iunior,
1896 1260 1959 1306 qui
1983 1271 2045 1295 sua
2065 1259 2161 1294 utili-

1164 1320 1237 1347 tate
1265 1320 1449 1360 movetur,
1490 1320 1525 1346 et
1546 1311 1616 1346 hoc
1643 1312 1796 1358 imperio
1824 1312 1978 1345 laetatur
2012 1317 2162 1356 propter

1165 1365 1415 1410 splendorem,
1450 1371 1485 1398 et
1509 1370 1658 1409 propter
1682 1375 1859 1410 equorum
1885 1368 2100 1408 apparatus,
2127 1369 2164 1397 et

1165 1416 1410 1461 profusiones,
1453 1414 1641 1456 hortatur,
1683 1421 1723 1449 ut
1748 1413 1942 1458 navigetis‚
1975 1411 2060 1447 huic
2086 1425 2164 1448 non

1166 1468 1350 1501 concedite
1362 1495 1372 1509 ‚
1399 1474 1439 1501 ut
1459 1467 1619 1512 periculo
1637 1466 1791 1500 civitatis
1810 1478 1914 1500 suum
1932 1465 2162 1511 splendorem

1166 1519 1369 1564 amplificet.
1395 1519 1465 1553 Sed
1482 1518 1680 1553 existimate
1695 1530 1713 1551 a
1732 1517 1862 1551 talibus
1878 1523 1913 1551 et
1927 1529 1983 1552 res
1999 1517 2162 1562 publicas

1166 1571 1299 1612 everti,
1325 1577 1359 1604 et
1380 1570 1491 1604 everti
1509 1570 1681 1615 privatas.
1720 1569 1767 1603 Et
1783 1568 1968 1614 negotium
1987 1581 2161 1614 magnum

1166 1633 1241 1656 esse
1251 1622 1416 1667 cogitate,
1433 1623 1531 1668 quod
1546 1621 1684 1656 iuvenis
1695 1620 1844 1656 consilio
1854 1620 1930 1665 regi
1939 1632 2015 1654 non
2031 1627 2162 1666 potest,

1165 1685 1230 1707 nec
1253 1674 1371 1708 subito
1397 1673 1661 1718 suscipiendum
1687 1679 1756 1708 est:
1782 1672 1839 1707 cui
1858 1672 1957 1713 viro,
1985 1684 2066 1706 cum
2083 1684 2162 1706 cor-

1165 1731 1311 1770 rogatos
1337 1725 1426 1760 alios
1449 1725 1604 1760 assidere
1634 1724 1759 1765 video,
1794 1729 1928 1758 metuo.
1994 1722 2120 1770 Itaque
2142 1736 2162 1759 e

1166 1777 1308 1811 diverso
1334 1778 1379 1810 ad
1405 1777 1564 1812 seniores
1579 1777 1729 1817 accedo,
1756 1782 1791 1809 et
1806 1788 1886 1810 sum
1903 1773 2090 1817 hortator,
2116 1788 2162 1810 ne

1166 1829 1300 1873 pudeat
1323 1841 1402 1869 eos,
1436 1828 1466 1863 si
1493 1828 1605 1875 aliqui
1630 1827 1922 1872 suffragabuntur
1945 1826 2023 1868 isti,
2057 1827 2087 1862 si
2111 1828 2163 1860 vi-

1166 1880 1320 1915 deantur
1343 1880 1486 1925 ignavi‚
1519 1892 1585 1914 nec
1608 1880 1803 1913 decernant
1822 1878 1975 1919 bellum,
2005 1890 2052 1912 ne
2071 1879 2162 1913 acci-

1166 1932 1228 1965 dat
1244 1932 1306 1972 eis,
1331 1933 1429 1978 quod
1447 1943 1573 1966 eorum
1588 1931 1714 1965 vitium
1734 1937 1798 1971 est,
1813 1936 1854 1964 ut
1868 1929 2021 1963 nimium
2039 1937 2162 1965 ament

1167 1983 1347 2022 absentes;
1375 1985 1436 2018 sed
1453 1983 1587 2025 sciant,
1614 1983 1844 2028 cupiditatem
1859 1994 1943 2016 raro
1961 1982 2076 2017 bonos
2094 1980 2159 2017 ha-

1165 2035 1250 2069 bere
1273 2042 1441 2076 eventus,
1484 2036 1545 2070 sed
1570 2035 1781 2081 plerumque
1808 2034 2048 2079 prudentiam.
2105 2036 2159 2070 Ac

1165 2084 1312 2127 hortor,
1337 2093 1377 2121 ut
1392 2099 1459 2132 pro
1483 2087 1599 2132 patria
1623 2085 1853 2131 suscipientes
1877 2085 2074 2120 maximum
2099 2099 2162 2132 pe-

1164 2138 1317 2172 riculum
1335 2145 1460 2173 contra
1478 2138 1696 2179 decernatis,
1723 2144 1763 2172 ut
1778 2137 1888 2172 Siculi
1906 2137 2066 2172 contenti
2088 2138 2161 2174 sint

1165 2190 1348 2231 terminis,
1382 2190 1511 2237 quibus
1539 2189 1710 2225 hactenus
1732 2196 1902 2230 utuntur,
1938 2187 2040 2223 Ionio
2064 2189 2160 2233 sinu,

1166 2242 1196 2276 si
1220 2242 1300 2288 quis
1315 2254 1428 2288 prope
1454 2249 1587 2277 terram
1609 2242 1770 2287 naviget;
1807 2247 1842 2275 et
1854 2240 1973 2275 Siculo
1990 2241 2102 2284 mari,
2128 2243 2160 2278 si

1165 2294 1244 2340 quis
1274 2294 1311 2327 in
1344 2294 1416 2328 alto
1443 2294 1605 2339 naviget,
1641 2301 1675 2328 et
1706 2306 1769 2328 suo
1801 2294 1967 2328 fruantur
1986 2320 1996 2334 ,
2037 2299 2072 2328 et
2099 2307 2157 2331 res

1164 2358 1246 2380 suas
1278 2352 1397 2391 agant.
1457 2345 1595 2380 Deinde
1618 2352 1652 2380 et
1680 2345 1866 2391 Egestanis
1898 2346 2158 2391 respondeatis,

1164 2403 1356 2444 postquam
1378 2397 1454 2432 sine
1477 2395 1750 2432 Atheniensium
1778 2396 1926 2431 consilio
1945 2397 2079 2432 bellum
2102 2398 2159 2433 in-

1164 2449 1325 2483 tulerunt
1348 2449 1555 2484 Selinuntiis
1570 2448 1638 2497 ⁵⁰),
1678 2456 1718 2484 ut
1747 2455 1782 2483 et
1808 2448 1884 2484 sine
1915 2448 2001 2494 ipsis
2028 2462 2156 2496 pacem

1163 2500 1314 2540 faciant,
1342 2512 1407 2534 nec
1428 2501 1594 2546 deinceps
1617 2501 1789 2535 faciamus
1813 2499 2040 2542 societatem,
2066 2503 2157 2537 sicut

1164 2558 1267 2585 antea
1287 2551 1451 2593 fecimus,
1479 2553 1539 2598 qui
1558 2553 1772 2587 calamitosis
1787 2564 1891 2597 opem
1907 2552 2065 2595 ferimus,
2087 2554 2156 2600 ipsi

1164 2615 1249 2636 vero
1269 2603 1510 2638 desiderantes
1528 2605 1698 2638 auxilium
1720 2617 1793 2637 non
1813 2603 2025 2638 invenimus.

1195 2689 1245 2717 50)
1264 2687 1442 2715 Selinuntiis]
1468 2688 1510 2712 sic
1529 2688 1690 2720 scripsimus
1712 2695 1739 2711 =
1760 2685 1831 2720 πρὸς
1848 2687 2075 2718 Σελινουντίους
2104 2690 2153 2715 Ed.

1235 2723 1308 2748 1562.
1328 2722 1481 2749 Selimiciis.
