<?xml version="1.0" encoding="UTF-8"?>
<!DOCTYPE html PUBLIC "-//W3C//DTD XHTML 1.0 Transitional//EN"
    "http://www.w3.org/TR/xhtml1/DTD/xhtml1-transitional.dtd">
<html xmlns="http://www.w3.org/1999/xhtml" xml:lang="en" lang="en">
 <head>
  <title>
</title>
<meta http-equiv="Content-Type" content="text/html;charset=utf-8" />
  <meta name='ocr-system' content='tesseract 3.04.00' />
  <meta name='ocr-capabilities' content='ocr_page ocr_carea ocr_par ocr_line ocrx_word'/>
</head>
<body>
  <div class='ocr_page' id='page_1' title='image "./operaquaesupersu17melauoft/operaquaesupersu17melauoft_0335.png"; bbox 0 0 2351 2990; ppageno 0'>
   <div class='ocr_carea' id='block_1_1' title="bbox 108 132 183 169">
    <p class='ocr_par' dir='ltr' id='par_1_1' title="bbox 108 132 183 169">
     <span class='ocr_line' id='line_1_1' title="bbox 108 132 183 169; baseline 0 0"><span class='ocrx_word' id='word_1_1' title='bbox 108 132 183 169; x_wconf 86' lang='lat'>645</span> 
     </span>
    </p>
   </div>
   <div class='ocr_carea' id='block_1_2' title="bbox 96 219 1130 2335">
    <p class='ocr_par' dir='ltr' id='par_1_2' title="bbox 105 219 1130 627">
     <span class='ocr_line' id='line_1_2' title="bbox 106 219 1101 266; baseline -0.001 -11"><span class='ocrx_word' id='word_1_2' title='bbox 106 221 227 255; x_wconf 85' lang='lat' dir='ltr'>omnia</span> <span class='ocrx_word' id='word_1_3' title='bbox 243 220 379 265; x_wconf 80' lang='lat' dir='ltr'>attigit,</span> <span class='ocrx_word' id='word_1_4' title='bbox 408 232 499 266; x_wconf 85' lang='lat' dir='ltr'>quae</span> <span class='ocrx_word' id='word_1_5' title='bbox 516 232 580 265; x_wconf 86' lang='lat' dir='ltr'>ego</span> <span class='ocrx_word' id='word_1_6' title='bbox 598 232 670 254; x_wconf 86' lang='lat' dir='ltr'>uno</span> <span class='ocrx_word' id='word_1_7' title='bbox 693 219 876 253; x_wconf 78' lang='lat' dir='ltr'>volumine</span> <span class='ocrx_word' id='word_1_8' title='bbox 897 220 1101 265; x_wconf 87' lang='lat' dir='ltr'>complexus</span> 
     </span>
     <span class='ocr_line' id='line_1_3' title="bbox 105 272 1103 317; baseline -0.002 -10"><span class='ocrx_word' id='word_1_9' title='bbox 105 286 196 307; x_wconf 89' lang='lat' dir='ltr'>sum.</span> <span class='ocrx_word' id='word_1_10' title='bbox 250 272 323 307; x_wconf 87' lang='lat' dir='ltr'>Nec</span> <span class='ocrx_word' id='word_1_11' title='bbox 342 273 388 305; x_wconf 90' lang='lat' dir='ltr'>ita</span> <span class='ocrx_word' id='word_1_12' title='bbox 406 278 488 305; x_wconf 89' lang='lat' dir='ltr'>sunt</span> <span class='ocrx_word' id='word_1_13' title='bbox 505 284 676 312; x_wconf 85' lang='lat' dir='ltr'>amoena,</span> <span class='ocrx_word' id='word_1_14' title='bbox 704 278 744 305; x_wconf 85' lang='lat' dir='ltr'>ut</span> <span class='ocrx_word' id='word_1_15' title='bbox 763 284 980 317; x_wconf 74' lang='lat' dir='ltr'>magnopere</span> <span class='ocrx_word' id='word_1_16' title='bbox 1007 272 1103 305; x_wconf 79' lang='lat' dir='ltr'>iuvet</span> 
     </span>
     <span class='ocr_line' id='line_1_4' title="bbox 105 323 1102 369; baseline -0.001 -12"><span class='ocrx_word' id='word_1_17' title='bbox 105 323 194 358; x_wconf 89' lang='lat' dir='ltr'>haec</span> <span class='ocrx_word' id='word_1_18' title='bbox 218 325 346 369; x_wconf 84' lang='lat' dir='ltr'>legere.</span> <span class='ocrx_word' id='word_1_19' title='bbox 413 323 581 369; x_wconf 82' lang='lat' dir='ltr'>Plerique</span> <span class='ocrx_word' id='word_1_20' title='bbox 608 324 668 356; x_wconf 88' lang='lat' dir='ltr'>alii</span> <span class='ocrx_word' id='word_1_21' title='bbox 696 336 734 357; x_wconf 88' lang='lat' dir='ltr'>ea</span> <span class='ocrx_word' id='word_1_22' title='bbox 765 330 904 356; x_wconf 89' lang='lat' dir='ltr'>tantum</span> <span class='ocrx_word' id='word_1_23' title='bbox 930 324 1102 364; x_wconf 85' lang='lat' dir='ltr'>scribunt,</span> 
     </span>
     <span class='ocr_line' id='line_1_5' title="bbox 108 373 1102 422; baseline -0.001 -13"><span class='ocrx_word' id='word_1_24' title='bbox 108 389 200 422; x_wconf 90' lang='lat' dir='ltr'>quae</span> <span class='ocrx_word' id='word_1_25' title='bbox 224 377 419 415; x_wconf 82' lang='lat' dir='ltr'>delectant,</span> <span class='ocrx_word' id='word_1_26' title='bbox 447 376 475 409; x_wconf 90' lang='lat' dir='ltr'>si</span> <span class='ocrx_word' id='word_1_27' title='bbox 501 388 570 421; x_wconf 89' lang='lat' dir='ltr'>qua</span> <span class='ocrx_word' id='word_1_28' title='bbox 598 382 680 409; x_wconf 88' lang='lat' dir='ltr'>sunt</span> <span class='ocrx_word' id='word_1_29' title='bbox 704 373 908 409; x_wconf 69' lang='lat' dir='ltr'>horridiora</span> <span class='ocrx_word' id='word_1_30' title='bbox 928 382 961 408; x_wconf 91' lang='lat' dir='ltr'>et</span> <span class='ocrx_word' id='word_1_31' title='bbox 979 376 1102 409; x_wconf 78' lang='lat' dir='ltr'>obscu-</span> 
     </span>
     <span class='ocr_line' id='line_1_6' title="bbox 106 427 1099 471; baseline -0.002 -10"><span class='ocrx_word' id='word_1_32' title='bbox 106 428 224 468; x_wconf 83' lang='lat' dir='ltr'>riora,</span> <span class='ocrx_word' id='word_1_33' title='bbox 255 440 329 460; x_wconf 90' lang='lat' dir='ltr'>non</span> <span class='ocrx_word' id='word_1_34' title='bbox 357 428 547 471; x_wconf 82' lang='lat' dir='ltr'>attingunt.</span> <span class='ocrx_word' id='word_1_35' title='bbox 607 427 720 461; x_wconf 79' lang='lat' dir='ltr'>Nobis</span> <span class='ocrx_word' id='word_1_36' title='bbox 745 428 864 460; x_wconf 91' lang='lat' dir='ltr'>omnia</span> <span class='ocrx_word' id='word_1_37' title='bbox 893 428 1099 461; x_wconf 86' lang='lat' dir='ltr'>excutienda</span> 
     </span>
     <span class='ocr_line' id='line_1_7' title="bbox 106 478 1100 526; baseline 0.001 -14"><span class='ocrx_word' id='word_1_38' title='bbox 106 480 269 519; x_wconf 83' lang='lat' dir='ltr'>fuerunt,</span> <span class='ocrx_word' id='word_1_39' title='bbox 299 479 507 522; x_wconf 89' lang='lat' dir='ltr'>disciplinae</span> <span class='ocrx_word' id='word_1_40' title='bbox 531 478 638 511; x_wconf 83' lang='lat' dir='ltr'>etiam</span> <span class='ocrx_word' id='word_1_41' title='bbox 668 481 902 523; x_wconf 88' lang='lat' dir='ltr'>repetendae,</span> <span class='ocrx_word' id='word_1_42' title='bbox 930 492 1018 524; x_wconf 86' lang='lat' dir='ltr'>quas</span> <span class='ocrx_word' id='word_1_43' title='bbox 1042 478 1100 526; x_wconf 71' lang='grc' dir='ltr'>ἑγ-</span> 
     </span>
     <span class='ocr_line' id='line_1_8' title="bbox 106 508 1130 576; baseline -0.003 -11"><span class='ocrx_word' id='word_1_44' title='bbox 106 529 372 569; x_wconf 75' lang='grc' dir='ltr'><em>κυκλοπαιδίας</em></span> <span class='ocrx_word' id='word_1_45' title='bbox 389 530 517 564; x_wconf 88' lang='lat' dir='ltr'>Graeci</span> <span class='ocrx_word' id='word_1_46' title='bbox 537 537 686 571; x_wconf 76' lang='lat' dir='ltr'>vocant,</span> <span class='ocrx_word' id='word_1_47' title='bbox 715 544 806 576; x_wconf 85' lang='lat' dir='ltr'>quae</span> <span class='ocrx_word' id='word_1_48' title='bbox 827 544 971 576; x_wconf 86' lang='lat' dir='ltr'>prorsus</span> <span class='ocrx_word' id='word_1_49' title='bbox 996 531 1101 564; x_wconf 86' lang='lat' dir='ltr'>obru-</span> <span class='ocrx_word' id='word_1_50' title='bbox 1126 508 1130 576; x_wconf 69' lang='grc' dir='ltr'>Ι</span> 
     </span>
     <span class='ocr_line' id='line_1_9' title="bbox 106 582 1102 627; baseline 0.001 -13"><span class='ocrx_word' id='word_1_51' title='bbox 106 588 163 614; x_wconf 85' lang='lat' dir='ltr'>tae</span> <span class='ocrx_word' id='word_1_52' title='bbox 184 583 339 615; x_wconf 86' lang='lat' dir='ltr'>tenebris</span> <span class='ocrx_word' id='word_1_53' title='bbox 356 582 481 615; x_wconf 87' lang='lat' dir='ltr'>iacent.</span> <span class='ocrx_word' id='word_1_54' title='bbox 537 582 723 627; x_wconf 83' lang='lat' dir='ltr'>Quaedam</span> <span class='ocrx_word' id='word_1_55' title='bbox 745 590 867 616; x_wconf 88' lang='lat' dir='ltr'>contra</span> <span class='ocrx_word' id='word_1_56' title='bbox 887 583 1102 616; x_wconf 85' lang='lat' dir='ltr'>inseruimus</span> 
     </span>
    </p>

    <p class='ocr_par' dir='ltr' id='par_1_3' title="bbox 105 633 1100 680">
     <span class='ocr_line' id='line_1_10' title="bbox 105 633 1100 680; baseline -0.001 -14"><span class='ocrx_word' id='word_1_57' title='bbox 105 645 125 666; x_wconf 82' lang='lat' dir='ltr'>a</span> <span class='ocrx_word' id='word_1_58' title='bbox 147 634 268 667; x_wconf 87' lang='lat' dir='ltr'>multis</span> <span class='ocrx_word' id='word_1_59' title='bbox 292 635 336 666; x_wconf 92' lang='lat' dir='ltr'>ad</span> <span class='ocrx_word' id='word_1_60' title='bbox 362 634 542 667; x_wconf 75' lang='lat' dir='ltr'>fastidium</span> <span class='ocrx_word' id='word_1_61' title='bbox 570 647 681 680; x_wconf 87' lang='lat' dir='ltr'>nsque</span> <span class='ocrx_word' id='word_1_62' title='bbox 707 636 892 667; x_wconf 88' lang='lat' dir='ltr'>decantata</span> <span class='ocrx_word' id='word_1_63' title='bbox 918 634 974 680; x_wconf 80' lang='lat'>¹³).</span> <span class='ocrx_word' id='word_1_64' title='bbox 1038 633 1100 666; x_wconf 85' lang='lat' dir='ltr'>Est</span> 
     </span>
    </p>

    <p class='ocr_par' dir='ltr' id='par_1_4' title="bbox 106 686 1099 729">
     <span class='ocr_line' id='line_1_11' title="bbox 106 686 1099 729; baseline 0 -12"><span class='ocrx_word' id='word_1_65' title='bbox 106 691 225 718; x_wconf 84' lang='lat' dir='ltr'>autem</span> <span class='ocrx_word' id='word_1_66' title='bbox 259 698 333 718; x_wconf 89' lang='lat' dir='ltr'>non</span> <span class='ocrx_word' id='word_1_67' title='bbox 367 686 557 719; x_wconf 88' lang='lat' dir='ltr'>mediocris</span> <span class='ocrx_word' id='word_1_68' title='bbox 592 687 746 729; x_wconf 83' lang='lat' dir='ltr'>negotii,</span> <span class='ocrx_word' id='word_1_69' title='bbox 793 686 952 720; x_wconf 85' lang='lat' dir='ltr'>obscuris</span> <span class='ocrx_word' id='word_1_70' title='bbox 986 686 1099 718; x_wconf 88' lang='lat' dir='ltr'>lucem</span> 
     </span>
    </p>

    <p class='ocr_par' dir='ltr' id='par_1_5' title="bbox 105 736 1100 778">
     <span class='ocr_line' id='line_1_12' title="bbox 105 736 1100 778; baseline -0.001 -9"><span class='ocrx_word' id='word_1_71' title='bbox 105 737 219 777; x_wconf 89' lang='lat' dir='ltr'>dare,</span> <span class='ocrx_word' id='word_1_72' title='bbox 274 737 442 771; x_wconf 81' lang='lat' dir='ltr'>obsoletis</span> <span class='ocrx_word' id='word_1_73' title='bbox 479 737 633 771; x_wconf 88' lang='lat' dir='ltr'>nitorem</span> <span class='ocrx_word' id='word_1_74' title='bbox 656 765 664 778; x_wconf 85' lang='lat'><strong>‚</strong></span> <span class='ocrx_word' id='word_1_75' title='bbox 717 738 819 772; x_wconf 75' lang='lat' dir='ltr'>novis</span> <span class='ocrx_word' id='word_1_76' title='bbox 856 736 1100 775; x_wconf 86' lang='lat' dir='ltr'>autoritatem,</span> 
     </span>
    </p>

    <p class='ocr_par' dir='ltr' id='par_1_6' title="bbox 104 788 1100 834">
     <span class='ocr_line' id='line_1_13' title="bbox 104 788 1100 834; baseline -0.002 -13"><span class='ocrx_word' id='word_1_77' title='bbox 104 789 259 834; x_wconf 89' lang='lat' dir='ltr'>denique</span> <span class='ocrx_word' id='word_1_78' title='bbox 300 802 424 822; x_wconf 89' lang='lat' dir='ltr'>omnes</span> <span class='ocrx_word' id='word_1_79' title='bbox 466 796 615 823; x_wconf 87' lang='lat' dir='ltr'>naturae</span> <span class='ocrx_word' id='word_1_80' title='bbox 656 796 774 834; x_wconf 87' lang='lat' dir='ltr'>partes</span> <span class='ocrx_word' id='word_1_81' title='bbox 817 801 834 822; x_wconf 87' lang='lat' dir='ltr'>e</span> <span class='ocrx_word' id='word_1_82' title='bbox 868 788 1024 822; x_wconf 87' lang='lat' dir='ltr'>tenebris</span> <span class='ocrx_word' id='word_1_83' title='bbox 1064 788 1100 819; x_wconf 90' lang='lat' dir='ltr'>in</span> 
     </span>
    </p>

    <p class='ocr_par' dir='ltr' id='par_1_7' title="bbox 105 839 1101 885">
     <span class='ocr_line' id='line_1_14' title="bbox 105 839 1101 885; baseline -0.002 -12"><span class='ocrx_word' id='word_1_84' title='bbox 105 840 219 873; x_wconf 90' lang='lat' dir='ltr'>lucem</span> <span class='ocrx_word' id='word_1_85' title='bbox 262 842 436 884; x_wconf 85' lang='lat' dir='ltr'>proferre.</span> <span class='ocrx_word' id='word_1_86' title='bbox 517 841 596 885; x_wconf 85' lang='lat' dir='ltr'>Qua</span> <span class='ocrx_word' id='word_1_87' title='bbox 639 840 675 873; x_wconf 88' lang='lat' dir='ltr'>in</span> <span class='ocrx_word' id='word_1_88' title='bbox 722 853 759 873; x_wconf 85' lang='lat' dir='ltr'>re</span> <span class='ocrx_word' id='word_1_89' title='bbox 781 867 789 879; x_wconf 85' lang='lat'>‚</span> <span class='ocrx_word' id='word_1_90' title='bbox 844 839 984 872; x_wconf 88' lang='lat' dir='ltr'>etiamsi</span> <span class='ocrx_word' id='word_1_91' title='bbox 1027 851 1101 871; x_wconf 91' lang='lat' dir='ltr'>non</span> 
     </span>
    </p>

    <p class='ocr_par' dir='ltr' id='par_1_8' title="bbox 105 890 1101 933">
     <span class='ocr_line' id='line_1_15' title="bbox 105 890 1101 933; baseline -0.002 -9"><span class='ocrx_word' id='word_1_92' title='bbox 105 892 189 926; x_wconf 88' lang='lat' dir='ltr'>satis</span> <span class='ocrx_word' id='word_1_93' title='bbox 207 893 393 933; x_wconf 85' lang='lat' dir='ltr'>successit,</span> <span class='ocrx_word' id='word_1_94' title='bbox 418 899 538 925; x_wconf 89' lang='lat' dir='ltr'>tamen</span> <span class='ocrx_word' id='word_1_95' title='bbox 555 890 723 925; x_wconf 86' lang='lat' dir='ltr'>honestus</span> <span class='ocrx_word' id='word_1_96' title='bbox 740 898 887 925; x_wconf 88' lang='lat' dir='ltr'>conatus</span> <span class='ocrx_word' id='word_1_97' title='bbox 906 904 1006 925; x_wconf 90' lang='lat' dir='ltr'>suam</span> <span class='ocrx_word' id='word_1_98' title='bbox 1026 891 1101 923; x_wconf 89' lang='lat' dir='ltr'>lau-</span> 
     </span>
    </p>

    <p class='ocr_par' dir='ltr' id='par_1_9' title="bbox 105 941 1098 988">
     <span class='ocr_line' id='line_1_16' title="bbox 105 941 1098 988; baseline -0.002 -12"><span class='ocrx_word' id='word_1_99' title='bbox 105 944 185 976; x_wconf 88' lang='lat' dir='ltr'>dem</span> <span class='ocrx_word' id='word_1_100' title='bbox 209 951 378 977; x_wconf 85' lang='lat' dir='ltr'>meretur.</span> <span class='ocrx_word' id='word_1_101' title='bbox 438 943 511 977; x_wconf 81' lang='lat' dir='ltr'>Nec</span> <span class='ocrx_word' id='word_1_102' title='bbox 541 941 629 975; x_wconf 85' lang='lat' dir='ltr'>nihil</span> <span class='ocrx_word' id='word_1_103' title='bbox 661 944 811 976; x_wconf 87' lang='lat' dir='ltr'>debetur</span> <span class='ocrx_word' id='word_1_104' title='bbox 842 943 904 983; x_wconf 91' lang='lat' dir='ltr'>iis,</span> <span class='ocrx_word' id='word_1_105' title='bbox 933 944 995 988; x_wconf 90' lang='lat' dir='ltr'>qui</span> <span class='ocrx_word' id='word_1_106' title='bbox 1020 955 1098 975; x_wconf 87' lang='lat' dir='ltr'>cum</span> 
     </span>
    </p>

    <p class='ocr_par' dir='ltr' id='par_1_10' title="bbox 103 995 1100 1039">
     <span class='ocr_line' id='line_1_17' title="bbox 103 995 1100 1039; baseline -0.001 -12"><span class='ocrx_word' id='word_1_107' title='bbox 103 995 309 1028; x_wconf 81' lang='lat' dir='ltr'>difficultate</span> <span class='ocrx_word' id='word_1_108' title='bbox 342 995 394 1028; x_wconf 90' lang='lat' dir='ltr'>rei</span> <span class='ocrx_word' id='word_1_109' title='bbox 426 995 527 1034; x_wconf 79' lang='lat' dir='ltr'>victi,</span> <span class='ocrx_word' id='word_1_110' title='bbox 569 1007 643 1027; x_wconf 85' lang='lat' dir='ltr'>non</span> <span class='ocrx_word' id='word_1_111' title='bbox 676 1001 872 1039; x_wconf 86' lang='lat' dir='ltr'>potuerunt</span> <span class='ocrx_word' id='word_1_112' title='bbox 906 1002 1100 1039; x_wconf 87' lang='lat' dir='ltr'>utrumque</span> 
     </span>
    </p>

    <p class='ocr_par' dir='ltr' id='par_1_11' title="bbox 101 1045 1100 1091">
     <span class='ocr_line' id='line_1_18' title="bbox 101 1045 1100 1091; baseline -0.001 -12"><span class='ocrx_word' id='word_1_113' title='bbox 101 1053 304 1091; x_wconf 87' lang='lat' dir='ltr'>praestare,</span> <span class='ocrx_word' id='word_1_114' title='bbox 346 1053 384 1079; x_wconf 88' lang='lat' dir='ltr'>ut</span> <span class='ocrx_word' id='word_1_115' title='bbox 411 1053 444 1079; x_wconf 90' lang='lat' dir='ltr'>et</span> <span class='ocrx_word' id='word_1_116' title='bbox 471 1047 697 1090; x_wconf 78' lang='lat' dir='ltr'>prodessent,</span> <span class='ocrx_word' id='word_1_117' title='bbox 735 1053 769 1079; x_wconf 91' lang='lat' dir='ltr'>et</span> <span class='ocrx_word' id='word_1_118' title='bbox 803 1047 1019 1079; x_wconf 67' lang='lat' dir='ltr'>delectarent</span> <span class='ocrx_word' id='word_1_119' title='bbox 1044 1045 1100 1091; x_wconf 66' lang='lat' dir='ltr'>l⁴).</span> 
     </span>
    </p>

    <p class='ocr_par' dir='ltr' id='par_1_12' title="bbox 100 1098 1101 1142">
     <span class='ocr_line' id='line_1_19' title="bbox 100 1098 1101 1142; baseline -0.004 -10"><span class='ocrx_word' id='word_1_120' title='bbox 100 1098 183 1132; x_wconf 76' lang='lat' dir='ltr'>Non</span> <span class='ocrx_word' id='word_1_121' title='bbox 202 1098 414 1131; x_wconf 83' lang='lat' dir='ltr'>destiterunt</span> <span class='ocrx_word' id='word_1_122' title='bbox 430 1104 551 1130; x_wconf 87' lang='lat' dir='ltr'>tamen</span> <span class='ocrx_word' id='word_1_123' title='bbox 568 1111 697 1142; x_wconf 77' lang='lat' dir='ltr'>magno</span> <span class='ocrx_word' id='word_1_124' title='bbox 714 1111 778 1132; x_wconf 90' lang='lat' dir='ltr'>suo</span> <span class='ocrx_word' id='word_1_125' title='bbox 794 1099 929 1138; x_wconf 88' lang='lat' dir='ltr'>labore,</span> <span class='ocrx_word' id='word_1_126' title='bbox 955 1110 1101 1142; x_wconf 81' lang='lat' dir='ltr'>magna-</span> 
     </span>
    </p>

    <p class='ocr_par' dir='ltr' id='par_1_13' title="bbox 96 1148 1100 2335">
     <span class='ocr_line' id='line_1_20' title="bbox 102 1148 1100 1196; baseline -0.003 -13"><span class='ocrx_word' id='word_1_127' title='bbox 102 1162 170 1196; x_wconf 91' lang='lat' dir='ltr'>que</span> <span class='ocrx_word' id='word_1_128' title='bbox 195 1150 378 1189; x_wconf 88' lang='lat' dir='ltr'>molestia,</span> <span class='ocrx_word' id='word_1_129' title='bbox 415 1149 562 1182; x_wconf 72' lang='lat' dir='ltr'>utilitati</span> <span class='ocrx_word' id='word_1_130' title='bbox 591 1150 752 1183; x_wconf 92' lang='lat' dir='ltr'>omnium</span> <span class='ocrx_word' id='word_1_131' title='bbox 780 1151 976 1183; x_wconf 85' lang='lat' dir='ltr'>consulere.</span> <span class='ocrx_word' id='word_1_132' title='bbox 1040 1148 1100 1181; x_wconf 89' lang='lat' dir='ltr'>Li-</span> 
     </span>
     <span class='ocr_line' id='line_1_21' title="bbox 101 1201 1098 1250; baseline -0.001 -17"><span class='ocrx_word' id='word_1_133' title='bbox 101 1202 179 1235; x_wconf 83' lang='lat' dir='ltr'>vius</span> <span class='ocrx_word' id='word_1_134' title='bbox 199 1201 243 1250; x_wconf 78' lang='lat'>¹⁵)</span> <span class='ocrx_word' id='word_1_135' title='bbox 271 1202 401 1235; x_wconf 74' lang='lat' dir='ltr'>alicubi</span> <span class='ocrx_word' id='word_1_136' title='bbox 426 1201 492 1241; x_wconf 77' lang='lat' dir='ltr'>ait,</span> <span class='ocrx_word' id='word_1_137' title='bbox 521 1202 716 1235; x_wconf 87' lang='lat' dir='ltr'>desiturum</span> <span class='ocrx_word' id='word_1_138' title='bbox 743 1214 778 1235; x_wconf 82' lang='lat' dir='ltr'>se</span> <span class='ocrx_word' id='word_1_139' title='bbox 796 1202 922 1241; x_wconf 78' lang='lat' dir='ltr'>sitisse,</span> <span class='ocrx_word' id='word_1_140' title='bbox 951 1201 1019 1234; x_wconf 90' lang='lat' dir='ltr'>nisi</span> <span class='ocrx_word' id='word_1_141' title='bbox 1038 1214 1098 1233; x_wconf 68' lang='lat' dir='ltr'>vo-</span> 
     </span>
     <span class='ocr_line' id='line_1_22' title="bbox 101 1253 1096 1298; baseline -0.002 -12"><span class='ocrx_word' id='word_1_142' title='bbox 101 1254 220 1298; x_wconf 87' lang='lat' dir='ltr'>luptas</span> <span class='ocrx_word' id='word_1_143' title='bbox 246 1254 282 1285; x_wconf 92' lang='lat' dir='ltr'>in</span> <span class='ocrx_word' id='word_1_144' title='bbox 308 1254 496 1287; x_wconf 87' lang='lat' dir='ltr'>scribendo</span> <span class='ocrx_word' id='word_1_145' title='bbox 522 1254 741 1286; x_wconf 71' lang='lat' dir='ltr'>detinuisset.</span> <span class='ocrx_word' id='word_1_146' title='bbox 797 1253 868 1297; x_wconf 83' lang='lat' dir='ltr'>Qui</span> <span class='ocrx_word' id='word_1_147' title='bbox 885 1254 1096 1297; x_wconf 84' lang='lat' dir='ltr'>ampliorem</span> 
     </span>
     <span class='ocr_line' id='line_1_23' title="bbox 100 1305 1098 1351; baseline -0.001 -14"><span class='ocrx_word' id='word_1_148' title='bbox 100 1305 296 1351; x_wconf 85' lang='lat' dir='ltr'>aliquando</span> <span class='ocrx_word' id='word_1_149' title='bbox 322 1305 463 1338; x_wconf 88' lang='lat' dir='ltr'>laudem</span> <span class='ocrx_word' id='word_1_150' title='bbox 489 1306 637 1338; x_wconf 89' lang='lat' dir='ltr'>meritus</span> <span class='ocrx_word' id='word_1_151' title='bbox 663 1311 769 1344; x_wconf 89' lang='lat' dir='ltr'>esset,</span> <span class='ocrx_word' id='word_1_152' title='bbox 798 1305 827 1338; x_wconf 89' lang='lat' dir='ltr'>si</span> <span class='ocrx_word' id='word_1_153' title='bbox 854 1311 992 1337; x_wconf 86' lang='lat' dir='ltr'>tantum</span> <span class='ocrx_word' id='word_1_154' title='bbox 1015 1316 1098 1348; x_wconf 84' lang='lat' dir='ltr'>ope-</span> 
     </span>
     <span class='ocr_line' id='line_1_24' title="bbox 100 1356 1099 1401; baseline -0.002 -11"><span class='ocrx_word' id='word_1_155' title='bbox 100 1369 162 1390; x_wconf 84' lang='lat' dir='ltr'>rae</span> <span class='ocrx_word' id='word_1_156' title='bbox 186 1357 393 1401; x_wconf 81' lang='lat' dir='ltr'>sumpsisset</span> <span class='ocrx_word' id='word_1_157' title='bbox 416 1369 490 1389; x_wconf 87' lang='lat' dir='ltr'>non</span> <span class='ocrx_word' id='word_1_158' title='bbox 516 1356 627 1389; x_wconf 85' lang='lat' dir='ltr'>animi</span> <span class='ocrx_word' id='word_1_159' title='bbox 653 1369 779 1396; x_wconf 88' lang='lat' dir='ltr'>causa,</span> <span class='ocrx_word' id='word_1_160' title='bbox 808 1357 867 1390; x_wconf 87' lang='lat' dir='ltr'>sed</span> <span class='ocrx_word' id='word_1_161' title='bbox 896 1363 935 1389; x_wconf 93' lang='lat' dir='ltr'>ut</span> <span class='ocrx_word' id='word_1_162' title='bbox 955 1369 1099 1400; x_wconf 88' lang='lat' dir='ltr'>rempu—</span> 
     </span>
     <span class='ocr_line' id='line_1_25' title="bbox 98 1408 1097 1455; baseline -0.002 -14"><span class='ocrx_word' id='word_1_163' title='bbox 98 1408 228 1441; x_wconf 78' lang='lat' dir='ltr'>blicam</span> <span class='ocrx_word' id='word_1_164' title='bbox 252 1409 402 1441; x_wconf 76' lang='lat' dir='ltr'>iuvaret.</span> <span class='ocrx_word' id='word_1_165' title='bbox 456 1408 531 1441; x_wconf 53' lang='lat' dir='ltr'>Bos</span> <span class='ocrx_word' id='word_1_166' title='bbox 557 1415 680 1440; x_wconf 81' lang='lat' dir='ltr'>contra</span> <span class='ocrx_word' id='word_1_167' title='bbox 700 1408 764 1455; x_wconf 78' lang='lat'>¹⁶),</span> <span class='ocrx_word' id='word_1_168' title='bbox 794 1414 969 1454; x_wconf 84' lang='lat' dir='ltr'>quantum</span> <span class='ocrx_word' id='word_1_169' title='bbox 999 1408 1097 1440; x_wconf 89' lang='lat' dir='ltr'>labo-</span> 
     </span>
     <span class='ocr_line' id='line_1_26' title="bbox 98 1458 1098 1503; baseline -0.002 -10"><span class='ocrx_word' id='word_1_170' title='bbox 98 1460 147 1493; x_wconf 90' lang='lat' dir='ltr'>ris</span> <span class='ocrx_word' id='word_1_171' title='bbox 164 1458 390 1493; x_wconf 69' lang='lat' dir='ltr'>exhausimus</span> <span class='ocrx_word' id='word_1_172' title='bbox 408 1460 570 1503; x_wconf 86' lang='lat' dir='ltr'>publicae</span> <span class='ocrx_word' id='word_1_173' title='bbox 588 1460 751 1493; x_wconf 76' lang='lat' dir='ltr'>utilitatis</span> <span class='ocrx_word' id='word_1_174' title='bbox 770 1460 890 1493; x_wconf 83' lang='lat' dir='ltr'>causa!</span> <span class='ocrx_word' id='word_1_175' title='bbox 919 1459 1001 1493; x_wconf 89' lang='lat' dir='ltr'>Duo</span> <span class='ocrx_word' id='word_1_176' title='bbox 1020 1460 1098 1492; x_wconf 93' lang='lat' dir='ltr'>mil-</span> 
     </span>
     <span class='ocr_line' id='line_1_27' title="bbox 99 1511 1096 1555; baseline -0.002 -10"><span class='ocrx_word' id='word_1_177' title='bbox 99 1513 145 1545; x_wconf 86' lang='lat' dir='ltr'>lia</span> <span class='ocrx_word' id='word_1_178' title='bbox 185 1512 410 1545; x_wconf 72' lang='lat' dir='ltr'>voluminum</span> <span class='ocrx_word' id='word_1_179' title='bbox 454 1511 696 1555; x_wconf 66' lang='lat' dir='ltr'>perlustravi,</span> <span class='ocrx_word' id='word_1_180' title='bbox 755 1518 898 1545; x_wconf 77' lang='lat' dir='ltr'>autores</span> <span class='ocrx_word' id='word_1_181' title='bbox 941 1518 1096 1552; x_wconf 81' lang='lat' dir='ltr'>centum,</span> 
     </span>
     <span class='ocr_line' id='line_1_28' title="bbox 100 1563 1097 1610; baseline -0.001 -14"><span class='ocrx_word' id='word_1_182' title='bbox 100 1577 190 1610; x_wconf 88' lang='lat' dir='ltr'>quos</span> <span class='ocrx_word' id='word_1_183' title='bbox 215 1565 359 1610; x_wconf 91' lang='lat' dir='ltr'>quidem</span> <span class='ocrx_word' id='word_1_184' title='bbox 385 1563 527 1595; x_wconf 82' lang='lat' dir='ltr'>delicati</span> <span class='ocrx_word' id='word_1_185' title='bbox 552 1563 608 1596; x_wconf 88' lang='lat' dir='ltr'>isti</span> <span class='ocrx_word' id='word_1_186' title='bbox 633 1569 781 1607; x_wconf 85' lang='lat' dir='ltr'>propter</span> <span class='ocrx_word' id='word_1_187' title='bbox 799 1576 916 1596; x_wconf 87' lang='lat' dir='ltr'>rerum</span> <span class='ocrx_word' id='word_1_188' title='bbox 936 1564 1097 1597; x_wconf 88' lang='lat' dir='ltr'>obscuri-</span> 
     </span>
     <span class='ocr_line' id='line_1_29' title="bbox 98 1614 1097 1660; baseline -0.001 -11"><span class='ocrx_word' id='word_1_189' title='bbox 98 1622 208 1649; x_wconf 88' lang='lat' dir='ltr'>tatem</span> <span class='ocrx_word' id='word_1_190' title='bbox 232 1629 307 1649; x_wconf 91' lang='lat' dir='ltr'>non</span> <span class='ocrx_word' id='word_1_191' title='bbox 329 1615 520 1659; x_wconf 77' lang='lat' dir='ltr'>attingunt.</span> <span class='ocrx_word' id='word_1_192' title='bbox 570 1614 624 1647; x_wconf 76' lang='lat' dir='ltr'>Ex</span> <span class='ocrx_word' id='word_1_193' title='bbox 642 1615 770 1660; x_wconf 82' lang='lat' dir='ltr'>quibus</span> <span class='ocrx_word' id='word_1_194' title='bbox 788 1616 1027 1659; x_wconf 79' lang='lat' dir='ltr'>excerpsimus</span> <span class='ocrx_word' id='word_1_195' title='bbox 1044 1628 1097 1648; x_wconf 88' lang='lat' dir='ltr'>re-</span> 
     </span>
     <span class='ocr_line' id='line_1_30' title="bbox 97 1665 1096 1712; baseline -0.002 -11"><span class='ocrx_word' id='word_1_196' title='bbox 97 1680 179 1701; x_wconf 81' lang='lat' dir='ltr'>rum</span> <span class='ocrx_word' id='word_1_197' title='bbox 214 1668 341 1712; x_wconf 74' lang='lat' dir='ltr'>viginti</span> <span class='ocrx_word' id='word_1_198' title='bbox 368 1667 520 1699; x_wconf 89' lang='lat' dir='ltr'>millium</span> <span class='ocrx_word' id='word_1_199' title='bbox 555 1673 721 1700; x_wconf 87' lang='lat' dir='ltr'>naturam</span> <span class='ocrx_word' id='word_1_200' title='bbox 755 1666 928 1700; x_wconf 84' lang='lat' dir='ltr'>inclusam</span> <span class='ocrx_word' id='word_1_201' title='bbox 965 1668 1001 1699; x_wconf 93' lang='lat' dir='ltr'>in</span> <span class='ocrx_word' id='word_1_202' title='bbox 1030 1665 1096 1699; x_wconf 86' lang='lat' dir='ltr'>hoc</span> 
     </span>
     <span class='ocr_line' id='line_1_31' title="bbox 99 1718 1096 1764; baseline -0.003 -11"><span class='ocrx_word' id='word_1_203' title='bbox 99 1732 200 1764; x_wconf 91' lang='lat' dir='ltr'>opus.</span> <span class='ocrx_word' id='word_1_204' title='bbox 266 1720 378 1752; x_wconf 84' lang='lat' dir='ltr'>Multa</span> <span class='ocrx_word' id='word_1_205' title='bbox 410 1718 602 1752; x_wconf 88' lang='lat' dir='ltr'>adiecimus</span> <span class='ocrx_word' id='word_1_206' title='bbox 631 1719 830 1758; x_wconf 62' lang='lat' dir='ltr'>veteribus,</span> <span class='ocrx_word' id='word_1_207' title='bbox 859 1732 949 1764; x_wconf 83' lang='lat' dir='ltr'>quae</span> <span class='ocrx_word' id='word_1_208' title='bbox 974 1726 1096 1752; x_wconf 83' lang='lat' dir='ltr'>nostra</span> 
     </span>
     <span class='ocr_line' id='line_1_32' title="bbox 98 1770 1096 1816; baseline -0.001 -12"><span class='ocrx_word' id='word_1_209' title='bbox 98 1778 193 1805; x_wconf 86' lang='lat' dir='ltr'>aetas</span> <span class='ocrx_word' id='word_1_210' title='bbox 222 1772 379 1816; x_wconf 87' lang='lat' dir='ltr'>primmn</span> <span class='ocrx_word' id='word_1_211' title='bbox 410 1771 596 1815; x_wconf 88' lang='lat' dir='ltr'>comperit.</span> <span class='ocrx_word' id='word_1_212' title='bbox 657 1770 748 1804; x_wconf 81' lang='lat' dir='ltr'>Nam</span> <span class='ocrx_word' id='word_1_213' title='bbox 769 1777 802 1803; x_wconf 85' lang='lat' dir='ltr'>et</span> <span class='ocrx_word' id='word_1_214' title='bbox 828 1771 961 1815; x_wconf 81' lang='lat' dir='ltr'>posteri</span> <span class='ocrx_word' id='word_1_215' title='bbox 984 1771 1096 1803; x_wconf 81' lang='lat' dir='ltr'>multa</span> 
     </span>
     <span class='ocr_line' id='line_1_33' title="bbox 96 1822 1097 1868; baseline -0.002 -12"><span class='ocrx_word' id='word_1_216' title='bbox 96 1824 320 1868; x_wconf 78' lang='lat' dir='ltr'>deprenderit</span> <span class='ocrx_word' id='word_1_217' title='bbox 351 1835 368 1855; x_wconf 90' lang='lat' dir='ltr'>a</span> <span class='ocrx_word' id='word_1_218' title='bbox 400 1823 503 1855; x_wconf 86' lang='lat' dir='ltr'>nobis</span> <span class='ocrx_word' id='word_1_219' title='bbox 532 1823 694 1855; x_wconf 84' lang='lat' dir='ltr'>nondum</span> <span class='ocrx_word' id='word_1_220' title='bbox 731 1822 991 1856; x_wconf 79' lang='lat' dir='ltr'>animadversa.</span> <span class='ocrx_word' id='word_1_221' title='bbox 1052 1822 1097 1854; x_wconf 83' lang='lat' dir='ltr'>Et</span> 
     </span>
     <span class='ocr_line' id='line_1_34' title="bbox 97 1872 1097 1921; baseline -0.002 -13"><span class='ocrx_word' id='word_1_222' title='bbox 97 1887 155 1908; x_wconf 86' lang='lat' dir='ltr'>me</span> <span class='ocrx_word' id='word_1_223' title='bbox 179 1873 306 1921; x_wconf 84' lang='lat' dir='ltr'>(homo</span> <span class='ocrx_word' id='word_1_224' title='bbox 331 1875 425 1908; x_wconf 88' lang='lat' dir='ltr'>enim</span> <span class='ocrx_word' id='word_1_225' title='bbox 457 1887 556 1913; x_wconf 89' lang='lat' dir='ltr'>sum,</span> <span class='ocrx_word' id='word_1_226' title='bbox 598 1872 749 1907; x_wconf 88' lang='lat' dir='ltr'>humani</span> <span class='ocrx_word' id='word_1_227' title='bbox 776 1872 865 1906; x_wconf 90' lang='lat' dir='ltr'>nihil</span> <span class='ocrx_word' id='word_1_228' title='bbox 888 1888 906 1906; x_wconf 87' lang='lat' dir='ltr'>a</span> <span class='ocrx_word' id='word_1_229' title='bbox 934 1887 989 1906; x_wconf 88' lang='lat' dir='ltr'>me</span> <span class='ocrx_word' id='word_1_230' title='bbox 1013 1874 1097 1906; x_wconf 89' lang='lat' dir='ltr'>alie·-</span> 
     </span>
     <span class='ocr_line' id='line_1_35' title="bbox 96 1926 1095 1974; baseline -0.002 -14"><span class='ocrx_word' id='word_1_231' title='bbox 96 1940 184 1968; x_wconf 71' lang='lat' dir='ltr'>num</span> <span class='ocrx_word' id='word_1_232' title='bbox 219 1927 324 1974; x_wconf 86' lang='lat' dir='ltr'>puto)</span> <span class='ocrx_word' id='word_1_233' title='bbox 358 1927 467 1960; x_wconf 87' lang='lat' dir='ltr'>multa</span> <span class='ocrx_word' id='word_1_234' title='bbox 504 1927 652 1959; x_wconf 83' lang='lat' dir='ltr'>sortasse</span> <span class='ocrx_word' id='word_1_235' title='bbox 682 1926 893 1959; x_wconf 80' lang='lat' dir='ltr'>fefellerunt.</span> <span class='ocrx_word' id='word_1_236' title='bbox 970 1926 1095 1971; x_wconf 59' lang='lat' dir='ltr'>Neque</span> 
     </span>
     <span class='ocr_line' id='line_1_36' title="bbox 99 1975 1094 2023; baseline -0.003 -11"><span class='ocrx_word' id='word_1_237' title='bbox 99 1980 192 2012; x_wconf 89' lang='lat' dir='ltr'>enim</span> <span class='ocrx_word' id='word_1_238' title='bbox 213 1980 342 2013; x_wconf 87' lang='lat' dir='ltr'>iustum</span> <span class='ocrx_word' id='word_1_239' title='bbox 364 1979 477 2011; x_wconf 89' lang='lat' dir='ltr'>otimn</span> <span class='ocrx_word' id='word_1_240' title='bbox 505 1978 548 2010; x_wconf 86' lang='lat' dir='ltr'>ad</span> <span class='ocrx_word' id='word_1_241' title='bbox 567 1977 684 2021; x_wconf 91' lang='lat' dir='ltr'>operis</span> <span class='ocrx_word' id='word_1_242' title='bbox 711 1978 979 2023; x_wconf 84' lang='lat' dir='ltr'>inquisitionem</span> <span class='ocrx_word' id='word_1_243' title='bbox 1007 1975 1094 2010; x_wconf 88' lang='lat' dir='ltr'>mihi</span> 
     </span>
     <span class='ocr_line' id='line_1_37' title="bbox 97 2027 1095 2075; baseline -0.002 -12"><span class='ocrx_word' id='word_1_244' title='bbox 97 2043 237 2064; x_wconf 89' lang='lat' dir='ltr'>sumere</span> <span class='ocrx_word' id='word_1_245' title='bbox 255 2031 376 2075; x_wconf 91' lang='lat' dir='ltr'>potui,</span> <span class='ocrx_word' id='word_1_246' title='bbox 413 2031 473 2063; x_wconf 86' lang='lat' dir='ltr'>sed</span> <span class='ocrx_word' id='word_1_247' title='bbox 492 2029 670 2062; x_wconf 78' lang='lat' dir='ltr'>succisivis</span> <span class='ocrx_word' id='word_1_248' title='bbox 687 2035 824 2062; x_wconf 89' lang='lat' dir='ltr'>tantum</span> <span class='ocrx_word' id='word_1_249' title='bbox 844 2027 942 2062; x_wconf 86' lang='lat' dir='ltr'>horis</span> <span class='ocrx_word' id='word_1_250' title='bbox 959 2029 1095 2073; x_wconf 83' lang='lat' dir='ltr'>scripsi,</span> 
     </span>
     <span class='ocr_line' id='line_1_38' title="bbox 101 2081 1095 2126; baseline -0.002 -11"><span class='ocrx_word' id='word_1_251' title='bbox 101 2083 184 2115; x_wconf 83' lang='lat' dir='ltr'>dum</span> <span class='ocrx_word' id='word_1_252' title='bbox 208 2094 264 2114; x_wconf 86' lang='lat' dir='ltr'>me</span> <span class='ocrx_word' id='word_1_253' title='bbox 289 2094 416 2115; x_wconf 85' lang='lat' dir='ltr'>somno</span> <span class='ocrx_word' id='word_1_254' title='bbox 441 2081 548 2115; x_wconf 88' lang='lat' dir='ltr'>etiam</span> <span class='ocrx_word' id='word_1_255' title='bbox 578 2082 762 2115; x_wconf 78' lang='lat' dir='ltr'>defraudo,</span> <span class='ocrx_word' id='word_1_256' title='bbox 834 2081 906 2115; x_wconf 56' lang='lat' dir='ltr'>Nec</span> <span class='ocrx_word' id='word_1_257' title='bbox 928 2082 1005 2126; x_wconf 86' lang='lat' dir='ltr'>plus</span> <span class='ocrx_word' id='word_1_258' title='bbox 1030 2082 1095 2114; x_wconf 90' lang='lat' dir='ltr'>im-</span> 
     </span>
     <span class='ocr_line' id='line_1_39' title="bbox 100 2133 1093 2179; baseline -0.001 -13"><span class='ocrx_word' id='word_1_259' title='bbox 100 2133 237 2178; x_wconf 86' lang='lat' dir='ltr'>pertior</span> <span class='ocrx_word' id='word_1_260' title='bbox 253 2134 423 2177; x_wconf 88' lang='lat' dir='ltr'>temporis</span> <span class='ocrx_word' id='word_1_261' title='bbox 438 2146 579 2173; x_wconf 89' lang='lat' dir='ltr'>somno,</span> <span class='ocrx_word' id='word_1_262' title='bbox 605 2146 712 2179; x_wconf 86' lang='lat' dir='ltr'>quam</span> <span class='ocrx_word' id='word_1_263' title='bbox 732 2139 905 2179; x_wconf 88' lang='lat' dir='ltr'>quantum</span> <span class='ocrx_word' id='word_1_264' title='bbox 928 2134 1093 2166; x_wconf 70' lang='lat' dir='ltr'>valetudo</span> 
     </span>
     <span class='ocr_line' id='line_1_40' title="bbox 100 2185 1094 2230; baseline -0.001 -12"><span class='ocrx_word' id='word_1_265' title='bbox 100 2185 262 2230; x_wconf 82' lang='lat' dir='ltr'>requirit.</span> <span class='ocrx_word' id='word_1_266' title='bbox 300 2185 455 2225; x_wconf 79' lang='lat' dir='ltr'>Etenim,</span> <span class='ocrx_word' id='word_1_267' title='bbox 482 2185 509 2218; x_wconf 90' lang='lat' dir='ltr'>si</span> <span class='ocrx_word' id='word_1_268' title='bbox 527 2185 646 2230; x_wconf 76' lang='lat' dir='ltr'>vigilia</span> <span class='ocrx_word' id='word_1_269' title='bbox 666 2186 737 2218; x_wconf 77' lang='lat' dir='ltr'>vita</span> <span class='ocrx_word' id='word_1_270' title='bbox 758 2192 820 2225; x_wconf 86' lang='lat' dir='ltr'>est,</span> <span class='ocrx_word' id='word_1_271' title='bbox 847 2185 1013 2218; x_wconf 66' lang='lat' dir='ltr'>utVarro</span> <span class='ocrx_word' id='word_1_272' title='bbox 1033 2185 1094 2225; x_wconf 86' lang='lat' dir='ltr'>ait,</span> 
     </span>
     <span class='ocr_line' id='line_1_41' title="bbox 100 2235 1093 2282; baseline 0 -13"><span class='ocrx_word' id='word_1_273' title='bbox 100 2237 261 2282; x_wconf 89' lang='lat' dir='ltr'>pluribus</span> <span class='ocrx_word' id='word_1_274' title='bbox 288 2235 385 2270; x_wconf 88' lang='lat' dir='ltr'>horis</span> <span class='ocrx_word' id='word_1_275' title='bbox 418 2237 550 2270; x_wconf 89' lang='lat' dir='ltr'>interea</span> <span class='ocrx_word' id='word_1_276' title='bbox 583 2237 757 2277; x_wconf 76' lang='lat' dir='ltr'>vivimus,</span> <span class='ocrx_word' id='word_1_277' title='bbox 799 2239 882 2270; x_wconf 90' lang='lat' dir='ltr'>dum</span> <span class='ocrx_word' id='word_1_278' title='bbox 912 2238 1093 2281; x_wconf 60' lang='lat' dir='ltr'>vigilando</span> 
     </span>
     <span class='ocr_line' id='line_1_42' title="bbox 96 2285 1094 2335; baseline 0 -14"><span class='ocrx_word' id='word_1_279' title='bbox 96 2289 392 2334; x_wconf 86' lang='lat' dir='ltr'>lucubrandoque</span> <span class='ocrx_word' id='word_1_280' title='bbox 407 2285 495 2322; x_wconf 86' lang='lat' dir='ltr'>haec</span> <span class='ocrx_word' id='word_1_281' title='bbox 515 2289 720 2331; x_wconf 85' lang='lat' dir='ltr'>scribimus,</span> <span class='ocrx_word' id='word_1_282' title='bbox 749 2302 856 2335; x_wconf 87' lang='lat' dir='ltr'>qnam</span> <span class='ocrx_word' id='word_1_283' title='bbox 876 2290 986 2335; x_wconf 87' lang='lat' dir='ltr'>quiid</span> <span class='ocrx_word' id='word_1_284' title='bbox 1007 2296 1094 2322; x_wconf 82' lang='lat' dir='ltr'>tem-</span> 
     </span>
    </p>
   </div>
   <div class='ocr_carea' id='block_1_3' title="bbox 1116 2316 1121 2459">
    <p class='ocr_par' dir='ltr' id='par_1_14' title="bbox 1116 2316 1121 2459">
     <span class='ocr_line' id='line_1_43' title="bbox 1116 2316 1121 2459; baseline 0 531"><span class='ocrx_word' id='word_1_285' title='bbox 1116 2316 1121 2459; x_wconf 95' lang='lat' dir='ltr'> </span> 
     </span>
    </p>
   </div>
   <div class='ocr_carea' id='block_1_4' title="bbox 136 2450 1120 2518">
    <p class='ocr_par' dir='ltr' id='par_1_15' title="bbox 136 2450 1120 2518">
     <span class='ocr_line' id='line_1_44' title="bbox 136 2450 1120 2483; baseline -0.002 -6"><span class='ocrx_word' id='word_1_286' title='bbox 136 2453 182 2482; x_wconf 86' lang='grc'>13)</span> <span class='ocrx_word' id='word_1_287' title='bbox 209 2453 277 2476; x_wconf 85' lang='lat' dir='ltr'>Huic</span> <span class='ocrx_word' id='word_1_288' title='bbox 305 2452 364 2475; x_wconf 86' lang='lat' dir='ltr'>loeo</span> <span class='ocrx_word' id='word_1_289' title='bbox 390 2451 417 2474; x_wconf 91' lang='lat' dir='ltr'>in</span> <span class='ocrx_word' id='word_1_290' title='bbox 437 2450 628 2482; x_wconf 77' lang='lat' dir='ltr'>Editt.1527.‚</span> <span class='ocrx_word' id='word_1_291' title='bbox 655 2452 730 2475; x_wconf 76' lang='lat'>1541.</span> <span class='ocrx_word' id='word_1_292' title='bbox 758 2451 784 2475; x_wconf 90' lang='lat' dir='ltr'>in</span> <span class='ocrx_word' id='word_1_293' title='bbox 809 2458 896 2482; x_wconf 71' lang='lat' dir='ltr'>marg.</span> <span class='ocrx_word' id='word_1_294' title='bbox 923 2452 1092 2482; x_wconf 79' lang='lat' dir='ltr'>adscriptum</span> <span class='ocrx_word' id='word_1_295' title='bbox 1117 2461 1120 2483; x_wconf 86' lang='grc'>1</span> 
     </span>
     <span class='ocr_line' id='line_1_45' title="bbox 170 2483 436 2518; baseline -0.011 -7"><span class='ocrx_word' id='word_1_296' title='bbox 170 2490 230 2511; x_wconf 83' lang='lat' dir='ltr'>est:</span> <span class='ocrx_word' id='word_1_297' title='bbox 258 2483 436 2518; x_wconf 59' lang='grc' dir='ltr'><em>ἐπιψώιίψα.</em></span> 
     </span>
    </p>
   </div>
   <div class='ocr_carea' id='block_1_5' title="bbox 136 2537 1093 2603">
    <p class='ocr_par' dir='ltr' id='par_1_16' title="bbox 136 2537 1093 2603">
     <span class='ocr_line' id='line_1_46' title="bbox 136 2537 1093 2569; baseline -0.001 -5"><span class='ocrx_word' id='word_1_298' title='bbox 136 2541 182 2568; x_wconf 76' lang='grc'>14)</span> <span class='ocrx_word' id='word_1_299' title='bbox 209 2539 258 2563; x_wconf 79' lang='lat' dir='ltr'>Eis</span> <span class='ocrx_word' id='word_1_300' title='bbox 279 2539 371 2562; x_wconf 76' lang='lat' dir='ltr'>verbis</span> <span class='ocrx_word' id='word_1_301' title='bbox 390 2538 416 2561; x_wconf 94' lang='lat' dir='ltr'>in</span> <span class='ocrx_word' id='word_1_302' title='bbox 437 2537 520 2561; x_wconf 79' lang='lat' dir='ltr'>Editt.</span> <span class='ocrx_word' id='word_1_303' title='bbox 541 2538 631 2567; x_wconf 81' lang='lat'>1527.,</span> <span class='ocrx_word' id='word_1_304' title='bbox 658 2538 732 2561; x_wconf 73' lang='lat'>¹541.</span> <span class='ocrx_word' id='word_1_305' title='bbox 751 2538 778 2562; x_wconf 92' lang='lat' dir='ltr'>in</span> <span class='ocrx_word' id='word_1_306' title='bbox 799 2544 885 2569; x_wconf 76' lang='lat' dir='ltr'>marg.</span> <span class='ocrx_word' id='word_1_307' title='bbox 905 2539 1032 2569; x_wconf 76' lang='lat' dir='ltr'>apposita</span> <span class='ocrx_word' id='word_1_308' title='bbox 1051 2541 1093 2563; x_wconf 87' lang='lat' dir='ltr'>est</span> 
     </span>
     <span class='ocr_line' id='line_1_47' title="bbox 169 2573 969 2603; baseline -0.001 -5"><span class='ocrx_word' id='word_1_309' title='bbox 169 2574 325 2598; x_wconf 83' lang='lat' dir='ltr'>annotatio:</span> <span class='ocrx_word' id='word_1_310' title='bbox 352 2573 518 2603; x_wconf 78' lang='lat' dir='ltr'>Excusatio‚</span> <span class='ocrx_word' id='word_1_311' title='bbox 543 2578 622 2603; x_wconf 87' lang='lat' dir='ltr'>quam</span> <span class='ocrx_word' id='word_1_312' title='bbox 643 2573 753 2602; x_wconf 82' lang='lat' dir='ltr'>opponit</span> <span class='ocrx_word' id='word_1_313' title='bbox 773 2574 969 2598; x_wconf 81' lang='lat' dir='ltr'>extenuationi.</span> 
     </span>
    </p>
   </div>
   <div class='ocr_carea' id='block_1_6' title="bbox 1117 2486 1121 2598">
    <p class='ocr_par' dir='ltr' id='par_1_17' title="bbox 1117 2486 1121 2598">
     <span class='ocr_line' id='line_1_48' title="bbox 1117 2486 1121 2598; baseline 0 392"><span class='ocrx_word' id='word_1_314' title='bbox 1117 2486 1121 2598; x_wconf 95' lang='lat' dir='ltr'> </span> 
     </span>
    </p>
   </div>
   <div class='ocr_carea' id='block_1_7' title="bbox 137 2624 1094 2691">
    <p class='ocr_par' dir='ltr' id='par_1_18' title="bbox 137 2624 1094 2691">
     <span class='ocr_line' id='line_1_49' title="bbox 137 2624 1094 2657; baseline -0.001 -6"><span class='ocrx_word' id='word_1_315' title='bbox 137 2627 184 2654; x_wconf 82' lang='lat'>15)</span> <span class='ocrx_word' id='word_1_316' title='bbox 210 2627 267 2650; x_wconf 79' lang='lat' dir='ltr'>Hoc</span> <span class='ocrx_word' id='word_1_317' title='bbox 293 2632 389 2649; x_wconf 89' lang='lat' dir='ltr'>nomen</span> <span class='ocrx_word' id='word_1_318' title='bbox 415 2625 442 2647; x_wconf 91' lang='lat' dir='ltr'>in</span> <span class='ocrx_word' id='word_1_319' title='bbox 466 2624 550 2648; x_wconf 78' lang='lat' dir='ltr'>Editt.</span> <span class='ocrx_word' id='word_1_320' title='bbox 575 2624 766 2648; x_wconf 70' lang='lat'>1559—1587.</span> <span class='ocrx_word' id='word_1_321' title='bbox 791 2625 817 2648; x_wconf 92' lang='lat' dir='ltr'>in</span> <span class='ocrx_word' id='word_1_322' title='bbox 838 2626 963 2657; x_wconf 75' lang='lat' dir='ltr'>margine</span> <span class='ocrx_word' id='word_1_323' title='bbox 983 2628 1027 2649; x_wconf 86' lang='lat' dir='ltr'>est</span> <span class='ocrx_word' id='word_1_324' title='bbox 1047 2633 1094 2650; x_wconf 85' lang='lat' dir='ltr'>re-</span> 
     </span>
     <span class='ocr_line' id='line_1_50' title="bbox 171 2661 292 2691; baseline 0 -7"><span class='ocrx_word' id='word_1_325' title='bbox 171 2661 292 2691; x_wconf 84' lang='lat' dir='ltr'>petitum.</span> 
     </span>
    </p>
   </div>
   <div class='ocr_carea' id='block_1_8' title="bbox 138 2711 1093 2773">
    <p class='ocr_par' dir='ltr' id='par_1_19' title="bbox 138 2711 1093 2773">
     <span class='ocr_line' id='line_1_51' title="bbox 138 2711 1093 2744; baseline 0 -8"><span class='ocrx_word' id='word_1_326' title='bbox 138 2714 184 2741; x_wconf 72' lang='lat'>16)</span> <span class='ocrx_word' id='word_1_327' title='bbox 208 2713 238 2736; x_wconf 88' lang='lat' dir='ltr'>In</span> <span class='ocrx_word' id='word_1_328' title='bbox 259 2713 340 2737; x_wconf 76' lang='lat' dir='ltr'>Edit-t.</span> <span class='ocrx_word' id='word_1_329' title='bbox 364 2712 456 2743; x_wconf 58' lang='lat'>¹527„</span> <span class='ocrx_word' id='word_1_330' title='bbox 485 2712 558 2735; x_wconf 78' lang='lat'>1541.</span> <span class='ocrx_word' id='word_1_331' title='bbox 579 2712 604 2734; x_wconf 90' lang='grc' dir='ltr'>Ιι.</span> <span class='ocrx_word' id='word_1_332' title='bbox 623 2711 640 2734; x_wconf 88' lang='lat' dir='ltr'>l.</span> <span class='ocrx_word' id='word_1_333' title='bbox 667 2711 768 2742; x_wconf 66' lang='lat' dir='ltr'>legitur</span> <span class='ocrx_word' id='word_1_334' title='bbox 786 2713 928 2737; x_wconf 79' lang='lat' dir='ltr'>annotatio</span> <span class='ocrx_word' id='word_1_335' title='bbox 948 2713 1093 2744; x_wconf 74' lang='lat' dir='ltr'>margina-</span> 
     </span>
     <span class='ocr_line' id='line_1_52' title="bbox 170 2748 391 2773; baseline 0.005 -1"><span class='ocrx_word' id='word_1_336' title='bbox 170 2749 222 2772; x_wconf 84' lang='lat' dir='ltr'>tis:</span> <span class='ocrx_word' id='word_1_337' title='bbox 244 2748 391 2773; x_wconf 84' lang='lat' dir='ltr'>Dissimile.</span> 
     </span>
    </p>
   </div>
   <div class='ocr_carea' id='block_1_9' title="bbox 537 131 1719 169">
    <p class='ocr_par' dir='ltr' id='par_1_20' title="bbox 537 131 1719 169">
     <span class='ocr_line' id='line_1_53' title="bbox 537 131 1719 169; baseline 0.002 -2"><span class='ocrx_word' id='word_1_338' title='bbox 537 134 642 167; x_wconf 90' lang='lat' dir='ltr'>XXX.</span> <span class='ocrx_word' id='word_1_339' title='bbox 696 131 1027 167; x_wconf 75' lang='lat' dir='ltr'>PARAPHRASIS</span> <span class='ocrx_word' id='word_1_340' title='bbox 1061 132 1320 169; x_wconf 70' lang='lat' dir='ltr'><strong>PLIMANAE</strong></span> <span class='ocrx_word' id='word_1_341' title='bbox 1354 133 1719 169; x_wconf 76' lang='lat' dir='ltr'>PRAEFATIOMS.</span> 
     </span>
    </p>
   </div>
   <div class='ocr_carea' id='block_1_10' title="bbox 2083 135 2159 171">
    <p class='ocr_par' dir='ltr' id='par_1_21' title="bbox 2083 135 2159 171">
     <span class='ocr_line' id='line_1_54' title="bbox 2083 135 2159 171; baseline 0.013 -1"><span class='ocrx_word' id='word_1_342' title='bbox 2083 135 2159 171; x_wconf 84' lang='lat'>646</span> 
     </span>
    </p>
   </div>
   <div class='ocr_carea' id='block_1_11' title="bbox 1149 219 2158 1974">
    <p class='ocr_par' dir='ltr' id='par_1_22' title="bbox 1149 219 2158 1974">
     <span class='ocr_line' id='line_1_55' title="bbox 1156 219 2158 267; baseline 0.002 -13"><span class='ocrx_word' id='word_1_343' title='bbox 1156 221 1254 266; x_wconf 89' lang='lat' dir='ltr'>poris</span> <span class='ocrx_word' id='word_1_344' title='bbox 1272 221 1468 256; x_wconf 84' lang='lat' dir='ltr'>dormiunt.</span> <span class='ocrx_word' id='word_1_345' title='bbox 1514 222 1673 255; x_wconf 87' lang='lat' dir='ltr'>Proinde</span> <span class='ocrx_word' id='word_1_346' title='bbox 1692 221 1757 267; x_wconf 78' lang='lat'>¹⁷),</span> <span class='ocrx_word' id='word_1_347' title='bbox 1786 233 1863 254; x_wconf 84' lang='lat' dir='ltr'>cum</span> <span class='ocrx_word' id='word_1_348' title='bbox 1882 219 1972 254; x_wconf 86' lang='lat' dir='ltr'>nihil</span> <span class='ocrx_word' id='word_1_349' title='bbox 1988 222 2052 256; x_wconf 89' lang='lat' dir='ltr'>tibi</span> <span class='ocrx_word' id='word_1_350' title='bbox 2072 235 2158 267; x_wconf 88' lang='lat' dir='ltr'>pro-</span> 
     </span>
     <span class='ocr_line' id='line_1_56' title="bbox 1157 272 2157 318; baseline 0.001 -12"><span class='ocrx_word' id='word_1_351' title='bbox 1157 274 1296 306; x_wconf 87' lang='lat' dir='ltr'>mittere</span> <span class='ocrx_word' id='word_1_352' title='bbox 1320 273 1473 317; x_wconf 87' lang='lat' dir='ltr'>possim‚</span> <span class='ocrx_word' id='word_1_353' title='bbox 1503 286 1565 307; x_wconf 90' lang='lat' dir='ltr'>cur</span> <span class='ocrx_word' id='word_1_354' title='bbox 1589 272 1656 307; x_wconf 89' lang='lat' dir='ltr'>hoc</span> <span class='ocrx_word' id='word_1_355' title='bbox 1683 286 1771 317; x_wconf 90' lang='lat' dir='ltr'>opus</span> <span class='ocrx_word' id='word_1_356' title='bbox 1799 285 2016 318; x_wconf 82' lang='lat' dir='ltr'>magnopere</span> <span class='ocrx_word' id='word_1_357' title='bbox 2043 275 2157 307; x_wconf 87' lang='lat' dir='ltr'>admi-</span> 
     </span>
     <span class='ocr_line' id='line_1_57' title="bbox 1156 325 2156 372; baseline 0.002 -15"><span class='ocrx_word' id='word_1_358' title='bbox 1156 325 1296 358; x_wconf 88' lang='lat' dir='ltr'>ratione</span> <span class='ocrx_word' id='word_1_359' title='bbox 1336 325 1483 369; x_wconf 81' lang='lat' dir='ltr'>dignum</span> <span class='ocrx_word' id='word_1_360' title='bbox 1525 326 1601 358; x_wconf 88' lang='lat' dir='ltr'>sore</span> <span class='ocrx_word' id='word_1_361' title='bbox 1640 325 1835 359; x_wconf 81' lang='lat' dir='ltr'>existimem</span> <span class='ocrx_word' id='word_1_362' title='bbox 1851 352 1860 365; x_wconf 87' lang='lat'>,</span> <span class='ocrx_word' id='word_1_363' title='bbox 1905 331 2026 358; x_wconf 85' lang='lat' dir='ltr'>tamen</span> <span class='ocrx_word' id='word_1_364' title='bbox 2072 326 2156 372; x_wconf 86' lang='lat' dir='ltr'>quia</span> 
     </span>
     <span class='ocr_line' id='line_1_58' title="bbox 1157 376 2158 416; baseline 0.001 -7"><span class='ocrx_word' id='word_1_365' title='bbox 1157 383 1219 410; x_wconf 90' lang='lat' dir='ltr'>tuo</span> <span class='ocrx_word' id='word_1_366' title='bbox 1243 377 1383 409; x_wconf 88' lang='lat' dir='ltr'>nomini</span> <span class='ocrx_word' id='word_1_367' title='bbox 1409 377 1610 410; x_wconf 87' lang='lat' dir='ltr'>dedicatum</span> <span class='ocrx_word' id='word_1_368' title='bbox 1638 383 1709 416; x_wconf 81' lang='lat' dir='ltr'>est,</span> <span class='ocrx_word' id='word_1_369' title='bbox 1740 383 1774 410; x_wconf 91' lang='lat' dir='ltr'>et</span> <span class='ocrx_word' id='word_1_370' title='bbox 1791 376 1963 409; x_wconf 90' lang='lat' dir='ltr'>maiorem</span> <span class='ocrx_word' id='word_1_371' title='bbox 1983 378 2158 410; x_wconf 87' lang='lat' dir='ltr'>autorita-</span> 
     </span>
     <span class='ocr_line' id='line_1_59' title="bbox 1157 428 2157 473; baseline 0.002 -13"><span class='ocrx_word' id='word_1_372' title='bbox 1157 435 1247 467; x_wconf 89' lang='lat' dir='ltr'>tem,</span> <span class='ocrx_word' id='word_1_373' title='bbox 1277 434 1310 461; x_wconf 89' lang='lat' dir='ltr'>et</span> <span class='ocrx_word' id='word_1_374' title='bbox 1326 429 1404 473; x_wconf 90' lang='lat' dir='ltr'>plus</span> <span class='ocrx_word' id='word_1_375' title='bbox 1422 429 1555 462; x_wconf 64' lang='lat' dir='ltr'>favoris</span> <span class='ocrx_word' id='word_1_376' title='bbox 1574 429 1779 462; x_wconf 87' lang='lat' dir='ltr'>merebitur.</span> <span class='ocrx_word' id='word_1_377' title='bbox 1833 428 1906 462; x_wconf 64' lang='lat' dir='ltr'>Nec</span> <span class='ocrx_word' id='word_1_378' title='bbox 1931 429 1975 461; x_wconf 89' lang='lat' dir='ltr'>ob</span> <span class='ocrx_word' id='word_1_379' title='bbox 2000 429 2096 462; x_wconf 85' lang='lat' dir='ltr'>aliud</span> <span class='ocrx_word' id='word_1_380' title='bbox 2120 429 2157 462; x_wconf 90' lang='lat' dir='ltr'>in</span> 
     </span>
     <span class='ocr_line' id='line_1_60' title="bbox 1157 480 2157 525; baseline 0 -13"><span class='ocrx_word' id='word_1_381' title='bbox 1157 480 1271 524; x_wconf 89' lang='lat' dir='ltr'>pretio</span> <span class='ocrx_word' id='word_1_382' title='bbox 1291 480 1380 513; x_wconf 85' lang='lat' dir='ltr'>liber</span> <span class='ocrx_word' id='word_1_383' title='bbox 1396 481 1538 514; x_wconf 65' lang='lat' dir='ltr'>videtur</span> <span class='ocrx_word' id='word_1_384' title='bbox 1556 482 1696 514; x_wconf 89' lang='lat' dir='ltr'>suturus</span> <span class='ocrx_word' id='word_1_385' title='bbox 1714 480 1781 513; x_wconf 88' lang='lat' dir='ltr'>nisi</span> <span class='ocrx_word' id='word_1_386' title='bbox 1799 480 1882 525; x_wconf 87' lang='lat' dir='ltr'>quia</span> <span class='ocrx_word' id='word_1_387' title='bbox 1901 486 2002 514; x_wconf 88' lang='lat' dir='ltr'>tuum</span> <span class='ocrx_word' id='word_1_388' title='bbox 2022 492 2157 513; x_wconf 89' lang='lat' dir='ltr'>nomen</span> 
     </span>
     <span class='ocr_line' id='line_1_61' title="bbox 1158 531 2156 575; baseline 0 -11"><span class='ocrx_word' id='word_1_389' title='bbox 1158 533 1193 564; x_wconf 89' lang='lat' dir='ltr'>in</span> <span class='ocrx_word' id='word_1_390' title='bbox 1212 533 1329 564; x_wconf 81' lang='lat' dir='ltr'>fronte</span> <span class='ocrx_word' id='word_1_391' title='bbox 1355 538 1388 564; x_wconf 88' lang='lat' dir='ltr'>et</span> <span class='ocrx_word' id='word_1_392' title='bbox 1415 544 1478 565; x_wconf 89' lang='lat' dir='ltr'>ceu</span> <span class='ocrx_word' id='word_1_393' title='bbox 1507 533 1682 565; x_wconf 72' lang='lat' dir='ltr'>vestibulo</span> <span class='ocrx_word' id='word_1_394' title='bbox 1708 531 1916 575; x_wconf 87' lang='lat' dir='ltr'>inscriptum</span> <span class='ocrx_word' id='word_1_395' title='bbox 1935 538 1996 566; x_wconf 86' lang='lat' dir='ltr'>est.</span> <span class='ocrx_word' id='word_1_396' title='bbox 2049 532 2156 573; x_wconf 80' lang='lat' dir='ltr'>Nam,</span> 
     </span>
     <span class='ocr_line' id='line_1_62' title="bbox 1156 583 2155 628; baseline 0 -12"><span class='ocrx_word' id='word_1_397' title='bbox 1156 589 1194 616; x_wconf 89' lang='lat' dir='ltr'>ut</span> <span class='ocrx_word' id='word_1_398' title='bbox 1213 583 1383 628; x_wconf 76' lang='lat' dir='ltr'>pleraque</span> <span class='ocrx_word' id='word_1_399' title='bbox 1402 584 1537 628; x_wconf 89' lang='lat' dir='ltr'>alioqui</span> <span class='ocrx_word' id='word_1_400' title='bbox 1559 583 1661 623; x_wconf 75' lang='lat' dir='ltr'>vilia,</span> <span class='ocrx_word' id='word_1_401' title='bbox 1691 589 1811 616; x_wconf 88' lang='lat' dir='ltr'>tamen</span> <span class='ocrx_word' id='word_1_402' title='bbox 1829 583 1909 616; x_wconf 91' lang='lat' dir='ltr'>ideo</span> <span class='ocrx_word' id='word_1_403' title='bbox 1928 596 2155 624; x_wconf 82' lang='lat' dir='ltr'>veneramur,</span> 
     </span>
     <span class='ocr_line' id='line_1_63' title="bbox 1156 633 2156 679; baseline 0.001 -12"><span class='ocrx_word' id='word_1_404' title='bbox 1156 635 1239 679; x_wconf 86' lang='lat' dir='ltr'>quia</span> <span class='ocrx_word' id='word_1_405' title='bbox 1262 635 1403 678; x_wconf 91' lang='lat' dir='ltr'>templis</span> <span class='ocrx_word' id='word_1_406' title='bbox 1428 648 1467 667; x_wconf 89' lang='lat' dir='ltr'>ac</span> <span class='ocrx_word' id='word_1_407' title='bbox 1484 634 1561 667; x_wconf 90' lang='lat' dir='ltr'>Diis</span> <span class='ocrx_word' id='word_1_408' title='bbox 1586 635 1745 668; x_wconf 82' lang='lat' dir='ltr'>dedicata</span> <span class='ocrx_word' id='word_1_409' title='bbox 1774 641 1874 668; x_wconf 89' lang='lat' dir='ltr'>sunt:</span> <span class='ocrx_word' id='word_1_410' title='bbox 1908 635 1954 667; x_wconf 87' lang='lat' dir='ltr'>ita</span> <span class='ocrx_word' id='word_1_411' title='bbox 1973 633 2038 669; x_wconf 88' lang='lat' dir='ltr'>hos</span> <span class='ocrx_word' id='word_1_412' title='bbox 2059 648 2156 668; x_wconf 89' lang='lat' dir='ltr'>com-</span> 
     </span>
     <span class='ocr_line' id='line_1_64' title="bbox 1156 686 2156 731; baseline 0.001 -13"><span class='ocrx_word' id='word_1_413' title='bbox 1156 686 1351 718; x_wconf 86' lang='lat' dir='ltr'>mentarios</span> <span class='ocrx_word' id='word_1_414' title='bbox 1371 686 1482 729; x_wconf 91' lang='lat' dir='ltr'>pluris</span> <span class='ocrx_word' id='word_1_415' title='bbox 1500 686 1630 719; x_wconf 86' lang='lat' dir='ltr'>facient</span> <span class='ocrx_word' id='word_1_416' title='bbox 1654 686 1776 726; x_wconf 87' lang='lat' dir='ltr'>multi,</span> <span class='ocrx_word' id='word_1_417' title='bbox 1806 686 1887 731; x_wconf 92' lang='lat' dir='ltr'>quia</span> <span class='ocrx_word' id='word_1_418' title='bbox 1915 687 2071 731; x_wconf 90' lang='lat' dir='ltr'>principi</span> <span class='ocrx_word' id='word_1_419' title='bbox 2095 688 2156 720; x_wconf 90' lang='lat' dir='ltr'>ad-</span> 
     </span>
     <span class='ocr_line' id='line_1_65' title="bbox 1155 737 2153 781; baseline -0.001 -10"><span class='ocrx_word' id='word_1_420' title='bbox 1155 737 1277 780; x_wconf 83' lang='lat' dir='ltr'>scripti</span> <span class='ocrx_word' id='word_1_421' title='bbox 1302 744 1396 770; x_wconf 89' lang='lat' dir='ltr'>sunt.</span> <span class='ocrx_word' id='word_1_422' title='bbox 1449 737 1638 770; x_wconf 84' lang='lat' dir='ltr'>Caeterum</span> <span class='ocrx_word' id='word_1_423' title='bbox 1664 744 1741 771; x_wconf 89' lang='lat' dir='ltr'>tuas</span> <span class='ocrx_word' id='word_1_424' title='bbox 1767 749 1805 769; x_wconf 89' lang='lat' dir='ltr'>ac</span> <span class='ocrx_word' id='word_1_425' title='bbox 1830 738 1940 781; x_wconf 87' lang='lat' dir='ltr'>patris</span> <span class='ocrx_word' id='word_1_426' title='bbox 1966 739 2087 772; x_wconf 88' lang='lat' dir='ltr'>landes</span> <span class='ocrx_word' id='word_1_427' title='bbox 2115 739 2153 771; x_wconf 90' lang='lat' dir='ltr'>in</span> 
     </span>
     <span class='ocr_line' id='line_1_66' title="bbox 1156 786 2155 836; baseline 0.003 -15"><span class='ocrx_word' id='word_1_428' title='bbox 1156 789 1233 822; x_wconf 87' lang='lat' dir='ltr'>aliis</span> <span class='ocrx_word' id='word_1_429' title='bbox 1251 789 1418 832; x_wconf 85' lang='lat' dir='ltr'>operibns</span> <span class='ocrx_word' id='word_1_430' title='bbox 1436 790 1721 833; x_wconf 64' lang='lat' dir='ltr'>praedicavimus</span> <span class='ocrx_word' id='word_1_431' title='bbox 1740 789 1776 821; x_wconf 93' lang='lat' dir='ltr'>in</span> <span class='ocrx_word' id='word_1_432' title='bbox 1795 786 1942 821; x_wconf 84' lang='lat' dir='ltr'>historia</span> <span class='ocrx_word' id='word_1_433' title='bbox 1962 797 2082 823; x_wconf 86' lang='lat' dir='ltr'>nostra</span> <span class='ocrx_word' id='word_1_434' title='bbox 2096 789 2155 836; x_wconf 60' lang='lat' dir='ltr'>l⁵³),</span> 
     </span>
     <span class='ocr_line' id='line_1_67' title="bbox 1156 839 2155 887; baseline 0.001 -14"><span class='ocrx_word' id='word_1_435' title='bbox 1156 852 1264 886; x_wconf 83' lang='lat' dir='ltr'>quam</span> <span class='ocrx_word' id='word_1_436' title='bbox 1285 841 1484 874; x_wconf 86' lang='lat' dir='ltr'>absolutam</span> <span class='ocrx_word' id='word_1_437' title='bbox 1510 841 1609 874; x_wconf 90' lang='lat' dir='ltr'>domi</span> <span class='ocrx_word' id='word_1_438' title='bbox 1635 839 1750 874; x_wconf 87' lang='lat' dir='ltr'>adhuc</span> <span class='ocrx_word' id='word_1_439' title='bbox 1779 841 1946 881; x_wconf 74' lang='lat' dir='ltr'>adservo,</span> <span class='ocrx_word' id='word_1_440' title='bbox 1982 854 2027 874; x_wconf 86' lang='lat' dir='ltr'>ne</span> <span class='ocrx_word' id='word_1_441' title='bbox 2052 854 2155 887; x_wconf 88' lang='lat' dir='ltr'>prae-</span> 
     </span>
     <span class='ocr_line' id='line_1_68' title="bbox 1156 892 2155 936; baseline 0.002 -12"><span class='ocrx_word' id='word_1_442' title='bbox 1156 893 1300 936; x_wconf 88' lang='lat' dir='ltr'>cipitata</span> <span class='ocrx_word' id='word_1_443' title='bbox 1328 892 1436 925; x_wconf 89' lang='lat' dir='ltr'>editio</span> <span class='ocrx_word' id='word_1_444' title='bbox 1462 893 1691 926; x_wconf 86' lang='lat' dir='ltr'>autoritatem</span> <span class='ocrx_word' id='word_1_445' title='bbox 1723 893 1796 925; x_wconf 89' lang='lat' dir='ltr'>eius</span> <span class='ocrx_word' id='word_1_446' title='bbox 1826 893 1949 925; x_wconf 80' lang='lat' dir='ltr'>elevet.</span> <span class='ocrx_word' id='word_1_447' title='bbox 2017 893 2054 926; x_wconf 94' lang='lat' dir='ltr'>Id</span> <span class='ocrx_word' id='word_1_448' title='bbox 2079 900 2155 926; x_wconf 82' lang='lat' dir='ltr'>erat</span> 
     </span>
     <span class='ocr_line' id='line_1_69' title="bbox 1155 944 2154 988; baseline 0 -12"><span class='ocrx_word' id='word_1_449' title='bbox 1155 945 1267 988; x_wconf 83' lang='lat' dir='ltr'>magis</span> <span class='ocrx_word' id='word_1_450' title='bbox 1294 950 1416 988; x_wconf 91' lang='lat' dir='ltr'>aptum</span> <span class='ocrx_word' id='word_1_451' title='bbox 1441 946 1576 978; x_wconf 87' lang='lat' dir='ltr'>donum</span> <span class='ocrx_word' id='word_1_452' title='bbox 1606 945 1669 977; x_wconf 76' lang='lat' dir='ltr'>tihi</span> <span class='ocrx_word' id='word_1_453' title='bbox 1698 946 1870 977; x_wconf 85' lang='lat' dir='ltr'>futurum.</span> <span class='ocrx_word' id='word_1_454' title='bbox 1940 944 2008 977; x_wconf 78' lang='lat' dir='ltr'>Sed</span> <span class='ocrx_word' id='word_1_455' title='bbox 2034 957 2077 977; x_wconf 88' lang='lat' dir='ltr'>ne</span> <span class='ocrx_word' id='word_1_456' title='bbox 2102 945 2154 976; x_wconf 71' lang='lat' dir='ltr'>vi-</span> 
     </span>
     <span class='ocr_line' id='line_1_70' title="bbox 1155 995 2154 1042; baseline 0.002 -15"><span class='ocrx_word' id='word_1_457' title='bbox 1155 997 1241 1028; x_wconf 89' lang='lat' dir='ltr'>dear</span> <span class='ocrx_word' id='word_1_458' title='bbox 1258 996 1292 1027; x_wconf 90' lang='lat' dir='ltr'>in</span> <span class='ocrx_word' id='word_1_459' title='bbox 1310 997 1461 1039; x_wconf 76' lang='lat' dir='ltr'>gratiam</span> <span class='ocrx_word' id='word_1_460' title='bbox 1484 997 1686 1040; x_wconf 84' lang='lat' dir='ltr'>principum</span> <span class='ocrx_word' id='word_1_461' title='bbox 1712 995 1846 1042; x_wconf 86' lang='lat' dir='ltr'>aliquid</span> <span class='ocrx_word' id='word_1_462' title='bbox 1867 995 2066 1039; x_wconf 87' lang='lat' dir='ltr'>scripsisse,</span> <span class='ocrx_word' id='word_1_463' title='bbox 2094 997 2154 1029; x_wconf 87' lang='lat' dir='ltr'>de-</span> 
     </span>
     <span class='ocr_line' id='line_1_71' title="bbox 1155 1046 2154 1093; baseline 0.001 -13"><span class='ocrx_word' id='word_1_464' title='bbox 1155 1048 1250 1081; x_wconf 67' lang='lat' dir='ltr'>crevi</span> <span class='ocrx_word' id='word_1_465' title='bbox 1274 1060 1352 1080; x_wconf 86' lang='lat' dir='ltr'>eam</span> <span class='ocrx_word' id='word_1_466' title='bbox 1380 1046 1593 1082; x_wconf 85' lang='lat' dir='ltr'>haeredibus</span> <span class='ocrx_word' id='word_1_467' title='bbox 1619 1048 1791 1081; x_wconf 82' lang='lat' dir='ltr'>edendam</span> <span class='ocrx_word' id='word_1_468' title='bbox 1812 1047 2026 1093; x_wconf 86' lang='lat' dir='ltr'>relinquere.</span> <span class='ocrx_word' id='word_1_469' title='bbox 2080 1048 2154 1081; x_wconf 66' lang='lat' dir='ltr'>Nec</span> 
     </span>
     <span class='ocr_line' id='line_1_72' title="bbox 1155 1097 2153 1145; baseline 0 -13"><span class='ocrx_word' id='word_1_470' title='bbox 1155 1112 1218 1143; x_wconf 80' lang='lat' dir='ltr'>ego</span> <span class='ocrx_word' id='word_1_471' title='bbox 1248 1112 1288 1132; x_wconf 84' lang='lat' dir='ltr'>ex</span> <span class='ocrx_word' id='word_1_472' title='bbox 1313 1097 1367 1132; x_wconf 87' lang='lat' dir='ltr'>his</span> <span class='ocrx_word' id='word_1_473' title='bbox 1386 1100 1431 1145; x_wconf 76' lang='lat' dir='ltr'>l⁹)</span> <span class='ocrx_word' id='word_1_474' title='bbox 1461 1101 1605 1140; x_wconf 87' lang='lat' dir='ltr'>studiis,</span> <span class='ocrx_word' id='word_1_475' title='bbox 1641 1108 1702 1133; x_wconf 89' lang='lat' dir='ltr'>aut</span> <span class='ocrx_word' id='word_1_476' title='bbox 1727 1097 1794 1133; x_wconf 85' lang='lat' dir='ltr'>hoc</span> <span class='ocrx_word' id='word_1_477' title='bbox 1819 1112 1899 1132; x_wconf 83' lang='lat' dir='ltr'>meo</span> <span class='ocrx_word' id='word_1_478' title='bbox 1924 1100 2067 1139; x_wconf 83' lang='lat' dir='ltr'>labore,</span> <span class='ocrx_word' id='word_1_479' title='bbox 2096 1100 2153 1133; x_wconf 72' lang='lat' dir='ltr'>vel</span> 
     </span>
     <span class='ocr_line' id='line_1_73' title="bbox 1155 1151 2153 1196; baseline 0 -12"><span class='ocrx_word' id='word_1_480' title='bbox 1155 1152 1364 1196; x_wconf 88' lang='lat' dir='ltr'>cuiusquam</span> <span class='ocrx_word' id='word_1_481' title='bbox 1388 1152 1540 1195; x_wconf 79' lang='lat' dir='ltr'>gratiam</span> <span class='ocrx_word' id='word_1_482' title='bbox 1566 1151 1621 1185; x_wconf 67' lang='lat' dir='ltr'>vel</span> <span class='ocrx_word' id='word_1_483' title='bbox 1649 1164 1772 1185; x_wconf 89' lang='lat' dir='ltr'>auram</span> <span class='ocrx_word' id='word_1_484' title='bbox 1798 1151 2010 1195; x_wconf 86' lang='lat' dir='ltr'>popularem</span> <span class='ocrx_word' id='word_1_485' title='bbox 2036 1158 2153 1196; x_wconf 88' lang='lat' dir='ltr'>capto,</span> 
     </span>
     <span class='ocr_line' id='line_1_74' title="bbox 1154 1201 2155 1247; baseline 0 -12"><span class='ocrx_word' id='word_1_486' title='bbox 1154 1215 1218 1236; x_wconf 90' lang='lat' dir='ltr'>nec</span> <span class='ocrx_word' id='word_1_487' title='bbox 1236 1201 1412 1247; x_wconf 86' lang='lat' dir='ltr'>prohibeo</span> <span class='ocrx_word' id='word_1_488' title='bbox 1433 1204 1541 1243; x_wconf 83' lang='lat' dir='ltr'>alios,</span> <span class='ocrx_word' id='word_1_489' title='bbox 1572 1204 1696 1237; x_wconf 88' lang='lat' dir='ltr'>eodem</span> <span class='ocrx_word' id='word_1_490' title='bbox 1715 1216 1843 1247; x_wconf 81' lang='lat' dir='ltr'>genere</span> <span class='ocrx_word' id='word_1_491' title='bbox 1860 1203 2038 1247; x_wconf 79' lang='lat' dir='ltr'>publicam</span> <span class='ocrx_word' id='word_1_492' title='bbox 2058 1203 2155 1236; x_wconf 87' lang='lat' dir='ltr'>utili-</span> 
     </span>
     <span class='ocr_line' id='line_1_75' title="bbox 1154 1253 2154 1299; baseline 0.001 -12"><span class='ocrx_word' id='word_1_493' title='bbox 1154 1261 1261 1287; x_wconf 85' lang='lat' dir='ltr'>tatem</span> <span class='ocrx_word' id='word_1_494' title='bbox 1288 1255 1430 1293; x_wconf 73' lang='lat' dir='ltr'>iuvare,</span> <span class='ocrx_word' id='word_1_495' title='bbox 1459 1262 1491 1287; x_wconf 82' lang='lat' dir='ltr'>et</span> <span class='ocrx_word' id='word_1_496' title='bbox 1514 1269 1652 1289; x_wconf 84' lang='lat' dir='ltr'>meeum</span> <span class='ocrx_word' id='word_1_497' title='bbox 1681 1256 1716 1288; x_wconf 91' lang='lat' dir='ltr'>in</span> <span class='ocrx_word' id='word_1_498' title='bbox 1744 1253 1808 1287; x_wconf 89' lang='lat' dir='ltr'>hac</span> <span class='ocrx_word' id='word_1_499' title='bbox 1833 1255 2009 1299; x_wconf 84' lang='lat' dir='ltr'>palaestra</span> <span class='ocrx_word' id='word_1_500' title='bbox 2033 1256 2154 1288; x_wconf 84' lang='lat' dir='ltr'>decer-</span> 
     </span>
     <span class='ocr_line' id='line_1_76' title="bbox 1153 1307 2153 1352; baseline 0.001 -14"><span class='ocrx_word' id='word_1_501' title='bbox 1153 1312 1246 1345; x_wconf 82' lang='lat' dir='ltr'>tare,</span> <span class='ocrx_word' id='word_1_502' title='bbox 1274 1307 1363 1339; x_wconf 89' lang='lat' dir='ltr'>sicut</span> <span class='ocrx_word' id='word_1_503' title='bbox 1388 1320 1451 1350; x_wconf 76' lang='lat' dir='ltr'>ego</span> <span class='ocrx_word' id='word_1_504' title='bbox 1477 1320 1555 1340; x_wconf 89' lang='lat' dir='ltr'>cum</span> <span class='ocrx_word' id='word_1_505' title='bbox 1574 1307 1819 1352; x_wconf 83' lang='lat' dir='ltr'>superioribus</span> <span class='ocrx_word' id='word_1_506' title='bbox 1837 1307 2026 1340; x_wconf 81' lang='lat' dir='ltr'>decertavi.</span> <span class='ocrx_word' id='word_1_507' title='bbox 2081 1307 2153 1339; x_wconf 88' lang='lat' dir='ltr'>Ha-</span> 
     </span>
     <span class='ocr_line' id='line_1_77' title="bbox 1152 1356 2152 1404; baseline 0.001 -14"><span class='ocrx_word' id='word_1_508' title='bbox 1152 1358 1212 1391; x_wconf 84' lang='lat' dir='ltr'>bes</span> <span class='ocrx_word' id='word_1_509' title='bbox 1232 1358 1326 1390; x_wconf 88' lang='lat' dir='ltr'>enim</span> <span class='ocrx_word' id='word_1_510' title='bbox 1347 1356 1404 1391; x_wconf 81' lang='lat' dir='ltr'>liic</span> <span class='ocrx_word' id='word_1_511' title='bbox 1422 1366 1672 1402; x_wconf 83' lang='lat' dir='ltr'>argumentum</span> <span class='ocrx_word' id='word_1_512' title='bbox 1690 1358 1760 1392; x_wconf 76' lang='lat' dir='ltr'>mei</span> <span class='ocrx_word' id='word_1_513' title='bbox 1778 1359 1944 1391; x_wconf 87' lang='lat' dir='ltr'>candoris</span> <span class='ocrx_word' id='word_1_514' title='bbox 1958 1358 2024 1403; x_wconf 69' lang='grc'>20),</span> <span class='ocrx_word' id='word_1_515' title='bbox 2054 1360 2152 1404; x_wconf 86' lang='lat' dir='ltr'>quod</span> 
     </span>
     <span class='ocr_line' id='line_1_78' title="bbox 1154 1411 2153 1456; baseline 0 -14"><span class='ocrx_word' id='word_1_516' title='bbox 1154 1416 1320 1442; x_wconf 85' lang='lat' dir='ltr'>autorum</span> <span class='ocrx_word' id='word_1_517' title='bbox 1338 1411 1485 1443; x_wconf 88' lang='lat' dir='ltr'>uomina</span> <span class='ocrx_word' id='word_1_518' title='bbox 1505 1412 1687 1451; x_wconf 85' lang='lat' dir='ltr'>recensui,</span> <span class='ocrx_word' id='word_1_519' title='bbox 1718 1425 1735 1444; x_wconf 88' lang='lat' dir='ltr'>a</span> <span class='ocrx_word' id='word_1_520' title='bbox 1760 1411 1889 1456; x_wconf 89' lang='lat' dir='ltr'>quibus</span> <span class='ocrx_word' id='word_1_521' title='bbox 1911 1411 2044 1443; x_wconf 88' lang='lat' dir='ltr'>bonam</span> <span class='ocrx_word' id='word_1_522' title='bbox 2071 1423 2153 1455; x_wconf 88' lang='lat' dir='ltr'>par-</span> 
     </span>
     <span class='ocr_line' id='line_1_79' title="bbox 1153 1462 2151 1507; baseline 0.001 -14"><span class='ocrx_word' id='word_1_523' title='bbox 1153 1468 1223 1493; x_wconf 90' lang='lat' dir='ltr'>tem</span> <span class='ocrx_word' id='word_1_524' title='bbox 1240 1462 1363 1506; x_wconf 88' lang='lat' dir='ltr'>scripti</span> <span class='ocrx_word' id='word_1_525' title='bbox 1381 1469 1562 1496; x_wconf 86' lang='lat' dir='ltr'>mutuatus</span> <span class='ocrx_word' id='word_1_526' title='bbox 1578 1477 1667 1497; x_wconf 87' lang='lat' dir='ltr'>sum.</span> <span class='ocrx_word' id='word_1_527' title='bbox 1715 1462 1824 1507; x_wconf 87' lang='lat' dir='ltr'>quue</span> <span class='ocrx_word' id='word_1_528' title='bbox 1841 1463 1987 1506; x_wconf 81' lang='lat' dir='ltr'>ingenui</span> <span class='ocrx_word' id='word_1_529' title='bbox 2005 1475 2043 1495; x_wconf 91' lang='lat' dir='ltr'>ac</span> <span class='ocrx_word' id='word_1_530' title='bbox 2060 1462 2151 1506; x_wconf 74' lang='lat' dir='ltr'>grati</span> 
     </span>
     <span class='ocr_line' id='line_1_80' title="bbox 1153 1513 2149 1559; baseline 0.002 -14"><span class='ocrx_word' id='word_1_531' title='bbox 1153 1513 1264 1545; x_wconf 90' lang='lat' dir='ltr'>animi</span> <span class='ocrx_word' id='word_1_532' title='bbox 1283 1527 1355 1547; x_wconf 85' lang='lat' dir='ltr'>esse</span> <span class='ocrx_word' id='word_1_533' title='bbox 1377 1515 1479 1555; x_wconf 79' lang='lat' dir='ltr'>(luxi,</span> <span class='ocrx_word' id='word_1_534' title='bbox 1515 1515 1639 1555; x_wconf 79' lang='lat' dir='ltr'>fateri,</span> <span class='ocrx_word' id='word_1_535' title='bbox 1675 1527 1739 1559; x_wconf 78' lang='lat' dir='ltr'>per</span> <span class='ocrx_word' id='word_1_536' title='bbox 1765 1527 1854 1559; x_wconf 86' lang='lat' dir='ltr'>quos</span> <span class='ocrx_word' id='word_1_537' title='bbox 1880 1515 2073 1558; x_wconf 82' lang='lat' dir='ltr'>profeceris</span> <span class='ocrx_word' id='word_1_538' title='bbox 2089 1514 2149 1559; x_wconf 72' lang='lat'>²¹),</span> 
     </span>
     <span class='ocr_line' id='line_1_81' title="bbox 1152 1565 2151 1611; baseline 0 -13"><span class='ocrx_word' id='word_1_539' title='bbox 1152 1572 1191 1598; x_wconf 88' lang='lat' dir='ltr'>ut</span> <span class='ocrx_word' id='word_1_540' title='bbox 1209 1572 1242 1598; x_wconf 84' lang='lat' dir='ltr'>et</span> <span class='ocrx_word' id='word_1_541' title='bbox 1259 1565 1379 1611; x_wconf 88' lang='lat' dir='ltr'>aliqua</span> <span class='ocrx_word' id='word_1_542' title='bbox 1398 1573 1479 1599; x_wconf 86' lang='lat' dir='ltr'>tuae</span> <span class='ocrx_word' id='word_1_543' title='bbox 1499 1567 1613 1600; x_wconf 87' lang='lat' dir='ltr'>laudis</span> <span class='ocrx_word' id='word_1_544' title='bbox 1632 1579 1713 1611; x_wconf 87' lang='lat' dir='ltr'>pars</span> <span class='ocrx_word' id='word_1_545' title='bbox 1732 1567 1775 1600; x_wconf 85' lang='lat' dir='ltr'>ad</span> <span class='ocrx_word' id='word_1_546' title='bbox 1797 1566 1875 1600; x_wconf 92' lang='lat' dir='ltr'>illos</span> <span class='ocrx_word' id='word_1_547' title='bbox 1894 1567 2034 1606; x_wconf 89' lang='lat' dir='ltr'>redeat,</span> <span class='ocrx_word' id='word_1_548' title='bbox 2062 1578 2151 1610; x_wconf 91' lang='lat' dir='ltr'>quo-</span> 
     </span>
     <span class='ocr_line' id='line_1_82' title="bbox 1152 1618 2152 1662; baseline 0 -13"><span class='ocrx_word' id='word_1_549' title='bbox 1152 1629 1232 1650; x_wconf 90' lang='lat' dir='ltr'>rum</span> <span class='ocrx_word' id='word_1_550' title='bbox 1257 1618 1432 1651; x_wconf 83' lang='lat' dir='ltr'>industria</span> <span class='ocrx_word' id='word_1_551' title='bbox 1458 1619 1599 1652; x_wconf 83' lang='lat' dir='ltr'>adiutus</span> <span class='ocrx_word' id='word_1_552' title='bbox 1621 1633 1667 1653; x_wconf 78' lang='lat' dir='ltr'>es.</span> <span class='ocrx_word' id='word_1_553' title='bbox 1737 1619 1871 1651; x_wconf 61' lang='lat' dir='ltr'>Verum</span> <span class='ocrx_word' id='word_1_554' title='bbox 1898 1630 2030 1662; x_wconf 80' lang='lat' dir='ltr'>paucos</span> <span class='ocrx_word' id='word_1_555' title='bbox 2056 1618 2152 1650; x_wconf 68' lang='lat' dir='ltr'>inve-</span> 
     </span>
     <span class='ocr_line' id='line_1_83' title="bbox 1151 1668 2149 1714; baseline 0.001 -14"><span class='ocrx_word' id='word_1_556' title='bbox 1151 1669 1248 1708; x_wconf 85' lang='lat' dir='ltr'>nias,</span> <span class='ocrx_word' id='word_1_557' title='bbox 1277 1670 1427 1714; x_wconf 83' lang='lat' dir='ltr'>quinon</span> <span class='ocrx_word' id='word_1_558' title='bbox 1443 1671 1667 1704; x_wconf 87' lang='lat' dir='ltr'>dissimulent</span> <span class='ocrx_word' id='word_1_559' title='bbox 1686 1684 1748 1703; x_wconf 86' lang='lat' dir='ltr'>sua</span> <span class='ocrx_word' id='word_1_560' title='bbox 1770 1671 1875 1704; x_wconf 84' lang='lat' dir='ltr'>furta.</span> <span class='ocrx_word' id='word_1_561' title='bbox 1918 1668 2149 1713; x_wconf 83' lang='lat' dir='ltr'>Deprehendi</span> 
     </span>
     <span class='ocr_line' id='line_1_84' title="bbox 1151 1721 2149 1767; baseline 0.001 -15"><span class='ocrx_word' id='word_1_562' title='bbox 1151 1721 1245 1753; x_wconf 70' lang='lat' dir='ltr'>enirn</span> <span class='ocrx_word' id='word_1_563' title='bbox 1262 1722 1414 1761; x_wconf 85' lang='lat' dir='ltr'>multos,</span> <span class='ocrx_word' id='word_1_564' title='bbox 1445 1722 1506 1767; x_wconf 84' lang='lat' dir='ltr'>qui</span> <span class='ocrx_word' id='word_1_565' title='bbox 1528 1724 1572 1755; x_wconf 89' lang='lat' dir='ltr'>ad</span> <span class='ocrx_word' id='word_1_566' title='bbox 1591 1724 1737 1755; x_wconf 68' lang='lat' dir='ltr'>verbum</span> <span class='ocrx_word' id='word_1_567' title='bbox 1757 1722 2056 1766; x_wconf 87' lang='lat' dir='ltr'>transcripserant</span> <span class='ocrx_word' id='word_1_568' title='bbox 2075 1734 2149 1754; x_wconf 90' lang='lat' dir='ltr'>ma-</span> 
     </span>
     <span class='ocr_line' id='line_1_85' title="bbox 1151 1773 2148 1819; baseline 0.001 -14"><span class='ocrx_word' id='word_1_569' title='bbox 1151 1773 1278 1817; x_wconf 77' lang='lat' dir='ltr'>gistros</span> <span class='ocrx_word' id='word_1_570' title='bbox 1304 1786 1406 1813; x_wconf 88' lang='lat' dir='ltr'>suos,</span> <span class='ocrx_word' id='word_1_571' title='bbox 1443 1774 1479 1806; x_wconf 89' lang='lat' dir='ltr'>in</span> <span class='ocrx_word' id='word_1_572' title='bbox 1507 1787 1660 1819; x_wconf 90' lang='lat' dir='ltr'>quorum</span> <span class='ocrx_word' id='word_1_573' title='bbox 1687 1774 1895 1807; x_wconf 68' lang='lat' dir='ltr'>iuraverant</span> <span class='ocrx_word' id='word_1_574' title='bbox 1921 1774 2046 1813; x_wconf 69' lang='lat' dir='ltr'>verba,</span> <span class='ocrx_word' id='word_1_575' title='bbox 2074 1785 2148 1806; x_wconf 88' lang='grc'>11011</span> 
     </span>
     <span class='ocr_line' id='line_1_86' title="bbox 1152 1825 2150 1869; baseline 0 -12"><span class='ocrx_word' id='word_1_576' title='bbox 1152 1837 1192 1857; x_wconf 91' lang='lat' dir='ltr'>eo</span> <span class='ocrx_word' id='word_1_577' title='bbox 1215 1825 1383 1865; x_wconf 85' lang='lat' dir='ltr'>consilio,</span> <span class='ocrx_word' id='word_1_578' title='bbox 1412 1832 1451 1858; x_wconf 87' lang='lat' dir='ltr'>ut</span> <span class='ocrx_word' id='word_1_579' title='bbox 1477 1826 1653 1859; x_wconf 89' lang='lat' dir='ltr'>imitaturi</span> <span class='ocrx_word' id='word_1_580' title='bbox 1677 1833 1855 1859; x_wconf 87' lang='lat' dir='ltr'>certarent</span> <span class='ocrx_word' id='word_1_581' title='bbox 1880 1825 2020 1858; x_wconf 74' lang='lat' dir='ltr'>vincere</span> <span class='ocrx_word' id='word_1_582' title='bbox 2047 1837 2150 1869; x_wconf 89' lang='lat' dir='ltr'>supe—</span> 
     </span>
     <span class='ocr_line' id='line_1_87' title="bbox 1149 1876 2150 1921; baseline 0 -12"><span class='ocrx_word' id='word_1_583' title='bbox 1149 1876 1281 1917; x_wconf 88' lang='lat' dir='ltr'>riores,</span> <span class='ocrx_word' id='word_1_584' title='bbox 1310 1877 1399 1910; x_wconf 81' lang='lat' dir='ltr'>sicut</span> <span class='ocrx_word' id='word_1_585' title='bbox 1414 1877 1583 1921; x_wconf 79' lang='lat' dir='ltr'>Virgilius</span> <span class='ocrx_word' id='word_1_586' title='bbox 1603 1878 1798 1912; x_wconf 85' lang='lat' dir='ltr'>Hesiodum</span> <span class='ocrx_word' id='word_1_587' title='bbox 1817 1877 1978 1910; x_wconf 86' lang='lat' dir='ltr'>imitatur</span> <span class='ocrx_word' id='word_1_588' title='bbox 1994 1876 2039 1921; x_wconf 65' lang='grc'>22)</span> <span class='ocrx_word' id='word_1_589' title='bbox 2052 1904 2061 1916; x_wconf 88' lang='lat'>,</span> <span class='ocrx_word' id='word_1_590' title='bbox 2088 1878 2150 1910; x_wconf 88' lang='lat' dir='ltr'>sed</span> 
     </span>
     <span class='ocr_line' id='line_1_88' title="bbox 1150 1926 2148 1974; baseline 0.001 -14"><span class='ocrx_word' id='word_1_591' title='bbox 1150 1935 1189 1961; x_wconf 92' lang='lat' dir='ltr'>ut</span> <span class='ocrx_word' id='word_1_592' title='bbox 1212 1929 1336 1962; x_wconf 87' lang='lat' dir='ltr'>alienis</span> <span class='ocrx_word' id='word_1_593' title='bbox 1359 1929 1489 1974; x_wconf 90' lang='lat' dir='ltr'>plumis</span> <span class='ocrx_word' id='word_1_594' title='bbox 1514 1943 1550 1963; x_wconf 87' lang='lat' dir='ltr'>se</span> <span class='ocrx_word' id='word_1_595' title='bbox 1577 1931 1816 1963; x_wconf 68' lang='lat' dir='ltr'>venditarent.</span> <span class='ocrx_word' id='word_1_596' title='bbox 1869 1928 2015 1973; x_wconf 87' lang='lat' dir='ltr'>Quanto</span> <span class='ocrx_word' id='word_1_597' title='bbox 2036 1926 2148 1961; x_wconf 81' lang='lat' dir='ltr'>hone-</span> 
     </span>
    </p>
   </div>
   <div class='ocr_carea' id='block_1_12' title="bbox 1149 2091 2145 2316">
    <p class='ocr_par' dir='ltr' id='par_1_23' title="bbox 1149 2091 2145 2316">
     <span class='ocr_line' id='line_1_89' title="bbox 1186 2091 2145 2124; baseline -0.004 -7"><span class='ocrx_word' id='word_1_598' title='bbox 1186 2093 1231 2121; x_wconf 83' lang='grc'>17)</span> <span class='ocrx_word' id='word_1_599' title='bbox 1251 2094 1320 2117; x_wconf 77' lang='lat' dir='ltr'>Huic</span> <span class='ocrx_word' id='word_1_600' title='bbox 1339 2094 1399 2117; x_wconf 84' lang='lat' dir='ltr'>loco</span> <span class='ocrx_word' id='word_1_601' title='bbox 1420 2094 1446 2117; x_wconf 93' lang='lat' dir='ltr'>in</span> <span class='ocrx_word' id='word_1_602' title='bbox 1465 2094 1647 2124; x_wconf 76' lang='lat' dir='ltr'>E‹titt.15·27.‚</span> <span class='ocrx_word' id='word_1_603' title='bbox 1671 2093 1746 2116; x_wconf 70' lang='lat'>1541.</span> <span class='ocrx_word' id='word_1_604' title='bbox 1767 2093 1792 2116; x_wconf 90' lang='lat' dir='ltr'>in</span> <span class='ocrx_word' id='word_1_605' title='bbox 1812 2098 1899 2122; x_wconf 81' lang='lat' dir='ltr'>marg.</span> <span class='ocrx_word' id='word_1_606' title='bbox 1919 2091 2060 2121; x_wconf 79' lang='lat' dir='ltr'>adscripta</span> <span class='ocrx_word' id='word_1_607' title='bbox 2079 2091 2145 2114; x_wconf 87' lang='lat' dir='ltr'>sunt</span> 
     </span>
     <span class='ocr_line' id='line_1_90' title="bbox 1219 2126 2145 2159; baseline -0.003 -9"><span class='ocrx_word' id='word_1_608' title='bbox 1219 2129 1299 2152; x_wconf 82' lang='lat' dir='ltr'>haee:</span> <span class='ocrx_word' id='word_1_609' title='bbox 1329 2128 1494 2158; x_wconf 79' lang='lat' dir='ltr'>Conclusio,</span> <span class='ocrx_word' id='word_1_610' title='bbox 1520 2129 1546 2152; x_wconf 90' lang='lat' dir='ltr'>in</span> <span class='ocrx_word' id='word_1_611' title='bbox 1574 2134 1627 2159; x_wconf 82' lang='lat' dir='ltr'>qua</span> <span class='ocrx_word' id='word_1_612' title='bbox 1656 2129 1747 2158; x_wconf 82' lang='lat' dir='ltr'>operis</span> <span class='ocrx_word' id='word_1_613' title='bbox 1766 2127 1943 2151; x_wconf 81' lang='lat' dir='ltr'>autoritatem</span> <span class='ocrx_word' id='word_1_614' title='bbox 1962 2126 2145 2156; x_wconf 74' lang='lat' dir='ltr'>amplificata</span> 
     </span>
     <span class='ocr_line' id='line_1_91' title="bbox 1149 2164 1418 2193; baseline 0 -7"><span class='ocrx_word' id='word_1_615' title='bbox 1149 2171 1153 2174; x_wconf 86' lang='grc'><em>·</em></span> <span class='ocrx_word' id='word_1_616' title='bbox 1219 2164 1272 2186; x_wconf 84' lang='lat' dir='ltr'>Titi</span> <span class='ocrx_word' id='word_1_617' title='bbox 1291 2169 1418 2193; x_wconf 84' lang='lat' dir='ltr'>persona.</span> 
     </span>
     <span class='ocr_line' id='line_1_92' title="bbox 1184 2212 2142 2244; baseline -0.004 -6"><span class='ocrx_word' id='word_1_618' title='bbox 1184 2216 1229 2243; x_wconf 80' lang='grc'>18)</span> <span class='ocrx_word' id='word_1_619' title='bbox 1257 2216 1325 2239; x_wconf 77' lang='lat' dir='ltr'>Huic</span> <span class='ocrx_word' id='word_1_620' title='bbox 1350 2217 1410 2240; x_wconf 87' lang='lat' dir='ltr'>ioco</span> <span class='ocrx_word' id='word_1_621' title='bbox 1437 2216 1462 2238; x_wconf 88' lang='lat' dir='ltr'>in</span> <span class='ocrx_word' id='word_1_622' title='bbox 1484 2215 1566 2240; x_wconf 83' lang='lat' dir='ltr'>Editt.</span> <span class='ocrx_word' id='word_1_623' title='bbox 1589 2215 1679 2240; x_wconf 80' lang='lat'>1527..</span> <span class='ocrx_word' id='word_1_624' title='bbox 1708 2215 1781 2239; x_wconf 74' lang='lat'>154¹.</span> <span class='ocrx_word' id='word_1_625' title='bbox 1810 2215 1836 2238; x_wconf 89' lang='lat' dir='ltr'>in</span> <span class='ocrx_word' id='word_1_626' title='bbox 1857 2214 1983 2244; x_wconf 62' lang='lat' dir='ltr'>margine</span> <span class='ocrx_word' id='word_1_627' title='bbox 2002 2212 2142 2241; x_wconf 80' lang='lat' dir='ltr'>adscripta</span> 
     </span>
     <span class='ocr_line' id='line_1_93' title="bbox 1217 2247 2144 2279; baseline -0.005 -5"><span class='ocrx_word' id='word_1_628' title='bbox 1217 2252 1261 2274; x_wconf 82' lang='lat' dir='ltr'>est</span> <span class='ocrx_word' id='word_1_629' title='bbox 1287 2252 1352 2274; x_wconf 82' lang='lat' dir='ltr'>haec</span> <span class='ocrx_word' id='word_1_630' title='bbox 1371 2251 1530 2274; x_wconf 82' lang='lat' dir='ltr'>annotatio:</span> <span class='ocrx_word' id='word_1_631' title='bbox 1559 2250 1644 2279; x_wconf 78' lang='lat' dir='ltr'>Quasi</span> <span class='ocrx_word' id='word_1_632' title='bbox 1663 2250 1781 2273; x_wconf 83' lang='lat' dir='ltr'>diceret:</span> <span class='ocrx_word' id='word_1_633' title='bbox 1811 2249 1861 2272; x_wconf 81' lang='lat' dir='ltr'>uic</span> <span class='ocrx_word' id='word_1_634' title='bbox 1886 2255 1939 2272; x_wconf 90' lang='lat' dir='ltr'>non</span> <span class='ocrx_word' id='word_1_635' title='bbox 1959 2247 2086 2278; x_wconf 73' lang='lat' dir='ltr'>praedico</span> <span class='ocrx_word' id='word_1_636' title='bbox 2106 2249 2144 2277; x_wconf 86' lang='lat' dir='ltr'>te,</span> 
     </span>
     <span class='ocr_line' id='line_1_94' title="bbox 1216 2285 1648 2316; baseline 0.002 -8"><span class='ocrx_word' id='word_1_637' title='bbox 1216 2285 1264 2308; x_wconf 86' lang='lat' dir='ltr'>ille</span> <span class='ocrx_word' id='word_1_638' title='bbox 1283 2287 1374 2309; x_wconf 76' lang='lat' dir='ltr'>fuerat</span> <span class='ocrx_word' id='word_1_639' title='bbox 1394 2288 1421 2309; x_wconf 85' lang='lat' dir='ltr'>te</span> <span class='ocrx_word' id='word_1_640' title='bbox 1441 2286 1550 2316; x_wconf 65' lang='lat' dir='ltr'>dignior</span> <span class='ocrx_word' id='word_1_641' title='bbox 1568 2286 1648 2309; x_wconf 83' lang='lat' dir='ltr'>iiber.</span> 
     </span>
    </p>
   </div>
   <div class='ocr_carea' id='block_1_13' title="bbox 1185 2335 1932 2367">
    <p class='ocr_par' dir='ltr' id='par_1_24' title="bbox 1185 2335 1932 2367">
     <span class='ocr_line' id='line_1_95' title="bbox 1185 2335 1932 2367; baseline -0.001 -7"><span class='ocrx_word' id='word_1_642' title='bbox 1185 2337 1230 2365; x_wconf 78' lang='lat'>19)</span> <span class='ocrx_word' id='word_1_643' title='bbox 1250 2337 1308 2366; x_wconf 84' lang='lat' dir='ltr'>his]</span> <span class='ocrx_word' id='word_1_644' title='bbox 1327 2338 1366 2361; x_wconf 81' lang='lat' dir='ltr'>sic</span> <span class='ocrx_word' id='word_1_645' title='bbox 1385 2338 1433 2361; x_wconf 87' lang='lat' dir='ltr'>Ed.</span> <span class='ocrx_word' id='word_1_646' title='bbox 1457 2338 1549 2367; x_wconf 80' lang='lat'>1527.;</span> <span class='ocrx_word' id='word_1_647' title='bbox 1570 2338 1652 2360; x_wconf 68' lang='lat' dir='ltr'>Editt.</span> <span class='ocrx_word' id='word_1_648' title='bbox 1675 2335 1867 2360; x_wconf 68' lang='lat'>1541—1587.</span> <span class='ocrx_word' id='word_1_649' title='bbox 1889 2335 1932 2359; x_wconf 84' lang='lat' dir='ltr'>iis.</span> 
     </span>
    </p>
   </div>
   <div class='ocr_carea' id='block_1_14' title="bbox 1180 2386 2142 2661">
    <p class='ocr_par' dir='ltr' id='par_1_25' title="bbox 1180 2386 2140 2448">
     <span class='ocr_line' id='line_1_96' title="bbox 1180 2386 2140 2421; baseline -0.003 -9"><span class='ocrx_word' id='word_1_650' title='bbox 1180 2390 1228 2417; x_wconf 81' lang='lat'>20)</span> <span class='ocrx_word' id='word_1_651' title='bbox 1254 2390 1284 2413; x_wconf 90' lang='lat' dir='ltr'>In</span> <span class='ocrx_word' id='word_1_652' title='bbox 1302 2389 1387 2415; x_wconf 79' lang='lat' dir='ltr'>Editt.</span> <span class='ocrx_word' id='word_1_653' title='bbox 1408 2389 1499 2421; x_wconf 60' lang='lat'>1527„</span> <span class='ocrx_word' id='word_1_654' title='bbox 1530 2389 1603 2412; x_wconf 72' lang='lat'>1541.</span> <span class='ocrx_word' id='word_1_655' title='bbox 1629 2387 1770 2411; x_wconf 74' lang='lat' dir='ltr'>annotatio</span> <span class='ocrx_word' id='word_1_656' title='bbox 1798 2386 1978 2417; x_wconf 61' lang='lat' dir='ltr'>marginatis:</span> <span class='ocrx_word' id='word_1_657' title='bbox 2008 2387 2047 2410; x_wconf 89' lang='lat' dir='ltr'>De</span> <span class='ocrx_word' id='word_1_658' title='bbox 2073 2392 2140 2410; x_wconf 86' lang='lat' dir='ltr'>can-</span> 
     </span>
     <span class='ocr_line' id='line_1_97' title="bbox 1216 2425 1361 2448; baseline -0.007 0"><span class='ocrx_word' id='word_1_659' title='bbox 1216 2425 1282 2448; x_wconf 89' lang='lat' dir='ltr'>dore</span> <span class='ocrx_word' id='word_1_660' title='bbox 1301 2430 1361 2448; x_wconf 86' lang='lat' dir='ltr'>suo.</span> 
     </span>
    </p>

    <p class='ocr_par' dir='ltr' id='par_1_26' title="bbox 1181 2473 2141 2576">
     <span class='ocr_line' id='line_1_98' title="bbox 1181 2473 2137 2506; baseline -0.003 -7"><span class='ocrx_word' id='word_1_661' title='bbox 1181 2476 1227 2506; x_wconf 80' lang='lat'>21)</span> <span class='ocrx_word' id='word_1_662' title='bbox 1256 2477 1285 2499; x_wconf 90' lang='lat' dir='ltr'>1n</span> <span class='ocrx_word' id='word_1_663' title='bbox 1305 2477 1390 2501; x_wconf 84' lang='lat' dir='ltr'>Editt.</span> <span class='ocrx_word' id='word_1_664' title='bbox 1413 2475 1607 2500; x_wconf 73' lang='lat'>1559-1587.</span> <span class='ocrx_word' id='word_1_665' title='bbox 1634 2476 1699 2498; x_wconf 82' lang='lat' dir='ltr'>haec</span> <span class='ocrx_word' id='word_1_666' title='bbox 1728 2473 1868 2497; x_wconf 72' lang='lat' dir='ltr'>sententia</span> <span class='ocrx_word' id='word_1_667' title='bbox 1892 2480 1919 2496; x_wconf 87' lang='grc'>111</span> <span class='ocrx_word' id='word_1_668' title='bbox 1945 2473 2070 2504; x_wconf 69' lang='lat' dir='ltr'>margine</span> <span class='ocrx_word' id='word_1_669' title='bbox 2096 2473 2137 2496; x_wconf 84' lang='lat' dir='ltr'>sic</span> 
     </span>
     <span class='ocr_line' id='line_1_99' title="bbox 1218 2509 2141 2541; baseline -0.004 -6"><span class='ocrx_word' id='word_1_670' title='bbox 1218 2512 1328 2535; x_wconf 79' lang='lat' dir='ltr'>brevius</span> <span class='ocrx_word' id='word_1_671' title='bbox 1360 2512 1478 2541; x_wconf 79' lang='lat' dir='ltr'>repetita</span> <span class='ocrx_word' id='word_1_672' title='bbox 1497 2512 1556 2534; x_wconf 81' lang='lat' dir='ltr'>est:</span> <span class='ocrx_word' id='word_1_673' title='bbox 1586 2510 1699 2540; x_wconf 76' lang='lat' dir='ltr'>Ingenui</span> <span class='ocrx_word' id='word_1_674' title='bbox 1723 2511 1750 2532; x_wconf 90' lang='lat' dir='ltr'>et</span> <span class='ocrx_word' id='word_1_675' title='bbox 1769 2509 1843 2540; x_wconf 79' lang='lat' dir='ltr'>grati</span> <span class='ocrx_word' id='word_1_676' title='bbox 1861 2509 1944 2532; x_wconf 87' lang='lat' dir='ltr'>animi</span> <span class='ocrx_word' id='word_1_677' title='bbox 1964 2509 2065 2540; x_wconf 68' lang='lat' dir='ltr'>fateri,</span> <span class='ocrx_word' id='word_1_678' title='bbox 2091 2513 2141 2538; x_wconf 86' lang='lat' dir='ltr'>per</span> 
     </span>
     <span class='ocr_line' id='line_1_100' title="bbox 1217 2546 1469 2576; baseline 0.004 -6"><span class='ocrx_word' id='word_1_679' title='bbox 1217 2552 1286 2576; x_wconf 84' lang='lat' dir='ltr'>qnos</span> <span class='ocrx_word' id='word_1_680' title='bbox 1305 2546 1469 2576; x_wconf 71' lang='lat' dir='ltr'>profeceris.</span> 
     </span>
    </p>

    <p class='ocr_par' dir='ltr' id='par_1_27' title="bbox 1181 2594 2142 2661">
     <span class='ocr_line' id='line_1_101' title="bbox 1181 2594 2142 2625; baseline -0.005 -4"><span class='ocrx_word' id='word_1_681' title='bbox 1181 2598 1230 2625; x_wconf 78' lang='lat'>22)</span> <span class='ocrx_word' id='word_1_682' title='bbox 1262 2598 1293 2620; x_wconf 89' lang='lat'>111</span> <span class='ocrx_word' id='word_1_683' title='bbox 1320 2597 1405 2620; x_wconf 85' lang='lat' dir='ltr'>Editt.</span> <span class='ocrx_word' id='word_1_684' title='bbox 1425 2595 1616 2619; x_wconf 71' lang='lat'>1559—1587.</span> <span class='ocrx_word' id='word_1_685' title='bbox 1643 2595 1670 2617; x_wconf 90' lang='lat' dir='ltr'>in</span> <span class='ocrx_word' id='word_1_686' title='bbox 1696 2594 1822 2624; x_wconf 75' lang='lat' dir='ltr'>margine</span> <span class='ocrx_word' id='word_1_687' title='bbox 1846 2594 1964 2624; x_wconf 79' lang='lat' dir='ltr'>repetita</span> <span class='ocrx_word' id='word_1_688' title='bbox 1988 2595 2053 2617; x_wconf 88' lang='lat' dir='ltr'>sunt</span> <span class='ocrx_word' id='word_1_689' title='bbox 2076 2594 2142 2617; x_wconf 83' lang='lat' dir='ltr'>haec</span> 
     </span>
     <span class='ocr_line' id='line_1_102' title="bbox 1217 2628 2140 2661; baseline -0.003 -7"><span class='ocrx_word' id='word_1_690' title='bbox 1217 2634 1316 2655; x_wconf 80' lang='lat' dir='ltr'>verba:</span> <span class='ocrx_word' id='word_1_691' title='bbox 1343 2631 1480 2661; x_wconf 65' lang='lat' dir='ltr'>Virgilius</span> <span class='ocrx_word' id='word_1_692' title='bbox 1501 2631 1650 2653; x_wconf 83' lang='lat' dir='ltr'>Hesiodum</span> <span class='ocrx_word' id='word_1_693' title='bbox 1675 2629 1807 2652; x_wconf 85' lang='lat' dir='ltr'>imitatur.</span> <span class='ocrx_word' id='word_1_694' title='bbox 1831 2641 1866 2645; x_wconf 90' lang='lat'>—</span> <span class='ocrx_word' id='word_1_695' title='bbox 1908 2629 1946 2652; x_wconf 87' lang='lat' dir='ltr'>De</span> <span class='ocrx_word' id='word_1_696' title='bbox 1973 2629 2022 2652; x_wconf 83' lang='lat' dir='ltr'>hac</span> <span class='ocrx_word' id='word_1_697' title='bbox 2046 2628 2140 2651; x_wconf 84' lang='lat' dir='ltr'>imita-</span> 
     </span>
    </p>
   </div>
   <div class='ocr_carea' id='block_1_15' title="bbox 1216 2663 2140 2731">
    <p class='ocr_par' dir='ltr' id='par_1_28' title="bbox 1216 2663 2140 2731">
     <span class='ocr_line' id='line_1_103' title="bbox 1216 2663 2140 2694; baseline -0.004 -5"><span class='ocrx_word' id='word_1_698' title='bbox 1216 2667 1292 2689; x_wconf 82' lang='lat' dir='ltr'>tione</span> <span class='ocrx_word' id='word_1_699' title='bbox 1311 2666 1383 2690; x_wconf 84' lang='lat' dir='ltr'>conf.</span> <span class='ocrx_word' id='word_1_700' title='bbox 1405 2665 1497 2689; x_wconf 86' lang='lat' dir='ltr'>Fulvii</span> <span class='ocrx_word' id='word_1_701' title='bbox 1516 2665 1607 2688; x_wconf 85' lang='lat' dir='ltr'>Ursini</span> <span class='ocrx_word' id='word_1_702' title='bbox 1626 2664 1761 2694; x_wconf 74' lang='lat' dir='ltr'>Virgilius</span> <span class='ocrx_word' id='word_1_703' title='bbox 1782 2670 1842 2686; x_wconf 90' lang='lat' dir='ltr'>cnm</span> <span class='ocrx_word' id='word_1_704' title='bbox 1859 2663 1974 2687; x_wconf 87' lang='lat' dir='ltr'>Graecis</span> <span class='ocrx_word' id='word_1_705' title='bbox 1994 2663 2140 2693; x_wconf 83' lang='lat' dir='ltr'>scriptori-</span> 
     </span>
     <span class='ocr_line' id='line_1_104' title="bbox 1218 2698 2140 2731; baseline -0.003 -8"><span class='ocrx_word' id='word_1_706' title='bbox 1218 2702 1267 2724; x_wconf 81' lang='lat' dir='ltr'>bus</span> <span class='ocrx_word' id='word_1_707' title='bbox 1292 2701 1420 2724; x_wconf 74' lang='lat' dir='ltr'>cotiatnS.</span> <span class='ocrx_word' id='word_1_708' title='bbox 1469 2699 1659 2731; x_wconf 59' lang='lat' dir='ltr'>:mmet-piae,</span> <span class='ocrx_word' id='word_1_709' title='bbox 1691 2699 1840 2722; x_wconf 79' lang='lat' dir='ltr'>excudebat</span> <span class='ocrx_word' id='word_1_710' title='bbox 1873 2698 1972 2728; x_wconf 74' lang='lat' dir='ltr'>carpti.</span> <span class='ocrx_word' id='word_1_711' title='bbox 1995 2698 2140 2721; x_wconf 84' lang='lat' dir='ltr'>Plautinus</span> 
     </span>
    </p>
   </div>
   <div class='ocr_carea' id='block_1_16' title="bbox 1220 2735 1513 2813">
    <p class='ocr_par' dir='ltr' id='par_1_29' title="bbox 1220 2735 1513 2813">
     <span class='ocr_line' id='line_1_105' title="bbox 1220 2735 1345 2760; baseline 0.008 -1"><span class='ocrx_word' id='word_1_712' title='bbox 1220 2735 1294 2760; x_wconf 79' lang='lat'>1567.</span> <span class='ocrx_word' id='word_1_713' title='bbox 1320 2735 1345 2760; x_wconf 78' lang='grc'>8.</span> 
     </span>
     <span class='ocr_line' id='line_1_106' title="bbox 1425 2776 1513 2813; baseline -0.011 0"><span class='ocrx_word' id='word_1_714' title='bbox 1425 2778 1471 2813; x_wconf 84' lang='grc'>41</span> <span class='ocrx_word' id='word_1_715' title='bbox 1494 2776 1513 2794; x_wconf 70' lang='lat'>*</span> 
     </span>
    </p>
   </div>
  </div>
 </body>
</html>
