2351 2990
96 131 174 170 725
243 130 383 167 XXXII.
412 134 448 168 2.

89 218 168 253 Hoc
177 218 224 265 ⁷4)
242 218 339 252 enlm
359 217 508 252 omnino
523 216 592 250 Dei
606 216 779 251 beneficio
796 217 963 252 accidisse
981 230 1092 264 appa-

91 276 166 311 ret,
199 276 240 304 ut
260 268 429 314 Philippo
449 269 583 303 bellum
610 268 720 302 vicini
742 269 918 310 inferant,
957 270 1091 316 quique

89 322 186 356 vires
211 334 286 355 non
310 321 590 355 contemnendas
614 317 764 359 habent;
805 321 961 367 denique
993 323 1091 368 quod

90 373 327 418 praecipuum
345 379 415 412 est,
442 378 482 405 ut
497 383 629 416 magno
648 384 823 406 consensu
847 373 945 418 pacis
968 373 1091 406 condi-

88 424 204 459 tiones
228 424 386 470 primum
409 423 536 458 infidas
560 435 654 463 esse,
698 424 826 458 deinde
850 425 958 464 tales,
997 436 1090 470 quae

88 482 273 521 receptae,
310 475 457 509 exitium
481 474 700 519 reipublicae
729 488 815 509 suae
840 476 1015 510 allaturae
1038 488 1091 510 es-

87 533 187 568 sent,
221 533 392 561 statuant.
459 525 536 560 Iam
560 526 670 570 igitur
692 527 796 561 nobis
823 527 1090 572 providendum

89 578 177 618 erit,
203 590 250 611 ne
272 577 452 612 occasioni
474 577 650 619 desimus,
684 590 775 612 neve
798 578 898 623 peius
921 580 965 613 de
986 578 1090 612 nobis

86 628 157 674 ipsi
172 641 397 670 mereamur,
425 642 534 675 quarn
549 630 694 663 fortuna
712 637 882 665 meretur.
939 629 1090 674 Turpis-

87 680 219 715 simum
236 681 332 714 enim
358 687 430 722 est,
466 693 541 714 non
565 681 683 715 solum
708 681 841 726 oppida
864 688 971 727 atque
998 681 1089 721 loca,

88 743 181 778 quae
199 732 399 773 tenuimus,
427 733 624 777 proiicere,
659 734 720 766 sed
745 733 853 766 etiam
879 732 1011 766 auxilia
1036 738 1088 765 at-

87 795 158 829 que
185 783 388 818 occasiones
415 796 434 817 a
453 784 601 819 fortuna
627 784 777 818 oblatas.
842 784 968 829 Neque
1000 795 1086 816 vero

86 835 257 879 prodesse
274 833 365 869 mihi
379 835 522 869 videtur
537 836 598 869 illa
625 835 942 875 commemoratio,
978 847 1087 880 quam

86 885 159 920 sint
172 886 318 931 exiguae
333 885 495 932 Philippi
513 887 627 928 vires,
662 887 707 920 ad
731 899 795 920 vos
821 886 1027 920 excitandos
1053 893 1088 920 et

87 935 346 973 adhortandos.
402 938 497 972 Nam
522 945 597 972 tota
618 938 678 971 illa
704 938 821 972 oratio
847 938 905 972 isti
931 938 1087 983 gloriosa

86 995 159 1029 est,
202 990 304 1023 vobis
336 989 516 1024 dedecori.
583 989 666 1035 Quo
691 989 786 1023 enim
815 989 955 1023 maiora
981 989 1088 1034 gessit

84 1051 194 1085 quam
216 1053 284 1085 pro
310 1040 382 1074 suis
407 1041 563 1081 viribus,
604 1054 646 1075 eo
679 1041 946 1074 formidabilior
969 1040 1088 1075 existi-

82 1091 255 1126 mabitur.
304 1091 417 1125 Vobis
440 1099 559 1125 autem
584 1092 867 1137 ignominiosum
894 1099 964 1133 est,
995 1090 1087 1125 nihil

83 1142 229 1187 gessisse
247 1142 396 1188 dignum
414 1143 480 1176 ista
498 1149 614 1177 vestra
633 1144 807 1189 potentia.
859 1143 982 1189 Quare
998 1141 1088 1177 haec

85 1194 264 1229 omittam.
331 1195 564 1241 Quamquam
593 1195 623 1229 si
657 1196 736 1241 quis
759 1202 875 1229 totum
900 1195 1086 1239 negotium

82 1252 179 1279 recte
212 1245 473 1287 considerabit,
519 1253 635 1280 vestra
668 1247 812 1291 ignavia
842 1245 1087 1291 deprehendet

85 1296 237 1332 crevisse
260 1295 490 1343 Philippum,
525 1310 601 1332 non
622 1299 694 1333 suis
717 1298 866 1332 viribus.
926 1298 1011 1333 Non
1036 1304 1088 1331 est

85 1355 205 1383 autem
227 1347 334 1384 huius
350 1350 420 1383 loci
437 1350 571 1390 dicere,
600 1351 729 1397 quibus
744 1349 992 1395 proditoribus
1007 1361 1087 1394 gra-

84 1401 175 1434 tiam
197 1401 344 1441 debeat,
377 1401 440 1448 qui
462 1414 504 1435 ex
526 1402 620 1436 illius
644 1402 798 1436 utilitate
825 1401 947 1435 omnia
971 1401 1008 1433 in
1031 1413 1087 1434 re-

85 1451 230 1497 publica
251 1459 375 1487 nostra
401 1460 603 1497 gesserunt,
639 1455 682 1487 de
707 1453 837 1500 quibus
862 1466 926 1487 vos
950 1452 1087 1498 suppli-

83 1503 180 1537 cium
198 1516 339 1538 sumere
357 1505 604 1539 conveniebat.
655 1503 718 1538 Illa
736 1517 822 1538 vero
841 1505 993 1538 dicenda
1013 1516 1086 1538 esse

85 1555 191 1596 duxi,
220 1568 311 1602 quae
336 1563 480 1600 praeter
502 1563 642 1590 caetera
668 1556 793 1590 audire
817 1557 919 1590 vobis
941 1555 1087 1590 utilissi-

81 1619 184 1640 mum
203 1613 267 1648 est,
294 1613 330 1641 et
345 1607 374 1641 si
394 1608 473 1653 quis
490 1615 586 1642 recte
605 1608 785 1648 aestimet,
811 1608 997 1642 continent
1012 1619 1088 1640 ma-

84 1658 180 1692 xima
199 1658 300 1692 istius
315 1660 462 1704 probra.
516 1660 554 1694 Si
577 1660 657 1705 quis
683 1659 793 1703 igitur
807 1659 855 1706 ⁷⁵)
878 1665 982 1693 vocet
1004 1671 1086 1692 eum

82 1711 262 1755 perfidum
282 1722 323 1743 ac
338 1711 544 1755 periurum,
571 1712 647 1744 sine
665 1711 1010 1744 commemoratione
1032 1722 1088 1743 re-

82 1773 166 1795 rum
183 1761 294 1807 ipsius
312 1769 490 1806 gestarum
503 1790 512 1803 ,
541 1763 618 1796 iure
635 1763 750 1795 videri
768 1763 880 1807 possit
901 1761 1024 1795 inania
1049 1761 1087 1793 in

84 1825 168 1847 eum
200 1813 362 1846 convicia
391 1814 520 1848 dicere.
592 1814 749 1855 Verum,
790 1814 821 1848 si
851 1813 931 1859 quis
963 1824 1088 1846 omnes

84 1864 197 1910 ipsius
213 1877 269 1899 res
286 1871 402 1910 gestas
417 1872 620 1906 recenseat,
648 1866 698 1899 ibi
716 1863 936 1910 deprehendi
954 1864 1088 1910 poterit

85 1923 121 1950 et
137 1916 239 1950 facile
256 1916 416 1957 ostendi,
444 1917 559 1963 qualis
575 1917 631 1952 sit.
684 1917 736 1950 Ac
755 1917 891 1962 duplici
911 1917 955 1949 de
980 1928 1086 1950 causa

84 1969 322 2003 recensendas
339 1981 412 2002 esse
430 1975 567 2003 statuo:
600 1970 778 2014 primum,
805 1976 845 2002 ut
869 1968 989 2013 palam
1013 1968 1087 2007 fiat,

84 2018 125 2052 id
158 2021 256 2065 quod
285 2032 342 2054 res
373 2026 443 2062 est,
485 2021 691 2066 improbum
725 2032 765 2053 ac
795 2020 972 2065 perfidum
1005 2031 1086 2052 eum

86 2082 162 2105 esse
173 2070 236 2117 ⁷⁶);
262 2071 390 2105 deinde
406 2078 446 2105 ut
464 2070 520 2113 hi,
548 2073 610 2119 qui
621 2070 830 2117 Philippum
847 2076 1013 2104 metuunt
1028 2082 1087 2103 ve-

86 2122 141 2156 lut
164 2122 359 2163 invictum,
398 2123 600 2169 intelligant
626 2122 717 2157 nihil
740 2124 772 2157 ei
801 2130 936 2157 restare
962 2134 1086 2156 earum

84 2186 207 2207 rerum
221 2201 229 2215 ,
256 2186 320 2218 per
337 2186 424 2220 quas
441 2182 545 2210 antea
562 2176 718 2221 deceptis
733 2173 941 2209 hominibus
960 2180 1086 2219 poten-

84 2225 175 2258 tiam
195 2238 296 2259 suam
314 2226 432 2267 auxit,
459 2229 520 2261 sed
535 2240 590 2263 res
608 2228 682 2262 eius
701 2228 746 2261 ad
763 2234 895 2261 metam
914 2239 954 2260 ac
979 2227 1086 2259 finem

87 2289 239 2312 venlsse.

159 2471 316 2502 occasione,
336 2472 377 2501 ut,
390 2477 450 2494 cum
463 2470 537 2494 Deus
553 2471 684 2501 praebeat
700 2471 875 2496 occasionem
890 2471 930 2495 rei
950 2472 1018 2495 bene
1037 2477 1088 2502 ge-

159 2507 280 2537 rendae,
305 2505 442 2537 viderint,
467 2511 501 2528 ne
519 2505 570 2529 sibi
588 2505 642 2536 ipsi
661 2505 763 2529 desint.

122 2568 171 2597 ⁷4)
191 2568 264 2596 Hoc]
284 2565 324 2590 sic
341 2565 392 2590 Ed.
415 2564 509 2595 1547.;
536 2565 586 2588 Ed.
607 2565 682 2589 1535.
702 2567 785 2590 Haec.

125 2627 174 2656 75)
193 2627 292 2658 igitur]
314 2626 355 2649 sic
372 2625 420 2649 Ed.
441 2625 532 2656 154⁷.;
559 2625 586 2648 in
604 2625 653 2649 Ed.
676 2625 753 2650 1535.
774 2626 860 2651 deest.

125 2686 173 2713 76)
193 2686 226 2712 Η,
245 2687 263 2709 1.
282 2685 310 2709 in
328 2686 413 2709 Editt.
435 2685 520 2714 1535„
544 2685 617 2709 1547.
638 2687 732 2712 annot.
752 2686 884 2717 margin:
912 2682 1088 2715 propositio:

157 2721 285 2779 gziiilegst
302 2721 464 2745 metuendus
484 2720 615 2750 Macedo,
642 2720 704 2751 quia
727 2727 774 2745 res
801 2722 859 2745 eius
878 2726 932 2745 non
951 2721 1017 2744 suut
1037 2720 1088 2744 du-

498 130 898 166 INTERPRETATIO
922 130 1185 168 ORATIONIS
1206 132 1552 169 OLYNTHIACAE
1574 133 1616 169 11.
1639 134 1994 173 DEMOSTHENIS.

2068 138 2145 177 726

1247 218 1324 264 Ego
1357 232 1500 267 quoque
1533 220 1627 255 cives
1656 221 1730 266 ipse
1754 223 1859 256 valde
1884 225 2080 260 arbitrarer
2095 227 2144 274 ⁷⁷)

1144 282 1226 304 eum
1242 271 1512 306 formidandum
1530 284 1621 313 esse,
1648 273 1678 306 si
1692 273 1852 308 viderem
1869 287 1950 309 eum
1965 277 2069 312 bonis
2087 291 2145 312 ar-

1144 321 1238 356 tibus
1255 323 1397 365 etjusta
1417 330 1580 368 agentem
1598 325 1760 359 crevisse.
1814 325 1903 360 Cum
1920 334 2040 362 autem
2057 327 2147 364 haee

1143 374 1287 418 negotia
1311 374 1462 419 propius
1486 376 1695 416 considero,
1728 376 1874 410 invenio
1899 390 1980 412 eum
2006 382 2146 426 egregie
2188 411 2194 415 .

1144 424 1354 470 imposuisse
1372 427 1488 467 nobis,
1514 425 1605 460 nihil
1620 427 1934 472 prospicientibus,
1960 436 2045 464 tunc
2063 444 2145 467 cum

1146 477 1314 510 nonnulli
1349 477 1597 512 dissuaderent
1629 477 1887 524 Olynthiorum
1923 482 2144 525 societatem,

1143 534 1356 572 propterea,
1392 528 1477 574 quia
1502 527 1692 575 Philippus
1721 531 1950 575 polliceretur
1978 546 2014 568 se
2039 535 2144 570 nobis

1142 577 1381 623 Amphipolin
1403 580 1628 614 redditurum
1656 594 1749 623 esse,
1791 589 1827 617 et
1848 595 2019 618 arcanum
2042 585 2145 627 illud,

1143 631 1241 674 quod
1259 631 1440 664 ferebatur
1451 657 1461 671 ,
1488 632 1532 664 de
1542 631 1715 666 Potidaea
1732 634 1951 669 restituenda
1967 638 2145 681 perfectu-

1142 692 1244 721 rum,
1286 681 1317 715 si
1344 694 1419 714 non
1443 683 1713 718 defenderemus
1737 684 1942 730 Olynthios.
2003 687 2144 723 Deinde

1142 729 1336 777 Olynthios
1353 733 1420 767 sibi
1435 733 1598 767 adiunxit
1614 746 1633 767 a
1651 735 1819 770 societate
1840 744 1964 772 nostra
1987 751 2145 782 aversos,

1142 795 1223 816 cum
1250 783 1463 818 Potidaeam
1492 785 1596 819 nobis
1630 793 1790 831 ereptam
1826 788 1895 822 illis
1925 790 2041 831 dedit,
2077 804 2145 826 nec

1141 835 1275 869 veritus
1291 842 1343 870 est
1361 848 1445 876 nos,
1471 849 1552 870 cum
1569 837 1680 882 ipsius
1698 839 1784 872 socii
1804 852 1978 882 essemus,
2010 841 2145 877 iniuria

1141 887 1293 921 afficere.
1347 886 1539 923 Thessalos
1555 895 1674 923 autem
1693 902 1790 924 nunc
1806 898 1988 935 postremo
2007 893 2144 936 fefellit,

1141 950 1221 971 cum
1246 938 1427 984 pollicitus
1454 946 1524 981 est,
1559 953 1595 974 se
1618 941 1667 974 eis
1681 940 1907 986 Magnesiam
1924 944 2144 980 traditurum

1141 1002 1236 1030 esse,
1280 996 1314 1023 et
1342 990 1503 1035 ipsorum
1528 1003 1633 1026 causa
1657 990 1842 1028 Phocense
1865 995 1999 1028 bellum
2026 1003 2145 1030 motu-

1140 1053 1234 1075 rum.
1287 1041 1454 1088 Denique
1471 1055 1577 1077 nemo
1600 1050 1652 1077 est
1670 1045 1853 1087 omnium,
1882 1046 2094 1092 quibuscum
2111 1048 2144 1082 ei

1140 1092 1324 1138 negotium
1342 1094 1430 1134 fuit,
1457 1095 1519 1140 qui
1535 1107 1609 1128 non
1624 1095 1670 1129 sit
1686 1096 1730 1129 ab
1749 1109 1791 1130 eo
1809 1098 1988 1143 deceptus.

1243 1143 1295 1177 Ita
1321 1145 1432 1178 crevit
1448 1158 1512 1190 per
1538 1147 1693 1180 aliorum
1717 1148 1894 1182 incuriam
1922 1155 2030 1196 atque
2055 1151 2145 1184 osci-

1140 1195 1312 1236 tantiam,
1347 1208 1428 1229 cum
1460 1209 1535 1230 non
1565 1204 1712 1231 nossent
1742 1211 1836 1234 eum.
1906 1200 2006 1235 Sicut
2034 1201 2144 1246 igitur

1140 1244 1227 1280 haec
1253 1247 1310 1280 via
1337 1247 1477 1292 peperit
1498 1249 1719 1293 potentiam,
1761 1263 1842 1284 cum
1875 1251 2007 1296 singuli
2036 1254 2145 1287 bene-

1140 1298 1259 1331 ficium
1282 1298 1429 1343 aliquod
1451 1299 1526 1334 eius
1544 1307 1792 1345 expectarent,
1825 1302 1875 1335 ita
1898 1315 2021 1338 rursus
2044 1317 2144 1339 ever-

1141 1355 1217 1382 tent
1239 1362 1321 1383 eum
1346 1350 1399 1382 illi
1422 1351 1508 1395 ipsi,
1546 1357 1737 1397 postquam
1761 1353 2085 1389 animadverterint
2106 1369 2143 1390 se

1141 1401 1185 1433 ab
1203 1413 1246 1434 eo
1265 1401 1406 1435 delusos
1424 1414 1509 1436 esse.
1563 1402 1603 1436 Id
1622 1409 1762 1448 tempus
1783 1417 1879 1439 nunc
1895 1405 2017 1441 instat.
2069 1407 2144 1442 Aut

1140 1453 1294 1497 prodeat
1318 1452 1466 1499 aliquis,
1500 1460 1535 1487 et
1559 1451 1668 1495 mihi,
1701 1455 1813 1490 immo
1840 1457 1941 1491 vobis
1966 1458 2144 1500 ostendat,

1140 1502 1250 1544 haec,
1279 1516 1371 1550 quae
1389 1505 1483 1546 dixi,
1510 1505 1597 1539 salsa
1614 1517 1708 1547 esse,
1742 1514 1804 1541 aut
1828 1509 1926 1554 quod
1951 1509 2056 1543 initio
2083 1510 2144 1544 de-

1141 1556 1253 1600 cepti,
1280 1563 1404 1600 postea
1428 1556 1461 1590 ei
1485 1557 1591 1590 fidem
1616 1554 1794 1600 habeant,
1830 1565 1892 1593 aut
1913 1562 2012 1606 quod
2029 1559 2143 1596 Thes-

1140 1607 1207 1641 sali
1223 1607 1469 1652 indignissima
1487 1609 1658 1643 servitute
1681 1610 1863 1654 oppressi,
1896 1623 1971 1645 non
1997 1613 2144 1658 cupiant

1141 1671 1177 1692 se
1195 1671 1318 1693 rursus
1331 1659 1369 1693 in
1384 1659 1588 1693 libertatem
1604 1661 1801 1697 vindicare.

1244 1710 1296 1743 Ac
1314 1711 1344 1744 si
1362 1711 1442 1757 quis
1466 1709 1555 1745 haec
1579 1711 1628 1745 ita
1653 1725 1690 1746 se
1713 1710 1846 1747 habere
1871 1713 2057 1759 intelligit,
2085 1728 2144 1749 ve-

1141 1773 1222 1795 rum
1248 1762 1445 1795 arbitratur
1471 1775 1553 1796 eum
1583 1764 1619 1796 vi
1648 1776 1752 1807 posse
1783 1764 2027 1810 principatum
2058 1767 2144 1800 reti-

1141 1825 1247 1853 nere,
1275 1814 1372 1859 quod
1390 1813 1567 1857 praesidia
1586 1826 1626 1847 ac
1645 1821 1772 1858 portus
1794 1823 1986 1860 occupatos
2011 1823 2144 1859 teneat,

1141 1876 1217 1897 non
1240 1870 1335 1898 recte
1358 1865 1502 1899 iudicat.
1570 1865 1674 1899 Tunc
1697 1866 1793 1900 enim
1818 1867 1906 1900 socii
1930 1880 2076 1902 manere
2103 1869 2142 1902 in

1140 1916 1209 1949 fide
1220 1943 1229 1956 ,
1256 1916 1393 1960 pariter
1410 1916 1510 1950 adire
1527 1916 1737 1958 discrimen,
1766 1924 1801 1951 et
1816 1919 1975 1963 perferre
1992 1920 2142 1954 difficul-

1142 1974 1232 2001 tates
1246 1969 1362 2002 solent
1373 1995 1382 2009 ,
1410 1980 1490 2002 cum
1508 1975 1632 2002 mutua
1650 1981 1710 2002 eos
1725 1970 1976 2004 benevolentia
1992 1972 2142 2006 coniun-

1142 2019 1204 2063 git,
1231 2026 1266 2052 et
1283 2020 1420 2065 pariter
1439 2020 1581 2066 expedit
1590 2019 1637 2067 ⁷⁸)
1654 2021 1821 2056 omnibus
1840 2034 2031 2056 commune
2046 2023 2142 2068 peri-

1141 2071 1262 2105 culum
1297 2071 1487 2117 depellere.
1555 2072 1625 2106 Sed
1661 2084 1742 2105 cum
1777 2073 1907 2119 aliquis
1939 2075 2142 2119 potentiam

1140 2123 1267 2156 fraude
1285 2135 1326 2156 ac
1340 2123 1471 2157 scelere
1489 2130 1698 2158 consecutus
1715 2130 1784 2165 est,
1812 2125 1903 2159 sicut
1919 2125 1996 2166 iste,
2023 2126 2142 2171 prima

1142 2174 1281 2208 occasio
1309 2187 1351 2209 ac
1380 2175 1456 2208 leve
1483 2182 1641 2209 erratum
1667 2175 1789 2209 omnia
1815 2183 1912 2210 retro
1936 2177 2010 2221 agit
2033 2184 2141 2223 atque

1142 2226 1281 2261 evertit.
1346 2226 1439 2261 Nam
1471 2227 1632 2272 potentia
1665 2227 1827 2269 iniuriis,
1862 2228 2032 2272 perfidia,
2067 2241 2142 2262 sce-

1141 2278 1214 2311 lere
1239 2284 1362 2322 parta,
1397 2291 1472 2312 non
1498 2285 1615 2324 potest
1646 2291 1719 2313 esse
1750 2279 1941 2319 diuturna,
1983 2280 2045 2313 sed
2075 2279 2142 2313 ali-

1142 2330 1353 2375 quantisper
1370 2331 1496 2371 durat,
1523 2342 1564 2363 ac
1581 2330 1658 2363 fieri
1674 2336 1811 2374 potest,
1838 2337 1879 2364 ut
1903 2331 2006 2364 valde
2031 2331 2141 2365 etiam

1141 2381 1269 2414 floreat
1294 2388 1443 2426 propter
1470 2394 1549 2426 spes
1577 2393 1724 2422 eorum,
1757 2381 1820 2427 qui
1844 2394 1880 2416 se
1905 2383 1951 2415 ad
1973 2394 2055 2416 eum
2079 2384 2142 2416 ad-

1142 2433 1307 2477 iungunt.
1376 2433 1516 2466 Deinde
1543 2445 1628 2466 vero
1654 2430 1875 2477 deprehensa
1898 2433 2048 2478 perfidia
2076 2447 2142 2469 sua

1142 2491 1269 2529 sponte
1286 2484 1469 2519 dilabitur.
1523 2484 1622 2517 Sicut
1647 2484 1743 2517 enim
1768 2484 1919 2518 aedificii
1943 2497 1984 2519 ac
2006 2485 2141 2531 navigii

1176 2605 1225 2634 77)
1246 2606 1278 2630 Η.
1296 2605 1316 2630 l.
1335 2605 1363 2628 in
1383 2603 1568 2633 Editt.1535.‚
1590 2602 1665 2628 154⁷.
1684 2604 1778 2628 annot.
1798 2603 1933 2634 margin-t
1961 2604 2143 2629 Confirmatio

1212 2646 1245 2664 ex
1264 2640 1367 2663 causis.
1404 2638 1522 2668 Imperia
1541 2636 1644 2661 iniuste
1662 2639 1743 2668 parta
1762 2644 1817 2662 non
1830 2640 1894 2662 sunt
1908 2638 2060 2669 durabilia;
2078 2640 2142 2663 Ma-

1211 2673 1488 2732 gfflggiiiseimperium
1515 2678 1570 2696 non
1596 2673 1640 2696 est
1665 2673 1724 2696 iure
1748 2674 1871 2703 partum:
1908 2673 1995 2704 igitur
2019 2679 2074 2699 non
2099 2675 2142 2698 est

1177 2751 1227 2781 78)
1247 2752 1371 2783 expedit]
1390 2751 1431 2776 sic
1449 2750 1709 2820 rectegg.*l547.;
1735 2750 1784 2776 Ed.
1807 2748 1884 2776 15³5.
1904 2750 2016 2781 expetit.
