<?xml version="1.0" encoding="UTF-8"?>
<!DOCTYPE html PUBLIC "-//W3C//DTD XHTML 1.0 Transitional//EN"
    "http://www.w3.org/TR/xhtml1/DTD/xhtml1-transitional.dtd">
<html xmlns="http://www.w3.org/1999/xhtml" xml:lang="en" lang="en">
 <head>
  <title>
</title>
<meta http-equiv="Content-Type" content="text/html;charset=utf-8" />
  <meta name='ocr-system' content='tesseract 3.04.00' />
  <meta name='ocr-capabilities' content='ocr_page ocr_carea ocr_par ocr_line ocrx_word'/>
</head>
<body>
  <div class='ocr_page' id='page_1' title='image "./operaquaesupersu17melauoft/operaquaesupersu17melauoft_0198.png"; bbox 0 0 2351 2990; ppageno 0'>
   <div class='ocr_carea' id='block_1_1' title="bbox 175 134 244 168">
    <p class='ocr_par' dir='ltr' id='par_1_1' title="bbox 175 134 244 168">
     <span class='ocr_line' id='line_1_1' title="bbox 175 134 244 168; baseline -0.014 0"><span class='ocrx_word' id='word_1_1' title='bbox 175 134 244 168; x_wconf 77' lang='lat'>371</span> 
     </span>
    </p>
   </div>
   <div class='ocr_carea' id='block_1_2' title="bbox 179 208 1171 1021">
    <p class='ocr_par' dir='ltr' id='par_1_2' title="bbox 179 208 1171 1021">
     <span class='ocr_line' id='line_1_2' title="bbox 179 208 1156 261; baseline -0.013 -10"><span class='ocrx_word' id='word_1_2' title='bbox 179 218 431 261; x_wconf 71' lang='lat' dir='ltr'>rempublicam</span> <span class='ocrx_word' id='word_1_3' title='bbox 451 223 480 249; x_wconf 88' lang='lat' dir='ltr'>et</span> <span class='ocrx_word' id='word_1_4' title='bbox 502 215 633 248; x_wconf 73' lang='lat' dir='ltr'>favoris</span> <span class='ocrx_word' id='word_1_5' title='bbox 652 225 731 257; x_wconf 74' lang='lat' dir='ltr'>erga</span> <span class='ocrx_word' id='word_1_6' title='bbox 744 211 951 247; x_wconf 65' lang='lat' dir='ltr'>Antonium.</span> <span class='ocrx_word' id='word_1_7' title='bbox 981 208 1036 241; x_wconf 78' lang='lat' dir='ltr'>Ob</span> <span class='ocrx_word' id='word_1_8' title='bbox 1051 219 1156 253; x_wconf 87' lang='lat' dir='ltr'>quam</span> 
     </span>
     <span class='ocr_line' id='line_1_3' title="bbox 180 261 1156 308; baseline -0.01 -8"><span class='ocrx_word' id='word_1_9' title='bbox 180 282 318 302; x_wconf 73' lang='lat' dir='ltr'>causam</span> <span class='ocrx_word' id='word_1_10' title='bbox 345 269 454 300; x_wconf 86' lang='lat' dir='ltr'>multa</span> <span class='ocrx_word' id='word_1_11' title='bbox 483 268 587 300; x_wconf 87' lang='lat' dir='ltr'>etiam</span> <span class='ocrx_word' id='word_1_12' title='bbox 608 265 728 302; x_wconf 90' lang='lat' dir='ltr'>diluit,</span> <span class='ocrx_word' id='word_1_13' title='bbox 757 275 846 308; x_wconf 87' lang='lat' dir='ltr'>quae</span> <span class='ocrx_word' id='word_1_14' title='bbox 865 261 938 294; x_wconf 83' lang='lat' dir='ltr'>eius</span> <span class='ocrx_word' id='word_1_15' title='bbox 956 261 1059 292; x_wconf 81' lang='lat' dir='ltr'>tidem</span> <span class='ocrx_word' id='word_1_16' title='bbox 1079 270 1156 301; x_wconf 73' lang='lat' dir='ltr'>erga</span> 
     </span>
     <span class='ocr_line' id='line_1_4' title="bbox 181 310 1161 363; baseline -0.011 -11"><span class='ocrx_word' id='word_1_17' title='bbox 181 320 432 363; x_wconf 82' lang='lat' dir='ltr'>rempublicam</span> <span class='ocrx_word' id='word_1_18' title='bbox 458 318 616 350; x_wconf 81' lang='lat' dir='ltr'>minuere</span> <span class='ocrx_word' id='word_1_19' title='bbox 644 316 866 347; x_wconf 63' lang='lat' dir='ltr'>xidebantur.</span> <span class='ocrx_word' id='word_1_20' title='bbox 927 310 1077 344; x_wconf 84' lang='lat' dir='ltr'>Orditur</span> <span class='ocrx_word' id='word_1_21' title='bbox 1101 321 1161 341; x_wconf 88' lang='lat' dir='ltr'>au-</span> 
     </span>
     <span class='ocr_line' id='line_1_5' title="bbox 181 361 1162 416; baseline -0.011 -14"><span class='ocrx_word' id='word_1_22' title='bbox 181 378 248 402; x_wconf 82' lang='lat' dir='ltr'>tem</span> <span class='ocrx_word' id='word_1_23' title='bbox 274 371 316 402; x_wconf 83' lang='lat' dir='ltr'>ab</span> <span class='ocrx_word' id='word_1_24' title='bbox 333 371 406 413; x_wconf 85' lang='lat' dir='ltr'>ipsa</span> <span class='ocrx_word' id='word_1_25' title='bbox 432 368 674 413; x_wconf 71' lang='lat' dir='ltr'>propositione</span> <span class='ocrx_word' id='word_1_26' title='bbox 700 362 953 401; x_wconf 69' lang='lat' dir='ltr'>excusationis,</span> <span class='ocrx_word' id='word_1_27' title='bbox 982 361 1080 395; x_wconf 86' lang='lat' dir='ltr'>cuius</span> <span class='ocrx_word' id='word_1_28' title='bbox 1105 372 1162 416; x_wconf 74' lang='lat' dir='ltr'>ra—</span> 
     </span>
     <span class='ocr_line' id='line_1_6' title="bbox 182 416 1163 461; baseline -0.011 -8"><span class='ocrx_word' id='word_1_29' title='bbox 182 421 312 453; x_wconf 81' lang='lat' dir='ltr'>tionem</span> <span class='ocrx_word' id='word_1_30' title='bbox 343 420 499 457; x_wconf 78' lang='lat' dir='ltr'>subiicit,</span> <span class='ocrx_word' id='word_1_31' title='bbox 541 425 574 449; x_wconf 88' lang='lat' dir='ltr'>et</span> <span class='ocrx_word' id='word_1_32' title='bbox 608 416 794 461; x_wconf 85' lang='lat' dir='ltr'>pollicetur</span> <span class='ocrx_word' id='word_1_33' title='bbox 820 427 855 447; x_wconf 87' lang='lat' dir='ltr'>se</span> <span class='ocrx_word' id='word_1_34' title='bbox 888 424 996 457; x_wconf 89' lang='lat' dir='ltr'>porro</span> <span class='ocrx_word' id='word_1_35' title='bbox 1023 422 1163 454; x_wconf 83' lang='lat' dir='ltr'>saepius</span> 
     </span>
     <span class='ocr_line' id='line_1_7' title="bbox 181 463 1160 515; baseline -0.012 -10"><span class='ocrx_word' id='word_1_36' title='bbox 181 472 405 515; x_wconf 72' lang='lat' dir='ltr'>scripturum.</span> <span class='ocrx_word' id='word_1_37' title='bbox 473 468 608 501; x_wconf 86' lang='lat' dir='ltr'>Deinde.</span> <span class='ocrx_word' id='word_1_38' title='bbox 635 479 697 511; x_wconf 88' lang='lat' dir='ltr'>per</span> <span class='ocrx_word' id='word_1_39' title='bbox 730 464 1000 508; x_wconf 71' lang='lat' dir='ltr'>occupationem</span> <span class='ocrx_word' id='word_1_40' title='bbox 1034 463 1160 495; x_wconf 84' lang='lat' dir='ltr'>refutat</span> 
     </span>
     <span class='ocr_line' id='line_1_8' title="bbox 184 513 1165 566; baseline -0.011 -12"><span class='ocrx_word' id='word_1_41' title='bbox 184 522 340 566; x_wconf 85' lang='lat' dir='ltr'>iniquam</span> <span class='ocrx_word' id='word_1_42' title='bbox 366 520 599 556; x_wconf 86' lang='lat' dir='ltr'>delationem,</span> <span class='ocrx_word' id='word_1_43' title='bbox 628 524 661 550; x_wconf 90' lang='lat' dir='ltr'>et</span> <span class='ocrx_word' id='word_1_44' title='bbox 687 517 943 560; x_wconf 75' lang='lat' dir='ltr'>suspicionem,</span> <span class='ocrx_word' id='word_1_45' title='bbox 971 514 1067 560; x_wconf 87' lang='lat' dir='ltr'>quod</span> <span class='ocrx_word' id='word_1_46' title='bbox 1079 513 1165 545; x_wconf 85' lang='lat' dir='ltr'>Cae-</span> 
     </span>
     <span class='ocr_line' id='line_1_9' title="bbox 182 564 1165 615; baseline -0.01 -10"><span class='ocrx_word' id='word_1_47' title='bbox 182 573 267 605; x_wconf 83' lang='lat' dir='ltr'>saris</span> <span class='ocrx_word' id='word_1_48' title='bbox 294 571 451 615; x_wconf 85' lang='lat' dir='ltr'>partibus</span> <span class='ocrx_word' id='word_1_49' title='bbox 477 571 603 602; x_wconf 47' lang='lat' dir='ltr'>fateat.</span> <span class='ocrx_word' id='word_1_50' title='bbox 669 568 765 600; x_wconf 84' lang='lat' dir='ltr'>Dicit</span> <span class='ocrx_word' id='word_1_51' title='bbox 787 568 881 599; x_wconf 88' lang='lat' dir='ltr'>enim</span> <span class='ocrx_word' id='word_1_52' title='bbox 905 578 939 599; x_wconf 88' lang='lat' dir='ltr'>se</span> <span class='ocrx_word' id='word_1_53' title='bbox 961 564 1165 598; x_wconf 81' lang='lat' dir='ltr'>necessitate</span> 
     </span>
     <span class='ocr_line' id='line_1_10' title="bbox 184 615 1167 665; baseline -0.01 -11"><span class='ocrx_word' id='word_1_54' title='bbox 184 623 402 665; x_wconf 79' lang='lat' dir='ltr'>compulsum</span> <span class='ocrx_word' id='word_1_55' title='bbox 421 633 491 653; x_wconf 81' lang='lat' dir='ltr'>esse</span> <span class='ocrx_word' id='word_1_56' title='bbox 511 622 553 652; x_wconf 88' lang='lat' dir='ltr'>ad</span> <span class='ocrx_word' id='word_1_57' title='bbox 574 619 836 652; x_wconf 74' lang='lat' dir='ltr'>inserviendum</span> <span class='ocrx_word' id='word_1_58' title='bbox 857 616 1011 650; x_wconf 87' lang='lat' dir='ltr'>Caesari.</span> <span class='ocrx_word' id='word_1_59' title='bbox 1065 615 1167 649; x_wconf 60' lang='lat' dir='ltr'>Nunc</span> 
     </span>
     <span class='ocr_line' id='line_1_11' title="bbox 182 665 1167 714; baseline -0.006 -11"><span class='ocrx_word' id='word_1_60' title='bbox 182 684 266 703; x_wconf 60' lang='lat' dir='ltr'>vero</span> <span class='ocrx_word' id='word_1_61' title='bbox 296 671 575 704; x_wconf 82' lang='lat' dir='ltr'>inimicissimum</span> <span class='ocrx_word' id='word_1_62' title='bbox 595 682 666 703; x_wconf 80' lang='lat' dir='ltr'>esse</span> <span class='ocrx_word' id='word_1_63' title='bbox 687 670 772 709; x_wconf 86' lang='lat' dir='ltr'>illis,</span> <span class='ocrx_word' id='word_1_64' title='bbox 801 669 861 714; x_wconf 84' lang='lat' dir='ltr'>qui</span> <span class='ocrx_word' id='word_1_65' title='bbox 883 668 1081 701; x_wconf 80' lang='lat' dir='ltr'>libertatem</span> <span class='ocrx_word' id='word_1_66' title='bbox 1101 665 1167 698; x_wconf 82' lang='lat' dir='ltr'>rci—</span> 
     </span>
     <span class='ocr_line' id='line_1_12' title="bbox 182 718 1169 766; baseline -0.005 -13"><span class='ocrx_word' id='word_1_67' title='bbox 182 722 342 766; x_wconf 80' lang='lat' dir='ltr'>publicae</span> <span class='ocrx_word' id='word_1_68' title='bbox 360 722 493 754; x_wconf 61' lang='lat' dir='ltr'>violare</span> <span class='ocrx_word' id='word_1_69' title='bbox 513 721 670 765; x_wconf 81' lang='lat' dir='ltr'>cupiunt.</span> <span class='ocrx_word' id='word_1_70' title='bbox 712 720 821 753; x_wconf 65' lang='lat' dir='ltr'>Addit</span> <span class='ocrx_word' id='word_1_71' title='bbox 839 720 944 752; x_wconf 83' lang='lat' dir='ltr'>etiam</span> <span class='ocrx_word' id='word_1_72' title='bbox 962 718 1067 751; x_wconf 87' lang='lat' dir='ltr'>aliam</span> <span class='ocrx_word' id='word_1_73' title='bbox 1087 728 1169 749; x_wconf 85' lang='lat' dir='ltr'>con-</span> 
     </span>
     <span class='ocr_line' id='line_1_13' title="bbox 185 769 1166 814; baseline -0.006 -9"><span class='ocrx_word' id='word_1_74' title='bbox 185 773 390 805; x_wconf 71' lang='lat' dir='ltr'>futationem</span> <span class='ocrx_word' id='word_1_75' title='bbox 403 799 412 812; x_wconf 93' lang='lat'>,</span> <span class='ocrx_word' id='word_1_76' title='bbox 440 785 500 805; x_wconf 88' lang='lat' dir='ltr'>cur</span> <span class='ocrx_word' id='word_1_77' title='bbox 516 785 617 805; x_wconf 90' lang='lat' dir='ltr'>suum</span> <span class='ocrx_word' id='word_1_78' title='bbox 636 771 790 804; x_wconf 88' lang='lat' dir='ltr'>studium</span> <span class='ocrx_word' id='word_1_79' title='bbox 811 783 891 814; x_wconf 80' lang='lat' dir='ltr'>erga</span> <span class='ocrx_word' id='word_1_80' title='bbox 911 769 1166 813; x_wconf 84' lang='lat' dir='ltr'>rempublicam</span> 
     </span>
     <span class='ocr_line' id='line_1_14' title="bbox 185 818 1170 866; baseline -0.006 -11"><span class='ocrx_word' id='word_1_81' title='bbox 185 824 301 856; x_wconf 87' lang='lat' dir='ltr'>minus</span> <span class='ocrx_word' id='word_1_82' title='bbox 318 823 521 856; x_wconf 86' lang='lat' dir='ltr'>ostenderit.</span> <span class='ocrx_word' id='word_1_83' title='bbox 556 823 618 856; x_wconf 89' lang='lat' dir='ltr'>His</span> <span class='ocrx_word' id='word_1_84' title='bbox 636 822 771 866; x_wconf 80' lang='lat' dir='ltr'>prolixe</span> <span class='ocrx_word' id='word_1_85' title='bbox 790 826 1064 859; x_wconf 74' lang='lat' dir='ltr'>commemorat,</span> <span class='ocrx_word' id='word_1_86' title='bbox 1094 818 1170 864; x_wconf 82' lang='lat' dir='ltr'>qui—</span> 
     </span>
     <span class='ocr_line' id='line_1_15' title="bbox 184 872 1169 918; baseline -0.004 -13"><span class='ocrx_word' id='word_1_87' title='bbox 184 875 248 907; x_wconf 85' lang='lat' dir='ltr'>bus</span> <span class='ocrx_word' id='word_1_88' title='bbox 265 875 368 907; x_wconf 76' lang='lat' dir='ltr'>rebus</span> <span class='ocrx_word' id='word_1_89' title='bbox 385 875 574 918; x_wconf 83' lang='lat' dir='ltr'>impeditus</span> <span class='ocrx_word' id='word_1_90' title='bbox 593 874 648 907; x_wconf 84' lang='lat' dir='ltr'>sit.</span> <span class='ocrx_word' id='word_1_91' title='bbox 701 873 868 918; x_wconf 86' lang='lat' dir='ltr'>Sequitur</span> <span class='ocrx_word' id='word_1_92' title='bbox 894 872 1072 916; x_wconf 87' lang='lat' dir='ltr'>epilogus,</span> <span class='ocrx_word' id='word_1_93' title='bbox 1099 881 1169 914; x_wconf 85' lang='lat' dir='ltr'>quo</span> 
     </span>
     <span class='ocr_line' id='line_1_16' title="bbox 187 918 1171 967; baseline -0.006 -10"><span class='ocrx_word' id='word_1_94' title='bbox 187 937 285 958; x_wconf 87' lang='lat' dir='ltr'>suam</span> <span class='ocrx_word' id='word_1_95' title='bbox 298 925 536 967; x_wconf 78' lang='lat' dir='ltr'>integritatem</span> <span class='ocrx_word' id='word_1_96' title='bbox 550 925 584 956; x_wconf 92' lang='lat' dir='ltr'>in</span> <span class='ocrx_word' id='word_1_97' title='bbox 604 925 733 957; x_wconf 83' lang='lat' dir='ltr'>tuenda</span> <span class='ocrx_word' id='word_1_98' title='bbox 750 923 929 967; x_wconf 72' lang='lat' dir='ltr'>republica</span> <span class='ocrx_word' id='word_1_99' title='bbox 948 927 1106 956; x_wconf 88' lang='lat' dir='ltr'>testatur.</span> <span class='ocrx_word' id='word_1_100' title='bbox 1132 918 1171 952; x_wconf 89' lang='lat' dir='ltr'>In</span> 
     </span>
     <span class='ocr_line' id='line_1_17' title="bbox 186 975 867 1021; baseline 0 -13"><span class='ocrx_word' id='word_1_101' title='bbox 186 977 252 1009; x_wconf 84' lang='lat' dir='ltr'>tine</span> <span class='ocrx_word' id='word_1_102' title='bbox 272 977 444 1021; x_wconf 86' lang='lat' dir='ltr'>quaedam</span> <span class='ocrx_word' id='word_1_103' title='bbox 466 976 604 1021; x_wconf 67' lang='lat' dir='ltr'>privata</span> <span class='ocrx_word' id='word_1_104' title='bbox 622 975 757 1007; x_wconf 88' lang='lat' dir='ltr'>adiecta</span> <span class='ocrx_word' id='word_1_105' title='bbox 774 980 867 1008; x_wconf 90' lang='lat' dir='ltr'>sunt.</span> 
     </span>
    </p>
   </div>
   <div class='ocr_carea' id='block_1_3' title="bbox 428 1059 929 1102">
    <p class='ocr_par' dir='ltr' id='par_1_3' title="bbox 428 1059 929 1102">
     <span class='ocr_line' id='line_1_18' title="bbox 428 1059 929 1102; baseline 0 -11"><span class='ocrx_word' id='word_1_106' title='bbox 428 1059 563 1092; x_wconf 72' lang='lat' dir='ltr'>Aliud</span> <span class='ocrx_word' id='word_1_107' title='bbox 601 1064 929 1102; x_wconf 80' lang='lat' dir='ltr'>argumentum.</span> 
     </span>
    </p>
   </div>
   <div class='ocr_carea' id='block_1_4' title="bbox 187 1123 1184 2124">
    <p class='ocr_par' dir='ltr' id='par_1_4' title="bbox 187 1123 1184 2124">
     <span class='ocr_line' id='line_1_19' title="bbox 286 1123 1172 1171; baseline -0.003 -13"><span class='ocrx_word' id='word_1_108' title='bbox 286 1127 447 1171; x_wconf 75' lang='lat' dir='ltr'>Suspicio</span> <span class='ocrx_word' id='word_1_109' title='bbox 475 1132 549 1158; x_wconf 86' lang='lat' dir='ltr'>erat</span> <span class='ocrx_word' id='word_1_110' title='bbox 574 1138 647 1159; x_wconf 87' lang='lat' dir='ltr'>non</span> <span class='ocrx_word' id='word_1_111' title='bbox 671 1138 780 1170; x_wconf 73' lang='lat' dir='ltr'>parva</span> <span class='ocrx_word' id='word_1_112' title='bbox 807 1127 849 1158; x_wconf 87' lang='lat' dir='ltr'>de</span> <span class='ocrx_word' id='word_1_113' title='bbox 865 1124 1049 1163; x_wconf 83' lang='lat' dir='ltr'>Pollione,</span> <span class='ocrx_word' id='word_1_114' title='bbox 1076 1123 1172 1168; x_wconf 87' lang='lat' dir='ltr'>quod</span> 
     </span>
     <span class='ocr_line' id='line_1_20' title="bbox 187 1176 1174 1220; baseline -0.003 -11"><span class='ocrx_word' id='word_1_115' title='bbox 187 1178 278 1209; x_wconf 83' lang='lat' dir='ltr'>idem</span> <span class='ocrx_word' id='word_1_116' title='bbox 296 1178 448 1211; x_wconf 87' lang='lat' dir='ltr'>sentiens</span> <span class='ocrx_word' id='word_1_117' title='bbox 463 1190 541 1209; x_wconf 87' lang='lat' dir='ltr'>cnm</span> <span class='ocrx_word' id='word_1_118' title='bbox 559 1177 690 1220; x_wconf 83' lang='lat' dir='ltr'>collega</span> <span class='ocrx_word' id='word_1_119' title='bbox 708 1176 845 1220; x_wconf 84' lang='lat' dir='ltr'>Lepido</span> <span class='ocrx_word' id='word_1_120' title='bbox 864 1182 1067 1210; x_wconf 69' lang='lat' dir='ltr'>servaturus</span> <span class='ocrx_word' id='word_1_121' title='bbox 1086 1179 1174 1208; x_wconf 85' lang='lat' dir='ltr'>esset</span> 
     </span>
     <span class='ocr_line' id='line_1_21' title="bbox 189 1225 1172 1272; baseline -0.003 -12"><span class='ocrx_word' id='word_1_122' title='bbox 189 1227 323 1261; x_wconf 81' lang='lat' dir='ltr'>bostem</span> <span class='ocrx_word' id='word_1_123' title='bbox 340 1228 549 1261; x_wconf 66' lang='lat' dir='ltr'>Antonium.</span> <span class='ocrx_word' id='word_1_124' title='bbox 602 1228 721 1272; x_wconf 89' lang='lat' dir='ltr'>Quare</span> <span class='ocrx_word' id='word_1_125' title='bbox 741 1225 861 1272; x_wconf 64' lang='lat' dir='ltr'>hacw)</span> <span class='ocrx_word' id='word_1_126' title='bbox 887 1227 1054 1271; x_wconf 87' lang='lat' dir='ltr'>epistola,</span> <span class='ocrx_word' id='word_1_127' title='bbox 1083 1237 1172 1270; x_wconf 87' lang='lat' dir='ltr'>quae</span> 
     </span>
     <span class='ocr_line' id='line_1_22' title="bbox 192 1276 1174 1322; baseline -0.004 -11"><span class='ocrx_word' id='word_1_128' title='bbox 192 1286 242 1312; x_wconf 86' lang='lat' dir='ltr'>est</span> <span class='ocrx_word' id='word_1_129' title='bbox 268 1291 348 1312; x_wconf 52' lang='lat' dir='ltr'>were</span> <span class='ocrx_word' id='word_1_130' title='bbox 365 1279 501 1319; x_wconf 78' lang='lat' dir='ltr'>Attica,</span> <span class='ocrx_word' id='word_1_131' title='bbox 529 1278 797 1322; x_wconf 80' lang='lat' dir='ltr'>diligentissime</span> <span class='ocrx_word' id='word_1_132' title='bbox 817 1290 852 1311; x_wconf 92' lang='lat' dir='ltr'>se</span> <span class='ocrx_word' id='word_1_133' title='bbox 869 1283 1016 1321; x_wconf 89' lang='lat' dir='ltr'>purgat,</span> <span class='ocrx_word' id='word_1_134' title='bbox 1044 1276 1174 1320; x_wconf 86' lang='lat' dir='ltr'>signifi-</span> 
     </span>
     <span class='ocr_line' id='line_1_23' title="bbox 192 1327 1172 1374; baseline -0.003 -13"><span class='ocrx_word' id='word_1_135' title='bbox 192 1342 273 1363; x_wconf 83' lang='lat' dir='ltr'>cans</span> <span class='ocrx_word' id='word_1_136' title='bbox 300 1331 337 1362; x_wconf 90' lang='lat' dir='ltr'>in</span> <span class='ocrx_word' id='word_1_137' title='bbox 357 1342 514 1369; x_wconf 89' lang='lat' dir='ltr'>summa,</span> <span class='ocrx_word' id='word_1_138' title='bbox 544 1330 639 1374; x_wconf 87' lang='lat' dir='ltr'>quod</span> <span class='ocrx_word' id='word_1_139' title='bbox 654 1327 744 1361; x_wconf 88' lang='lat' dir='ltr'>nihil</span> <span class='ocrx_word' id='word_1_140' title='bbox 772 1329 906 1367; x_wconf 83' lang='lat' dir='ltr'>fecerit,</span> <span class='ocrx_word' id='word_1_141' title='bbox 932 1339 1046 1372; x_wconf 88' lang='lat' dir='ltr'>neque</span> <span class='ocrx_word' id='word_1_142' title='bbox 1063 1338 1172 1370; x_wconf 91' lang='lat' dir='ltr'>porro</span> 
     </span>
     <span class='ocr_line' id='line_1_24' title="bbox 191 1379 1174 1425; baseline -0.003 -13"><span class='ocrx_word' id='word_1_143' title='bbox 191 1382 368 1421; x_wconf 75' lang='lat' dir='ltr'>facturus,</span> <span class='ocrx_word' id='word_1_144' title='bbox 403 1382 498 1425; x_wconf 86' lang='lat' dir='ltr'>quod</span> <span class='ocrx_word' id='word_1_145' title='bbox 523 1386 612 1413; x_wconf 89' lang='lat' dir='ltr'>esset</span> <span class='ocrx_word' id='word_1_146' title='bbox 634 1385 755 1412; x_wconf 91' lang='lat' dir='ltr'>contra</span> <span class='ocrx_word' id='word_1_147' title='bbox 781 1379 1008 1412; x_wconf 80' lang='lat' dir='ltr'>autoritatem</span> <span class='ocrx_word' id='word_1_148' title='bbox 1034 1383 1174 1411; x_wconf 86' lang='lat' dir='ltr'>senatus</span> 
     </span>
     <span class='ocr_line' id='line_1_25' title="bbox 193 1429 1175 1474; baseline -0.004 -11"><span class='ocrx_word' id='word_1_149' title='bbox 193 1438 225 1463; x_wconf 88' lang='lat' dir='ltr'>et</span> <span class='ocrx_word' id='word_1_150' title='bbox 253 1438 375 1464; x_wconf 86' lang='lat' dir='ltr'>contra</span> <span class='ocrx_word' id='word_1_151' title='bbox 394 1431 582 1464; x_wconf 88' lang='lat' dir='ltr'>utilitatem</span> <span class='ocrx_word' id='word_1_152' title='bbox 601 1430 826 1474; x_wconf 86' lang='lat' dir='ltr'>reipublicae.</span> <span class='ocrx_word' id='word_1_153' title='bbox 878 1429 1073 1462; x_wconf 76' lang='lat' dir='ltr'>Exordium</span> <span class='ocrx_word' id='word_1_154' title='bbox 1093 1439 1175 1459; x_wconf 89' lang='lat' dir='ltr'>con-</span> 
     </span>
     <span class='ocr_line' id='line_1_26' title="bbox 193 1478 1175 1525; baseline -0.004 -11"><span class='ocrx_word' id='word_1_155' title='bbox 193 1488 261 1515; x_wconf 85' lang='lat' dir='ltr'>stat</span> <span class='ocrx_word' id='word_1_156' title='bbox 296 1482 518 1516; x_wconf 76' lang='lat' dir='ltr'>excusatione</span> <span class='ocrx_word' id='word_1_157' title='bbox 554 1481 696 1514; x_wconf 85' lang='lat' dir='ltr'>silentii.</span> <span class='ocrx_word' id='word_1_158' title='bbox 762 1480 929 1525; x_wconf 86' lang='lat' dir='ltr'>Sequitur</span> <span class='ocrx_word' id='word_1_159' title='bbox 964 1478 1175 1524; x_wconf 84' lang='lat' dir='ltr'>propositio,</span> 
     </span>
     <span class='ocr_line' id='line_1_27' title="bbox 197 1527 1176 1577; baseline -0.003 -14"><span class='ocrx_word' id='word_1_160' title='bbox 197 1534 291 1577; x_wconf 84' lang='lat' dir='ltr'>quod</span> <span class='ocrx_word' id='word_1_161' title='bbox 320 1545 392 1565; x_wconf 93' lang='lat' dir='ltr'>non</span> <span class='ocrx_word' id='word_1_162' title='bbox 423 1533 507 1565; x_wconf 70' lang='lat' dir='ltr'>velit</span> <span class='ocrx_word' id='word_1_163' title='bbox 528 1544 563 1565; x_wconf 92' lang='lat' dir='ltr'>se</span> <span class='ocrx_word' id='word_1_164' title='bbox 585 1532 799 1574; x_wconf 85' lang='lat' dir='ltr'>coniungere</span> <span class='ocrx_word' id='word_1_165' title='bbox 826 1544 904 1563; x_wconf 91' lang='lat' dir='ltr'>cum</span> <span class='ocrx_word' id='word_1_166' title='bbox 928 1530 1085 1562; x_wconf 87' lang='lat' dir='ltr'>Antonio</span> <span class='ocrx_word' id='word_1_167' title='bbox 1113 1527 1176 1560; x_wconf 81' lang='lat' dir='ltr'>lio—</span> 
     </span>
     <span class='ocr_line' id='line_1_28' title="bbox 196 1580 1175 1627; baseline -0.005 -12"><span class='ocrx_word' id='word_1_168' title='bbox 196 1585 290 1615; x_wconf 89' lang='lat' dir='ltr'>mine</span> <span class='ocrx_word' id='word_1_169' title='bbox 315 1583 467 1627; x_wconf 82' lang='lat' dir='ltr'>perdito.</span> <span class='ocrx_word' id='word_1_170' title='bbox 521 1582 691 1615; x_wconf 78' lang='lat' dir='ltr'>Rationes</span> <span class='ocrx_word' id='word_1_171' title='bbox 718 1583 808 1615; x_wconf 81' lang='lat' dir='ltr'>duae</span> <span class='ocrx_word' id='word_1_172' title='bbox 832 1583 1031 1620; x_wconf 89' lang='lat' dir='ltr'>adduntur,</span> <span class='ocrx_word' id='word_1_173' title='bbox 1065 1580 1175 1612; x_wconf 88' lang='lat' dir='ltr'>altera</span> 
     </span>
     <span class='ocr_line' id='line_1_29' title="bbox 197 1630 1178 1677; baseline -0.004 -12"><span class='ocrx_word' id='word_1_174' title='bbox 197 1646 214 1665; x_wconf 84' lang='lat' dir='ltr'>a</span> <span class='ocrx_word' id='word_1_175' title='bbox 252 1646 312 1666; x_wconf 82' lang='lat' dir='ltr'>sua</span> <span class='ocrx_word' id='word_1_176' title='bbox 347 1640 493 1673; x_wconf 72' lang='lat' dir='ltr'>natura,</span> <span class='ocrx_word' id='word_1_177' title='bbox 530 1634 639 1665; x_wconf 89' lang='lat' dir='ltr'>altera</span> <span class='ocrx_word' id='word_1_178' title='bbox 676 1645 694 1665; x_wconf 88' lang='lat' dir='ltr'>a</span> <span class='ocrx_word' id='word_1_179' title='bbox 727 1633 853 1676; x_wconf 88' lang='lat' dir='ltr'>signis,</span> <span class='ocrx_word' id='word_1_180' title='bbox 889 1632 985 1677; x_wconf 84' lang='lat' dir='ltr'>quod</span> <span class='ocrx_word' id='word_1_181' title='bbox 1015 1630 1178 1663; x_wconf 65' lang='lat' dir='ltr'>videlicet</span> 
     </span>
     <span class='ocr_line' id='line_1_30' title="bbox 198 1680 1178 1728; baseline -0.005 -11"><span class='ocrx_word' id='word_1_182' title='bbox 198 1696 335 1728; x_wconf 81' lang='lat' dir='ltr'>semper</span> <span class='ocrx_word' id='word_1_183' title='bbox 356 1684 460 1716; x_wconf 84' lang='lat' dir='ltr'>suerit</span> <span class='ocrx_word' id='word_1_184' title='bbox 485 1696 607 1717; x_wconf 82' lang='lat' dir='ltr'>amans</span> <span class='ocrx_word' id='word_1_185' title='bbox 631 1684 801 1716; x_wconf 69' lang='lat' dir='ltr'>libertatis</span> <span class='ocrx_word' id='word_1_186' title='bbox 825 1689 858 1715; x_wconf 85' lang='lat' dir='ltr'>et</span> <span class='ocrx_word' id='word_1_187' title='bbox 881 1681 992 1716; x_wconf 88' lang='lat' dir='ltr'>hostis</span> <span class='ocrx_word' id='word_1_188' title='bbox 1018 1680 1178 1727; x_wconf 76' lang='lat' dir='ltr'>tyranni-</span> 
     </span>
     <span class='ocr_line' id='line_1_31' title="bbox 197 1733 1179 1779; baseline -0.003 -13"><span class='ocrx_word' id='word_1_189' title='bbox 197 1735 261 1768; x_wconf 65' lang='lat' dir='ltr'>dis.</span> <span class='ocrx_word' id='word_1_190' title='bbox 315 1735 450 1767; x_wconf 81' lang='lat' dir='ltr'>Deinde</span> <span class='ocrx_word' id='word_1_191' title='bbox 475 1747 596 1767; x_wconf 81' lang='lat' dir='ltr'>causas</span> <span class='ocrx_word' id='word_1_192' title='bbox 613 1735 754 1774; x_wconf 80' lang='lat' dir='ltr'>recitat,</span> <span class='ocrx_word' id='word_1_193' title='bbox 781 1746 890 1779; x_wconf 81' lang='lat' dir='ltr'>quare</span> <span class='ocrx_word' id='word_1_194' title='bbox 915 1735 957 1766; x_wconf 90' lang='lat' dir='ltr'>de</span> <span class='ocrx_word' id='word_1_195' title='bbox 976 1746 1037 1766; x_wconf 89' lang='lat' dir='ltr'>sua</span> <span class='ocrx_word' id='word_1_196' title='bbox 1053 1733 1179 1765; x_wconf 70' lang='lat' dir='ltr'>volun-</span> 
     </span>
     <span class='ocr_line' id='line_1_32' title="bbox 200 1784 1179 1829; baseline -0.003 -12"><span class='ocrx_word' id='word_1_197' title='bbox 200 1792 268 1817; x_wconf 80' lang='lat' dir='ltr'>tate</span> <span class='ocrx_word' id='word_1_198' title='bbox 296 1784 385 1817; x_wconf 90' lang='lat' dir='ltr'>nihil</span> <span class='ocrx_word' id='word_1_199' title='bbox 409 1785 656 1829; x_wconf 80' lang='lat' dir='ltr'>proscripserit</span> <span class='ocrx_word' id='word_1_200' title='bbox 673 1786 716 1817; x_wconf 91' lang='lat' dir='ltr'>ad</span> <span class='ocrx_word' id='word_1_201' title='bbox 733 1792 914 1823; x_wconf 88' lang='lat' dir='ltr'>senatum,</span> <span class='ocrx_word' id='word_1_202' title='bbox 942 1784 1047 1818; x_wconf 88' lang='lat' dir='ltr'>simul</span> <span class='ocrx_word' id='word_1_203' title='bbox 1064 1789 1179 1816; x_wconf 88' lang='lat' dir='ltr'>osten-</span> 
     </span>
     <span class='ocr_line' id='line_1_33' title="bbox 199 1833 1180 1880; baseline -0.002 -13"><span class='ocrx_word' id='word_1_204' title='bbox 199 1838 301 1875; x_wconf 76' lang='lat' dir='ltr'>deus,</span> <span class='ocrx_word' id='word_1_205' title='bbox 337 1848 406 1880; x_wconf 77' lang='lat' dir='ltr'>quo</span> <span class='ocrx_word' id='word_1_206' title='bbox 432 1836 551 1868; x_wconf 89' lang='lat' dir='ltr'>animo</span> <span class='ocrx_word' id='word_1_207' title='bbox 586 1848 724 1880; x_wconf 84' lang='lat' dir='ltr'>semper</span> <span class='ocrx_word' id='word_1_208' title='bbox 747 1836 853 1868; x_wconf 88' lang='lat' dir='ltr'>fuerit</span> <span class='ocrx_word' id='word_1_209' title='bbox 880 1847 960 1879; x_wconf 88' lang='lat' dir='ltr'>erga</span> <span class='ocrx_word' id='word_1_210' title='bbox 986 1833 1180 1878; x_wconf 88' lang='lat' dir='ltr'>rempubli-</span> 
     </span>
     <span class='ocr_line' id='line_1_34' title="bbox 200 1883 1181 1930; baseline -0.001 -13"><span class='ocrx_word' id='word_1_211' title='bbox 200 1900 287 1919; x_wconf 71' lang='lat' dir='ltr'>cam.</span> <span class='ocrx_word' id='word_1_212' title='bbox 343 1887 530 1919; x_wconf 81' lang='lat' dir='ltr'>Conclusio</span> <span class='ocrx_word' id='word_1_213' title='bbox 567 1893 705 1919; x_wconf 86' lang='lat' dir='ltr'>constat</span> <span class='ocrx_word' id='word_1_214' title='bbox 732 1887 833 1919; x_wconf 78' lang='lat' dir='ltr'>brevi</span> <span class='ocrx_word' id='word_1_215' title='bbox 866 1886 1088 1930; x_wconf 84' lang='lat' dir='ltr'>repetitione.</span> <span class='ocrx_word' id='word_1_216' title='bbox 1141 1883 1181 1916; x_wconf 85' lang='lat' dir='ltr'>ln</span> 
     </span>
     <span class='ocr_line' id='line_1_35' title="bbox 202 1936 1182 1981; baseline -0.001 -12"><span class='ocrx_word' id='word_1_217' title='bbox 202 1939 267 1969; x_wconf 79' lang='lat' dir='ltr'>line</span> <span class='ocrx_word' id='word_1_218' title='bbox 300 1938 453 1981; x_wconf 88' lang='lat' dir='ltr'>primum</span> <span class='ocrx_word' id='word_1_219' title='bbox 488 1944 536 1970; x_wconf 85' lang='lat' dir='ltr'>est</span> <span class='ocrx_word' id='word_1_220' title='bbox 567 1937 774 1981; x_wconf 83' lang='lat' dir='ltr'>significatio</span> <span class='ocrx_word' id='word_1_221' title='bbox 807 1937 1051 1981; x_wconf 85' lang='lat' dir='ltr'>gratitudinis,</span> <span class='ocrx_word' id='word_1_222' title='bbox 1086 1936 1182 1981; x_wconf 88' lang='lat' dir='ltr'>quod</span> 
     </span>
     <span class='ocr_line' id='line_1_36' title="bbox 200 1986 1182 2032; baseline 0.002 -13"><span class='ocrx_word' id='word_1_223' title='bbox 200 1989 234 2020; x_wconf 91' lang='lat' dir='ltr'>in</span> <span class='ocrx_word' id='word_1_224' title='bbox 266 2001 454 2021; x_wconf 87' lang='lat' dir='ltr'>numerum</span> <span class='ocrx_word' id='word_1_225' title='bbox 485 1988 682 2021; x_wconf 82' lang='lat' dir='ltr'>amicorum</span> <span class='ocrx_word' id='word_1_226' title='bbox 720 1995 879 2032; x_wconf 85' lang='lat' dir='ltr'>receptus</span> <span class='ocrx_word' id='word_1_227' title='bbox 910 1988 955 2021; x_wconf 89' lang='lat' dir='ltr'>sit</span> <span class='ocrx_word' id='word_1_228' title='bbox 986 1986 1182 2021; x_wconf 87' lang='lat' dir='ltr'>Cornelius.</span> 
     </span>
     <span class='ocr_line' id='line_1_37' title="bbox 205 2038 1184 2083; baseline 0.002 -14"><span class='ocrx_word' id='word_1_229' title='bbox 205 2039 336 2071; x_wconf 77' lang='lat' dir='ltr'>Deinde</span> <span class='ocrx_word' id='word_1_230' title='bbox 362 2045 483 2072; x_wconf 85' lang='lat' dir='ltr'>monet</span> <span class='ocrx_word' id='word_1_231' title='bbox 514 2040 555 2071; x_wconf 83' lang='lat' dir='ltr'>de</span> <span class='ocrx_word' id='word_1_232' title='bbox 581 2039 727 2072; x_wconf 90' lang='lat' dir='ltr'>consilio</span> <span class='ocrx_word' id='word_1_233' title='bbox 752 2038 997 2083; x_wconf 72' lang='lat' dir='ltr'>proficiscendi</span> <span class='ocrx_word' id='word_1_234' title='bbox 1030 2051 1071 2071; x_wconf 77' lang='lat' dir='ltr'>ex</span> <span class='ocrx_word' id='word_1_235' title='bbox 1101 2050 1184 2082; x_wconf 88' lang='lat' dir='ltr'>pro-</span> 
     </span>
     <span class='ocr_line' id='line_1_38' title="bbox 202 2088 829 2124; baseline 0.006 -4"><span class='ocrx_word' id='word_1_236' title='bbox 202 2090 314 2122; x_wconf 65' lang='lat' dir='ltr'>vincia</span> <span class='ocrx_word' id='word_1_237' title='bbox 341 2102 419 2123; x_wconf 90' lang='lat' dir='ltr'>cum</span> <span class='ocrx_word' id='word_1_238' title='bbox 447 2090 600 2123; x_wconf 76' lang='lat' dir='ltr'>exercitu</span> <span class='ocrx_word' id='word_1_239' title='bbox 621 2090 657 2122; x_wconf 90' lang='lat' dir='ltr'>in</span> <span class='ocrx_word' id='word_1_240' title='bbox 679 2088 829 2124; x_wconf 82' lang='lat' dir='ltr'>Italiam.</span> 
     </span>
    </p>
   </div>
   <div class='ocr_carea' id='block_1_5' title="bbox 447 2182 930 2226">
    <p class='ocr_par' dir='ltr' id='par_1_5' title="bbox 447 2182 930 2226">
     <span class='ocr_line' id='line_1_39' title="bbox 447 2182 930 2226; baseline 0.006 -12"><span class='ocrx_word' id='word_1_241' title='bbox 447 2182 579 2215; x_wconf 74' lang='lat' dir='ltr'>Aliud</span> <span class='ocrx_word' id='word_1_242' title='bbox 608 2190 930 2226; x_wconf 81' lang='lat' dir='ltr'>argumentum.</span> 
     </span>
    </p>
   </div>
   <div class='ocr_carea' id='block_1_6' title="bbox 206 2250 1184 2589">
    <p class='ocr_par' dir='ltr' id='par_1_6' title="bbox 206 2250 1184 2589">
     <span class='ocr_line' id='line_1_40' title="bbox 304 2250 1184 2295; baseline 0 -13"><span class='ocrx_word' id='word_1_243' title='bbox 304 2251 459 2283; x_wconf 67' lang='lat' dir='ltr'>Venerat</span> <span class='ocrx_word' id='word_1_244' title='bbox 484 2250 599 2283; x_wconf 91' lang='lat' dir='ltr'>Pollio</span> <span class='ocrx_word' id='word_1_245' title='bbox 625 2251 660 2283; x_wconf 90' lang='lat' dir='ltr'>iu</span> <span class='ocrx_word' id='word_1_246' title='bbox 689 2251 924 2295; x_wconf 85' lang='lat' dir='ltr'>suspicionem</span> <span class='ocrx_word' id='word_1_247' title='bbox 958 2250 1053 2294; x_wconf 88' lang='lat' dir='ltr'>apud</span> <span class='ocrx_word' id='word_1_248' title='bbox 1084 2262 1184 2283; x_wconf 85' lang='lat' dir='ltr'>sena-</span> 
     </span>
     <span class='ocr_line' id='line_1_41' title="bbox 206 2301 1181 2346; baseline 0.001 -14"><span class='ocrx_word' id='word_1_249' title='bbox 206 2307 299 2340; x_wconf 83' lang='lat' dir='ltr'>tum,</span> <span class='ocrx_word' id='word_1_250' title='bbox 336 2303 430 2346; x_wconf 85' lang='lat' dir='ltr'>quod</span> <span class='ocrx_word' id='word_1_251' title='bbox 453 2301 649 2334; x_wconf 77' lang='lat' dir='ltr'>Antonium</span> <span class='ocrx_word' id='word_1_252' title='bbox 683 2308 864 2334; x_wconf 87' lang='lat' dir='ltr'>secuturus</span> <span class='ocrx_word' id='word_1_253' title='bbox 897 2308 984 2334; x_wconf 84' lang='lat' dir='ltr'>esset</span> <span class='ocrx_word' id='word_1_254' title='bbox 1010 2314 1078 2334; x_wconf 83' lang='lat' dir='ltr'>una</span> <span class='ocrx_word' id='word_1_255' title='bbox 1104 2314 1181 2333; x_wconf 89' lang='lat' dir='ltr'>cum</span> 
     </span>
     <span class='ocr_line' id='line_1_42' title="bbox 207 2352 1183 2396; baseline 0.003 -15"><span class='ocrx_word' id='word_1_256' title='bbox 207 2352 334 2395; x_wconf 70' lang='lat' dir='ltr'>collega</span> <span class='ocrx_word' id='word_1_257' title='bbox 354 2352 500 2395; x_wconf 75' lang='lat' dir='ltr'>Lepido.</span> <span class='ocrx_word' id='word_1_258' title='bbox 553 2352 707 2396; x_wconf 87' lang='lat' dir='ltr'>Lepidus</span> <span class='ocrx_word' id='word_1_259' title='bbox 726 2353 819 2384; x_wconf 90' lang='lat' dir='ltr'>enim</span> <span class='ocrx_word' id='word_1_260' title='bbox 841 2352 1039 2384; x_wconf 84' lang='lat' dir='ltr'>citeriorem</span> <span class='ocrx_word' id='word_1_261' title='bbox 1057 2352 1183 2395; x_wconf 79' lang='lat' dir='ltr'>Hispa-</span> 
     </span>
     <span class='ocr_line' id='line_1_43' title="bbox 206 2402 1182 2446; baseline 0.002 -13"><span class='ocrx_word' id='word_1_262' title='bbox 206 2402 319 2438; x_wconf 70' lang='lat' dir='ltr'>niam,</span> <span class='ocrx_word' id='word_1_263' title='bbox 346 2403 460 2435; x_wconf 85' lang='lat' dir='ltr'>Pollio</span> <span class='ocrx_word' id='word_1_264' title='bbox 485 2403 688 2436; x_wconf 80' lang='lat' dir='ltr'>ulteriorem</span> <span class='ocrx_word' id='word_1_265' title='bbox 715 2404 867 2436; x_wconf 80' lang='lat' dir='ltr'>tenebat.</span> <span class='ocrx_word' id='word_1_266' title='bbox 920 2404 1053 2446; x_wconf 79' lang='lat' dir='ltr'>I’urgat</span> <span class='ocrx_word' id='word_1_267' title='bbox 1076 2403 1182 2446; x_wconf 78' lang='lat' dir='ltr'>igitur</span> 
     </span>
     <span class='ocr_line' id='line_1_44' title="bbox 207 2451 1181 2497; baseline 0.003 -15"><span class='ocrx_word' id='word_1_268' title='bbox 207 2464 240 2483; x_wconf 70' lang='lat' dir='ltr'>sc·</span> <span class='ocrx_word' id='word_1_269' title='bbox 265 2451 326 2483; x_wconf 81' lang='lat' dir='ltr'>liac</span> <span class='ocrx_word' id='word_1_270' title='bbox 345 2454 490 2495; x_wconf 81' lang='lat' dir='ltr'>epistola</span> <span class='ocrx_word' id='word_1_271' title='bbox 509 2456 601 2497; x_wconf 86' lang='lat' dir='ltr'>apud</span> <span class='ocrx_word' id='word_1_272' title='bbox 621 2454 848 2493; x_wconf 86' lang='lat' dir='ltr'>Ciceronem,</span> <span class='ocrx_word' id='word_1_273' title='bbox 873 2466 934 2486; x_wconf 89' lang='lat' dir='ltr'>cur</span> <span class='ocrx_word' id='word_1_274' title='bbox 954 2459 1025 2486; x_wconf 86' lang='lat' dir='ltr'>tam</span> <span class='ocrx_word' id='word_1_275' title='bbox 1049 2454 1110 2487; x_wconf 93' lang='lat' dir='ltr'>diu</span> <span class='ocrx_word' id='word_1_276' title='bbox 1129 2454 1181 2485; x_wconf 89' lang='lat' dir='ltr'>ni-</span> 
     </span>
     <span class='ocr_line' id='line_1_45' title="bbox 208 2499 1181 2549; baseline 0.004 -16"><span class='ocrx_word' id='word_1_277' title='bbox 208 2499 256 2533; x_wconf 79' lang='lat' dir='ltr'>hil</span> <span class='ocrx_word' id='word_1_278' title='bbox 284 2502 478 2545; x_wconf 73' lang='lat' dir='ltr'>scripserit,</span> <span class='ocrx_word' id='word_1_279' title='bbox 506 2511 538 2536; x_wconf 85' lang='lat' dir='ltr'>et</span> <span class='ocrx_word' id='word_1_280' title='bbox 565 2505 647 2549; x_wconf 88' lang='lat' dir='ltr'>quid</span> <span class='ocrx_word' id='word_1_281' title='bbox 675 2512 814 2538; x_wconf 82' lang='lat' dir='ltr'>senatus</span> <span class='ocrx_word' id='word_1_282' title='bbox 831 2506 871 2537; x_wconf 92' lang='lat' dir='ltr'>de</span> <span class='ocrx_word' id='word_1_283' title='bbox 895 2517 930 2538; x_wconf 91' lang='lat' dir='ltr'>se</span> <span class='ocrx_word' id='word_1_284' title='bbox 954 2517 1095 2548; x_wconf 85' lang='lat' dir='ltr'>sperare</span> <span class='ocrx_word' id='word_1_285' title='bbox 1123 2506 1181 2537; x_wconf 91' lang='lat' dir='ltr'>de-</span> 
     </span>
     <span class='ocr_line' id='line_1_46' title="bbox 206 2552 1178 2589; baseline 0.004 -6"><span class='ocrx_word' id='word_1_286' title='bbox 206 2552 305 2589; x_wconf 57' lang='lat' dir='ltr'>lma,</span> <span class='ocrx_word' id='word_1_287' title='bbox 333 2554 492 2586; x_wconf 74' lang='lat' dir='ltr'>ostendit.</span> <span class='ocrx_word' id='word_1_288' title='bbox 561 2555 754 2589; x_wconf 77' lang='lat' dir='ltr'>Exordium</span> <span class='ocrx_word' id='word_1_289' title='bbox 783 2553 889 2589; x_wconf 85' lang='lat' dir='ltr'>babet</span> <span class='ocrx_word' id='word_1_290' title='bbox 922 2556 1178 2589; x_wconf 69' lang='lat' dir='ltr'>excusationem</span> 
     </span>
    </p>
   </div>
   <div class='ocr_carea' id='block_1_7' title="bbox 316 2639 412 2643">
    <p class='ocr_par' dir='ltr' id='par_1_7' title="bbox 316 2639 412 2643">
     <span class='ocr_line' id='line_1_47' title="bbox 316 2639 412 2643; baseline 0 0"><span class='ocrx_word' id='word_1_291' title='bbox 316 2639 412 2643; x_wconf 95' lang='lat' dir='ltr'> </span> 
     </span>
    </p>
   </div>
   <div class='ocr_carea' id='block_1_8' title="bbox 238 2684 1177 2742">
    <p class='ocr_par' dir='ltr' id='par_1_8' title="bbox 238 2684 1177 2742">
     <span class='ocr_line' id='line_1_48' title="bbox 238 2684 1177 2742; baseline 0.006 -33"><span class='ocrx_word' id='word_1_292' title='bbox 238 2685 285 2742; x_wconf 52' lang='lat'><strong>⁷⁶1),</strong></span> <span class='ocrx_word' id='word_1_293' title='bbox 305 2686 368 2713; x_wconf 73' lang='lat' dir='ltr'>hae]</span> <span class='ocrx_word' id='word_1_294' title='bbox 389 2684 425 2709; x_wconf 68' lang='lat' dir='ltr'>sie</span> <span class='ocrx_word' id='word_1_295' title='bbox 449 2688 522 2709; x_wconf 78' lang='lat' dir='ltr'>recte</span> <span class='ocrx_word' id='word_1_296' title='bbox 540 2686 622 2709; x_wconf 73' lang='lat' dir='ltr'>Effitt.</span> <span class='ocrx_word' id='word_1_297' title='bbox 645 2687 735 2719; x_wconf 52' lang='lat'>1555,</span> <span class='ocrx_word' id='word_1_298' title='bbox 756 2690 846 2720; x_wconf 80' lang='lat'>1596.;</span> <span class='ocrx_word' id='word_1_299' title='bbox 880 2689 963 2714; x_wconf 70' lang='lat' dir='ltr'>mitt.</span> <span class='ocrx_word' id='word_1_300' title='bbox 991 2690 1082 2721; x_wconf 57' lang='lat'>1565„</span> <span class='ocrx_word' id='word_1_301' title='bbox 1103 2690 1177 2716; x_wconf 82' lang='lat'>1571.</span> 
     </span>
     <span class='ocr_line' id='line_1_49' title="bbox 289 2725 344 2742; baseline 0 0"><span class='ocrx_word' id='word_1_302' title='bbox 289 2725 344 2742; x_wconf 61' lang='lat' dir='ltr'>sst&#39;C.</span> 
     </span>
    </p>
   </div>
   <div class='ocr_carea' id='block_1_9' title="bbox 758 119 1620 161">
    <p class='ocr_par' dir='ltr' id='par_1_9' title="bbox 758 119 1620 161">
     <span class='ocr_line' id='line_1_50' title="bbox 758 119 1620 161; baseline -0.007 0"><span class='ocrx_word' id='word_1_303' title='bbox 758 125 878 161; x_wconf 81' lang='lat' dir='ltr'>PHH..</span> <span class='ocrx_word' id='word_1_304' title='bbox 908 123 1020 158; x_wconf 87' lang='lat' dir='ltr'>MEL.</span> <span class='ocrx_word' id='word_1_305' title='bbox 1056 119 1257 156; x_wconf 72' lang='lat' dir='ltr'><strong>SCRIPTA</strong></span> <span class='ocrx_word' id='word_1_306' title='bbox 1287 120 1620 156; x_wconf 83' lang='lat' dir='ltr'>PHILOLOGICA.</span> 
     </span>
    </p>
   </div>
   <div class='ocr_carea' id='block_1_10' title="bbox 1211 205 1352 240">
    <p class='ocr_par' dir='ltr' id='par_1_10' title="bbox 1211 205 1352 240">
     <span class='ocr_line' id='line_1_51' title="bbox 1211 205 1352 240; baseline 0.007 -2"><span class='ocrx_word' id='word_1_307' title='bbox 1211 205 1352 240; x_wconf 84' lang='lat' dir='ltr'>silentii.</span> 
     </span>
    </p>
   </div>
   <div class='ocr_carea' id='block_1_11' title="bbox 2131 121 2205 156">
    <p class='ocr_par' dir='ltr' id='par_1_11' title="bbox 2131 121 2205 156">
     <span class='ocr_line' id='line_1_52' title="bbox 2131 121 2205 156; baseline 0.027 -2"><span class='ocrx_word' id='word_1_308' title='bbox 2131 121 2205 156; x_wconf 75' lang='lat'>372</span> 
     </span>
    </p>
   </div>
   <div class='ocr_carea' id='block_1_12' title="bbox 1214 205 2206 493">
    <p class='ocr_par' dir='ltr' id='par_1_12' title="bbox 1214 205 2206 493">
     <span class='ocr_line' id='line_1_53' title="bbox 1416 205 2202 240; baseline 0 -1"><span class='ocrx_word' id='word_1_309' title='bbox 1416 207 1552 239; x_wconf 83' lang='lat' dir='ltr'>Deinde</span> <span class='ocrx_word' id='word_1_310' title='bbox 1587 206 1738 240; x_wconf 85' lang='lat' dir='ltr'>instituit</span> <span class='ocrx_word' id='word_1_311' title='bbox 1770 205 2015 239; x_wconf 82' lang='lat' dir='ltr'>narrationem</span> <span class='ocrx_word' id='word_1_312' title='bbox 2063 206 2105 238; x_wconf 90' lang='lat' dir='ltr'>de</span> <span class='ocrx_word' id='word_1_313' title='bbox 2138 218 2202 239; x_wconf 89' lang='lat' dir='ltr'>suo</span> 
     </span>
     <span class='ocr_line' id='line_1_54' title="bbox 1214 257 2200 302; baseline 0.002 -14"><span class='ocrx_word' id='word_1_314' title='bbox 1214 268 1293 298; x_wconf 79' lang='lat' dir='ltr'>erga</span> <span class='ocrx_word' id='word_1_315' title='bbox 1321 257 1576 302; x_wconf 85' lang='lat' dir='ltr'>rempublicam</span> <span class='ocrx_word' id='word_1_316' title='bbox 1601 257 1733 290; x_wconf 87' lang='lat' dir='ltr'>animo.</span> <span class='ocrx_word' id='word_1_317' title='bbox 1786 257 1927 301; x_wconf 77' lang='lat' dir='ltr'>Repetit</span> <span class='ocrx_word' id='word_1_318' title='bbox 1954 262 2071 289; x_wconf 86' lang='lat' dir='ltr'>autem</span> <span class='ocrx_word' id='word_1_319' title='bbox 2091 257 2200 301; x_wconf 89' lang='lat' dir='ltr'>paulo</span> 
     </span>
     <span class='ocr_line' id='line_1_55' title="bbox 1215 307 2205 347; baseline 0.002 -9"><span class='ocrx_word' id='word_1_320' title='bbox 1215 308 1319 341; x_wconf 83' lang='lat' dir='ltr'>altius</span> <span class='ocrx_word' id='word_1_321' title='bbox 1352 309 1395 340; x_wconf 86' lang='lat' dir='ltr'>ab</span> <span class='ocrx_word' id='word_1_322' title='bbox 1430 309 1532 340; x_wconf 90' lang='lat' dir='ltr'>initio</span> <span class='ocrx_word' id='word_1_323' title='bbox 1563 309 1646 341; x_wconf 88' lang='lat' dir='ltr'>belli</span> <span class='ocrx_word' id='word_1_324' title='bbox 1676 308 1787 341; x_wconf 73' lang='lat' dir='ltr'>civilis</span> <span class='ocrx_word' id='word_1_325' title='bbox 1821 314 1896 340; x_wconf 91' lang='lat' dir='ltr'>tum</span> <span class='ocrx_word' id='word_1_326' title='bbox 1925 307 2093 347; x_wconf 85' lang='lat' dir='ltr'>consilia,</span> <span class='ocrx_word' id='word_1_327' title='bbox 2129 313 2205 340; x_wconf 86' lang='lat' dir='ltr'>tum</span> 
     </span>
     <span class='ocr_line' id='line_1_56' title="bbox 1215 358 2205 403; baseline 0.002 -14"><span class='ocrx_word' id='word_1_328' title='bbox 1215 358 1305 390; x_wconf 83' lang='lat' dir='ltr'>facta</span> <span class='ocrx_word' id='word_1_329' title='bbox 1331 371 1414 398; x_wconf 83' lang='lat' dir='ltr'>sua,</span> <span class='ocrx_word' id='word_1_330' title='bbox 1449 372 1490 391; x_wconf 82' lang='lat' dir='ltr'>ex</span> <span class='ocrx_word' id='word_1_331' title='bbox 1516 360 1643 403; x_wconf 89' lang='lat' dir='ltr'>quibus</span> <span class='ocrx_word' id='word_1_332' title='bbox 1677 365 1795 403; x_wconf 84' lang='lat' dir='ltr'>sperat</span> <span class='ocrx_word' id='word_1_333' title='bbox 1826 359 1976 401; x_wconf 79' lang='lat' dir='ltr'>intelligi</span> <span class='ocrx_word' id='word_1_334' title='bbox 2007 369 2127 402; x_wconf 87' lang='lat' dir='ltr'>posse,</span> <span class='ocrx_word' id='word_1_335' title='bbox 2162 370 2205 391; x_wconf 89' lang='lat' dir='ltr'>ne</span> 
     </span>
     <span class='ocr_line' id='line_1_57' title="bbox 1216 409 2206 454; baseline 0.002 -14"><span class='ocrx_word' id='word_1_336' title='bbox 1216 421 1309 441; x_wconf 82' lang='lat' dir='ltr'>nunc</span> <span class='ocrx_word' id='word_1_337' title='bbox 1343 410 1486 454; x_wconf 85' lang='lat' dir='ltr'>quidem</span> <span class='ocrx_word' id='word_1_338' title='bbox 1518 422 1537 442; x_wconf 86' lang='lat' dir='ltr'>a</span> <span class='ocrx_word' id='word_1_339' title='bbox 1571 411 1734 443; x_wconf 85' lang='lat' dir='ltr'>libertate</span> <span class='ocrx_word' id='word_1_340' title='bbox 1770 416 1804 443; x_wconf 88' lang='lat' dir='ltr'>et</span> <span class='ocrx_word' id='word_1_341' title='bbox 1835 409 2017 453; x_wconf 83' lang='lat' dir='ltr'>republica</span> <span class='ocrx_word' id='word_1_342' title='bbox 2051 409 2206 442; x_wconf 86' lang='lat' dir='ltr'>alienum</span> 
     </span>
     <span class='ocr_line' id='line_1_58' title="bbox 1219 472 1304 493; baseline 0.024 -2"><span class='ocrx_word' id='word_1_343' title='bbox 1219 472 1304 493; x_wconf 83' lang='lat' dir='ltr'>esse.</span> 
     </span>
    </p>
   </div>
   <div class='ocr_carea' id='block_1_13' title="bbox 1465 519 1964 562">
    <p class='ocr_par' dir='ltr' id='par_1_13' title="bbox 1465 519 1964 562">
     <span class='ocr_line' id='line_1_59' title="bbox 1465 519 1964 562; baseline 0.004 -11"><span class='ocrx_word' id='word_1_344' title='bbox 1465 519 1598 553; x_wconf 83' lang='lat' dir='ltr'>Aliud</span> <span class='ocrx_word' id='word_1_345' title='bbox 1636 526 1964 562; x_wconf 75' lang='lat' dir='ltr'>argumentum.</span> 
     </span>
    </p>
   </div>
   <div class='ocr_carea' id='block_1_14' title="bbox 1219 575 2212 1080">
    <p class='ocr_par' dir='ltr' id='par_1_14' title="bbox 1219 575 2212 1080">
     <span class='ocr_line' id='line_1_60' title="bbox 1320 575 2207 622; baseline 0.001 -13"><span class='ocrx_word' id='word_1_346' title='bbox 1320 576 1409 610; x_wconf 87' lang='lat' dir='ltr'>Tres</span> <span class='ocrx_word' id='word_1_347' title='bbox 1436 583 1518 610; x_wconf 89' lang='lat' dir='ltr'>sunt</span> <span class='ocrx_word' id='word_1_348' title='bbox 1552 583 1667 621; x_wconf 89' lang='lat' dir='ltr'>partes</span> <span class='ocrx_word' id='word_1_349' title='bbox 1696 575 1799 611; x_wconf 79' lang='lat' dir='ltr'>liuius</span> <span class='ocrx_word' id='word_1_350' title='bbox 1841 578 2021 622; x_wconf 85' lang='lat' dir='ltr'>epistolae.</span> <span class='ocrx_word' id='word_1_351' title='bbox 2085 577 2207 611; x_wconf 84' lang='lat' dir='ltr'>Prima</span> 
     </span>
     <span class='ocr_line' id='line_1_61' title="bbox 1221 628 2207 674; baseline 0 -13"><span class='ocrx_word' id='word_1_352' title='bbox 1221 628 1379 661; x_wconf 84' lang='lat' dir='ltr'>continet</span> <span class='ocrx_word' id='word_1_353' title='bbox 1403 628 1664 661; x_wconf 77' lang='lat' dir='ltr'>excusationem</span> <span class='ocrx_word' id='word_1_354' title='bbox 1692 628 1843 669; x_wconf 89' lang='lat' dir='ltr'>silentii,</span> <span class='ocrx_word' id='word_1_355' title='bbox 1868 630 1962 674; x_wconf 88' lang='lat' dir='ltr'>quod</span> <span class='ocrx_word' id='word_1_356' title='bbox 1989 635 2059 661; x_wconf 87' lang='lat' dir='ltr'>tam</span> <span class='ocrx_word' id='word_1_357' title='bbox 2078 629 2138 661; x_wconf 90' lang='lat' dir='ltr'>diu</span> <span class='ocrx_word' id='word_1_358' title='bbox 2155 629 2207 661; x_wconf 90' lang='lat' dir='ltr'>ni-</span> 
     </span>
     <span class='ocr_line' id='line_1_62' title="bbox 1219 677 2207 723; baseline 0.001 -12"><span class='ocrx_word' id='word_1_359' title='bbox 1219 677 1269 712; x_wconf 90' lang='lat' dir='ltr'>hil</span> <span class='ocrx_word' id='word_1_360' title='bbox 1293 678 1483 722; x_wconf 86' lang='lat' dir='ltr'>scripserit.</span> <span class='ocrx_word' id='word_1_361' title='bbox 1537 679 1696 711; x_wconf 86' lang='lat' dir='ltr'>Secunda</span> <span class='ocrx_word' id='word_1_362' title='bbox 1724 679 1910 723; x_wconf 87' lang='lat' dir='ltr'>pollicetur</span> <span class='ocrx_word' id='word_1_363' title='bbox 1928 692 1963 713; x_wconf 92' lang='lat' dir='ltr'>se</span> <span class='ocrx_word' id='word_1_364' title='bbox 1981 679 2207 714; x_wconf 83' lang='lat' dir='ltr'>defensurum</span> 
     </span>
     <span class='ocr_line' id='line_1_63' title="bbox 1221 729 2209 774; baseline 0 -11"><span class='ocrx_word' id='word_1_365' title='bbox 1221 730 1477 774; x_wconf 84' lang='lat' dir='ltr'>rempublicam</span> <span class='ocrx_word' id='word_1_366' title='bbox 1502 740 1541 761; x_wconf 90' lang='lat' dir='ltr'>ac</span> <span class='ocrx_word' id='word_1_367' title='bbox 1568 729 1787 770; x_wconf 85' lang='lat' dir='ltr'>libertatem,</span> <span class='ocrx_word' id='word_1_368' title='bbox 1826 736 1859 763; x_wconf 86' lang='lat' dir='ltr'>et</span> <span class='ocrx_word' id='word_1_369' title='bbox 1887 730 2033 763; x_wconf 84' lang='lat' dir='ltr'>minime</span> <span class='ocrx_word' id='word_1_370' title='bbox 2062 730 2209 764; x_wconf 88' lang='lat' dir='ltr'>coniun-</span> 
     </span>
     <span class='ocr_line' id='line_1_64' title="bbox 1223 779 2210 825; baseline 0 -11"><span class='ocrx_word' id='word_1_371' title='bbox 1223 788 1359 814; x_wconf 89' lang='lat' dir='ltr'>cturum</span> <span class='ocrx_word' id='word_1_372' title='bbox 1381 793 1458 813; x_wconf 90' lang='lat' dir='ltr'>cum</span> <span class='ocrx_word' id='word_1_373' title='bbox 1472 779 1526 819; x_wconf 86' lang='lat' dir='ltr'>iis,</span> <span class='ocrx_word' id='word_1_374' title='bbox 1545 780 1607 825; x_wconf 86' lang='lat' dir='ltr'>qui</span> <span class='ocrx_word' id='word_1_375' title='bbox 1622 780 1786 813; x_wconf 82' lang='lat' dir='ltr'>affectent</span> <span class='ocrx_word' id='word_1_376' title='bbox 1803 781 2040 825; x_wconf 67' lang='lat' dir='ltr'>tyrannidem.</span> <span class='ocrx_word' id='word_1_377' title='bbox 2068 782 2210 814; x_wconf 89' lang='lat' dir='ltr'>Postre-</span> 
     </span>
     <span class='ocr_line' id='line_1_65' title="bbox 1223 832 2211 876; baseline -0.001 -11"><span class='ocrx_word' id='word_1_378' title='bbox 1223 845 1282 865; x_wconf 90' lang='lat' dir='ltr'>mo</span> <span class='ocrx_word' id='word_1_379' title='bbox 1316 837 1574 865; x_wconf 85' lang='lat' dir='ltr'>commemorat</span> <span class='ocrx_word' id='word_1_380' title='bbox 1593 857 1602 870; x_wconf 94' lang='lat'>,</span> <span class='ocrx_word' id='word_1_381' title='bbox 1644 832 1826 876; x_wconf 89' lang='lat' dir='ltr'>quomodo</span> <span class='ocrx_word' id='word_1_382' title='bbox 1863 844 1943 864; x_wconf 86' lang='lat' dir='ltr'>suas</span> <span class='ocrx_word' id='word_1_383' title='bbox 1984 832 2139 875; x_wconf 85' lang='lat' dir='ltr'>legiones</span> <span class='ocrx_word' id='word_1_384' title='bbox 2175 832 2211 864; x_wconf 91' lang='lat' dir='ltr'>in</span> 
     </span>
     <span class='ocr_line' id='line_1_66' title="bbox 1224 881 2210 926; baseline 0 -11"><span class='ocrx_word' id='word_1_385' title='bbox 1224 883 1290 916; x_wconf 80' lang='lat' dir='ltr'>side</span> <span class='ocrx_word' id='word_1_386' title='bbox 1319 889 1353 915; x_wconf 90' lang='lat' dir='ltr'>et</span> <span class='ocrx_word' id='word_1_387' title='bbox 1379 882 1494 915; x_wconf 81' lang='lat' dir='ltr'>officio</span> <span class='ocrx_word' id='word_1_388' title='bbox 1514 882 1722 921; x_wconf 87' lang='lat' dir='ltr'>retinuerit,</span> <span class='ocrx_word' id='word_1_389' title='bbox 1752 894 1830 914; x_wconf 88' lang='lat' dir='ltr'>cum</span> <span class='ocrx_word' id='word_1_390' title='bbox 1852 894 1871 914; x_wconf 92' lang='lat' dir='ltr'>a</span> <span class='ocrx_word' id='word_1_391' title='bbox 1888 881 2024 926; x_wconf 87' lang='lat' dir='ltr'>Lepido</span> <span class='ocrx_word' id='word_1_392' title='bbox 2052 889 2085 915; x_wconf 90' lang='lat' dir='ltr'>et</span> <span class='ocrx_word' id='word_1_393' title='bbox 2099 882 2210 916; x_wconf 84' lang='lat' dir='ltr'>Anto-</span> 
     </span>
     <span class='ocr_line' id='line_1_67' title="bbox 1224 932 2212 977; baseline -0.001 -11"><span class='ocrx_word' id='word_1_394' title='bbox 1224 934 1284 966; x_wconf 90' lang='lat' dir='ltr'>nio</span> <span class='ocrx_word' id='word_1_395' title='bbox 1303 933 1503 977; x_wconf 88' lang='lat' dir='ltr'>ingentibus</span> <span class='ocrx_word' id='word_1_396' title='bbox 1520 932 1702 976; x_wconf 85' lang='lat' dir='ltr'>promissis</span> <span class='ocrx_word' id='word_1_397' title='bbox 1720 933 1928 966; x_wconf 86' lang='lat' dir='ltr'>sollicitatae</span> <span class='ocrx_word' id='word_1_398' title='bbox 1944 933 2102 967; x_wconf 83' lang='lat' dir='ltr'>fuissent.</span> <span class='ocrx_word' id='word_1_399' title='bbox 2133 933 2212 966; x_wconf 87' lang='lat' dir='ltr'>Asi-</span> 
     </span>
     <span class='ocr_line' id='line_1_68' title="bbox 1226 983 2210 1027; baseline 0.001 -10"><span class='ocrx_word' id='word_1_400' title='bbox 1226 984 1275 1017; x_wconf 92' lang='lat' dir='ltr'>nii</span> <span class='ocrx_word' id='word_1_401' title='bbox 1291 984 1464 1017; x_wconf 89' lang='lat' dir='ltr'>Pollionis</span> <span class='ocrx_word' id='word_1_402' title='bbox 1482 985 1520 1016; x_wconf 87' lang='lat' dir='ltr'>fit</span> <span class='ocrx_word' id='word_1_403' title='bbox 1537 983 1672 1015; x_wconf 88' lang='lat' dir='ltr'>mentio</span> <span class='ocrx_word' id='word_1_404' title='bbox 1692 984 1786 1027; x_wconf 89' lang='lat' dir='ltr'>apud</span> <span class='ocrx_word' id='word_1_405' title='bbox 1808 983 2071 1027; x_wconf 82' lang='lat' dir='ltr'>Quintilianum</span> <span class='ocrx_word' id='word_1_406' title='bbox 2089 984 2150 1018; x_wconf 90' lang='lat' dir='ltr'>lib.</span> <span class='ocrx_word' id='word_1_407' title='bbox 2168 984 2210 1018; x_wconf 83' lang='lat' dir='ltr'>X.</span> 
     </span>
     <span class='ocr_line' id='line_1_69' title="bbox 1226 1034 2078 1080; baseline 0 -11"><span class='ocrx_word' id='word_1_408' title='bbox 1226 1048 1301 1080; x_wconf 85' lang='lat' dir='ltr'>cap.</span> <span class='ocrx_word' id='word_1_409' title='bbox 1319 1034 1356 1074; x_wconf 85' lang='lat' dir='ltr'>L,</span> <span class='ocrx_word' id='word_1_410' title='bbox 1384 1034 1444 1068; x_wconf 88' lang='lat' dir='ltr'>ubi</span> <span class='ocrx_word' id='word_1_411' title='bbox 1467 1034 1592 1067; x_wconf 87' lang='lat' dir='ltr'>tribuit</span> <span class='ocrx_word' id='word_1_412' title='bbox 1615 1034 1647 1066; x_wconf 88' lang='lat' dir='ltr'>ei</span> <span class='ocrx_word' id='word_1_413' title='bbox 1669 1034 1900 1067; x_wconf 85' lang='lat' dir='ltr'>subtilitatem</span> <span class='ocrx_word' id='word_1_414' title='bbox 1925 1034 2078 1069; x_wconf 86' lang='lat' dir='ltr'>dicendi.</span> 
     </span>
    </p>
   </div>
   <div class='ocr_carea' id='block_1_15' title="bbox 1335 1121 2082 1169">
    <p class='ocr_par' dir='ltr' id='par_1_15' title="bbox 1335 1121 2082 1169">
     <span class='ocr_line' id='line_1_70' title="bbox 1335 1121 2082 1169; baseline -0.003 -11"><span class='ocrx_word' id='word_1_415' title='bbox 1335 1125 1660 1169; x_wconf 85' lang='lat' dir='ltr'>Argumentum</span> <span class='ocrx_word' id='word_1_416' title='bbox 1689 1123 1917 1167; x_wconf 88' lang='lat' dir='ltr'>epistolae</span> <span class='ocrx_word' id='word_1_417' title='bbox 1944 1121 2082 1157; x_wconf 86' lang='lat' dir='ltr'>XXXII.</span> 
     </span>
    </p>
   </div>
   <div class='ocr_carea' id='block_1_16' title="bbox 1227 1181 2213 1280">
    <p class='ocr_par' dir='ltr' id='par_1_16' title="bbox 1227 1181 2213 1280">
     <span class='ocr_line' id='line_1_71' title="bbox 1327 1181 2213 1230; baseline -0.002 -12"><span class='ocrx_word' id='word_1_418' title='bbox 1327 1184 1495 1219; x_wconf 72' lang='lat' dir='ltr'>Narratio</span> <span class='ocrx_word' id='word_1_419' title='bbox 1505 1183 1551 1230; x_wconf 75' lang='lat'>⁷⁷)</span> <span class='ocrx_word' id='word_1_420' title='bbox 1569 1184 1768 1215; x_wconf 82' lang='lat' dir='ltr'>facinorum</span> <span class='ocrx_word' id='word_1_421' title='bbox 1781 1209 1790 1223; x_wconf 90' lang='lat'>‚</span> <span class='ocrx_word' id='word_1_422' title='bbox 1818 1193 1908 1227; x_wconf 87' lang='lat' dir='ltr'>quae</span> <span class='ocrx_word' id='word_1_423' title='bbox 1939 1193 1959 1214; x_wconf 87' lang='lat' dir='ltr'>a</span> <span class='ocrx_word' id='word_1_424' title='bbox 1973 1181 2086 1216; x_wconf 86' lang='lat' dir='ltr'>Balbo</span> <span class='ocrx_word' id='word_1_425' title='bbox 2106 1194 2213 1228; x_wconf 88' lang='lat' dir='ltr'>quae-</span> 
     </span>
     <span class='ocr_line' id='line_1_72' title="bbox 1227 1233 1709 1280; baseline -0.004 -10"><span class='ocrx_word' id='word_1_426' title='bbox 1227 1243 1320 1270; x_wconf 87' lang='lat' dir='ltr'>store</span> <span class='ocrx_word' id='word_1_427' title='bbox 1339 1242 1421 1269; x_wconf 88' lang='lat' dir='ltr'>sunt</span> <span class='ocrx_word' id='word_1_428' title='bbox 1437 1240 1640 1279; x_wconf 87' lang='lat' dir='ltr'>perpetrata</span> <span class='ocrx_word' id='word_1_429' title='bbox 1650 1233 1709 1280; x_wconf 75' lang='lat'>7⁸).</span> 
     </span>
    </p>
   </div>
   <div class='ocr_carea' id='block_1_17' title="bbox 1438 1309 1998 1355">
    <p class='ocr_par' dir='ltr' id='par_1_17' title="bbox 1438 1309 1998 1355">
     <span class='ocr_line' id='line_1_73' title="bbox 1438 1309 1998 1355; baseline 0.002 -13"><span class='ocrx_word' id='word_1_430' title='bbox 1438 1309 1574 1342; x_wconf 90' lang='lat' dir='ltr'>Aliud</span> <span class='ocrx_word' id='word_1_431' title='bbox 1609 1314 1920 1353; x_wconf 85' lang='lat' dir='ltr'>argumentum</span> <span class='ocrx_word' id='word_1_432' title='bbox 1940 1309 1998 1355; x_wconf 77' lang='lat'>⁷⁰).</span> 
     </span>
    </p>
   </div>
   <div class='ocr_carea' id='block_1_18' title="bbox 1228 1366 2217 1715">
    <p class='ocr_par' dir='ltr' id='par_1_18' title="bbox 1228 1366 2217 1715">
     <span class='ocr_line' id='line_1_74' title="bbox 1330 1366 2215 1413; baseline 0.001 -12"><span class='ocrx_word' id='word_1_433' title='bbox 1330 1368 1471 1412; x_wconf 74' lang='lat' dir='ltr'>Duplex</span> <span class='ocrx_word' id='word_1_434' title='bbox 1486 1366 1592 1401; x_wconf 87' lang='lat' dir='ltr'>habet</span> <span class='ocrx_word' id='word_1_435' title='bbox 1609 1374 1870 1412; x_wconf 84' lang='lat' dir='ltr'>argumentum,</span> <span class='ocrx_word' id='word_1_436' title='bbox 1899 1374 2019 1413; x_wconf 88' lang='lat' dir='ltr'>estque</span> <span class='ocrx_word' id='word_1_437' title='bbox 2041 1375 2113 1402; x_wconf 89' lang='lat' dir='ltr'>tota</span> <span class='ocrx_word' id='word_1_438' title='bbox 2132 1381 2215 1402; x_wconf 88' lang='lat' dir='ltr'>nar-</span> 
     </span>
     <span class='ocr_line' id='line_1_75' title="bbox 1228 1419 2215 1464; baseline 0.001 -13"><span class='ocrx_word' id='word_1_439' title='bbox 1228 1420 1375 1453; x_wconf 86' lang='lat' dir='ltr'>ratoria.</span> <span class='ocrx_word' id='word_1_440' title='bbox 1429 1420 1552 1452; x_wconf 88' lang='lat' dir='ltr'>Primo</span> <span class='ocrx_word' id='word_1_441' title='bbox 1571 1419 1664 1451; x_wconf 89' lang='lat' dir='ltr'>enim</span> <span class='ocrx_word' id='word_1_442' title='bbox 1693 1425 1950 1451; x_wconf 86' lang='lat' dir='ltr'>commemorat</span> <span class='ocrx_word' id='word_1_443' title='bbox 1973 1420 2089 1452; x_wconf 89' lang='lat' dir='ltr'>Pollio</span> <span class='ocrx_word' id='word_1_444' title='bbox 2112 1420 2215 1464; x_wconf 86' lang='lat' dir='ltr'>perfi-</span> 
     </span>
     <span class='ocr_line' id='line_1_76' title="bbox 1229 1469 2215 1515; baseline 0.002 -13"><span class='ocrx_word' id='word_1_445' title='bbox 1229 1470 1324 1503; x_wconf 88' lang='lat' dir='ltr'>diam</span> <span class='ocrx_word' id='word_1_446' title='bbox 1345 1476 1379 1502; x_wconf 89' lang='lat' dir='ltr'>et</span> <span class='ocrx_word' id='word_1_447' title='bbox 1410 1469 1636 1514; x_wconf 71' lang='lat' dir='ltr'>tyrannidem</span> <span class='ocrx_word' id='word_1_448' title='bbox 1658 1469 1763 1502; x_wconf 84' lang='lat' dir='ltr'>Balbi</span> <span class='ocrx_word' id='word_1_449' title='bbox 1780 1469 1849 1514; x_wconf 38' lang='lat' dir='ltr'>{sui</span> <span class='ocrx_word' id='word_1_450' title='bbox 1877 1471 2093 1514; x_wconf 83' lang='lat' dir='ltr'>quaestoris,</span> <span class='ocrx_word' id='word_1_451' title='bbox 2128 1483 2215 1515; x_wconf 80' lang='lat' dir='ltr'>quo-</span> 
     </span>
     <span class='ocr_line' id='line_1_77' title="bbox 1229 1519 2215 1564; baseline 0.001 -11"><span class='ocrx_word' id='word_1_452' title='bbox 1229 1522 1336 1553; x_wconf 92' lang='lat' dir='ltr'>modo</span> <span class='ocrx_word' id='word_1_453' title='bbox 1360 1521 1388 1553; x_wconf 89' lang='lat' dir='ltr'>is</span> <span class='ocrx_word' id='word_1_454' title='bbox 1414 1521 1639 1564; x_wconf 89' lang='lat' dir='ltr'>depeculatus</span> <span class='ocrx_word' id='word_1_455' title='bbox 1664 1521 1708 1553; x_wconf 89' lang='lat' dir='ltr'>sit</span> <span class='ocrx_word' id='word_1_456' title='bbox 1723 1519 1965 1564; x_wconf 85' lang='lat' dir='ltr'>provinciam,</span> <span class='ocrx_word' id='word_1_457' title='bbox 1993 1527 2027 1553; x_wconf 88' lang='lat' dir='ltr'>et</span> <span class='ocrx_word' id='word_1_458' title='bbox 2044 1521 2215 1554; x_wconf 82' lang='lat' dir='ltr'>immania</span> 
     </span>
     <span class='ocr_line' id='line_1_78' title="bbox 1228 1570 2214 1614; baseline 0.001 -11"><span class='ocrx_word' id='word_1_459' title='bbox 1228 1572 1361 1614; x_wconf 87' lang='lat' dir='ltr'>flagitia</span> <span class='ocrx_word' id='word_1_460' title='bbox 1380 1571 1416 1603; x_wconf 89' lang='lat' dir='ltr'>in</span> <span class='ocrx_word' id='word_1_461' title='bbox 1430 1571 1544 1605; x_wconf 91' lang='lat' dir='ltr'>socios</span> <span class='ocrx_word' id='word_1_462' title='bbox 1566 1577 1600 1603; x_wconf 92' lang='lat' dir='ltr'>et</span> <span class='ocrx_word' id='word_1_463' title='bbox 1623 1571 1659 1603; x_wconf 91' lang='lat' dir='ltr'>in</span> <span class='ocrx_word' id='word_1_464' title='bbox 1686 1571 1777 1604; x_wconf 70' lang='lat' dir='ltr'>cives</span> <span class='ocrx_word' id='word_1_465' title='bbox 1798 1570 1983 1604; x_wconf 84' lang='lat' dir='ltr'>Romanos</span> <span class='ocrx_word' id='word_1_466' title='bbox 2009 1572 2214 1605; x_wconf 86' lang='lat' dir='ltr'>exercuerit.</span> 
     </span>
     <span class='ocr_line' id='line_1_79' title="bbox 1228 1621 2217 1666; baseline 0 -12"><span class='ocrx_word' id='word_1_467' title='bbox 1228 1622 1366 1655; x_wconf 88' lang='lat' dir='ltr'>Deinde</span> <span class='ocrx_word' id='word_1_468' title='bbox 1390 1635 1534 1655; x_wconf 81' lang='lat' dir='ltr'>suarum</span> <span class='ocrx_word' id='word_1_469' title='bbox 1561 1634 1681 1654; x_wconf 86' lang='lat' dir='ltr'>rerum</span> <span class='ocrx_word' id='word_1_470' title='bbox 1705 1627 1835 1655; x_wconf 82' lang='lat' dir='ltr'>statum</span> <span class='ocrx_word' id='word_1_471' title='bbox 1866 1621 2021 1661; x_wconf 87' lang='lat' dir='ltr'>indicat,</span> <span class='ocrx_word' id='word_1_472' title='bbox 2058 1629 2091 1655; x_wconf 88' lang='lat' dir='ltr'>et</span> <span class='ocrx_word' id='word_1_473' title='bbox 2116 1629 2217 1666; x_wconf 85' lang='lat' dir='ltr'>optat</span> 
     </span>
     <span class='ocr_line' id='line_1_80' title="bbox 1230 1673 2215 1715; baseline 0 -9"><span class='ocrx_word' id='word_1_474' title='bbox 1230 1673 1296 1706; x_wconf 85' lang='lat' dir='ltr'>sibi</span> <span class='ocrx_word' id='word_1_475' title='bbox 1314 1686 1332 1705; x_wconf 88' lang='lat' dir='ltr'>a</span> <span class='ocrx_word' id='word_1_476' title='bbox 1351 1679 1474 1706; x_wconf 87' lang='lat' dir='ltr'>senatu</span> <span class='ocrx_word' id='word_1_477' title='bbox 1490 1674 1658 1705; x_wconf 87' lang='lat' dir='ltr'>mandata</span> <span class='ocrx_word' id='word_1_478' title='bbox 1674 1684 1793 1704; x_wconf 88' lang='lat' dir='ltr'>rerum</span> <span class='ocrx_word' id='word_1_479' title='bbox 1814 1673 2050 1715; x_wconf 87' lang='lat' dir='ltr'>gerendarum</span> <span class='ocrx_word' id='word_1_480' title='bbox 2068 1673 2158 1714; x_wconf 87' lang='lat' dir='ltr'>dari,</span> <span class='ocrx_word' id='word_1_481' title='bbox 2175 1685 2215 1706; x_wconf 86' lang='lat' dir='ltr'>ac</span> 
     </span>
    </p>
   </div>
   <div class='ocr_carea' id='block_1_19' title="bbox 1231 1723 2215 1810">
    <p class='ocr_par' dir='ltr' id='par_1_19' title="bbox 1231 1723 2215 1810">
     <span class='ocr_line' id='line_1_81' title="bbox 1231 1723 2215 1769; baseline -0.001 -12"><span class='ocrx_word' id='word_1_482' title='bbox 1231 1724 1335 1757; x_wconf 87' lang='lat' dir='ltr'>simul</span> <span class='ocrx_word' id='word_1_483' title='bbox 1363 1723 1586 1768; x_wconf 83' lang='lat' dir='ltr'>diligentiam</span> <span class='ocrx_word' id='word_1_484' title='bbox 1617 1735 1716 1756; x_wconf 86' lang='lat' dir='ltr'>suam</span> <span class='ocrx_word' id='word_1_485' title='bbox 1750 1723 1787 1755; x_wconf 86' lang='lat' dir='ltr'>in</span> <span class='ocrx_word' id='word_1_486' title='bbox 1818 1723 2045 1769; x_wconf 87' lang='lat' dir='ltr'>obsequendo</span> <span class='ocrx_word' id='word_1_487' title='bbox 2078 1725 2215 1758; x_wconf 87' lang='lat' dir='ltr'>senatui</span> 
     </span>
     <span class='ocr_line' id='line_1_82' title="bbox 1233 1776 1400 1810; baseline 0.006 -2"><span class='ocrx_word' id='word_1_488' title='bbox 1233 1776 1400 1810; x_wconf 83' lang='lat' dir='ltr'>declarat.</span> 
     </span>
    </p>
   </div>
   <div class='ocr_carea' id='block_1_20' title="bbox 1475 1842 1966 1886">
    <p class='ocr_par' dir='ltr' id='par_1_20' title="bbox 1475 1842 1966 1886">
     <span class='ocr_line' id='line_1_83' title="bbox 1475 1842 1966 1886; baseline 0 -10"><span class='ocrx_word' id='word_1_489' title='bbox 1475 1842 1613 1876; x_wconf 85' lang='lat' dir='ltr'>Aliud</span> <span class='ocrx_word' id='word_1_490' title='bbox 1646 1847 1966 1886; x_wconf 87' lang='lat' dir='ltr'>argumentum.</span> 
     </span>
    </p>
   </div>
   <div class='ocr_carea' id='block_1_21' title="bbox 1235 1897 2327 2423">
    <p class='ocr_par' dir='ltr' id='par_1_21' title="bbox 1235 1897 2327 2423">
     <span class='ocr_line' id='line_1_84' title="bbox 1335 1897 2327 1947; baseline -0.001 -11"><span class='ocrx_word' id='word_1_491' title='bbox 1335 1902 1494 1947; x_wconf 84' lang='lat' dir='ltr'>Epistola</span> <span class='ocrx_word' id='word_1_492' title='bbox 1509 1908 1646 1936; x_wconf 89' lang='lat' dir='ltr'>constat</span> <span class='ocrx_word' id='word_1_493' title='bbox 1664 1901 1800 1934; x_wconf 88' lang='lat' dir='ltr'>duabus</span> <span class='ocrx_word' id='word_1_494' title='bbox 1818 1902 1988 1945; x_wconf 84' lang='lat' dir='ltr'>partibus,</span> <span class='ocrx_word' id='word_1_495' title='bbox 2018 1902 2157 1946; x_wconf 88' lang='lat' dir='ltr'>querela</span> <span class='ocrx_word' id='word_1_496' title='bbox 2182 1910 2214 1935; x_wconf 87' lang='lat' dir='ltr'>et</span> <span class='ocrx_word' id='word_1_497' title='bbox 2324 1897 2327 1947; x_wconf 86' lang='grc' dir='ltr'>Ι</span> 
     </span>
     <span class='ocr_line' id='line_1_85' title="bbox 1235 1951 2215 1997; baseline -0.002 -9"><span class='ocrx_word' id='word_1_498' title='bbox 1235 1954 1490 1997; x_wconf 85' lang='lat' dir='ltr'>significatione</span> <span class='ocrx_word' id='word_1_499' title='bbox 1513 1953 1567 1986; x_wconf 87' lang='lat' dir='ltr'>sui</span> <span class='ocrx_word' id='word_1_500' title='bbox 1598 1952 1709 1985; x_wconf 85' lang='lat' dir='ltr'>animi</span> <span class='ocrx_word' id='word_1_501' title='bbox 1734 1963 1774 1984; x_wconf 91' lang='lat' dir='ltr'>ac</span> <span class='ocrx_word' id='word_1_502' title='bbox 1797 1951 1989 1985; x_wconf 84' lang='lat' dir='ltr'>voluntatis</span> <span class='ocrx_word' id='word_1_503' title='bbox 2018 1965 2098 1997; x_wconf 90' lang='lat' dir='ltr'>erga</span> <span class='ocrx_word' id='word_1_504' title='bbox 2124 1966 2215 1986; x_wconf 87' lang='lat' dir='ltr'>rem-</span> 
     </span>
     <span class='ocr_line' id='line_1_86' title="bbox 1237 1950 2327 2055; baseline -0.001 -16"><span class='ocrx_word' id='word_1_505' title='bbox 1237 2005 1427 2050; x_wconf 84' lang='lat' dir='ltr'>publicam.</span> <span class='ocrx_word' id='word_1_506' title='bbox 1481 2003 1635 2049; x_wconf 84' lang='lat' dir='ltr'>Querela</span> <span class='ocrx_word' id='word_1_507' title='bbox 1653 2009 1704 2036; x_wconf 90' lang='lat' dir='ltr'>est</span> <span class='ocrx_word' id='word_1_508' title='bbox 1721 2002 1886 2052; x_wconf 29' lang='lat' dir='ltr'>delssalbo</span> <span class='ocrx_word' id='word_1_509' title='bbox 1902 2010 2101 2048; x_wconf 88' lang='lat' dir='ltr'>quaestore,</span> <span class='ocrx_word' id='word_1_510' title='bbox 2119 2007 2214 2050; x_wconf 90' lang='lat' dir='ltr'>quod</span> <span class='ocrx_word' id='word_1_511' title='bbox 2322 1950 2327 2055; x_wconf 80' lang='grc' dir='ltr'>Ι</span> 
     </span>
     <span class='ocr_line' id='line_1_87' title="bbox 1238 2053 2215 2099; baseline 0 -9"><span class='ocrx_word' id='word_1_512' title='bbox 1238 2057 1265 2090; x_wconf 89' lang='lat' dir='ltr'>is</span> <span class='ocrx_word' id='word_1_513' title='bbox 1294 2057 1404 2089; x_wconf 86' lang='lat' dir='ltr'>multa</span> <span class='ocrx_word' id='word_1_514' title='bbox 1435 2055 1622 2088; x_wconf 87' lang='lat' dir='ltr'>crudeliter</span> <span class='ocrx_word' id='word_1_515' title='bbox 1644 2060 1678 2086; x_wconf 91' lang='lat' dir='ltr'>et</span> <span class='ocrx_word' id='word_1_516' title='bbox 1704 2053 1874 2096; x_wconf 81' lang='lat' dir='ltr'>flagitiose</span> <span class='ocrx_word' id='word_1_517' title='bbox 1897 2055 2055 2088; x_wconf 86' lang='lat' dir='ltr'>Gadibus</span> <span class='ocrx_word' id='word_1_518' title='bbox 2079 2056 2215 2099; x_wconf 85' lang='lat' dir='ltr'>egisset.</span> 
     </span>
     <span class='ocr_line' id='line_1_88' title="bbox 1238 2058 2326 2211; baseline 0.002 -72"><span class='ocrx_word' id='word_1_519' title='bbox 1238 2107 1452 2151; x_wconf 83' lang='lat' dir='ltr'>Significatio</span> <span class='ocrx_word' id='word_1_520' title='bbox 1475 2118 1577 2145; x_wconf 86' lang='lat' dir='ltr'>vero,</span> <span class='ocrx_word' id='word_1_521' title='bbox 1619 2116 1707 2150; x_wconf 90' lang='lat' dir='ltr'>quae</span> <span class='ocrx_word' id='word_1_522' title='bbox 1734 2110 1785 2137; x_wconf 84' lang='lat' dir='ltr'>est</span> <span class='ocrx_word' id='word_1_523' title='bbox 1804 2104 1912 2137; x_wconf 89' lang='lat' dir='ltr'>altera</span> <span class='ocrx_word' id='word_1_524' title='bbox 1938 2106 2116 2147; x_wconf 86' lang='lat' dir='ltr'>narratio,</span> <span class='ocrx_word' id='word_1_525' title='bbox 2143 2108 2215 2151; x_wconf 88' lang='lat' dir='ltr'>pri·</span> <span class='ocrx_word' id='word_1_526' title='bbox 2321 2058 2326 2211; x_wconf 72' lang='grc' dir='ltr'>Ι</span> 
     </span>
     <span class='ocr_line' id='line_1_89' title="bbox 1238 2155 2215 2201; baseline 0 -9"><span class='ocrx_word' id='word_1_527' title='bbox 1238 2172 1336 2192; x_wconf 90' lang='lat' dir='ltr'>mum</span> <span class='ocrx_word' id='word_1_528' title='bbox 1354 2157 1460 2191; x_wconf 87' lang='lat' dir='ltr'>habet</span> <span class='ocrx_word' id='word_1_529' title='bbox 1474 2155 1766 2201; x_wconf 87' lang='lat' dir='ltr'>pollicitationem</span> <span class='ocrx_word' id='word_1_530' title='bbox 1793 2156 1952 2200; x_wconf 87' lang='lat' dir='ltr'>prompti</span> <span class='ocrx_word' id='word_1_531' title='bbox 1969 2157 2080 2190; x_wconf 88' lang='lat' dir='ltr'>animi</span> <span class='ocrx_word' id='word_1_532' title='bbox 2096 2159 2140 2191; x_wconf 91' lang='lat' dir='ltr'>ad</span> <span class='ocrx_word' id='word_1_533' title='bbox 2157 2159 2215 2192; x_wconf 89' lang='lat' dir='ltr'>de-</span> 
     </span>
     <span class='ocr_line' id='line_1_90' title="bbox 1238 2206 2216 2252; baseline -0.001 -8"><span class='ocrx_word' id='word_1_534' title='bbox 1238 2211 1433 2244; x_wconf 78' lang='lat' dir='ltr'>fensionem</span> <span class='ocrx_word' id='word_1_535' title='bbox 1461 2207 1698 2252; x_wconf 88' lang='lat' dir='ltr'>reipublicae;</span> <span class='ocrx_word' id='word_1_536' title='bbox 1740 2206 1866 2239; x_wconf 88' lang='lat' dir='ltr'>deinde</span> <span class='ocrx_word' id='word_1_537' title='bbox 1899 2209 2216 2249; x_wconf 82' lang='lat' dir='ltr'>enumerationem,</span> 
     </span>
     <span class='ocr_line' id='line_1_91' title="bbox 1237 2219 2325 2423; baseline -0.004 -128"><span class='ocrx_word' id='word_1_538' title='bbox 1237 2274 1327 2308; x_wconf 82' lang='lat' dir='ltr'>quae</span> <span class='ocrx_word' id='word_1_539' title='bbox 1355 2262 1391 2293; x_wconf 90' lang='lat' dir='ltr'>in</span> <span class='ocrx_word' id='word_1_540' title='bbox 1412 2259 1563 2293; x_wconf 78' lang='lat' dir='ltr'>exercitu</span> <span class='ocrx_word' id='word_1_541' title='bbox 1581 2264 1614 2291; x_wconf 88' lang='lat' dir='ltr'>et</span> <span class='ocrx_word' id='word_1_542' title='bbox 1640 2257 1676 2290; x_wconf 89' lang='lat' dir='ltr'>in</span> <span class='ocrx_word' id='word_1_543' title='bbox 1701 2257 1883 2301; x_wconf 66' lang='lat' dir='ltr'>provincia</span> <span class='ocrx_word' id='word_1_544' title='bbox 1903 2259 2023 2302; x_wconf 82' lang='lat' dir='ltr'>egerit.</span> <span class='ocrx_word' id='word_1_545' title='bbox 2315 2219 2325 2423; x_wconf 72' lang='grc' dir='ltr'><em>Ι</em></span> 
     </span>
    </p>
   </div>
   <div class='ocr_carea' id='block_1_22' title="bbox 1478 2334 1967 2378">
    <p class='ocr_par' dir='ltr' id='par_1_22' title="bbox 1478 2334 1967 2378">
     <span class='ocr_line' id='line_1_92' title="bbox 1478 2334 1967 2378; baseline 0.004 -11"><span class='ocrx_word' id='word_1_546' title='bbox 1478 2334 1614 2368; x_wconf 63' lang='lat' dir='ltr'>Aliud</span> <span class='ocrx_word' id='word_1_547' title='bbox 1642 2340 1967 2378; x_wconf 85' lang='lat' dir='ltr'>argumentum.</span> 
     </span>
    </p>
   </div>
   <div class='ocr_carea' id='block_1_23' title="bbox 1236 2394 2214 2495">
    <p class='ocr_par' dir='ltr' id='par_1_23' title="bbox 1236 2394 2214 2495">
     <span class='ocr_line' id='line_1_93' title="bbox 1335 2394 2214 2438; baseline -0.002 -8"><span class='ocrx_word' id='word_1_548' title='bbox 1335 2395 1501 2431; x_wconf 83' lang='lat' dir='ltr'>Narratio</span> <span class='ocrx_word' id='word_1_549' title='bbox 1544 2394 1644 2438; x_wconf 88' lang='lat' dir='ltr'>prior</span> <span class='ocrx_word' id='word_1_550' title='bbox 1684 2394 1841 2427; x_wconf 85' lang='lat' dir='ltr'>continet</span> <span class='ocrx_word' id='word_1_551' title='bbox 1880 2394 2137 2428; x_wconf 87' lang='lat' dir='ltr'>accusationem</span> <span class='ocrx_word' id='word_1_552' title='bbox 2182 2402 2214 2428; x_wconf 84' lang='lat' dir='ltr'>et</span> 
     </span>
     <span class='ocr_line' id='line_1_94' title="bbox 1236 2446 2214 2495; baseline -0.005 -12"><span class='ocrx_word' id='word_1_553' title='bbox 1236 2450 1416 2495; x_wconf 83' lang='lat' dir='ltr'>querelam</span> <span class='ocrx_word' id='word_1_554' title='bbox 1435 2448 1476 2479; x_wconf 91' lang='lat' dir='ltr'>de</span> <span class='ocrx_word' id='word_1_555' title='bbox 1495 2446 1607 2478; x_wconf 86' lang='lat' dir='ltr'>Balbo</span> <span class='ocrx_word' id='word_1_556' title='bbox 1630 2451 1829 2490; x_wconf 84' lang='lat' dir='ltr'>quaestore,</span> <span class='ocrx_word' id='word_1_557' title='bbox 1856 2451 1979 2478; x_wconf 87' lang='lat' dir='ltr'>narrat</span> <span class='ocrx_word' id='word_1_558' title='bbox 1996 2446 2068 2479; x_wconf 90' lang='lat' dir='ltr'>eius</span> <span class='ocrx_word' id='word_1_559' title='bbox 2084 2446 2214 2490; x_wconf 83' lang='lat' dir='ltr'>fugam,</span> 
     </span>
    </p>
   </div>
   <div class='ocr_carea' id='block_1_24' title="bbox 1236 2519 1293 2526">
    <p class='ocr_par' dir='ltr' id='par_1_24' title="bbox 1236 2519 1293 2526">
     <span class='ocr_line' id='line_1_95' title="bbox 1236 2519 1293 2526; baseline 0 -3"><span class='ocrx_word' id='word_1_560' title='bbox 1236 2519 1293 2526; x_wconf 46' lang='lat'>*—</span> 
     </span>
    </p>
   </div>
   <div class='ocr_carea' id='block_1_25' title="bbox 1264 2543 2216 2744">
    <p class='ocr_par' dir='ltr' id='par_1_25' title="bbox 1267 2543 2212 2612">
     <span class='ocr_line' id='line_1_96' title="bbox 1267 2543 2212 2578; baseline -0.007 -4"><span class='ocrx_word' id='word_1_561' title='bbox 1267 2551 1314 2578; x_wconf 81' lang='grc'>77)</span> <span class='ocrx_word' id='word_1_562' title='bbox 1334 2548 1401 2573; x_wconf 76' lang='lat' dir='ltr'>nuic</span> <span class='ocrx_word' id='word_1_563' title='bbox 1433 2546 1492 2570; x_wconf 82' lang='lat' dir='ltr'>voci</span> <span class='ocrx_word' id='word_1_564' title='bbox 1520 2545 1546 2568; x_wconf 89' lang='lat' dir='ltr'>in</span> <span class='ocrx_word' id='word_1_565' title='bbox 1572 2545 1654 2569; x_wconf 82' lang='lat' dir='ltr'>Editt.</span> <span class='ocrx_word' id='word_1_566' title='bbox 1680 2545 1770 2573; x_wconf 73' lang='lat'>1545..</span> <span class='ocrx_word' id='word_1_567' title='bbox 1805 2544 1877 2568; x_wconf 81' lang='lat'>1560.</span> <span class='ocrx_word' id='word_1_568' title='bbox 1911 2543 2029 2573; x_wconf 78' lang='lat' dir='ltr'>praefixa</span> <span class='ocrx_word' id='word_1_569' title='bbox 2062 2546 2125 2567; x_wconf 86' lang='lat' dir='ltr'>sunt</span> <span class='ocrx_word' id='word_1_570' title='bbox 2159 2544 2212 2568; x_wconf 73' lang='lat' dir='ltr'>Cic*</span> 
     </span>
     <span class='ocr_line' id='line_1_97' title="bbox 1301 2580 1813 2612; baseline -0.012 -5"><span class='ocrx_word' id='word_1_571' title='bbox 1301 2585 1383 2608; x_wconf 80' lang='lat' dir='ltr'>verba</span> <span class='ocrx_word' id='word_1_572' title='bbox 1403 2580 1442 2612; x_wconf 65' lang='grc' dir='ltr'>(ξ.</span> <span class='ocrx_word' id='word_1_573' title='bbox 1459 2581 1513 2607; x_wconf 80' lang='grc'>1.);</span> <span class='ocrx_word' id='word_1_574' title='bbox 1535 2581 1646 2604; x_wconf 73' lang='lat' dir='ltr'>Balbus</span> <span class='ocrx_word' id='word_1_575' title='bbox 1665 2580 1813 2609; x_wconf 76' lang='lat' dir='ltr'>quaestor.</span> 
     </span>
    </p>

    <p class='ocr_par' dir='ltr' id='par_1_26' title="bbox 1266 2611 2215 2646">
     <span class='ocr_line' id='line_1_98' title="bbox 1266 2611 2215 2646; baseline -0.004 -5"><span class='ocrx_word' id='word_1_576' title='bbox 1266 2619 1314 2646; x_wconf 81' lang='grc'>78)</span> <span class='ocrx_word' id='word_1_577' title='bbox 1337 2618 1392 2640; x_wconf 76' lang='lat' dir='ltr'>Hoc</span> <span class='ocrx_word' id='word_1_578' title='bbox 1406 2616 1594 2646; x_wconf 70' lang='lat' dir='ltr'>argumentum</span> <span class='ocrx_word' id='word_1_579' title='bbox 1607 2614 1706 2637; x_wconf 85' lang='lat' dir='ltr'>habent</span> <span class='ocrx_word' id='word_1_580' title='bbox 1719 2613 1802 2637; x_wconf 79' lang='lat' dir='ltr'>Editt.</span> <span class='ocrx_word' id='word_1_581' title='bbox 1816 2611 2015 2642; x_wconf 63' lang='lat'>15:37-1545„</span> <span class='ocrx_word' id='word_1_582' title='bbox 2031 2611 2115 2643; x_wconf 55' lang='lat'>1554„</span> <span class='ocrx_word' id='word_1_583' title='bbox 2131 2613 2215 2637; x_wconf 76' lang='lat'>¹557..</span> 
     </span>
    </p>

    <p class='ocr_par' dir='ltr' id='par_1_27' title="bbox 1264 2652 2216 2744">
     <span class='ocr_line' id='line_1_99' title="bbox 1264 2652 2216 2718; baseline -0.004 -9"><span class='ocrx_word' id='word_1_584' title='bbox 1264 2652 1389 2718; x_wconf 52' lang='lat' dir='ltr'>7931&gt;ga</span> <span class='ocrx_word' id='word_1_585' title='bbox 1406 2683 1594 2714; x_wconf 79' lang='lat' dir='ltr'>argumentum</span> <span class='ocrx_word' id='word_1_586' title='bbox 1613 2683 1639 2706; x_wconf 79' lang='lat' dir='ltr'>ct</span> <span class='ocrx_word' id='word_1_587' title='bbox 1656 2682 1708 2706; x_wconf 89' lang='lat' dir='ltr'>duo</span> <span class='ocrx_word' id='word_1_588' title='bbox 1730 2680 1872 2712; x_wconf 79' lang='lat' dir='ltr'>sequentia</span> <span class='ocrx_word' id='word_1_589' title='bbox 1892 2680 1920 2705; x_wconf 87' lang='lat' dir='ltr'>in</span> <span class='ocrx_word' id='word_1_590' title='bbox 1938 2679 2022 2704; x_wconf 82' lang='lat' dir='ltr'>Editt.</span> <span class='ocrx_word' id='word_1_591' title='bbox 2044 2680 2130 2711; x_wconf 55' lang='lat'>1556„</span> <span class='ocrx_word' id='word_1_592' title='bbox 2152 2681 2216 2705; x_wconf 72' lang='lat'>1565</span> 
     </span>
     <span class='ocr_line' id='line_1_100' title="bbox 1300 2717 1751 2744; baseline -0.013 0"><span class='ocrx_word' id='word_1_593' title='bbox 1300 2719 1417 2744; x_wconf 71' lang='lat'>—1596.</span> <span class='ocrx_word' id='word_1_594' title='bbox 1443 2717 1628 2741; x_wconf 82' lang='lat' dir='ltr'>inveniuntur.</span> <span class='ocrx_word' id='word_1_595' title='bbox 1749 2719 1751 2721; x_wconf 84' lang='grc'><strong>’</strong></span> 
     </span>
    </p>
   </div>
   <div class='ocr_carea' id='block_1_26' title="bbox 1296 2518 1435 2522">
    <p class='ocr_par' dir='ltr' id='par_1_28' title="bbox 1296 2518 1435 2522">
     <span class='ocr_line' id='line_1_101' title="bbox 1296 2518 1435 2522; baseline 0 0"><span class='ocrx_word' id='word_1_596' title='bbox 1296 2518 1435 2522; x_wconf 95' lang='lat' dir='ltr'> </span> 
     </span>
    </p>
   </div>
  </div>
 </body>
</html>
