2351 2990
83 116 159 153 945
253 116 407 152 XXXIX.

91 216 196 249 gnam
225 204 446 243 concedunt,
486 202 583 248 quod
613 213 654 234 eo
684 208 735 235 est
760 201 960 245 indignius,
1003 201 1086 247 quia

90 268 154 289 vos
185 254 407 289 severissime
443 254 675 295 constitutum
710 253 882 286 iudicium
911 253 948 284 in
975 253 1088 285 Areo-
1112 282 1113 287 ,

89 319 183 352 pago
201 307 246 353 13)
274 304 433 345 habetis,
475 305 573 339 cuius
609 311 707 337 tanta
738 311 789 338 est
820 304 1014 344 autoritas,
1049 311 1113 337 ut¹

91 359 198 392 etiam
216 358 378 391 damnati
394 357 430 389 in
447 369 488 390 eo
505 356 655 389 consilio
671 357 851 389 fateantur
865 356 996 389 iustum
1015 368 1086 389 esse
1111 370 1113 378 ’

88 410 275 443 iudicium.
330 409 438 454 Quod
457 420 536 441 cum
555 409 605 441 ita
621 408 685 447 sit,
708 420 782 441 non
804 408 985 440 concedite
1007 419 1087 440 ora-

87 461 225 495 toribus
252 461 440 505 peregrina
473 460 609 497 dicere,
652 460 700 492 ita
730 472 794 493 nec
824 472 905 492 reus
939 471 1003 503 per
1031 470 1087 491 ca-

88 513 265 547 lumniam
295 512 541 556 opprimetur,
570 524 634 545 nec
663 518 848 544 accusator
873 512 1005 555 fingere
1031 522 1086 542 ca-

87 565 244 599 lumnias
269 564 412 608 poterit.
466 562 549 597 Non
573 563 668 596 enim
693 563 778 596 ferri
803 563 892 596 iusta
911 562 1085 595 sententia

87 616 240 661 poterit,
268 615 307 648 ni
322 615 368 660 14)
393 614 547 648 iudicem
570 615 668 659 prius
693 621 853 648 oratores
872 620 964 646 recte
982 620 1015 646 et
1033 614 1085 645 in-

88 675 186 713 tegre
203 669 245 700 de
264 679 302 700 re
320 666 521 700 docuerint.

190 727 267 760 Hoc
304 739 447 772 quoque
486 725 757 759 considerabitis
774 751 782 764 ,
827 724 998 757 iudicium
1042 725 1084 757 de

86 777 155 813 hoc
172 779 366 818 Leocrate,
394 790 469 810 non
491 784 531 810 ut
556 778 599 810 de
623 777 700 810 aliis
724 776 873 820 privatis
893 777 1083 809 obscurum

87 832 165 864 fore
183 831 241 877 l⁵).
283 829 376 863 Nam
393 830 422 863 si
439 831 481 861 de
498 827 645 862 homine
664 824 787 872 ignoto
808 828 955 861 caeteris
974 828 1086 861 Grae-

87 883 136 916 cis
152 881 366 916 sententiam
381 880 532 920 ferretis,
549 893 623 913 non
639 878 744 913 huius
762 892 886 913 causae
905 880 973 912 late
990 880 1083 912 sama

85 940 297 978 vagaretur,
324 945 385 966 seu
403 938 496 965 recte
512 945 572 965 seu
590 945 688 965 secus
708 931 779 963 lata
801 937 901 964 esset.
954 930 993 963 ln
1017 928 1085 963 hoc

86 997 173 1018 vero
188 984 359 1018 iudicium
378 991 451 1017 tota
472 984 621 1017 Graecia
646 984 823 1022 intuetur,
853 995 892 1015 ac
914 982 1082 1015 severita-

84 1043 158 1070 tem
176 1036 371 1070 sententiae
388 1034 494 1069 huius
512 1035 634 1068 iudicii
659 1040 831 1078 expectat.
884 1034 976 1067 Nam
1002 1047 1084 1078 pro-

86 1095 167 1133 pter
183 1089 321 1132 fugam,
347 1094 380 1121 et
398 1088 480 1133 quia
499 1085 653 1120 Rhodiis
669 1094 702 1120 et
717 1085 975 1119 mercatorssms
987 1113 996 1125 ,
1023 1086 1085 1131 qui

83 1152 253 1184 magnam
276 1146 415 1184 partem
443 1139 538 1172 orbis
562 1145 739 1172 terrarum
759 1144 908 1181 propter
926 1138 1084 1181 negotia-

85 1192 223 1225 tionem
248 1192 440 1231 accedunt,
468 1190 660 1223 affirmavit
676 1187 835 1223 Athenas
856 1196 976 1234 captas
998 1202 1084 1229 esse,

84 1243 218 1289 ubique
242 1250 348 1276 notus
374 1248 436 1275 est.
503 1241 664 1287 Cumque
690 1253 814 1274 omnes
842 1241 955 1273 sciant
978 1239 1084 1274 huius

83 1295 217 1329 factum
233 1293 510 1328 dissimillimum
529 1305 602 1326 esse
621 1299 765 1326 nostrae
792 1292 943 1325 civitatis
969 1305 1086 1325 exem-

83 1347 173 1391 plis,
213 1346 370 1391 graviter
404 1351 438 1378 et
473 1357 593 1378 severe
626 1344 857 1378 iudicandum
894 1344 972 1377 erit.
1036 1343 1085 1376 Ut

85 1398 181 1432 enim
199 1397 408 1430 antecellitis
425 1402 582 1429 caeteros
597 1394 761 1429 homines
779 1395 979 1428 reverentia
1001 1407 1082 1439 erga

85 1449 225 1489 Deum,
254 1449 386 1493 pietate
410 1460 492 1492 erga
512 1455 696 1492 parentes,
727 1447 920 1492 cupiditate
947 1447 1082 1491 gloriae

84 1502 124 1534 in
142 1502 348 1535 defensione
374 1499 528 1544 patriae:
562 1499 630 1539 ita,
659 1500 688 1533 si
710 1497 805 1532 hunc
823 1511 897 1531 non
916 1498 1084 1543 punietis,

85 1551 174 1587 haec
201 1554 330 1586 decora
359 1551 481 1585 onmia
513 1551 671 1584 amisisse
703 1550 925 1584 videbimini.
994 1550 1083 1583 Peto

85 1605 195 1649 igitur
212 1605 348 1649 integre
374 1602 492 1636 audiri
518 1614 635 1635 meam
665 1602 890 1642 orationem,
917 1614 981 1634 1166
1006 1614 1085 1645 gra-

84 1657 176 1690 viter
192 1657 313 1689 seratis
330 1654 500 1688 renovari
517 1654 731 1687 memoriam
755 1654 997 1686 calamitatum
1022 1665 1085 1697 pa-

83 1708 194 1750 triae,
225 1709 287 1742 sed
310 1707 353 1740 iis
377 1712 598 1745 succensete,
628 1705 744 1751 quiin
768 1717 872 1738 causa
889 1711 992 1745 sunt,
1023 1717 1085 1738 cur

82 1760 288 1794 meminisse
304 1757 392 1792 haec
408 1770 547 1791 necesse
565 1757 621 1791 sit.

187 1822 275 1855 Post
297 1831 454 1865 pugnam
481 1820 525 1851 ad
552 1816 799 1851 Chaeroneam
819 1816 886 1864 16),
929 1818 1083 1862 populus

86 1873 234 1907 veniens
250 1873 287 1905 in
306 1872 515 1905 concionem
536 1871 716 1903 decretum
733 1869 834 1908 fecit,
862 1875 901 1902 ut
924 1869 1025 1913 pueri
1051 1876 1083 1902 et

85 1926 253 1959 mulieres
269 1937 310 1958 ex
328 1923 422 1967 agris
440 1923 533 1955 intra
552 1921 696 1954 moenia
716 1922 991 1961 adducerentur,
1020 1922 1083 1953 du-

86 1989 143 2011 ces
164 1989 249 2010 vero
277 1974 454 2021 praesidia
480 1974 712 2018 disponerent
745 1978 778 2005 et
809 1972 957 2005 ducibus
991 1972 1083 2007 cives

84 2030 266 2075 parerent.
335 2028 412 2060 Hoc
444 2027 626 2059 decretum
648 2024 839 2057 Leocrates
869 2021 973 2056 nihili
996 2036 1083 2068 pen-

85 2082 172 2115 dens
196 2093 252 2114 res
273 2091 353 2113 suas
379 2079 415 2111 111
441 2078 605 2123 cymbam
636 2075 775 2120 imponi
795 2088 813 2107 a
834 2075 944 2109 servis
970 2082 1082 2115 curat,

83 2144 177 2166 nave
201 2131 339 2176 vesperi
367 2130 539 2164 solutura.
593 2128 732 2161 Deinde
756 2127 829 2172 ipse
857 2140 936 2160 cum
955 2139 1083 2160 concu-

84 2185 170 2218 bina
193 2196 305 2229 parva
323 2188 426 2227 porta
446 2182 483 2214 in
506 2180 625 2214 medio
644 2180 764 2212 littore
782 2191 940 2223 egressus
958 2180 1001 2211 ad
1020 2191 1082 2211 na-

83 2249 165 2270 vem
195 2235 341 2269 accessit
368 2233 595 2279 patriaimque
625 2231 799 2271 deseruit,
844 2242 919 2263 non
946 2237 1081 2274 portas,

83 2301 159 2323 non
178 2287 319 2321 moenia
340 2285 515 2319 reveritus
524 2284 568 2330 ¹⁷)
586 2311 595 2325 ‚
624 2296 727 2329 quae,
755 2289 929 2328 quantum
950 2282 986 2315 in
1004 2282 1080 2326 ipso

84 2341 172 2381 fuit,
193 2340 268 2374 sine
293 2338 438 2372 custode
461 2336 582 2370 relicta
609 2342 730 2376 erant,
764 2346 839 2367 non
864 2333 975 2374 arcis,
1007 2346 1081 2367 non

120 2476 168 2504 13)
188 2476 220 2499 Η,
236 2475 255 2498 l.
274 2475 302 2498 in
321 2474 419 2498 iisdem
438 2474 521 2497 Editt.
543 2474 608 2496 nota
628 2470 761 2502 margia:
792 2470 869 2500 Quod
888 2470 1016 2494 iudicium
1035 2470 1080 2494 vi-

154 2509 254 2533 delicet
272 2510 349 2539 punit
369 2509 557 2539 sycophantas
578 2509 604 2530 et
623 2507 710 2530 falsos
730 2506 829 2530 testes.

121 2563 168 2591 14)
188 2562 231 2591 ni]
251 2562 292 2586 sic
310 2562 393 2586 Editt.
410 2561 503 2589 1548.,
524 2560 616 2589 1562.;
642 2558 690 2582 Ed.
708 2558 781 2582 1554.
802 2557 864 2580 nisi.

121 2615 169 2644 15)
194 2615 228 2639 Η.
244 2614 261 2637 l.
281 2614 309 2637 in
329 2614 413 2637 Editt.
433 2613 522 2644 1548„
552 2613 626 2636 155⁴.
645 2611 712 2634 nota
731 2609 865 2640 margia:
890 2609 1079 2640 Exaggeratio

154 2654 256 2673 causae
275 2655 309 2673 ex
327 2649 401 2672 fania
419 2648 518 2672 iudicii.

118 2705 164 2731 16)
183 2704 218 2730 11.
232 2704 250 2727 1.
271 2703 299 2728 in
318 2703 401 2728 Editt.
422 2704 514 2734 1548.‚
537 2703 611 2726 1554.
631 2703 697 2725 nota
715 2698 850 2731 margin.:
881 2699 1022 2723 Narratio.

120 2747 166 2775 17)
185 2747 250 2770 1-1.1.
270 2747 297 2771 in
317 2746 398 2771 iidem
418 2747 500 2770 Editt.
520 2747 586 2769 nota
605 2743 737 2774 margin:
764 2742 956 2772 Amplificatio.

34 2819 35 2823 Ἰ
75 2781 257 2813 Mummii.
280 2781 387 2812 orm.
413 2781 497 2812 Von.
521 2779 629 2810 XVII.

457 114 857 150 INTERPRETATIO
887 112 1149 149 ORATIONIS
1177 113 1393 148 LYCURGI
1424 114 1625 149 CONTRA
1652 114 1965 149 LEOCRATEM.

1111 223 1116 276 1

2062 114 2137 150 946

1140 201 1265 245 templi
1294 200 1388 235 Iovis
1421 208 1454 234 et
1479 201 1635 235 Palladis
1661 208 1850 245 conspectu
1890 214 2137 246 expavescens,

1141 265 1230 297 quos
1254 253 1323 285 iam
1349 253 1542 286 invocabit.
1614 252 1703 285 Cum
1730 265 1814 285 vero
1840 254 1953 286 soluta
1984 266 2074 286 nave
2100 254 2135 285 in

1140 302 1309 337 Rhodum
1327 305 1563 348 pervenisset,
1589 305 1745 344 samam,
1773 310 1812 337 ut
1836 306 1873 336 tit
1898 305 1934 337 in
1957 306 2062 339 rebus
2085 318 2136 339 se-

1141 356 1284 395 cundis,
1326 356 1426 400 quasi
1453 355 1635 400 gratulans
1660 356 1808 400 sparsit,
1843 357 1967 388 urbem
1995 363 2135 401 captam

1141 419 1232 447 esse,
1276 413 1309 439 et
1334 408 1536 450 oppugnari
1560 407 1748 440 Piraeeum
1775 406 1840 453 ¹⁸),
1886 420 1993 453 seque
2022 420 2135 441 unum

1141 458 1309 495 evasisse;
1347 471 1411 490 nec
1432 465 1535 502 turpe
1556 459 1656 491 duxit
1679 459 1904 502 praedicare,
1940 460 2137 492 calamitati

1139 510 1277 554 patriae
1302 521 1338 542 se
1361 510 1585 553 superstitem
1613 522 1698 544 6556.
1764 511 1863 543 Adeo
1887 523 1972 543 vero
1995 512 2080 544 fides
2105 512 2137 543 ei

1141 559 1261 593 habita
1287 567 1355 599 est,
1385 568 1423 594 ut
1448 573 1576 601 naves,
1605 574 1692 606 quas
1717 561 1786 593 iam
1814 569 2071 602 oneraverant,
2099 563 2137 595 in

1141 619 1283 656 portum
1302 613 1531 652 reducerent,
1568 619 1600 645 et
1615 619 1745 645 nautae
1762 625 1801 645 ac
1818 620 2051 654 mercatores,
2076 613 2137 660 qui

1139 662 1208 697 11116
1225 663 1395 707 navigare
1414 664 1531 707 parati
1551 670 1673 703 erant,
1700 664 1830 697 ibidem
1856 665 1891 697 in
1908 664 2039 699 Rhodo
2063 667 2136 699 fru—

1139 722 1298 749 mentum
1326 722 1431 760 atque
1455 715 1542 749 alias
1564 727 1620 748 res
1641 716 1720 748 usui
1743 717 1959 750 necessarias
1981 730 2136 761 expone-

1140 773 1219 799 rent
1240 780 1279 799 ac
1301 767 1558 812 relinquerent.

1139 830 1261 851 veram
1286 830 1358 852 esse
1383 818 1587 852 testimonia
1613 819 1820 858 ostendent,
1858 831 1948 864 quae
1972 821 2137 853 recitabi-

1139 883 1241 910 mus,
1284 870 1443 914 primum
1473 870 1694 909 vicinorum,
1731 870 1792 915 qui
1827 871 2025 906 discessisse
2054 885 2135 905 cum

1138 922 1222 954 belli
1253 928 1415 966 tempore
1445 928 1598 960 norunt;
1642 922 1770 954 deinde
1801 922 1975 963 aliorum,
2011 924 2073 968 qui
2098 924 2135 957 in

1138 972 1269 1006 Rhodo
1295 986 1367 1007 una
1395 974 1558 1013 suerunt,
1596 986 1676 1007 cum
1699 974 1845 1007 veniens
1871 973 2061 1009 Leocrates
2085 977 2135 1008 fa-

1138 1038 1234 1057 mam
1263 1031 1387 1069 captae
1412 1025 1510 1058 urbis
1536 1025 1584 1057 ibi
1614 1025 1769 1069 sparsit;
1814 1025 1943 1059 deinde
1963 1025 2137 1065 thrcini

1138 1077 1404 1117 testimonium,
1443 1090 1547 1122 quem
1575 1077 1679 1110 multi
1704 1083 1859 1111 vestrum
1895 1067 2138 1112 meminerunt

1137 1127 1232 1161 hunc
1257 1141 1443 1169 accusare,
1475 1141 1555 1161 cum
1580 1129 1622 1161 de
1650 1129 1727 1162 aliis
1752 1129 1890 1173 magnis
1906 1131 2030 1170 rebus,
2059 1137 2135 1164 tum

1138 1180 1261 1213 damni
1284 1181 1358 1213 dati
1391 1180 1429 1213 in
1460 1180 1627 1213 societate
1663 1181 1887 1224 vectigalium
1916 1182 2136 1227 quinquage-

1138 1232 1248 1265 simae
1272 1232 1395 1275 partis.
1450 1233 1500 1265 Ac
1522 1232 1732 1277 priusquam
1760 1233 1961 1266 testimonia
1986 1234 2136 1267 reciten-

1138 1290 1216 1323 tur,
1244 1284 1399 1327 praefari
1414 1296 1529 1328 pauco
1545 1283 1641 1318 volo.

1242 1335 1344 1368 Scitis
1370 1347 1450 1369 reos
1473 1336 1570 1367 varie
1588 1348 1623 1369 se
1647 1335 1891 1377 communire,
1920 1343 1953 1370 et
1968 1336 2137 1371 interces-

1138 1386 1255 1419 siones
1271 1398 1456 1431 quaerere,
1474 1394 1513 1420 ut
1531 1387 1689 1431 periculo
1702 1387 1916 1426 liberentur:
1937 1389 1997 1422 sed
2012 1390 2136 1423 scitote

1138 1438 1270 1472 multos
1287 1439 1438 1483 pecunia
1462 1439 1518 1471 vel
1547 1440 1659 1483 gratia
1681 1440 1840 1481 moveri,
1871 1441 2004 1485 partim
2022 1448 2061 1475 ut
2084 1448 2137 1474 ta-

1139 1496 1262 1530 ceant,
1306 1491 1439 1534 partim
1471 1503 1516 1523 ne
1551 1491 1699 1524 omnino
1729 1491 1895 1532 veniant,
1934 1493 2066 1537 partim
2098 1499 2138 1526 ut

1139 1541 1209 1573 alio
1229 1542 1338 1575 modo
1356 1543 1502 1576 eludant
1519 1542 1691 1576 iudicium
1709 1543 1765 1590 ¹⁹).
1819 1545 2003 1579 Postulate
2020 1546 2141 1590 igitur,

1138 1599 1178 1625 ut
1194 1599 1298 1627 testes
1313 1596 1525 1634 ascendant,
1552 1602 1591 1628 ut
1606 1595 1760 1640 patriam
1778 1597 1890 1640 pluris
1906 1610 2013 1643 quam
2033 1597 2139 1635 huius

1137 1644 1426 1679 benevolentiam
1452 1646 1604 1687 faciant,
1646 1654 1680 1680 et
1707 1648 1866 1682 debitum
1893 1650 2049 1684 officium
2074 1664 2137 1697 pa-

1139 1696 1228 1729 triae
1248 1698 1420 1738 reddant,
1447 1710 1512 1731 nce
1531 1699 1696 1732 deserant
1713 1713 1815 1734 suum
1834 1701 1951 1734 locum
1964 1729 1972 1742 ,
2001 1709 2040 1736 ut
2056 1704 2137 1737 fecit

1138 1746 1344 1787 Leocrates;
1368 1756 1429 1782 aut
1446 1762 1543 1783 sacra
1562 1757 1721 1784 tenentes
1737 1751 1855 1784 iurent
1869 1765 1904 1785 se
1922 1751 2027 1787 huius
2044 1756 2135 1789 facta

1138 1799 1316 1843 ignorare.
1371 1801 1408 1834 Si
1434 1799 1563 1834 horum
1591 1809 1759 1835 neutrum
1786 1803 1936 1845 facient,
1964 1806 2136 1850 reipubli-

1138 1864 1198 1884 cae
1226 1858 1259 1884 et
1287 1853 1405 1897 legum
1439 1866 1541 1887 causa
1575 1854 1784 1887 vadimonio
1813 1856 1988 1900 obligatos
2017 1858 2055 1891 in
2081 1859 2135 1893 ius

1138 1904 1287 1938 vocabo.

1623 766 1722 799 Hanc
1749 780 1864 800 meam
1888 780 1993 801 narra
2001 769 2135 802 tionem

1527 1991 1651 2024 Recita
1670 1991 1745 2038 ¹9²²).

1240 2059 1327 2092 Post
1351 2059 1497 2105 aliquod
1524 2060 1772 2101 intervallum,
1807 2074 1886 2095 cum
1910 2063 2069 2098 redirent
2094 2078 2135 2099 ex

1135 2108 1286 2144 Athenis
1302 2122 1411 2145 naves
1427 2111 1464 2144 in
1481 2110 1651 2146 Rhodum
1662 2112 1709 2159 ²⁰)
1720 2139 1729 2153 ,
1757 2119 1790 2146 et
1809 2121 1987 2148 constaret
2002 2117 2134 2150 famam

1137 2163 1179 2195 de
1206 2169 1309 2206 capta
1343 2164 1432 2196 urbe
1466 2165 1754 2198 commenticiam
1781 2165 1908 2207 fuisse,
1943 2166 2134 2204 Leocrates

1137 2214 1204 2248 sibi
1230 2221 1391 2249 metuens
1415 2216 1538 2249 relicta
1564 2214 1695 2249 Rhodo
1723 2218 1862 2250 confert
1886 2230 1921 2251 se
1948 2219 1985 2252 in
2008 2221 2133 2254 urbem

1136 2265 1372 2310 Megarensen
1383 2294 1392 2307 ,
1418 2267 1479 2301 ubi
1495 2269 1648 2313 amplius
1666 2269 1915 2314 quinquennio
1931 2282 2133 2305 commora-

1089 2337 1096 2343 ·
1136 2324 1190 2351 tus
1210 2325 1279 2359 est,
1307 2325 1500 2364 patronum
1520 2327 1644 2354 nactus
1663 2333 1763 2353 more
1781 2320 1951 2362 civitatis,
1985 2335 2029 2356 ne
2047 2324 2133 2359 fines

1135 2370 1280 2416 quidem
1310 2371 1495 2415 proximos
1520 2371 1658 2405 Atticae
1688 2371 1861 2406 reveritus
1888 2379 1958 2414 est,
1993 2387 2073 2408 cum
2096 2376 2134 2410 in

1173 2507 1218 2535 18)
1240 2506 1398 2533 Piraeeum]
1418 2506 1458 2529 sic
1477 2506 1561 2530 Editt.
1578 2506 1670 2537 1548„
1692 2505 1786 2535 1562.;
1805 2506 1855 2531 Ed.
1872 2506 1946 2532 1554.
1978 2508 2113 2535 Piraeum.

1171 2550 1217 2578 19)
1245 2550 1276 2573 Η.
1296 2550 1315 2573 l.
1340 2551 1366 2573 in
1388 2549 1472 2574 Editt.
1494 2550 1568 2573 1548.
1588 2549 1662 2572 1554.
1689 2550 1755 2573 nota
1779 2549 1911 2581 margin.:
1943 2551 2130 2578 Fraemouitto

1204 2585 1236 2608 de
1255 2584 1367 2608 testium
1387 2584 1633 2615 tergiversatione.

1171 2629 1236 2656 19³)
1268 2627 1394 2651 Recitata
1427 2628 1487 2657 ipsa
1512 2627 1540 2651 in
1572 2628 1622 2651 hac
1655 2627 1782 2651 oratione
1807 2627 1908 2652 omissa
1941 2631 2020 2661 sunt,
2057 2632 2127 2657 conf.

1205 2669 1290 2693 supra
1315 2669 1339 2692 1».
1358 2663 1419 2687 845.
1444 2663 1509 2686 nota
1525 2662 1568 2688 33.

1167 2706 1216 2735 20)
1242 2707 1309 2732 11.l.
1335 2706 1363 2729 in
1383 2705 1467 2730 Editt.
1490 2706 1583 2737 154S.,
1610 2706 1702 2737 1554.,
1731 2707 1796 2730 nota
1814 2706 1949 2738 margin.:
1976 2707 2130 2735 Confirma-

1204 2741 1242 2765 tio
1255 2741 1274 2766 1.
1295 2747 1344 2771 per
1364 2740 1530 2765 testimonia.

1500 2775 1550 2811 60
