2351 2990
146 109 220 146 529

389 194 525 228 Aliud
558 199 906 238 argumentum.‘

249 262 481 296 Excusatoria
501 268 551 295 est
566 262 728 306 epistola.
767 262 861 296 Nam
877 261 1028 295 Plancus
1048 260 1138 304 aspi-

145 326 228 348 rans
247 315 292 347 ad
310 315 531 347 consulatum
547 326 567 346 a
583 313 755 346 Cicerone
773 326 913 347 summo
937 312 1054 346 studio
1078 323 1138 355 pe-

146 366 292 405 tiverat,
336 371 374 398 ut
406 376 550 409 operam
584 365 704 404 daret,
745 377 789 397 ne
815 377 874 409 spe
898 362 1137 408 consequendi

147 417 348 450 consulatus
367 416 609 450 frustraretur.
662 415 784 461 Itaque
804 416 926 449 Cicero
958 428 1036 449 cum
1062 426 1135 447 non

144 473 264 511 posset
279 467 314 499 in
333 474 457 500 senatu
482 466 672 512 quicquam
690 478 793 510 agere
811 467 855 500 ob
872 473 1005 500 metum
1024 465 1136 498 Anto-

144 518 214 558 nii,
249 529 284 551 se
311 525 440 562 purgat
464 518 664 562 suspicione
683 519 937 562 negligentiae,
966 524 1005 551 ut
1020 523 1135 550 osten-

143 569 205 601 dat
221 580 321 602 suam
340 570 559 602 voluntatem
574 569 664 602 bene
685 570 848 603 merendi
867 581 1051 615 nunquam
1076 569 1135 600 de-

141 619 259 653 fuisse.
310 617 438 664 Incipit
457 627 574 653 autem
592 632 610 653 a
629 621 894 665 propositione,
920 632 1027 666 quam
1052 631 1135 651 con-

142 671 262 703 firmat
291 683 356 715 per
390 671 673 706 translationem.
740 671 874 717 Estque
911 671 1134 716 syllogismus

143 719 410 766 hypotheticus:
458 722 496 756 Si
522 722 676 757 licuisset
703 721 792 756 mihi
820 723 857 755 in
890 729 1014 756 senatu
1049 733 1133 758 esse,

141 784 215 805 non
233 773 418 807 defuissem
438 773 506 807 tuis
524 771 739 812 honoribus;
766 775 826 807 sed
843 772 910 806 hoc
928 785 1000 805 non
1019 771 1131 804 licuit:

143 835 226 868 ergo
243 836 316 857 non
333 825 435 869 potui
459 831 492 857 te
516 824 652 859 iuvare.
703 824 874 868 Epilogus
899 822 1005 856 habet
1032 822 1133 866 polli-

143 874 346 910 citationem
377 876 500 915 officii,
545 882 577 908 et
604 875 817 909 familiarem
845 875 1132 919 deprecationem

143 938 280 960 veniae.

384 1000 523 1034 Aliud
553 1008 877 1046 argumentum.

241 1067 396 1102 Excusat
411 1080 446 1102 se
464 1069 619 1109 Planco,
648 1081 710 1102 cur
738 1069 775 1102 in
800 1075 963 1103 senatum
984 1079 1057 1099 non
1075 1079 1132 1099 ve-

139 1119 251 1159 nerit,
296 1120 393 1164 quod
414 1119 567 1153 Plancus
600 1126 676 1153 tum
709 1132 797 1165 opus
825 1118 979 1153 habebat
1009 1117 1132 1152 studiis

141 1170 340 1203 amicorum
366 1177 514 1214 propter
538 1171 781 1211 consulatum,
809 1184 916 1216 quem
941 1169 1131 1202 ambiebat.

139 1220 179 1254 In
194 1221 342 1255 exordio
358 1227 477 1254 autem
495 1222 641 1265 ponitur
657 1221 855 1266 propositio
880 1221 1130 1254 excusationis:

138 1272 338 1305 Adfuissem
359 1271 442 1311 tibi,
467 1272 496 1305 si
518 1272 674 1305 licuisset
696 1285 759 1316 per
784 1272 1019 1306 adversarios.
1072 1271 1131 1303 Se-

140 1329 300 1368 quuntur
316 1322 494 1362 rationes,
521 1336 613 1368 quae
630 1323 914 1368 propositionem
935 1322 1129 1366 explicant:

139 1374 227 1407 Viro
256 1374 443 1406 moderato
476 1381 537 1407 aut
564 1372 715 1407 honesto
746 1387 821 1408 non
845 1381 897 1408 est
918 1374 1015 1407 locus
1039 1373 1131 1405 inter

142 1437 261 1464 arma,
289 1424 393 1470 quia,
421 1436 500 1458 cum
523 1426 730 1469 praevalent
753 1438 872 1466 arma,
906 1432 990 1458 tunc
1017 1424 1130 1468 expel-

140 1475 225 1509 litur
250 1475 394 1509 iustitia.
452 1474 493 1508 In
518 1476 657 1519 epilogo
682 1477 829 1520 ponitur
851 1476 1041 1509 correctio:
1076 1474 1131 1507 ln-

138 1526 290 1560 serviam
309 1532 428 1559 tamen
454 1526 518 1559 tibi
544 1527 580 1559 in
605 1528 710 1561 rebus
734 1528 902 1572 privatis,
936 1534 970 1560 et
992 1527 1130 1571 publice

139 1589 303 1623 quoque,
328 1578 531 1623 ubicunque
547 1578 677 1612 licebit.

391 1661 529 1694 Aliud
556 1669 884 1706 argumentum.

241 1728 402 1773 Epistola
422 1734 473 1761 est
491 1729 728 1769 excusatoria,
756 1729 793 1762 in
810 1742 880 1774 qua
907 1730 1023 1773 primo
1050 1730 1129 1763 loco

139 1779 286 1825 ponitur
310 1779 527 1824 propositio,
562 1779 661 1814 cuius
684 1778 771 1813 haec
795 1787 845 1813 est
868 1793 1023 1814 summa:
1058 1781 1131 1813 Ad-

137 1832 281 1865 fuissem
298 1830 363 1863 tibi
381 1830 552 1870 libenter,
588 1831 617 1864 si
640 1837 779 1864 tantum
804 1831 959 1865 licuisset
981 1844 1045 1875 per
1069 1833 1129 1864 ad-

139 1881 328 1916 versarios.
379 1881 518 1914 Deinde
538 1882 680 1915 additur
696 1882 887 1923 correctio,
916 1894 1007 1928 quae
1025 1880 1131 1915 habet

137 1933 433 1979 pollicitationem
450 1933 556 1966 officii
572 1933 609 1966 in
629 1934 733 1967 rebus
749 1933 909 1978 privatis.
940 1934 1128 1967 Postremo

138 1986 216 2018 loco
233 1990 284 2018 est
299 1984 443 2028 petitio,
475 1996 519 2017 ne
535 1984 619 2017 velit
635 1982 702 2018 hoc
721 1991 862 2029 optare,
897 1991 937 2018 ut
960 1985 1128 2018 interesse

137 2037 266 2070 debeat
283 2036 434 2079 negotiis
448 2035 592 2076 Cicero,
619 2048 709 2081 quae
727 2036 832 2069 etiam
849 2035 923 2069 sine
940 2048 1001 2070 sua
1020 2048 1126 2080 opera

139 2087 264 2121 confici
283 2093 443 2131 possunt.

292 2186 476 2222 Scholia
505 2188 550 2223 in
582 2189 824 2234 epistolam
851 2187 975 2235 Htw).

242 2260 273 2306 ᾖ.
293 2263 325 2296 1.
352 2264 459 2304 Quum
478 2265 585 2306 ipsum
600 2262 785 2311 Furnium]
812 2263 1009 2297 Exordium
1036 2275 1054 2296 a
1077 2270 1129 2296 ta-

139 2313 280 2349 bellarii
295 2325 459 2357 persona.
535 2317 626 2348 Nam
647 2313 697 2362 ee]
720 2315 895 2360 Exponit,
924 2315 1010 2360 quid
1035 2327 1129 2348 com-

138 2364 393 2400 memoraverit
411 2371 444 2397 et
459 2364 669 2399 iudicaverit
687 2367 841 2400 Furnius
860 2367 902 2400 de
919 2366 1065 2400 Planco.

242 2414 271 2460 ξ.
289 2417 324 2451 2.
351 2417 452 2449 Nunc
466 2429 516 2449 me
533 2420 802 2452 amantissimum
811 2416 884 2465 21)]
912 2417 1130 2462 Propositio‚

139 2474 178 2502 ut
192 2466 448 2511 rempublicam
466 2468 642 2503 defendat.

171 2597 222 2623 20)
241 2593 436 2624 Argumentum
452 2590 515 2614 Mel.
540 2591 572 2614 ab
597 2590 681 2615 Editt.
702 2591 909 2622 ¹5³7-1554.‚
930 2592 1022 2623 ¹552,
1043 2592 1129 2623 1560.,

209 2630 284 2653 1601.
304 2628 331 2650 in
351 2628 401 2650 hac
420 2626 540 2656 epistola
558 2627 586 2648 et
605 2626 731 2655 sequenti
750 2632 804 2650 non
823 2627 992 2651 exhibentur.

170 2673 220 2701 21)
238 2672 291 2695 Pro
317 2670 358 2693 his
382 2669 437 2693 Cic.
466 2669 559 2691 verbis
583 2667 611 2691 in
636 2668 720 2694 Editt.
742 2669 834 2698 1545.‚
865 2670 938 2694 ¹560.
963 2669 1025 2694 huic
1047 2670 1130 2694 uotae

207 2705 328 2737 praefixa
346 2706 411 2728 sunt
429 2702 638 2727 antecedentia:
664 2703 717 2727 His
736 2703 769 2728 de
787 2704 894 2728 causis.

306 108 428 145 xxm.
481 107 788 143 ARGUMENTA
811 106 878 142 ET
901 104 1103 141 SCHOLIA
1128 104 1177 140 IN
1200 104 1350 141 EPIST.
1375 103 1487 140 FAM.
1514 104 1598 140 CIC.
1617 102 1705 139 LIB.
1724 104 1763 139 X.
1791 103 1862 140 ΕΡ.
1884 107 1914 139 1.
1935 108 1970 141 2.
1988 106 2022 140 3.

2109 106 2183 140 330

1298 190 1327 236 ξ.
1342 193 1376 226 3.
1405 194 1483 226 Scis
1502 188 1668 237 profecto]
1705 190 1855 223 Collatio
1880 191 2009 234 prioris
2032 190 2181 224 servitu-

1193 242 1236 276 tis
1254 244 1317 277 sub
1335 244 1502 282 Caesare,
1530 248 1564 275 et
1581 241 1829 287 praesentis22)
1846 242 2030 275 libertatis.
2082 245 2181 275 Nunc

1190 293 1279 342 alia]
1308 293 1534 328 Adhortatio.
1614 294 1736 328 Consul
1750 290 1803 339 es]
1832 292 1886 325 Ab
1908 293 2104 326 occasione.

1293 344 1323 389 ἓ.
1346 345 1379 380 4.
1406 348 1499 379 Haec
1514 342 1645 391 amore]
1673 343 1845 388 Epilogus
1872 356 1912 376 ex
1938 344 2181 388 occupatione.

1498 428 1891 475 Argumentumffi).

1290 495 1547 530 Adhortatoria
1566 503 1634 536 est,
1662 503 1701 529 ut
1716 508 1751 529 se
1773 508 1853 529 cum
1881 494 1948 527 illis
1974 492 2178 534 coniungat,

1189 548 1398 595 quigsalvam
1422 548 1569 591 cupiunt
1588 547 1843 591 rempublicam
1857 574 1866 587 ,
1894 556 2043 590 eamque
2061 543 2178 576 desen—

1188 602 1270 632 dere
1297 601 1442 632 student
1468 605 1590 631 contra
1607 598 1818 632 Antonium.
1878 595 2061 639 Principio
2086 595 2176 626 duae

1187 656 1268 683 sunt
1284 650 1507 683 narrationes
1523 651 1565 682 de
1584 650 1739 682 adventu
1755 648 1899 688 Furnii,
1927 654 1960 681 et
1984 647 2057 680 eius
2082 657 2177 678 com·

1186 701 1465 738 memoratione3
1494 701 1578 733 item
1596 701 1639 732 de
1660 699 1936 737 necessitudine,
1962 710 2069 743 quarn
2097 708 2176 729 cum

1185 752 1320 784 familia
1338 752 1462 784 Planci
1479 751 1707 784 constitutam
1724 748 1860 784 habuit.
1912 751 2039 782 Postea
2061 747 2176 792 sequi-

1186 810 1244 836 tur
1268 802 1465 847 propositio
1493 800 1774 839 adhortationis,
1801 808 1840 834 ut
1864 813 1985 833 curam
2010 797 2178 843 reipubli-

1187 867 1246 887 cae
1263 855 1503 886 ‹lesendendae
1522 852 1700 897 suscipiat.
1753 852 1926 885 Rationes
1947 857 2136 884 sumuntur
2156 861 2174 880 a

1186 906 1279 938 sacili
1297 918 1357 938 seu
1376 904 1547 949 possibili,
1577 910 1697 949 estque
1717 903 1902 937 interserta
1923 901 2063 935 collatio
2082 899 2176 944 prio-

1186 957 1234 990 ris
1260 956 1439 989 servitutis
1464 956 1528 988 sub
1545 955 1694 988 Caesare
1717 961 1751 987 et
1778 954 1973 998 praesentis
1991 951 2176 985 libertatis.

1187 1008 1374 1041 Conclusio
1405 1013 1544 1039 constat
1576 1005 1844 1039 enumeratione
1875 1016 2061 1038 causarum
2093 1001 2175 1036 scri-

1185 1059 1304 1092 bendi.
1356 1057 1395 1090 In
1411 1058 1478 1091 fine
1495 1058 1607 1090 desert
1622 1069 1725 1091 suum
1743 1057 1910 1090 officium.

1431 1145 1566 1179 Aliud
1602 1152 1929 1189 argumentum.

1287 1213 1495 1247 Hortatoria
1532 1219 1602 1253 est,
1651 1225 1690 1246 ac
1722 1212 1815 1246 miro
1851 1212 1998 1246 artificio
2028 1216 2177 1248 constat,

1185 1277 1255 1309 quo
1293 1272 1373 1297 ante
1410 1263 1651 1297 hortationem
1689 1270 1808 1308 captat
1845 1264 2005 1297 animum
2041 1261 2176 1295 Planci.

1183 1316 1371 1348 Praedicat
1395 1316 1489 1348 enim
1512 1316 1586 1348 eius
1610 1315 1777 1355 virtutes,
1821 1322 1858 1348 ut
1888 1327 1967 1348 eum
1994 1313 2176 1347 extimulet

1185 1368 1230 1399 ad
1264 1367 1517 1399 vindicandam
1554 1367 1597 1399 ab
1630 1366 1788 1399 Antonio
1824 1366 2102 1410 rempublicam,
2142 1369 2175 1395 et

1184 1431 1283 1451 suam
1302 1417 1495 1450 amicitiam
1514 1418 1618 1460 longe
1644 1424 1918 1457 commemorat,
1946 1423 1985 1450 ut
2008 1415 2177 1460 suspicio-

1184 1482 1265 1501 nem
1302 1469 1517 1501 diffidentiae
1549 1468 1711 1501 declinet.
1778 1468 1922 1501 Initium
1953 1466 2060 1500 habet
2089 1467 2177 1499 duas

1183 1521 1420 1560 narrationes,
1449 1521 1597 1553 alteram
1612 1521 1654 1552 de
1674 1520 1984 1552 commendatione
2003 1519 2176 1551 virtutum

1184 1571 1328 1611 Planci,
1356 1572 1504 1604 alteram
1530 1572 1572 1603 de
1600 1570 1756 1603 amicitia
1781 1583 1842 1604 sua
1868 1577 1902 1603 et
1925 1568 2173 1603 benevolentia

1185 1635 1267 1666 erga
1288 1623 1470 1656 Plancum.
1525 1622 1661 1654 Deinde
1681 1628 1731 1655 cst
1752 1621 1971 1666 propositio,
2000 1633 2069 1666 qna
2092 1618 2176 1652 hor-

1184 1680 1279 1706 tatur
1305 1686 1384 1706 eum
1411 1675 1455 1706 ad
1480 1674 1737 1706 defendendam
1767 1673 2037 1717 rempublicam.
2097 1670 2175 1703 Pri-

1183 1737 1281 1757 mum
1300 1730 1546 1769 argumentum
1566 1730 1615 1758 est
1634 1736 1653 1757 a
1670 1724 1765 1757 facili
1781 1736 1841 1757 seu
1858 1723 2039 1768 possibili,
2068 1723 2176 1767 quod,

1184 1789 1262 1809 cuin
1288 1776 1410 1809 consul
1435 1776 1479 1809 sit
1503 1775 1724 1819 designatus,
1768 1775 1963 1819 plurimum
1992 1774 2109 1807 valeat
2140 1773 2176 1805 in

1184 1827 1375 1871 republica.
1413 1827 1612 1860 Secundum
1631 1833 1880 1871 argumentum
1900 1827 1943 1859 ab
1961 1825 2051 1865 utili,
2080 1825 2176 1870 quod

1183 1878 1240 1910 illa
1260 1890 1314 1911 res
1331 1878 1382 1910 illi
1400 1891 1565 1921 magnam
1585 1878 1735 1922 gloriam
1753 1877 1913 1922 paritura
1932 1877 1986 1911 sit.
2037 1875 2077 1908 In
2094 1887 2176 1908 con-

1183 1929 1339 1962 clusione
1374 1941 1437 1973 per
1464 1929 1734 1962 translationem
1759 1929 1952 1961 admodum
1978 1927 2174 1960 verecunde

1183 1993 1324 2013 causam
1347 1980 1525 2013 scribendi
1551 1980 1715 2024 exponit,
1751 1986 1857 2025 atque
1887 1978 2044 2012 breviter
2072 1990 2173 2011 sunm

1183 2031 1336 2064 officium
1359 2031 1557 2075 pollicetur.

1425 2121 1561 2154 Aliud
1596 2127 1926 2165 argumentum.

1284 2189 1348 2223 Est
1378 2189 1585 2233 gravissima
1610 2187 1838 2229 adhortatio,
1879 2195 1918 2222 ut
1941 2188 2093 2222 Plancus
2117 2189 2175 2221 de-

1182 2241 1339 2286 signatus
1357 2241 1429 2274 iam
1447 2241 1571 2274 consul
1589 2242 1631 2274 ad
1661 2241 1916 2284 rempublicam
1941 2245 2035 2273 recte
2063 2239 2175 2272 admi-

1182 2294 1405 2327 nistrandam
1431 2292 1592 2325 animum
1617 2292 1761 2325 adiiciat
1783 2298 1817 2325 et
1841 2291 2038 2324 Antonium
2062 2290 2175 2335 repri-

1182 2351 1268 2379 mat.
1320 2344 1471 2378 Orditur
1488 2344 1532 2376 ab
1556 2345 1711 2377 adventu
1735 2349 1769 2375 et
1790 2342 1963 2376 relatione
1978 2342 2105 2375 Furnii
2123 2348 2175 2374 ta-

1182 2395 1332 2429 bellarii.
1367 2395 1504 2428 Deinde
1522 2394 1675 2428 instituit
1690 2394 1934 2427 narrationem
1953 2395 1996 2427 de
2014 2406 2075 2427 sua
2092 2405 2173 2437 erga

1181 2448 1354 2480 Plancum
1382 2453 1416 2480 et
1437 2445 1591 2479 maiores
1615 2445 1688 2478 eius
1713 2445 1983 2485 benevolentia,
2017 2451 2057 2478 ut
2080 2456 2177 2477 com-

1215 2584 1263 2615 22)
1284 2583 1453 2615 praesentis]
1474 2581 1512 2605 sic
1532 2581 1618 2606 Editt.
1639 2581 1733 2610 1537.‚
1754 2582 1846 2613 ¹545„
1868 2583 1960 2612 1560.;
1985 2582 2067 2607 Editt.
2092 2582 2175 2611 15⁴0..

1254 2620 1345 2650 1544„
1368 2619 1460 2649 1554.‚
1482 2616 1556 2640 1557.
1575 2617 1755 2645 praestantis.

1215 2671 1263 2699 2³)
1283 2671 1340 2694 Hoc
1358 2669 1548 2698 argumentum
1567 2668 1595 2691 et
1613 2667 1667 2692 tria
1685 2667 1830 2699 sequentia
1849 2668 1883 2692 ab
1897 2668 1980 2693 Editt.
1999 2668 2086 2698 1556„
2111 2667 2177 2692 1565

1254 2705 1367 2729 —1596.
1388 2703 1558 2727 exhibentur.
