2351 2990
107 130 181 166 959

107 216 262 251 honores
291 215 338 247 eis
364 220 534 258 tauquam
563 208 826 243 immortalibus
850 205 980 239 decreti
1011 211 1104 238 sunt.

109 270 158 302 Ac
184 269 271 300 iuste
298 266 442 311 quidem
471 264 507 296 in
532 276 569 295 ea
595 269 689 293 terra
715 259 938 291 celebrantur
959 256 1105 295 mortui,

110 332 174 364 pro
201 331 268 364 qua
294 318 365 349 xixi
385 322 482 349 tanta
502 313 659 358 pericula
677 311 854 343 adierunt.
914 307 1106 342 Leocrates

109 383 193 403 vero
218 382 262 402 ne
288 375 451 401 mortuus
473 365 616 411 quidem
644 363 679 394 in
706 361 823 405 patrio
846 360 922 393 solo
952 360 1106 392 conden-

109 424 174 456 dus
193 428 243 454 est
256 448 264 459 ,
292 421 351 465 qui
371 432 449 452 cum
469 430 545 449 eam
565 413 725 448 hostibus
742 411 946 457 reliquerit,
973 411 1105 444 iustum

110 474 176 507 erit
195 486 274 506 eum
296 472 376 504 inde
393 468 529 513 expelli.
591 467 714 510 Neque
737 463 831 496 enim
857 462 1022 506 congruit
1045 473 1106 505 pa-

110 526 197 558 riter
224 536 299 555 eam
328 529 361 554 et
386 521 517 553 virtute
540 523 759 562 praestantes
785 522 818 548 et
843 514 1032 547 sceleratos
1057 519 1106 544 te-

111 589 203 620 gere.
257 573 366 618 Atqui
382 570 583 615 respondit,
613 575 651 602 ut
670 579 765 601 nunc
783 577 926 612 quoque
944 563 1106 597 fortassis

111 629 200 660 dicet
214 653 222 661 ,
250 638 284 658 se
303 625 338 657 in
356 623 525 656 iudicium
544 633 618 654 non
634 626 823 652 venturum
837 644 846 657 ,
874 617 902 650 si
921 615 1010 648 tanti
1035 627 1107 648 sce-

110 679 192 712 leris
208 677 273 710 sihi
293 675 452 708 conscius
469 679 558 707 esset
571 672 630 717 ⁴3⁰).
685 670 797 715 Quasi
816 680 890 701 non
911 665 979 700 hac
1006 679 1107 699 excu-

109 730 246 765 satione
265 729 359 760 fures
377 732 410 759 et
426 724 587 768 sacrilegi
613 736 648 757 se
673 721 765 755 tueri
789 726 981 758 conentur,
1017 729 1107 763 quae

111 781 255 827 quidem
271 792 345 812 non
369 784 420 811 cst
442 775 675 819 integritatis,
709 774 768 807 sed
792 770 1036 815 impudentiae
1059 775 1108 801 te-

111 831 332 866 stimonium.
398 829 480 863 Non
507 828 601 860 enim
633 824 721 858 haec
752 822 937 867 responsio
969 821 1108 859 sufficit,

111 886 171 918 sed
189 882 449 916 ostendendum
467 886 537 919 est,
565 879 660 924 quod
678 888 751 909 non
766 874 983 913 discesserit,
1012 872 1109 917 quod

111 947 186 968 non
205 933 389 979 reliquerit
406 932 554 969 urbem,
590 929 686 975 quod
704 939 777 960 non
799 925 970 959 habitarit
990 924 1109 967 Mega-

111 987 172 1021 ris.
226 985 322 1018 Haec
339 990 427 1018 esset
446 990 526 1027 apta
544 980 742 1025 responsio.
802 977 909 1022 Quod
936 976 1029 1009 enim
1056 987 1110 1008 re-

112 1038 196 1077 diit,
223 1036 393 1069 dix-initus
412 1036 455 1067 ad
472 1032 685 1077 supplicium
704 1036 894 1063 attractum
913 1039 984 1061 esse
1002 1027 1111 1059 ratio-

113 1090 214 1123 cinor
226 1088 293 1134 ⁶¹),
321 1094 378 1127 ut,
406 1092 595 1130 postquam
621 1083 816 1127 gloriosum
834 1079 1032 1125 periculum
1053 1079 1111 1111 de-

112 1141 220 1185 fugit,
248 1151 342 1172 nunc
360 1137 596 1182 ignominiosa
615 1140 730 1167 morte
748 1133 942 1171 afficiatur,
970 1137 1004 1163 et
1022 1142 1111 1176 quos

113 1191 293 1237 prodidit,
331 1191 375 1223 ab
394 1187 447 1222 his
464 1188 623 1232 captivus
639 1191 814 1219 teneatur.
868 1183 961 1217 lN'anl
979 1182 1009 1215 si
1027 1181 1112 1214 alibi

113 1245 151 1276 in
168 1243 325 1288 aliquam
346 1241 583 1275 calamitatem
606 1238 796 1276 incideret,
833 1247 907 1268 non
935 1234 1112 1267 existima-

114 1301 213 1328 retur
231 1293 335 1326 huius
353 1292 494 1327 sceleris
512 1303 666 1336 poenam
684 1290 789 1327 dare;
811 1287 908 1320 Deus
926 1286 1021 1318 enim
1037 1297 1112 1318 non

115 1347 213 1392 prius
237 1346 341 1389 punit
367 1356 475 1390 quam
506 1343 761 1376 sceleratorum
792 1338 970 1372 mentibus
1000 1344 1112 1370 terro-

115 1411 189 1431 rem
210 1396 333 1430 iniicit.
388 1395 439 1428 Ac
456 1393 545 1428 mihi
559 1394 726 1427 videntur
741 1398 877 1424 veteres
893 1395 1018 1433 poetae
1035 1395 1113 1421 tan-

116 1462 224 1495 quam
258 1448 401 1481 oracula
430 1446 581 1491 posteris
619 1445 798 1478 tradentes
831 1440 919 1474 haec
953 1440 1111 1473 carmina

117 1500 312 1545 scripsisse:

219 1567 334 1600 Iratus
353 1566 398 1598 ad
413 1576 565 1609 poenam
583 1562 680 1596 Deus
697 1562 723 1595 si
743 1574 832 1607 quos
850 1558 959 1593 trahit
971 1586 980 1600 ,

219 1619 368 1652 Auferre
386 1623 540 1649 mentem
557 1615 685 1648 talibus
703 1614 859 1658 primum
880 1612 989 1651 solet,

223 1669 492 1713 Caliginen‘ique
512 1658 684 1706 offundit,
712 1671 749 1697 ut
770 1669 877 1697 ruant
893 1675 974 1696 suas

218 1721 394 1754 Furenter
411 1720 447 1751 in
466 1719 599 1757 clades,
627 1717 692 1750 sibi
710 1728 797 1761 quas
813 1714 929 1747 noxiis

218 1772 467 1805 Accersieruut
483 1770 577 1803 ultro
597 1768 753 1801 consiliis
770 1766 871 1799 malis
881 1766 942 1811 62).

169 1842 258 1886 Quis
290 1840 384 1873 enim
427 1838 609 1872 seniorum
645 1849 719 1869 non
758 1833 945 1868 meminit?
1025 1833 1114 1878 Quis

118 1893 287 1927 iuvenum
304 1904 377 1925 non
395 1890 547 1929 audivit,
576 1888 815 1922 Callistratum
835 1886 1113 1919 condemnatum

119 1957 191 1978 esse
213 1944 264 1977 rei
291 1941 529 1988 capitalisssss),
564 1953 603 1973 ac
627 1946 750 1984 postea
777 1938 979 1971 exulantem
1005 1937 1114 1969 inter-

118 2008 259 2039 rogasse
280 1993 488 2028 oraculum?
530 1991 622 2025 Huic
637 2004 716 2024 cum
734 1989 975 2034 respondisset
990 2000 1114 2021 oracu-

118 2048 192 2081 lum
205 2074 213 2087 ,
242 2047 279 2080 Si
295 2051 534 2079 reverteretur
551 2041 710 2076 Athenas
722 2069 731 2081 ,
766 2040 923 2085 legitima
949 2052 1113 2073 consecu-

119 2105 239 2132 turum
267 2110 360 2137 esse,
392 2096 499 2129 rediit
522 2093 702 2134 Athenas,
737 2093 799 2127 ubi
826 2104 1045 2137 quamquam
1070 2092 1113 2124 ad

121 2162 220 2182 aram
238 2148 425 2183 duodecim
442 2147 603 2180 Deorum
623 2144 798 2189 confugit,
834 2150 954 2176 tamen
972 2143 1054 2176 inde
1070 2144 1115 2176 ad

120 2201 331 2245 supplicium
349 2201 546 2234 abstractus
564 2204 634 2238 est,
662 2197 769 2242 idque
786 2196 893 2233 iuste;
923 2207 1007 2227 nam
1030 2195 1116 2238 legi-

120 2253 206 2285 tima
227 2252 409 2297 consequi,
437 2257 489 2285 est
505 2250 622 2283 debita
640 2260 756 2293 poena
776 2247 983 2281 sceleratum
1002 2246 1115 2280 adfici.

158 2380 204 2407 60)
226 2381 257 2404 Η,
277 2380 294 2404 l.
315 2378 340 2401 in
362 2376 446 2400 Editt.
466 2375 539 2399 15⁴8.
552 2392 559 2406 ‚
581 2374 656 2398 1554.
676 2375 741 2397 nota
761 2372 894 2403 niargi11.:
915 2371 1065 2401 occupatio
1084 2371 1117 2394 de
1141 2367 1144 2394 l

191 2413 363 2437 conscientia
382 2410 535 2435 Leocratis.
1140 2396 1145 2434 Ι

158 2457 206 2480 fin
226 2457 258 2479 fl.
274 2456 291 2480 l.
309 2456 334 2478 in
354 2454 448 2477 iisdem
463 2453 547 2476 Editt.
567 2454 632 2475 nota
646 2449 779 2479 margin.:
800 2450 925 2473 insertus
945 2449 1022 2472 locus
1042 2454 1117 2471 com-

195 2490 284 2514 munis
304 2490 336 2512 de
356 2487 529 2518 providentia
547 2486 656 2515 divina,
676 2485 804 2515 puniente
823 2484 929 2507 atrocia
947 2484 1064 2506 scelera.

159 2532 207 2565 62)
227 2533 260 2556 Ei
281 2537 381 2554 versus
399 2537 415 2554 a
434 2531 564 2560 Lycurgo
583 2528 659 2552 citati
679 2534 739 2550 cum
758 2526 946 2550 Valckenario
970 2526 1003 2549 ad
1021 2525 1116 2554 Eurip.

195 2567 304 2596 Hippot.
324 2573 348 2594 p.
366 2566 421 2588 198.
443 2564 564 2593 Euripidi
585 2564 675 2586 solent
694 2561 842 2592 assignari.
861 2573 895 2578 —-
932 2561 1005 2584 Haec
1024 2566 1118 2583 eorum

195 2599 387 2631 interpretatio
412 2599 549 2622 invenitur
575 2598 655 2621 etiam
675 2596 702 2619 in
721 2595 906 2619 Melantlionis
925 2594 1117 2625 Epigramma-

194 2637 230 2658 tis
252 2641 268 2658 a
282 2633 432 2658 Grathusio
454 2632 577 2656 collectis
599 2630 705 2662 (Viteb.
726 2631 798 2655 15⁶0.
817 2629 858 2661 8.)
887 2630 934 2653 sol.
950 2627 1117 2656 luth—2⁸,

195 2670 221 2693 in
241 2668 381 2693 Vincentii
399 2673 492 2691 eorum
511 2666 673 2689 collectione
693 2666 816 2693 [Witeh.
838 2664 912 2688 1563.
930 2664 972 2691 8.)
992 2660 1116 2688 fol.L4b

196 2704 273 2727 —52
299 2704 326 2727 et
344 2702 371 2726 in
391 2701 469 2725 huius
491 2701 570 2729 Corp.
590 2700 711 2723 Reform.
732 2700 794 2723 Vol.
810 2699 845 2723 X.
865 2706 890 2729 p.
904 2699 964 2722 591.

158 2747 206 2774 63)
226 2748 258 2772 E.
279 2747 295 2769 l.
315 2746 342 2769 in
362 2745 446 2768 Editt.
468 2743 553 2771 1548„
578 2742 650 2765 1554.
670 2743 736 2765 nota
754 2742 886 2773 margin:
912 2740 1080 2770 Exemplum.

689 121 811 157 PHIL.
847 118 960 153 MEL.
995 117 1198 153 SCRIPTA
1234 117 1572 154 PHILOLOGICA.

2080 120 2156 155 960

1158 204 1210 236 Ac
1229 205 1412 237 oraculum
1431 206 1529 240 misit
1546 219 1625 240 eum
1642 205 1729 246 lmc,
1756 213 1795 239 ut
1810 218 1875 239 nos
1898 218 1977 238 eum
2001 217 2066 250 pro
2092 208 2151 240 de-

1159 256 1242 288 licto
1262 256 1480 299 puniremus.
1535 258 1658 304 Neque
1675 258 1768 291 enim
1787 263 2065 291 consentaneum
2088 264 2152 298 est,

1159 306 1274 339 Deum
1307 308 1431 340 eadem
1464 309 1561 352 signa
1597 312 1681 343 dare
1714 309 1813 343 iustis
1843 315 1876 341 et
1901 309 2078 342 sceleratis
2092 308 2152 354 Μ).

1159 358 1284 391 Statuo
1315 359 1479 403 equidem
1505 359 1621 393 Deum
1656 373 1779 394 omnes
1809 360 1970 393 omnium
1996 360 2154 393 actiones

1159 421 1303 442 cernere
1333 417 1367 442 et
1401 422 1543 450 curare,
1583 412 1735 445 maxime
1763 424 1848 445 vero
1874 412 2042 456 pietatem
2070 422 2153 454 erga

1159 466 1323 504 parentes
1341 467 1376 493 et
1393 473 1474 505 erga
1494 461 1622 505 ipsum.
1673 463 1724 496 Ac
1738 463 1826 496 iuste
1851 463 1994 508 quidem
2018 462 2154 506 flagita-

1160 518 1218 544 tur
1242 511 1366 556 pietas.
1432 512 1525 546 Nam
1544 526 1562 545 a
1581 513 1708 558 quibus
1732 515 1874 547 initium
1899 514 1993 547 vitae
2017 513 2153 558 accepi-

1161 562 1313 607 musffl),
1348 569 1382 595 et
1407 564 1544 607 magnis
1567 565 1745 598 beneficiis
1765 565 1881 598 affecti
1902 577 2044 604 sumus,
2072 576 2155 609 erga

1160 612 1225 647 hos
1240 626 1315 646 non
1330 615 1445 647 solum
1465 615 1672 661 delinquere
1683 642 1692 655 ,
1719 616 1779 649 sed
1796 616 1901 648 etiam
1921 617 2085 659 defugere
2102 615 2155 648 vi-

1161 671 1216 698 tae
1237 665 1394 709 pericula
1413 678 1479 710 pro
1499 667 1658 710 ipsorum
1676 667 1788 700 salute
1808 667 1971 711 impietas
1987 674 2049 701 est.
2091 666 2156 699 Di-

1162 716 1252 749 citur
1271 729 1354 761 ergo
1370 717 1407 749 in
1423 717 1541 750 Sicilia
1565 717 1665 763 (nam
1690 718 1754 751 etsi
1777 718 1938 750 narratio
1962 718 2021 751 vix
2047 719 2154 751 fidem

1161 765 1328 801 habitura
1355 775 1424 808 est,
1459 775 1579 802 tamen
1604 769 1727 803 audire
1749 781 1827 802 eam
1849 769 2050 802 minoribus
2074 781 2156 813 pro-

1163 820 1255 866 dest)
1280 821 1436 865 quodam
1462 820 1499 852 in
1522 821 1600 854 loco
1633 821 1784 854 arduum
1810 826 1970 853 montem
1997 826 2155 854 eructare

1163 871 1299 914 ignium
1334 872 1585 917 torre11tes⁶⁶)‚
1624 873 1686 917 qui
1711 885 1790 905 cum
1813 872 1850 904 in
1872 871 2046 917 reliquam
2075 870 2160 903 vici-

1164 922 1282 962 niam,
1318 929 1393 955 tum
1420 935 1505 956 vero
1532 924 1567 956 in
1593 924 1765 968 oppidum
1785 923 1958 956 Catanam
1982 923 2158 956 feruntur.

1163 972 1216 1006 lbi
1235 986 1315 1006 cum
1335 974 1395 1006 alii
1412 987 1495 1008 suae
1511 974 1671 1019 ipsorum
1691 975 1795 1009 saluti
1813 974 2034 1008 consulentes
2051 974 2159 1006 celer-

1165 1025 1254 1058 rime
1273 1026 1454 1069 fugerent‚
1483 1026 1761 1060 aiuntiuvenem
1782 1027 1981 1072 quendam,
2018 1025 2073 1058 cui
2096 1036 2158 1069 pa—

1165 1083 1218 1109 ter
1237 1083 1312 1109 erat
1329 1090 1453 1117 senex,
1481 1078 1543 1123 qui
1557 1085 1704 1122 propter
1720 1078 1844 1111 aetatis
1868 1076 2160 1116 imbecillitatem,

1165 1128 1224 1161 vix
1249 1141 1354 1173 aegra
1381 1129 1543 1162 membra
1567 1127 1731 1169 trahens,
1771 1141 1876 1162 cursu
1902 1128 2014 1161 vitare
2040 1128 2160 1160 incen-

1165 1180 1264 1213 dium
1282 1192 1356 1213 non
1373 1187 1514 1225 poterat
1526 1207 1534 1220 ,
1563 1180 1634 1213 iam
1650 1193 1763 1225 paene
1780 1180 2038 1213 circumdatum
2055 1179 2160 1223 igneo

1165 1231 1307 1265 turbine
1320 1258 1328 1272 ,
1356 1239 1494 1276 patrem
1510 1232 1689 1266 sustulisse
1710 1232 1747 1264 in
1764 1230 1944 1265 humeros.
1993 1230 2083 1264 Cum
2099 1242 2161 1263 an-

1166 1289 1237 1315 tem
1268 1283 1460 1327 impeditus
1494 1296 1602 1316 onere
1632 1284 1825 1327 procedere
1848 1295 1923 1315 non
1949 1287 2086 1327 posset,
2121 1293 2161 1314 ac

1165 1334 1410 1377 iu'iplicaretur
1426 1335 1580 1375 turbini,
1607 1332 1665 1367 hic
1689 1334 1843 1368 ostendit
1860 1333 1956 1368 Dens
1980 1345 2161 1378 praesens,

1166 1385 1244 1429 pios
1269 1398 1287 1418 a
1314 1398 1349 1419 se
1376 1386 1475 1429 diligi
1492 1393 1525 1419 et
1539 1386 1668 1419 curari.
1728 1385 1869 1418 Dicitur
1893 1386 1989 1418 enim
2014 1385 2161 1417 flamma

1167 1437 1378 1471 circumfusa
1411 1444 1569 1471 caeteros
1603 1437 1759 1470 velocius
1787 1437 2057 1481 praecedentes,
2101 1435 2165 1481 qui

1166 1495 1331 1532 parentes
1347 1488 1588 1534 reliquerant,
1613 1488 1846 1533 corripuisse,
1874 1488 1987 1522 divisa
2005 1499 2090 1521 vero
2107 1485 2163 1521 his

1167 1540 1305 1573 duobus
1331 1540 1425 1572 viam
1448 1540 1671 1584 praebuisse,
1712 1552 1843 1585 eosque
1874 1540 1968 1573 solos
1990 1539 2162 1573 mansisse

1166 1590 1363 1625 incolumes
1376 1618 1385 1631 ,
1411 1603 1520 1636 quam
1539 1592 1584 1624 ob
1603 1603 1745 1624 causam
1762 1603 1857 1624 nunc
1876 1603 2019 1636 quoque
2043 1590 2162 1635 appel-

1166 1642 1254 1675 latio
1273 1643 1342 1675 loci
1360 1649 1412 1676 est
1426 1655 1571 1686 campus
1588 1642 1821 1689 piorumffia).
1857 1642 1938 1675 Tali
1954 1642 2161 1676 testimonio

1168 1695 1211 1727 de
1239 1694 1360 1727 divina
1387 1694 1571 1727 voluntate
1596 1693 1888 1733 commonefacti,
1929 1706 1992 1728 vos
2016 1706 2160 1739 quoque

1168 1745 1319 1790 impium
1346 1758 1385 1778 ac
1400 1758 1502 1779 reum
1520 1745 1762 1779 maximorum
1779 1745 1951 1779 scelerum
1967 1745 2091 1790 punite
2099 1744 2161 1791 ⁶⁷).

1202 1857 1251 1884 64)
1271 1857 1305 1881 Η.
1324 1857 1341 1880 l.
1362 1856 1389 1880 iu
1407 1856 1505 1880 iisdem
1523 1856 1607 1881 Editt.
1627 1857 1694 1880 nota
1711 1855 1843 1887 margin:

1237 1891 1272 1914 lis
1293 1891 1385 1921 superi
1403 1891 1533 1915 mortalia
1551 1891 1639 1915 iustis.
1682 1896 1687 1900 “

1202 1933 1249 1965 65)
1271 1935 1303 1958 Η.
1322 1935 1340 1958 l.
1360 1934 1387 1957 in
1408 1935 1503 1958 iisdem
1514 1934 1598 1959 Editt.
1617 1935 1682 1958 nota
1699 1934 1830 1965 margin.:
1856 1934 2049 1958 Acco-modat
2067 1940 2161 1959 exem-

1237 1969 1310 1998 plum
1329 1969 1364 1992 ad
1382 1969 1470 1993 locum
1489 1975 1673 1999 communem,
1699 1969 1732 1992 de
1750 1969 1852 1998 pietate
1873 1974 1940 1999 erga
1956 1970 2096 1998 parentes.

1201 2012 1250 2040 66)
1269 2013 1303 2038 Η.
1322 2012 1339 2036 l.
1359 2012 1387 2035 in
1406 2012 1503 2036 iisdem
1520 2012 1605 2036 Editt.
1623 2013 1689 2035 nota
1707 2011 1839 2042 margin:
1864 2011 1966 2042 virgil.
1986 2012 2015 2036 in
2026 2013 2132 2037 Aetna:

1307 2055 1365 2078 lllis
1384 2055 1496 2079 divitiae
1516 2056 1594 2079 solae
1612 2056 1753 2085 materque
1772 2056 1922 2085 paterque,

1308 2089 1343 2112 Et
1362 2090 1459 2113 merito
1478 2090 1566 2120 pietas
1585 2089 1701 2112 hominis
1719 2089 1858 2112 tutissima
1876 2089 1975 2113 virtus.

1307 2124 1451 2147 Erubuere
1470 2125 1528 2154 pios
1547 2124 1662 2147 iuvenes
1681 2124 1820 2153 attingere
1838 2125 1976 2155 flammae,

1309 2159 1344 2181 Et
1363 2164 1521 2189 quacunque
1539 2159 1631 2182 ferunt
1650 2158 1689 2181 illi
1708 2158 1841 2190 vestigia,
1867 2159 1975 2183 cedunt.
2006 2160 2057 2182 ete.

1241 2201 1274 2224 ui
1293 2203 1309 2224 4
1328 2208 1428 2225 versus
1446 2202 1473 2225 in
1493 2201 1614 2226 Cornelii
1633 2201 1730 2224 Severi
1748 2202 1838 2224 Aetna
1857 2201 1916 2225 627.
1936 2201 2095 2226 cao—632.
2116 2203 2159 2227 le-

1241 2238 1360 2267 guntur,
1380 2237 1451 2266 quod
1471 2242 1579 2259 cannen
1603 2236 1629 2259 in
1649 2236 1788 2264 opusculis
1808 2237 1866 2267 est,
1893 2241 1962 2266 quae
1980 2237 2044 2261 olim
2063 2236 2160 2269 Virgi-

1239 2271 1270 2294 lii
1289 2271 1397 2294 nomine
1417 2271 1685 2295 circumferebantur.
1722 2271 1863 2294 Invenitur
1883 2277 1906 2295 e.
1921 2276 1944 2295 e.
1964 2271 1992 2294 in
2005 2271 2048 2295 liis
2058 2272 2159 2297 Editt.:

1241 2305 1310 2330 Pub.
1328 2306 1448 2336 l'z‘ryilii
1459 2305 1594 2329 Maronis
1608 2306 1717 2335 Opera,
1742 2305 1801 2329 Γιια
1821 2312 1885 2330 cum
1899 2306 2068 2337 (musculis,
2086 2312 2161 2337 quae

1239 2341 1302 2364 eins
1316 2341 1431 2364 nornine
1443 2339 1702 2370 circumferuntur.
1722 2340 1860 2364 omnibus.
1888 2340 2075 2371 Annon-piae,
2095 2342 2161 2366 1⁴2ae-

1238 2375 1360 2399 cudelmt
1384 2374 1534 2399 Martinus
1559 2373 1686 2403 sunus,
1723 2374 1774 2398 sub
1804 2374 1939 2405 Ciconiis.
1975 2375 2016 2400 M.
2032 2376 2065 2400 D.
2082 2376 2158 2401 LVI.

1242 2410 1302 2434 16⁰.
1328 2417 1351 2439 p.
1368 2409 1542 2436 *iffi—464..
1571 2409 1615 2431 uhi
1636 2416 1661 2438 p.
1676 2409 1735 2432 463.
1758 2409 1784 2432 1ιί
1803 2415 1902 2433 versus
1921 2410 2105 2439 reperiuntur.
2125 2422 2160 2427 —

1240 2444 1336 2469 Publii
1363 2443 1481 2474 Vir-quii
1504 2443 1639 2467 Maronis
1663 2444 1831 2474 Appendioe,
1863 2444 1933 2468 Cum
1963 2445 2158 2475 supplemento

1240 2480 1399 2503 mullorum
1422 2478 1545 2502 antehac
1569 2484 1716 2509 nunquam
1735 2485 1907 2503 excusorum
1927 2479 2089 2504 Poematum
2107 2485 2158 2503 ve-

1239 2515 1334 2538 terum
1353 2513 1516 2537 Poetarum.
1565 2512 1677 2543 Ioseplti
1696 2513 1838 2544 Sculiqeri
1863 2514 1893 2537 in
1911 2513 2027 2538 eandem
2044 2513 2157 2544 Appen-

1238 2549 1329 2572 dicem
1349 2546 1554 2577 flammentur-ij
1579 2549 1608 2571 et
1633 2548 1851 2579 castigationes.
1896 2547 2048 2579 Lugduni,
2079 2547 2158 2578 apud

1240 2583 1316 2607 Guil.
1330 2582 1509 2611 Rapinium,
1536 2581 1576 2605 M.
1593 2583 1627 2607 D.
1646 2582 1789 2606 LXXIII.
1814 2584 1839 2606 8.
1865 2589 1889 2612 p.
1904 2582 2049 2611 37—57.,
2069 2581 2113 2605 ubi
2131 2582 2157 2605 hi

1239 2622 1339 2640 versus
1357 2623 1381 2646 p.
1399 2616 1432 2639 56
1446 2622 1488 2645 sq.
1507 2617 1627 2640 exstant.
1663 2616 1693 2639 ln
1712 2618 1828 2647 utraque
1845 2616 1896 2642 Ed.
1915 2617 1964 2640 hoc
1982 2622 2094 2640 carmen
2112 2616 2157 2640 iu-

1239 2651 1370 2681 scriptum
1389 2652 1447 2674 est:
1472 2650 1596 2674 Cornelii
1614 2651 1711 2674 Severi
1729 2652 1826 2676 Aetna.

1203 2694 1270 2721 662)
1290 2693 1368 2718 conf.
1388 2693 1464 2717 locus
1485 2700 1518 2717 ex
1532 2693 1646 2717 Aeliano
1660 2693 1688 2717 in
1704 2694 1758 2718 fine
1775 2694 1854 2718 huius
1874 2693 2008 2718 orationis
2026 2694 2155 2718 adiectus.

1203 2737 1251 2765 67)
1272 2738 1303 2761 Η.
1323 2737 1340 2760 1.
1360 2736 1388 2760 in
1406 2736 1490 2760 Editt.
1508 2737 1597 2764 1528..
1619 2736 1692 2760 ¹554.
1713 2738 1778 2761 nota
1792 2737 1924 2768 margin.:
1950 2736 2112 2767 Applicatio.

1877 1856 2040 1887 Adspiciunt
2059 1862 2160 1882 oracu-
