2294 2975
91 109 161 146 115

87 194 214 240 plnum,
256 204 470 239 quamquam
504 191 539 224 id
570 202 711 236 quoque
744 189 771 223 si
807 183 1070 229 contempseris,

88 246 276 280 rectissime
302 243 434 277 seceris,

138 347 459 391 Argumentum
489 350 528 376 ct
563 341 735 376 scholia
771 340 813 373 in
849 338 1022 385 episto-

492 396 577 427 lam
606 392 661 426 Xl.

190 473 303 506 Huius
322 472 487 515 epistolae
505 471 574 501 duo
592 474 672 501 sunt
689 467 828 500 ‹lix-orsa
853 471 1072 511 argumenta.

88 524 248 558 Primum
274 523 366 556 enim
394 522 591 563 gratulatur
610 519 746 563 Appio,
783 519 879 564 quod
905 519 1073 551 liberatus

88 576 132 609 sit
166 574 328 618 periculis
363 573 585 605 iudiciorum.
654 570 791 602 Deinde
828 569 899 612 agit
931 568 1074 612 gratias,

89 627 183 671 quod
202 624 334 657 miserit
355 623 566 666 descriptam
584 621 824 654 conditionem
841 633 902 654 seu
920 621 1073 653 sormam

88 676 300 719 reipublicae
310 674 368 719 ²⁵).

191 724 221 769 §-
248 726 278 759 1.
315 726 421 765 Quum
444 736 547 757 essem
569 725 606 756 ἰη7
628 720 770 769 castris]
804 721 973 756 Narratio
996 721 1074 753 bre-

236 776 448 818 Respondebo
478 772 601 821 iqitur]
642 773 865 817 Propositio:
904 772 1075 805 Gratulor

89 828 155 861 sibi
167 853 175 866 ,
202 827 297 872 quod
314 826 438 859 viceris
456 826 492 858 in
509 825 653 859 iudicio,
724 827 848 857 Tamen
869 825 982 856 eadem
996 820 1074 869 illa]

89 876 276 922 Empliasis
298 884 332 911 et
352 875 488 915 πάθος,
566 878 636 911 Sed
657 878 758 910 eiiam
782 872 880 921 quia]
908 873 1076 918 Proposi-

91 929 138 962 tio
159 935 285 962 ornata
302 934 399 972 gestu
416 928 474 972 ¹²⁶).

193 978 223 1023 ξ.
239 983 274 1015 2.
309 979 506 1021 Complexus
526 990 598 1012 sum
625 974 749 1022 igitar]
784 975 890 1008 Ratio
915 975 1076 1020 proposi-

91 1030 216 1064 tionis:
261 1031 412 1065 Gratum
439 1035 488 1061 cst
511 1026 619 1066 mihi,
660 1027 783 1059 virtuti
812 1025 987 1059 honorem
1016 1024 1078 1058 lia-

90 1082 165 1115 beri
179 1082 236 1127 27).
318 1082 473 1114 Ambitus
493 1077 584 1125 vero]
615 1078 770 1111 1ὶείοείἰο
789 1078 831 1110 de
850 1077 980 1110 iudicio
1004 1089 1077 1109 am-

91 1133 195 1166 bitus.

194 1181 223 1225 ξ.
240 1181 274 1214 3.
309 1183 378 1215 Sed
399 1182 437 1213 sle
460 1177 665 1225 maieslaiis]
694 1177 933 1223 Amplificatio
960 1185 1078 1222 gratn-

91 1233 253 1271 lationis,
282 1244 301 1264 a
320 1230 602 1263 circumstamiis.
675 1231 848 1270 Alterum,
877 1232 960 1275 qnod
978 1232 1079 1263 Pom-

90 1283 177 1331 peii]
213 1282 347 1315 Videtis
370 1294 441 1315 esse
463 1280 676 1327 fucosnm23)
708 1280 1010 1324 praedicationem
1046 1286 1079 1313 et

92 1337 226 1368 fucatas
245 1334 376 1366 laudes.

195 1384 224 1428 ξ.
242 1383 275 1418 4.
304 1385 396 1425 Quod
416 1385 459 1416 ad
473 1395 522 1415 me
540 1384 636 1428 quusi
656 1379 885 1428 formam²⁹)]
911 1381 1079 1426 Proposi-

94 1437 143 1470 tio
168 1447 281 1475 nova,
322 1447 384 1468 seu
410 1434 519 1466 altera
553 1445 634 1477 pars
664 1433 853 1477 epistolae,
895 1432 931 1465 in
956 1433 1079 1479 qua3⁰)

95 1487 167 1531 agit
191 1487 221 1520 ei
249 1485 397 1530 gratias,
434 1485 530 1529 quod
554 1484 689 1517 miserit
712 1485 865 1516 formam
894 1490 927 1516 et
950 1490 1078 1517 statum

95 1537 321 1582 reipublicae.
397 1538 487 1568 Nam
506 1536 698 1578 anyto-(cleis
709 1534 754 1579 3¹)
771 1533 892 1582 libros]
919 1534 981 1568 Illa
999 1542 1081 1569 sunt

97 1590 193 1622 varia
206 1615 215 1628 ‚
244 1599 333 1632 quae
349 1592 556 1630 sequuntur.

197 1637 226 1683 ξ.
245 1636 279 1672 5.
305 1639 374 1672 Sed
390 1634 502 1683 s5³²)]
529 1634 820 1679 Elegantissimus
837 1634 945 1669 iocus.

89 790 103 808 x
115 777 152 810 is.

316 1722 454 1757 Aliud
483 1728 796 1767 argumentum
810 1722 869 1768 33)

196 1792 356 1837 Epistola
381 1797 432 1824 est
455 1789 698 1834 gratulatoria.
752 1789 960 1822 Gratulatur
989 1787 1082 1821 enim

98 1844 219 1879 Cicero
236 1843 353 1888 Appio
366 1869 374 1882 ‚
411 1842 506 1887 quod
522 1841 559 1873 in
575 1841 712 1874 duobus
731 1840 868 1873 iudiciis
878 1840 923 1885 34)
949 1838 1083 1879 vicerit,

131 1944 180 1972 25)
199 1944 257 1967 Boe
274 1943 461 1973 argumentum
488 1939 515 1964 in
539 1939 621 1965 Editt.
642 1938 854 1970 1537—1554.‚
881 1938 973 1970 1552,
999 1938 1083 1970 1560„

168 1977 372 2003 1565-Ιό96..
396 1976 470 2000 1601.
491 1975 591 1998 exstat.

132 2021 180 2050 26)
200 2022 274 2044 Haec
293 2021 358 2042 nota
376 2024 435 2041 cum
452 2016 632 2047 praecedente
649 2014 676 2038 in
691 2015 773 2040 Editt.
788 2015 873 2046 1545„
895 2015 968 2039 1560.
987 2014 1028 2039 sic
1042 2016 1086 2039 est

167 2056 195 2078 in
213 2060 293 2077 unam
313 2053 470 2076 coniuncta:
499 2052 604 2075 Tamen
622 2050 719 2074 eadem
737 2051 806 2080 illa]
826 2050 970 2081 Empiiasis
991 2051 1018 2074 et
1033 2056 1085 2080 pa-

168 2090 228 2113 thos
248 2094 307 2112 cum
324 2086 512 2117 propositione
531 2086 628 2109 ornata
647 2086 737 2115 gestu.

134 2131 182 2160 27)
200 2130 308 2159 haberi]
327 2129 376 2153 Ed.
397 2128 472 2152 ¹545.
492 2128 599 2151 habere.

136 2174 182 2203 28)
202 2173 338 2202 sucosam]
356 2171 442 2196 Editt.
463 2171 554 2202 1545„
574 2170 648 2193 1560.
669 2169 796 2194 fucatam.

136 2217 184 2243 29]
204 2217 256 2240 Pro
283 2216 324 2239 his
350 2214 405 2240 Cic.
431 2214 522 2237 verbis
547 2213 573 2236 in
598 2213 680 2236 Editt.
701 2212 794 2241 1545.,
820 2211 894 2235 1560.
919 2209 981 2234 huic
1004 2211 1086 2235 notae

171 2251 309 2280 adscripta
328 2252 391 2273 sunt
408 2249 509 2272 verba:
536 2248 621 2272 Nunc
639 2247 677 2271 1111
695 2247 821 2271 alteram
840 2246 1000 2276 epistolam.

137 2292 184 2323 30)
204 2293 230 2316 in
247 2293 312 2322 qua]
327 2292 367 2316 sic
378 2291 461 2315 Editt.
477 2289 562 2321 1537.‚
581 2289 667 2319 1545„
687 2288 780 2318 1560.;
798 2288 881 2312 Editt.
899 2287 983 2317 1540„
999 2287 1085 2318 1544,

173 2327 264 2356 1554„
286 2326 360 2350 1557.
380 2331 441 2356 qua.

137 2369 184 2399 31)
203 2368 386 2398 augur-aleis]
410 2367 451 2390 sic
467 2366 549 2390 Editt.
569 2364 654 2394 1537„
678 2364 764 2393 ¹545„
784 2363 869 2393 ¹546„
889 2363 976 2393 1560„
995 2364 1085 2393 loom

171 2403 220 2426 Ed.
242 2402 313 2426 15⁴0.
332 2401 499 2432 augur-alin
522 2400 605 2424 Editt.
626 2400 718 2428 1544„
738 2398 828 2424 1554..
850 2397 923 2421 1557.
949 2398 975 2420 in
994 2399 1084 2422 textu:

172 2436 359 2467 auyuraleis,
389 2436 415 2458 in
433 2435 483 2459 hac
500 2436 582 2459 nota:
607 2433 780 2465 augurali&
815 2432 863 2455 Ed.
885 2431 971 2456 oreti.
991 2438 1086 2464 auqu-

172 2471 259 2495 rales.

135 2512 182 2543 32)
203 2513 255 2536 Pro
279 2511 321 2535 his
346 2511 402 2536 Cic.
426 2511 517 2535 verbis
541 2510 567 2534 in
591 2510 674 2534 Editt.
696 2510 788 2540 1545„
813 2509 896 2533 1560.‹
920 2508 981 2533 huic
1004 2510 1086 2533 notae

172 2546 292 2577 praefixa
310 2547 374 2569 snut
392 2547 489 2569 verba:
514 2545 705 2569 Aristarchus
724 2544 852 2569 Homeri.

136 2590 184 2618 33)
203 2590 260 2614 Boc
278 2590 465 2618 argumentum
484 2589 510 2611 et
528 2588 580 2612 duo
599 2587 742 2618 sequentia
760 2587 788 2611 in
806 2586 889 2611 Editt.
907 2586 1000 2617 1556.‚
1019 2586 1086 2610 1565

171 2623 285 2647 -1596,
305 2622 487 2645 inveniuntur.

136 2666 184 2698 34)
204 2666 229 2690 iu
248 2666 350 2689 duobus
373 2664 492 2693 iudiciis]
513 2663 553 2688 sie
570 2663 868 2696 Editt.1565—1577.;
892 2663 941 2688 Ed.
961 2662 1034 2687 1556.
1055 2662 1083 2686 in

170 2700 273 2724 iudiciis
290 2699 401 2724 duobus.

659 103 781 138 PHIL.
817 100 929 136 MEL.
962 95 1163 134 SCRIPTA
1190 93 1526 132 PHILOLOGICA.

2039 97 2111 133 116

1122 182 1285 216 videlicet
1310 182 1347 215 in
1370 182 1502 216 iudicio
1527 181 1699 223 ambitus,
1741 189 1774 216 et
1800 184 1897 229 quod
1920 182 2113 218 maiestatis

1124 233 1311 267 incolumis
1328 233 1489 268 evaserit.
1538 233 1689 266 Videtur
1705 240 1822 267 antem
1839 235 2023 269 obscurior
2040 235 2113 280 epi-

1123 285 1212 319 stola
1231 297 1324 324 esse,
1352 286 1448 330 quod
1474 296 1580 329 supra
1606 284 1711 318 unius
1734 291 1873 319 tantum
1897 286 2047 320 actionis
2070 288 2113 320 de

1125 336 1261 369 ambitu
1276 336 1367 368 facta
1389 335 1433 369 sit
1458 335 1604 369 mentio.
1666 335 1732 368 Hic
1754 343 1871 370 autem
1898 338 1940 371 de
1965 337 2113 371 crimine

1123 386 1317 420 maiestatis
1353 386 1552 420 absolutum
1587 398 1660 420 esse
1696 387 1792 422 dicit.
1870 388 1971 434 Quae
2005 388 2114 433 igitur

1126 437 1262 471 occasio
1286 435 1390 470 liuius
1414 437 1562 471 actionis
1586 437 1712 478 suerit,
1751 438 1945 483 explicatur
1969 439 2010 473 in
2043 439 2116 484 epi·

1125 489 1213 523 stola
1234 489 1268 522 8.
1285 488 1366 521 libri
1383 488 1417 522 8.
1458 488 1549 522 Nam
1568 488 1705 533 Appius
1723 500 1740 521 a
1760 491 1915 535 quodam
1932 504 1995 525 suo
2013 491 2116 525 emis-

1125 540 1218 573 sario
1237 540 1278 573 de
1296 539 1331 571 vi
1347 545 1399 572 est
1414 545 1606 574 accusatus.
1658 539 1773 573 Porro
1793 542 1884 574 actio
1902 543 1944 575 (le
1961 542 1997 575 vi
2016 542 2115 575 illata

1125 591 1291 624 Romano
1310 590 1397 630 civi,
1426 597 1477 624 est
1497 590 1588 623 actio
1612 590 1727 623 laesae
1753 592 1957 627 maiestatis.
2011 592 2117 626 Caret

1127 642 1271 675 exordio
1293 641 1460 685 epistola3
1488 642 1547 674 sed
1567 641 1702 674 exordii
1725 642 1798 676 vice
1822 644 1969 687 ponitur
1991 655 2117 677 narra-

1127 693 1196 733 tio,
1224 693 1260 725 in
1285 705 1353 737 qua
1375 692 1530 725 breviter
1557 698 1701 732 narrat,
1736 706 1822 738 quas
1838 694 1946 739 Appii
1968 695 2117 735 litteras,

1127 750 1160 777 et
1177 745 1237 776 ubi
1252 742 1438 786 acceperit.
1496 743 1664 787 Sequitur
1692 745 1907 787 propositio:
1945 746 2117 779 Gratulor

1127 795 1210 835 tibi,
1239 795 1334 840 quod
1349 794 1473 827 viceris
1489 793 1526 826 in
1543 793 1685 827 iudicio.
1738 794 1844 828 Ratio
1862 796 2118 841 propositionis

1128 852 1194 879 est:
1231 846 1323 891 Quia
1350 843 1438 878 mihi
1460 851 1511 878 est
1534 845 1772 889 gratissimum
1795 846 1919 880 virtuti
1943 845 2118 881 honorem

1129 895 1262 930 haberi.
1316 895 1464 929 Rationi
1486 896 1671 929 subiicitur
1690 897 1918 940 amplificatio
1934 910 1952 930 a
1970 897 2119 931 circum-

1129 948 1286 987 stantiis,
1321 953 1355 980 et
1376 959 1395 979 a
1421 947 1714 991 comprobatione
1739 948 1937 982 officiorum
1953 948 2120 994 Pompeii

1131 1006 1164 1032 et
1177 998 1291 1032 Bruti.
1343 997 1480 1031 Deinde
1496 999 1655 1043 sequitur
1673 1010 1764 1031 nova
1783 999 2001 1043 propositio,
2028 1012 2119 1046 quae

1130 1056 1181 1083 est
1197 1050 1306 1082 altera
1321 1060 1403 1093 pars
1418 1047 1523 1082 huius
1541 1049 1708 1093 epistolae
1719 1075 1728 1088 ,
1756 1048 1793 1081 in
1816 1062 1885 1094 qua
1898 1049 2016 1094 Appio
2041 1063 2120 1095 gra-

1131 1101 1196 1134 tias
1217 1100 1300 1144 agit.
1358 1099 1529 1143 Epilogus
1554 1112 1594 1132 ex
1620 1095 1727 1132 variis
1752 1106 1900 1134 constat.
1953 1100 2120 1145 Inprimis

1131 1158 1249 1184 autem
1267 1150 1444 1190 confutat,
1472 1150 1606 1184 litteras
1630 1162 1709 1184 suas
1732 1162 1805 1182 non
1831 1162 1902 1184 esse
1931 1163 1972 1184 ex
1997 1164 2037 1184 eo
2063 1164 2122 1196 ge-

1131 1214 1214 1235 nere
1226 1229 1235 1242 ,
1263 1213 1353 1247 quae
1371 1213 1444 1233 non
1460 1207 1542 1234 sunt
1558 1202 1727 1239 disertae;
1755 1201 1839 1234 item
1855 1213 1929 1234 non
1945 1203 2050 1237 fuisse
2064 1203 2122 1236 lit-

1132 1260 1225 1287 teras
1244 1250 1555 1287 stomachosiores.

1381 1335 1514 1369 Aliud
1549 1342 1879 1380 argumentum.

1234 1404 1381 1439 Constat
1397 1402 1484 1437 haec
1500 1404 1647 1448 epistola
1666 1404 1801 1437 duabus
1817 1405 1989 1449 partibus.
2015 1405 2122 1440 Prior

1132 1453 1239 1489 habet
1271 1455 1558 1499 gratulationem.
1624 1455 1835 1488 Gratulatur
1869 1456 1964 1489 enim
1990 1456 2122 1502 Appio,

1134 1508 1230 1553 quod
1246 1506 1415 1539 liberatus
1431 1507 1475 1539 sit
1492 1505 1655 1550 periculis
1670 1505 1896 1541 iudiciorum.
1934 1506 2027 1541 Nam
2047 1515 2124 1542 erat

1134 1564 1315 1591 accusatus
1347 1557 1503 1601 primum
1533 1569 1553 1590 a
1585 1557 1740 1602 quodam
1772 1569 1836 1590 suo
1862 1557 2044 1592 emissario
2078 1560 2122 1593 de

1135 1609 1282 1642 crimine
1311 1608 1522 1648 maiestatis,
1564 1608 1653 1641 sicut
1685 1614 1735 1641 est
1766 1607 1802 1640 in
1834 1608 1982 1652 epistola
2012 1609 2124 1643 Caelii

1134 1661 1194 1694 lib.
1212 1660 1342 1705 8.3'¹³);
1371 1659 1496 1692 deinde
1522 1671 1541 1691 a
1564 1658 1748 1692 Dolabella
1775 1659 1817 1692 de
1843 1660 2000 1701 ambitu,
2024 1660 2123 1695 cuius

1136 1711 1368 1745 accusationis
1391 1722 1498 1755 supra
1525 1710 1616 1742 facta
1650 1716 1700 1743 est
1729 1710 1876 1744 mentio.
1938 1711 2124 1746 Posterior

1136 1775 1218 1807 pars
1243 1762 1400 1795 continet
1426 1760 1621 1805 gratiarum
1647 1760 1820 1794 actionem
1846 1762 1888 1795 de
1909 1763 2122 1807 quibusdam

1137 1813 1213 1847 aliis
1230 1813 1379 1857 negotiis
1396 1812 1535 1845 additis.
1586 1811 1668 1846 Non
1684 1817 1735 1845 est
1749 1809 1806 1844 hic
1828 1813 2012 1847 exordium
2024 1840 2032 1853 ‚
2060 1815 2123 1847 sed

1136 1864 1282 1910 ponitur
1302 1863 1477 1909 principio
1495 1863 1641 1907 simplex
1657 1863 1816 1896 narratio
1835 1864 1877 1896 de
1894 1864 2044 1908 acceptis
2066 1865 2123 1898 lit-

1137 1916 1239 1956 teris,
1266 1928 1307 1949 ex
1330 1915 1456 1961 quibus
1479 1913 1718 1958 respondendi
1743 1920 1777 1946 et
1800 1915 2001 1958 gratulandi
2023 1928 2122 1949 occa-

1136 1967 1272 2002 sionem
1293 1965 1493 2011 sumpserit.
1558 1964 1724 2010 Sequitur
1752 1966 1949 2009 propositio
1972 1967 2009 2000 in
2031 1964 2124 2000 hanc

1136 2021 1305 2053 sormam:
1335 2017 1442 2062 Quod
1458 2015 1571 2049 vicisti
1593 2016 1629 2048 in
1652 2015 1802 2056 iudicio,
1836 2022 1869 2049 et
1891 2017 1954 2050 tibi
1977 2024 2011 2052 et
2033 2016 2123 2051 mihi

1138 2070 1308 2115 gratulor.
1361 2068 1466 2101 Ratio
1485 2066 1738 2112 propositionis
1755 2074 1894 2111 sumpta
1914 2075 1964 2102 est
1990 2068 2034 2102 ab
2058 2067 2123 2102 ho·

1137 2128 1249 2155 nesto.
1316 2118 1603 2165 propositionem
1636 2118 1795 2163 sequitur
1829 2119 2121 2163 occupatiuncula

1136 2173 1275 2206 ratione
1292 2171 1410 2204 addita
1423 2196 1432 2210 ‚
1460 2181 1522 2203 cur
1538 2170 1580 2201 de
1594 2169 1776 2203 maiestate
1791 2169 1909 2214 potius
1920 2196 1929 2210 ,
1952 2182 2059 2216 quam
2078 2172 2122 2204 de

1139 2224 1274 2257 ambitu
1297 2222 1511 2267 gratuletur,
1550 2232 1678 2264 nempe
1708 2221 1802 2265 quod
1835 2232 1938 2254 causa
1969 2221 2123 2256 ambitus

1137 2276 1249 2309 multo
1267 2273 1379 2307 levior
1395 2279 1429 2306 et
1446 2272 1563 2305 minus
1579 2271 1726 2304 obscura
1743 2271 1798 2306 sit.
1849 2271 1964 2305 Porro
1986 2272 2023 2305 in
2042 2284 2122 2316 gra-

1138 2326 1310 2361 tulatione
1327 2325 1368 2358 de
1385 2323 1566 2357 maiestate
1583 2322 1764 2366 praedicat
1780 2323 1936 2356 studium
1952 2323 2122 2368 reipubli-

1139 2390 1198 2412 cae
1216 2384 1250 2410 et
1265 2377 1460 2410 amicorum
1477 2386 1558 2418 erga
1576 2373 1744 2417 Appium.
1787 2374 1914 2407 Postea
1929 2386 1992 2418 per
2008 2381 2122 2408 trans-

1138 2430 1284 2463 itionem
1314 2427 1459 2472 ponitur
1491 2424 1684 2469 gratiarum
1716 2424 1828 2465 actio,
1867 2426 1962 2470 quod
1987 2425 2123 2459 miserit

1138 2482 1324 2524 diligenter
1353 2477 1562 2520 descriptam
1584 2476 1737 2509 formam
1760 2482 1870 2510 status
1894 2476 2120 2520 reipublicae.

1138 2532 1342 2567 Gratiarum
1364 2528 1495 2562 actioni
1519 2528 1699 2561 adduntur
1717 2528 1761 2560 ad
1781 2528 1887 2560 finem
1913 2539 2023 2572 usque
2048 2527 2122 2571 epi-

1136 2583 1247 2618 stolae
1270 2582 1392 2615 breves
1420 2586 1454 2613 et
1479 2578 1598 2612 variae
1617 2578 1859 2619 narrationes,
1892 2577 2054 2612 videlicet
2075 2578 2120 2612 de

1169 2693 1236 2721 34⁸)
1256 2691 1309 2717 Cic.
1329 2688 1363 2714 ad
1382 2688 1456 2712 Fam.
1477 2685 1548 2718 vni,
1568 2686 1593 2710 6.
