2351 2990
95 145 190 180 1081
339 144 444 181 XLII.

92 230 207 267 Nobis
231 243 317 265 vero
341 232 370 266 si
393 244 553 279 unquam
578 233 685 274 alias,
712 246 808 267 nunc
832 234 987 268 maxime
1011 246 1095 269 con-

95 283 193 317 ducit
217 295 341 328 pacem
368 284 504 325 facere,
549 285 759 331 priusquam
795 286 922 320 accidit
958 286 1095 333 aliquid

95 335 313 376 insanabile,
342 337 439 382 quod
457 336 595 369 adferat
615 337 696 370 odia
725 344 869 372 aeterna
895 345 928 372 et
954 338 1094 383 privata

98 392 242 432 praeter
267 387 492 428 communia,
535 394 569 421 et
593 401 657 422 vos
689 389 860 424 amittatis
886 390 968 431 illa,
1004 402 1095 437 quae

98 450 194 472 nunc
211 438 406 473 offerimus.

202 489 490 525 Reconciliemur
514 490 641 536 igitur,
668 492 781 526 donec
807 492 951 539 utrique
974 505 1096 527 sumus

95 540 246 586 integri,
274 548 308 576 et
323 542 424 576 vobis
442 543 578 577 accedit
593 544 706 588 gloria
724 550 759 577 et
779 551 899 579 nostra
920 544 1095 582 amicitia;

95 604 162 627 nos
182 605 268 627 vero
290 593 366 628 sine
390 595 614 640 turpitudine
639 596 867 630 mediocriter
883 596 1096 641 deponimus

94 641 164 678 hoc
196 645 454 688 infortunium,
498 653 532 680 et
561 660 640 681 cum
675 661 740 682 nos
766 648 832 693 ipsi
857 648 976 693 potius
1000 647 1097 681 dulci

96 707 184 740 pace
210 697 393 739 fruamur,
431 705 505 732 tum
534 712 620 733 vero
647 700 753 733 etiam
777 700 925 734 caeteris
949 699 1096 734 Graecis

96 747 203 781 finem
229 749 408 783 malorum
432 750 616 786 faciamus.
670 751 751 797 Qua
775 751 813 784 in
835 764 873 785 re
897 750 966 785 hoc
995 751 1096 785 vobis

96 799 294 843 gloriosum
321 801 408 842 erit,
452 803 550 849 quod
573 815 637 837 vos
662 803 873 837 iudicabunt
897 816 971 838 esse
998 803 1096 848 pacis

97 857 252 886 autores.
310 852 490 888 Hactenus
514 854 609 888 enim
635 855 821 895 dubitant,
855 855 929 888 utri
951 866 1095 889 causam

94 902 189 936 bello
208 904 453 949 praebuerint.
506 905 576 940 Sed
593 907 684 940 faeta
710 919 817 952 pace,
845 918 936 952 quae
959 906 1032 939 iam
1057 906 1095 939 in

97 961 214 989 vestra
241 962 417 1001 potestate
448 963 526 998 est,
572 970 638 1003 pro
667 971 708 992 eo
733 958 905 992 beneficio
934 957 1036 992 vobis
1060 970 1096 992 se

96 1006 250 1050 gratiam
276 1008 406 1042 debere
431 1009 658 1050 fatebuntur,
693 1015 727 1043 et
743 1010 772 1044 si
789 1009 837 1044 sic
854 1009 1097 1049 decreveritis,

95 1054 273 1093 habebitis
290 1058 599 1095 Lacedaemonios
614 1062 737 1095 firmos
753 1061 888 1095 amicos
899 1088 908 1102 ,
934 1061 1021 1106 ipsis
1036 1073 1097 1106 pe-

96 1110 253 1144 tentibus
268 1123 392 1156 pacem
405 1139 415 1153 ,
443 1112 631 1147 adiunctos
648 1112 842 1154 beneficio,
868 1125 943 1146 non
960 1113 1097 1146 violen-

95 1160 158 1195 tia.-
212 1161 288 1196 Hac
305 1162 342 1196 in
362 1176 400 1197 re
426 1171 560 1210 quanta
584 1165 678 1198 bona
704 1165 834 1204 insint,
862 1164 1098 1204 considerate,

93 1210 163 1246 hoc
189 1213 218 1247 si
246 1226 312 1248 nos
345 1221 380 1248 et
412 1228 476 1250 vos
504 1222 720 1256 statuemus,
761 1216 899 1262 reliqua
931 1216 1097 1256 Graecia,

95 1264 194 1299 cuius
212 1266 373 1310 potentia
391 1267 541 1300 inferior
559 1274 628 1308 est,
647 1268 805 1301 maximo
823 1265 963 1300 honore
980 1274 1098 1301 utros-

95 1328 165 1362 que
193 1317 334 1352 afficiet.

294 1403 618 1439 Hermocratis
652 1405 808 1439 oratio
827 1405 887 1453 ⁴⁶).

200 1472 290 1507 Cum
317 1485 434 1520 neque
455 1485 496 1507 ex
521 1473 672 1507 minima
697 1474 841 1508 civitate
866 1474 953 1514 sim,
980 1486 1098 1520 neque

96 1524 251 1558 maxime
275 1525 405 1559 afflicta
431 1525 546 1566 bello,
577 1525 694 1559 dicam
721 1526 935 1560 sententiam
953 1525 1098 1560 univer-

95 1588 154 1611 sae
174 1576 315 1611 Siciliae
332 1577 470 1612 utilem.
524 1577 598 1612 Nec
626 1589 715 1622 opus
738 1584 789 1612 est
804 1578 912 1622 longa
931 1576 1097 1610 oratione

94 1629 192 1673 apud
225 1628 376 1663 scientes
401 1641 707 1670 commemorare,
748 1641 857 1676 quam
888 1629 1096 1663 calamitosa

93 1691 150 1713 res
177 1679 222 1714 sit
241 1681 389 1715 bellum.
450 1680 642 1715 Neminem
667 1680 763 1714 enim
797 1680 891 1725 cogit
915 1680 1095 1726 imperitia

93 1743 216 1776 gerere
241 1732 394 1773 bellum,
426 1745 544 1778 neque
569 1732 734 1777 reprimit
758 1739 893 1773 metus,
928 1745 1008 1766 cum
1034 1744 1096 1777 spe

97 1783 222 1828 magni
247 1784 429 1818 commodi
453 1784 595 1819 animus
612 1784 792 1818 incitatur.
843 1784 913 1818 Sed
929 1784 1098 1817 videntur

95 1835 276 1881 aliquibus
291 1836 389 1870 lucra
407 1836 545 1869 maiora
564 1848 637 1870 esse
661 1836 947 1874 difficultatibus;
984 1835 1095 1881 aliqui

96 1887 237 1921 malunt
271 1887 446 1922 sustinere
478 1888 657 1933 pericula,
696 1900 805 1934 quam
831 1887 869 1921 in
893 1887 1095 1932 praesentia

95 1940 210 1972 levem
226 1939 403 1974 iacturam
428 1941 556 1975 facere.
608 1939 678 1973 Sed
700 1939 769 1974 nisi
791 1939 936 1986 utrique
956 1939 993 1972 in
1008 1946 1097 1973 tem-

94 2002 184 2036 pore
205 1998 304 2026 metu
328 1989 581 2032 retrahantur,
606 1991 692 2025 utile
717 1998 770 2026 est
793 2003 942 2025 monere
965 2003 1026 2025 eos
1052 1991 1096 2024 de

95 2043 408 2085 reconciliatione,
435 2044 472 2078 id
499 2044 597 2090 quod
620 2055 716 2077 nunc
736 2055 880 2090 quoque
898 2042 1002 2077 nobis
1017 2043 1095 2088 plu·

97 2094 230 2129 rimum
246 2096 428 2140 proderit,
456 2095 486 2131 si
509 2095 779 2142 acquiescimus.

192 2146 286 2182 Nam
302 2153 337 2180 et
350 2153 454 2181 antea
471 2154 621 2193 propter
636 2146 776 2192 privata
792 2145 972 2180 movimus
988 2146 1094 2187 bella,

96 2205 130 2232 et
146 2210 243 2233 nunc
259 2198 441 2243 litigamus
456 2200 500 2233 de
518 2199 681 2245 privatis,
709 2205 743 2232 et
759 2198 1004 2244 unusquisque
1020 2198 1097 2232 vult

94 2250 196 2296 prius
219 2250 286 2285 sibi
311 2263 373 2285 sua
398 2251 522 2293 reddi,
563 2251 774 2297 priusquam
800 2251 958 2295 deponat
981 2262 1096 2291 arma,

96 2314 137 2335 ac
154 2302 224 2336 nisi
241 2302 387 2348 recipit,
415 2315 508 2350 quae
526 2310 630 2337 antea
649 2308 834 2343 tenuerat,
860 2314 984 2336 rursus
1002 2301 1095 2335 inter

94 2366 162 2388 nos
179 2353 441 2390 dimicabimus.
468 2354 603 2389 Verum
624 2367 691 2389 nos
708 2355 864 2400 cogitare
879 2351 969 2387 haec
986 2366 1094 2399 opor-

95 2407 213 2447 tebat,
255 2403 350 2440 hunc
382 2413 599 2441 conventum
627 2419 701 2441 non
725 2407 767 2440 de
792 2405 942 2451 privatis
974 2406 1093 2446 rebus,

97 2459 157 2493 sed
180 2459 224 2491 de
251 2458 435 2493 communi
457 2459 570 2493 salute
594 2459 767 2492 indictum
792 2470 885 2498 esse,
913 2464 947 2491 et
963 2457 1094 2491 delibe-

94 2511 250 2544 randum
277 2522 370 2551 esse,
397 2512 581 2557 quomodo
598 2511 755 2544 Siciliam
773 2510 1010 2550 retineamus,
1037 2509 1094 2543 cui

92 2559 329 2597 Athenienses
360 2562 595 2603 insidiantur,
637 2569 672 2596 et
701 2562 948 2597 existimentur
979 2561 1093 2606 magis

92 2614 161 2659 ipsi
176 2612 411 2648 Athenienses
429 2627 638 2661 quam-mea
657 2614 774 2648 oratio
800 2627 863 2648 vos
886 2614 922 2646 in
946 2625 1093 2647 concor-

95 2666 189 2699 diam
208 2667 399 2707 reducere,
427 2667 487 2713 qui
507 2680 585 2701 cuin
606 2666 818 2700 antecellant
835 2665 993 2711 potentia
1015 2678 1092 2698 cae-

125 2785 172 2813 46)
193 2783 312 2814 Thucyd.
331 2783 381 2813 lv,
398 2783 524 2809 59-6⁴.

495 145 895 182 INTERPRETATIO
922 146 1221 183 ORATIONUM
1247 146 1311 182 EX
1338 147 1634 184 THUCYDIDIS
1661 149 1807 186 LIBRO
1833 152 1892 189 tv.

2047 158 2151 196 1082

1149 233 1234 268 teris
1261 234 1428 278 Graecis,
1463 235 1500 270 in
1527 242 1650 271 nostra
1679 244 1797 272 errata
1819 239 1947 274 intenti
1975 249 2077 284 sunt,
2112 250 2150 278 et

1149 298 1229 320 curn
1247 286 1370 331 paucis
1386 288 1537 323 navibus
1556 289 1686 324 adsunt
1710 287 1862 325 honesto
1886 299 2073 337 praetextu
2090 307 2147 329 so-

1149 337 1298 378 cietatis,
1325 351 1405 372 cum
1423 351 1461 373 re
1476 339 1552 385 ipsa
1571 338 1717 377 hostiles
1732 342 1872 378 animos
1888 342 2045 379 habeant
2061 359 2147 381 suae

1148 389 1295 423 utilitati
1311 391 1546 427 consulentes.

1252 440 1345 475 Nam
1371 441 1400 476 si
1426 443 1558 477 bellum
1581 443 1813 488 elegerimus,
1839 452 1874 479 et
1895 448 2148 484 attraxerimus

1148 489 1402 534 Athenienses,
1428 494 1490 541 qui
1508 495 1654 529 venient
1669 495 1776 529 etiam
1794 509 1870 531 non
1886 499 2024 540 vocati,
2051 506 2149 545 post-

1150 556 1258 590 quam
1275 556 1341 578 nos
1357 544 1453 590 ipsos
1469 547 1673 581 domesticis
1689 548 1832 584 tributis
1846 547 2094 592 exhausimus,
2119 552 2149 586 si

1149 596 1346 640 procedent
1361 596 1410 630 eis
1424 597 1540 638 initia,
1561 599 1728 633 credibile
1740 606 1790 634 est
1807 613 1880 642 eos,
1899 614 1978 636 cum
1989 615 2056 637 nos
2072 603 2151 637 lan-

1149 648 1329 691 guefactos
1338 647 1506 690 viderint,
1524 662 1604 683 cum
1621 650 1758 685 maiore
1770 652 1877 687 classe
1888 660 2059 689 venturos
2075 667 2151 690 esse

1150 699 1195 731 ad
1205 699 1410 733 universam
1421 700 1579 734 Siciliam
1588 704 1847 747 occupandam.
1873 706 1986 752 Atqui
1995 712 2079 740 tunc
2093 719 2151 742 so-

1150 750 1222 785 cios
1233 762 1273 784 ac
1282 750 1441 795 pericula
1452 764 1686 794 accersamus,
1702 767 1781 788 cum
1797 755 1913 790 aliena
1924 757 2084 792 invasuri
2093 771 2151 793 su-

1150 814 1248 843 mus,
1275 814 1351 835 non
1376 815 1455 836 cum
1479 811 1602 838 nostra
1619 806 1769 850 perdere
1790 808 1968 843 volumus.
2021 809 2152 845 Existi·

1149 866 1289 888 memus
1306 860 1425 888 autem
1444 855 1638 891 seditiones
1662 858 1818 892 maxime
1841 860 2060 904 perniciosas
2076 874 2151 897 esse

1150 912 1185 940 et
1207 905 1357 940 urbibus
1381 912 1416 940 et
1441 907 1508 940 toti
1524 907 1666 942 Siciliae
1681 936 1690 950 ‚
1729 910 1767 943 in
1793 923 1863 957 qua
1889 924 1969 945 cum
1990 913 2152 948 universi

1149 957 1236 992 foris
1255 969 1483 992 communem
1507 957 1646 994 hostem
1672 958 1889 1003 habeamus,
1918 969 2038 998 tamen
2058 965 2153 999 inter

1149 1021 1216 1043 nos
1237 1008 1461 1045 dissidemus.

1253 1060 1350 1094 Haec
1377 1062 1594 1106 cogitantes,
1635 1069 1780 1108 oportet
1811 1071 1846 1098 et
1879 1065 2040 1110 privatos
2071 1080 2153 1102 cum

1150 1111 1320 1158 privatis,
1356 1119 1391 1147 et
1418 1113 1580 1148 civitates
1603 1127 1682 1148 cum
1709 1115 1912 1151 civitatibus
1937 1117 1974 1151 in
2000 1120 2153 1164 gratiam

1150 1164 1288 1204 redire,
1332 1170 1367 1198 et
1391 1177 1458 1199 nos
1487 1177 1612 1200 omnes
1645 1167 1855 1202 coniunctos
1879 1169 2020 1204 Siciliae
2046 1184 2154 1217 opem

1150 1216 1256 1250 ferre.
1323 1215 1397 1250 Nec
1430 1216 1622 1251 incitemur
1658 1216 1713 1252 his
1749 1219 1980 1264 opinionibus
1995 1249 2004 1263 ,
2043 1224 2155 1269 quod,

1152 1280 1232 1301 cum
1257 1279 1324 1301 nos
1348 1267 1458 1303 simus
1475 1268 1621 1310 Dorici,
1651 1277 1818 1315 oporteat
1841 1284 1907 1307 nos
1931 1285 2006 1308 esse
2032 1272 2154 1311 hostes

1151 1317 1423 1353 Atheniensium
1443 1347 1453 1360 ,
1495 1318 1747 1356 Chalcidenses
1786 1335 1872 1357 vero
1914 1324 1963 1360 eis
2005 1326 2155 1369 amicos,

1152 1370 1236 1416 quia
1264 1377 1347 1404 sunt
1366 1369 1494 1405 Ionum
1522 1373 1676 1408 colonia.
1729 1373 1813 1409 Non
1838 1375 1934 1409 enim
1961 1377 2045 1411 odio
2070 1391 2155 1423 gen-

1151 1421 1241 1455 tium
1267 1428 1415 1455 movent
1441 1423 1595 1465 bellum,
1630 1426 1690 1459 sed
1714 1426 1908 1471 cupiditate
1931 1440 2041 1473 opum
2067 1430 2156 1464 Sici-

1150 1473 1232 1507 liae.
1285 1471 1324 1506 Id
1341 1475 1594 1516 ostenderunt,
1623 1477 1706 1522 quia
1724 1475 2017 1515 Chalcidensibus
2036 1482 2155 1527 opitu-

1150 1524 1214 1558 lati
1239 1531 1341 1566 sunt,
1369 1536 1388 1558 a
1418 1526 1548 1572 quibus
1574 1527 1642 1572 ipsi
1666 1529 1805 1564 nullum
1832 1537 1915 1565 ante
1939 1532 2154 1569 beneficium

1151 1576 1229 1611 iure
1252 1576 1431 1611 societatis
1448 1586 1674 1623 acceperunt.

1254 1627 1328 1662 Nec
1352 1640 1437 1662 vero
1464 1631 1654 1665 accusandi
1677 1639 1760 1667 sunt
1773 1631 2028 1676 Athenienses,
2056 1637 2156 1683 quod

1151 1678 1290 1713 maiora
1309 1686 1503 1724 appetunt,
1538 1688 1572 1715 et
1589 1682 1782 1728 imperium
1808 1698 1938 1731 augere
1963 1695 2155 1731 conantur,

1150 1732 1211 1765 sed
1227 1731 1278 1764 illi
1295 1731 1415 1776 potius
1431 1731 1719 1778 reprehendendi
1735 1743 1836 1778 sunt,
1866 1738 1928 1784 qui
1945 1739 2154 1774 servitutem

1150 1782 1218 1817 sibi
1233 1790 1431 1818 accersunt.
1485 1784 1622 1819 Natura
1642 1787 1737 1820 enim
1764 1788 1813 1822 sic
1839 1789 1899 1830 fit,
1926 1797 1966 1824 ut
1989 1788 2155 1827 homines

1150 1834 1384 1868 dominentur
1408 1835 1505 1870 ultro
1530 1837 1755 1878 cedentibus;
1799 1848 1951 1875 caveant
1976 1854 2083 1885 vero,
2124 1844 2153 1879 si

1150 1886 1212 1919 alii
1230 1899 1305 1920 non
1324 1887 1464 1921 cedant.

1253 1938 1350 1972 Haec
1372 1951 1454 1972 cum
1485 1939 1661 1982 sciamus,
1702 1941 1731 1976 si
1760 1955 1834 1976 non
1862 1956 2047 1988 cavemus,
2088 1959 2155 1981 nec

1150 1990 1342 2035 praecipue
1370 1991 1554 2025 communi
1584 1993 1743 2038 periculo
1778 1996 2019 2038 occurrimus,
2062 1999 2154 2033 mul-

1149 2048 1225 2076 tum
1243 2054 1444 2088 peccamus.
1479 2042 1549 2077 Sed
1565 2057 1677 2078 unum
1695 2043 1764 2079 hoc
1781 2053 1815 2080 et
1829 2047 1933 2082 facile
1950 2050 2151 2084 remedium

1150 2100 1202 2128 est
1216 2100 1339 2128 nostra
1359 2095 1566 2137 concordia,
1585 2097 1670 2142 quia
1686 2095 1922 2135 Athenienses
1937 2113 2011 2135 non
2029 2114 2072 2136 ex
2089 2115 2153 2137 sua

1149 2152 1243 2179 terra
1260 2146 1393 2180 bellum
1412 2147 1516 2181 nobis
1534 2147 1706 2189 inferunt,
1727 2151 1788 2183 sed
1806 2163 1847 2184 ex
1866 2152 2002 2188 sociali.
2030 2153 2154 2200 Quare

1149 2197 1294 2232 illorum
1311 2210 1411 2231 arma
1432 2211 1507 2232 non
1530 2199 1732 2245 quiescent,
1759 2203 1875 2236 donec
1893 2203 1961 2249 ipsi
1977 2204 2072 2239 inter
2086 2218 2154 2241 nos

1148 2249 1239 2283 bella
1258 2249 1427 2294 gerimus.
1481 2250 1551 2284 Sed
1567 2251 1596 2286 si
1613 2252 1706 2286 inter
1722 2265 1788 2288 nos
1808 2267 1878 2299 pax
1894 2255 1960 2297 sit,
1988 2256 2064 2291 sine
2089 2270 2154 2292 ne-

1149 2301 1246 2346 gotio
1265 2301 1428 2335 desinent
1452 2301 1540 2347 ipsi,
1569 2309 1603 2337 et
1626 2305 1786 2339 accersiti
1802 2304 1952 2341 honesta
1971 2310 2087 2353 specie
2106 2310 2153 2343 ad

1147 2365 1213 2388 nos
1231 2353 1489 2398 opprimendos
1505 2366 1544 2387 re
1559 2354 1687 2390 infecta
1706 2356 1899 2393 discedent.

1252 2404 1412 2438 Tantum
1447 2405 1534 2439 boni
1569 2413 1622 2442 est
1649 2407 1686 2441 in
1718 2410 1930 2451 concordia,
1966 2412 2064 2457 quod
2101 2413 2148 2447 ad

1146 2453 1382 2491 Athenienses
1414 2457 1552 2493 attinet.
1622 2458 1762 2494 Deinde
1786 2463 1884 2507 quod
1908 2463 1953 2496 ad
1984 2470 2147 2498 nostram

1146 2508 1338 2542 utilitatem
1363 2508 1510 2551 attinet,
1545 2509 1684 2545 etiamsi
1711 2518 1855 2547 externa
1881 2514 1934 2549 vis
1958 2527 2033 2548 non
2059 2522 2149 2550 esset

1146 2561 1361 2601 metuenda,
1405 2573 1484 2595 cum
1518 2572 1643 2597 omnes
1665 2564 1844 2599 fateamur
1869 2566 2044 2611 optimam
2070 2580 2148 2601 rem

1147 2624 1270 2656 pacem
1298 2625 1392 2653 esse,
1419 2625 1482 2646 cur
1504 2626 1578 2647 non
1605 2627 1683 2648 eam
1702 2615 1796 2650 inter
1811 2629 1876 2652 nos
1900 2618 2148 2653 restituimus?

1145 2664 1276 2698 Nonne
1298 2664 1426 2699 videtis
1437 2691 1447 2705 ‚
1470 2664 1507 2698 in
1523 2667 1686 2702 secundis
1703 2674 1737 2701 et
1754 2669 1911 2704 adversis
1926 2671 2031 2704 rebus
2047 2671 2147 2716 quie-

1145 2722 1215 2749 tem
1232 2716 1416 2750 utiliorem
1443 2729 1516 2752 esse
1545 2724 1579 2751 et
1600 2719 1646 2752 ad
1663 2720 1868 2756 retinendas
1885 2733 1941 2756 res
1957 2722 2145 2764 secundas,

1147 2774 1178 2801 et
1197 2769 1241 2801 ad
1259 2769 1475 2802 medendum
1501 2770 1678 2812 adversis,
1707 2778 1740 2805 et
1766 2772 1801 2805 in
1821 2786 1906 2818 pace
1931 2774 2143 2818 dignitatem
