2294 2975
88 124 152 156 151
655 111 775 145 1‘1111..
811 107 921 143 Misi..
957 102 1159 140 SCRIPTA
1195 101 1530 138 PiltLOLOGICA.
2032 107 2103 143 172

86 208 197 243 lator,
227 210 258 236 et
278 203 333 234 ille
349 207 417 239 est,
445 201 486 232 de
505 212 574 244 qno
593 196 818 242 proverbium
844 194 975 225 sactum
998 197 1064 225 est:

86 255 315 289 Vatinianum
337 252 456 284 «ulium
468 251 524 293 τ·’).

186 304 215 341 Q.
236 306 267 338 1.
304 304 385 336 Pub.
414 297 648 345 Vaiitie‘acs⁷²¹)]
684 294 863 331 Narratio.

83 359 113 391 εἰ
131 354 199 402 me]
228 354 377 392 Petitio,
404 352 519 395 seun)
540 348 747 394 propositio.

943 295 1067 334 Quare,

309 445 444 479 Aliud
471 438 851 486 argtlmentU1n75).

186 515 247 549 Est
265 511 428 557 petitoria
448 509 607 553 epistola.
660 506 823 539 Vatinius
846 504 960 543 enim,
991 515 1068 537 cum

87 579 156 613 quo
181 576 285 608 snpra
313 564 347 594 in
372 561 487 605 primo
515 559 605 591 libro
632 558 667 591 in
697 558 847 601 gratiam
871 555 1015 588 rediisse
1036 566 1071 587 se

88 619 210 650 Cicero
231 611 441 657 scripsit⁷⁶)‚
469 617 590 642 contra
610 609 792 642 Dalmatas
816 608 900 641 satis
925 606 1072 639 feliciter

87 668 227 712 gerebat
245 665 396 702 bellum,
433 668 465 694 et
490 662 569 694 ideo
592 659 866 704 supplicationes
891 658 956 691 sibi
982 670 999 689 a
1022 669 1072 690 se-

87 725 173 751 natu
191 715 330 749 decerni
349 713 569 758 postulabat,
597 712 657 757 qui
676 710 789 744 honos
808 711 848 743 iis
874 707 997 742 haberi
1019 720 1074 741 so-

87 769 201 807 lebat,
236 766 295 812 qui
327 765 364 797 in
397 776 456 808 spe
486 761 659 807 triumphi
690 761 930 806 consequendi
963 765 1074 792 erant.

87 820 193 864 Quod
218 830 297 849 cnm
321 829 339 848 a
367 815 576 860 quibusdam
602 812 896 846 obtrectatoribus
927 809 1075 854 impedi-

89 877 162 903 tum
181 874 289 907 esset,
316 872 417 909 rogat
441 866 512 909 ipse
532 864 739 898 Ciceronem
764 863 799 895 in
822 860 888 895 liac
916 861 1075 906 epistola,

89 928 125 954 ut
142 933 176 954 se
193 931 259 964 pro
275 917 528 950 consuetudine
544 928 605 949 sua
625 915 882 947 defendendum
899 912 1077 956 suscipiat,

90 978 123 1004 et
149 970 317 1017 quoniam
339 968 532 1012 plurimum
554 967 668 999 valeat
692 965 881 998 autoritate
909 964 1003 1008 apud
1026 975 1077 996 se-

91 1029 233 1060 natum,
267 1026 305 1053 ut
331 1031 406 1051 eam
435 1030 509 1050 rem
537 1017 722 1060 diligenter
743 1016 916 1048 conficiat.
966 1014 1078 1047 Exor-

91 1074 140 1106 dii
156 1073 232 1105 loco
257 1070 401 1115 ponitur
425 1068 540 1101 brevis
564 1068 742 1106 narratio,
778 1067 833 1099 cui
855 1067 973 1099 addita
998 1070 1080 1098 sunt

92 1128 298 1167 argumenta
327 1133 344 1152 a
368 1119 496 1152 maiori
521 1126 553 1151 et
581 1131 598 1150 a
617 1118 729 1157 facili,
758 1118 854 1162 quod
872 1115 962 1149 nihil
979 1115 1079 1147 dubi-

92 1181 138 1207 tet
157 1175 198 1206 de
219 1171 349 1205 auxilio
367 1169 558 1203 Ciceronis.
612 1168 748 1200 Deinde
765 1167 924 1212 sequitur
948 1178 1079 1209 propo-

92 1225 191 1263 sitio,
219 1235 309 1268 quae
329 1221 485 1254 continet
504 1219 724 1263 petitionem.
778 1218 948 1262 Epilogus
974 1215 1081 1248 habet

93 1273 384 1320 pollicitationem
409 1273 450 1303 de
478 1282 579 1303 servo
604 1270 751 1313 fugitivo
778 1268 961 1312 capiendO.
1027 1265 1080 1298 De

91 1325 159 1359 hoc
174 1322 444 1358 autemVatinio
461 1322 593 1354 factum
610 1327 660 1353 est
678 1320 923 1364 proverbium:
947 1316 1079 1350 Odium

94 1376 336 1409 Vatinianum.

335 1465 473 1498 Aliud
503 1469 837 1508 argumentum.

197 1535 402 1580 Sequuntur
427 1532 517 1565 duae
542 1531 710 1575 epistolae
728 1528 882 1569 Vatinii,
911 1528 948 1560 in
976 1539 1082 1573 quem

96 1588 219 1622 Cicero
254 1585 411 1629 primum
447 1582 617 1615 acerrime
654 1582 811 1614 invectus
850 1585 901 1613 est
939 1578 1083 1612 detectis

98 1638 263 1672 omnibus
282 1635 374 1668 illius
389 1633 542 1678 flagitiis.
594 1632 732 1666 Deinde
750 1632 902 1665 eundem
927 1629 1083 1664 defendit

98 1689 180 1722 odio
200 1686 314 1721 Clodii
334 1686 369 1717 in
394 1684 543 1729 gratiam
559 1683 729 1717 Caesaris.
787 1683 909 1716 Prima
937 1681 1083 1726 epistola

98 1747 148 1774 est
165 1737 343 1784 petitoria.
395 1736 512 1779 Rogat
530 1736 643 1775 enim,
677 1741 734 1774 ut,
760 1747 837 1767 cum
857 1739 977 1766 contra
998 1732 1084 1764 Dal-

98 1797 211 1824 matas
235 1800 307 1821 non
331 1787 516 1819 infeliciter
544 1798 562 1818 a
587 1798 622 1819 se
644 1791 839 1829 pugnatum
863 1785 925 1823 sit,
960 1783 1082 1816 Cicero

100 1843 265 1886 impetret
279 1852 295 1871 a
314 1844 438 1871 senatu
454 1837 746 1881 supplicationes,
773 1842 812 1869 ut
836 1836 977 1869 tandem
1001 1846 1084 1866 eon-

99 1898 266 1938 sequatur
291 1890 420 1922 iustum
446 1885 680 1931 triumphum.
731 1887 913 1930 Principio
938 1885 1084 1930 ponitur

101 1942 279 1980 narratio,
307 1941 342 1972 in
367 1951 435 1984 qua
461 1944 717 1971 connnemorat
741 1938 955 1981 singularem
980 1937 1085 1969 bene-

101 1993 293 2026 volentiam
310 1990 690 2033 additisargumentis,
719 1990 814 2033 quod
840 1987 929 2021 nihil
951 1987 1086 2020 dubitet

101 2046 143 2078 de
172 2044 353 2076 voluntate
381 2041 572 2074 Ciceronis.
638 2039 774 2073 Deinde
806 2047 856 2073 est
886 2037 1085 2084 propositio

103 2107 162 2129 seu
176 2093 311 2139 petitio.
366 2092 499 2124 Ultimo
517 2092 593 2123 loco
613 2091 789 2124 conclusio
814 2088 922 2123 habet
942 2092 1085 2123 brevem

102 2144 393 2190 significationem
411 2142 463 2176 sui
482 2142 588 2175 studii
605 2154 664 2174 sen
688 2142 912 2185 gratitudinis
936 2140 1087 2174 maxime

104 2198 140 2229 in
158 2196 327 2239 capiendo
345 2206 446 2227 servo
465 2192 612 2235 fugitivo
632 2192 822 2226 Ciceronis.

141 2326 186 2355 72)
207 2326 246 2349 De
267 2326 314 2349 hoe
340 2327 502 2357 proverbio,
534 2333 586 2357 quo
611 2327 782 2355 significatur
805 2325 893 2349 odium
918 2325 1034 2354 capitale
1059 2331 1091 2349 ac

174 2361 345 2383 vehementer
365 2363 507 2392 acerbum,
535 2363 586 2385 vid.
608 2362 713 2384 Erasini
733 2361 811 2385 adae.
832 2360 892 2383 chit.
913 2360 945 2383 11.
972 2361 1041 2383 cent.
1057 2360 1090 2383 11.

176 2400 252 2423 prov.
273 2394 313 2416 94.
341 2407 371 2411 -
427 2397 482 2419 Hoc
508 2399 696 2426 argunnentmn
722 2395 747 2418 iu
774 2394 857 2417 Editt.
880 2394 1091 2424 1537—1554.,

179 2427 270 2452 1557..
292 2428 381 2459 1560„
403 2430 474 2453 1601.
495 2430 639 2454 invenitur.

144 2477 192 2504 73)
213 2476 265 2514 p.''⁰
284 2477 332 2499 hoe
359 2479 465 2502 nomine
490 2480 515 2503 in
537 2481 617 2503 Editt.
639 2480 729 2510 1545.,
753 2479 826 2503 1560.
852 2478 912 2502 huic
937 2480 1017 2502 notae
1042 2479 1092 2502 ad-

179 2512 281 2539 scripta
299 2514 362 2534 sunt
383 2514 464 2536 verba
484 2515 690 2543 praecedentia:
717 2516 748 2538 δι’
767 2513 1010 2538 consuetudinem.

144 2559 192 2587 74)
212 2560 276 2587 seu]
296 2560 344 2584 Ed.
367 2561 439 2585 1545.
459 2562 526 2588 sive,

144 2609 192 2637 ⁷5)
211 2609 268 2632 Boc
290 2613 478 2638 argumentum
497 2615 523 2636 et
543 2613 594 2636 duo
614 2615 755 2643 sequentia
774 2614 946 2644 reperiuntur
966 2613 992 2636 in
1009 2613 1090 2638 Editt.

178 2643 270 2673 1556..
294 2644 483 2670 1565—1596.

141 2694 191 2722 76)
211 2694 265 2718 Cic.
285 2694 318 2718 ad
337 2695 410 2720 Fam.
431 2697 451 2727 l,
470 2698 496 2728 9,
517 2699 532 2721 4
549 2704 606 2728 sqq.

1358 188 1504 223 Aliud·
1532 196 1861 235 argumentum.

1220 257 1366 290 Exordii
1389 257 1465 289 loco
1490 264 1540 292 est
1566 258 1785 303 propositio,
1829 271 1920 305 quae
1948 259 2106 294 continet

1121 308 1345 352 petitionem:
1393 310 1487 351 Ort),
1529 316 1568 343 ut
1601 323 1716 343 ineam
1746 323 1886 344 causam
1921 311 2108 356 diligenter

1122 372 1214 403 agas.
1270 361 1373 392 llatio
1393 361 1645 405 propositionis
1664 368 1713 394 est
1729 374 1768 394 ex
1786 362 1931 395 maiori:
1957 361 1996 395 ln
2014 376 2108 397 sum-

1123 410 1188 443 mis
1204 411 1368 454 periculis
1386 425 1440 444 ine
1457 413 1655 453 defendisti,
1684 413 1847 446 defendes
1863 413 1968 446 etiam
1988 414 2025 447 in
2042 414 2108 447 mi-

1122 461 1280 495 noribus.
1334 462 1521 496 Conclusio
1540 462 1646 496 habet
1663 464 1910 507 repetitionem
1929 465 2110 499 institutae

1124 512 1303 556 petitionis
1323 513 1355 545 in
1376 515 1630 558 propositione,
1655 515 1773 547 addita
1791 515 1929 548 ratione
1948 528 1989 549 ex
2004 517 2111 556 sacto,

1125 576 1187 608 per
1206 565 1384 608 quandam
1405 566 1763 599 coinmiserationem.
1806 565 1843 598 In
1863 567 1931 599 fine
1949 567 2109 600 additum

1126 621 1175 648 est
1196 616 1237 646 de
1266 615 1390 648 litteris
1416 617 1459 648 ad
1484 623 1665 655 senatum,
1701 623 1733 649 et
1757 618 1799 649 de
1822 630 1923 650 servo
1949 618 2111 662 fugitivo,

1127 666 1162 698 in
1181 679 1251 710 quo
1273 666 1444 709 capiendo
1461 679 1559 700 suain
1580 667 1764 711 pollicetur
1782 681 1940 712 operam.
2042 660 2045 665 Ι

1176 776 1501 820 Argumentum
1537 784 1577 811 et
1613 775 1787 811 scholia
1823 779 1865 811 in
1898 779 2064 823 episto-

1547 829 1630 861 lam
1660 830 1699 863 X.

1230 904 1415 950 Variae77)
1444 905 1668 937 narrationes
1691 911 1773 938 sunt
1801 911 1833 937 et
1866 905 2116 949 expostulatio-

1130 968 1202 989 nes.
1243 956 1289 988 lit
1305 962 1451 999 apparet
1467 956 1569 989 istam
1590 956 1775 999 epistolam
1795 956 1962 1000 scriptam
1980 957 2017 989 in
2034 969 2116 989 con-

1131 1007 1246 1040 sulatu
1264 1006 1434 1039 Caesaris.

1235 1056 1264 1100 Q.
1283 1057 1316 1090 4.
1345 1059 1413 1100 Eyo
1427 1062 1500 1099 post
1524 1055 1801 1103 supplicationes]
1837 1057 1913 1089 Hoc
1936 1058 2013 1090 loeo
2038 1058 2116 1092 aliis

1132 1108 1273 1140 initium
1299 1114 1349 1140 est
1373 1108 1516 1139 alterius
1548 1107 1717 1150 epistolae
1743 1107 1879 1139 Vatinii
1910 1109 1954 1140 ad
1978 1108 2118 1142 Cicero-

1132 1170 1213 1190 nem
1222 1158 1287 1203 7“”’);
1316 1157 1418 1190 nobis
1433 1157 1646 1201 coniungere
1665 1157 1767 1190 libuit
1777 1157 1834 1203 79).

1173 1242 1311 1275 Aliud
1342 1226 1654 1285 argumentum
1683 1241 1908 1286 epistolae
1935 1242 2078 1289 X³.⁸⁰).

1235 1310 1394 1354 Epistola
1413 1315 1464 1342 est
1484 1309 1708 1353 responsoria
1722 1336 1731 1350 ,
1765 1322 1855 1354 quae
1881 1316 2018 1344 constat
2042 1311 2120 1355 qui-

1133 1362 1283 1395 busdam
1308 1360 1595 1400 narrationibus,
1641 1361 1678 1392 in
1705 1360 1832 1406 quibus
1853 1361 2009 1405 primum
2035 1362 2121 1395 dicit

1135 1415 1176 1447 de
1199 1424 1300 1446 servo
1330 1411 1478 1455 fugitivo
1505 1410 1696 1445 Ciceronis.
1764 1411 1902 1445 Deinde
1929 1413 2122 1457 respondet

1135 1466 1179 1498 ad
1212 1463 1321 1508 ipsius
1350 1469 1383 1495 et
1405 1462 1544 1495 Servilii
1567 1462 1866 1505 deprecationem.
1931 1463 2121 1508 Deprecati

1136 1516 1229 1549 enim
1262 1515 1402 1548 fuerant
1431 1526 1496 1557 pro
1521 1513 1648 1546 Catilio
1678 1515 1834 1558 quodam
1864 1513 1981 1558 pirata
2006 1521 2121 1558 capto.

1135 1568 1321 1601 Postremo
1349 1564 1490 1610 querela
1518 1571 1587 1605 est,
1621 1565 1717 1610 quod
1739 1577 1757 1597 a
1783 1565 1930 1598 Caesare
1951 1565 2123 1609 impedia-

1137 1626 1214 1659 tur,
1242 1630 1312 1663 quo
1330 1616 1448 1649 minus
1468 1616 1512 1648 ob
1530 1628 1586 1649 res
1603 1615 1639 1648 in
1654 1615 1835 1648 Dalmatia
1854 1622 1966 1660 gestas
1988 1616 2122 1661 suppli-

1137 1670 1226 1703 catio
1244 1669 1382 1701 Romae
1400 1668 1622 1700 decernatur.
1675 1667 1893 1711 Supplicatio
1917 1673 2034 1700 autem
2050 1667 2124 1712 pri-

1136 1734 1213 1755 mus
1230 1721 1358 1763 gradus
1377 1724 1451 1751 erat
1470 1718 1513 1750 ad
1529 1715 1763 1761 triumphum.
1800 1717 1937 1762 Quibus
1953 1718 2046 1751 enim
2064 1719 2123 1752 de-

1137 1772 1346 1805 cernebatur
1365 1769 1442 1809 illa,
1472 1769 1698 1802 advenientes
1718 1769 1767 1801 illi
1782 1767 2062 1813 triumphabant.

1383 1853 1519 1886 Aliud
1548 1859 1877 1897 argumentum.

1237 1923 1356 1955 Altera
1374 1920 1520 1965 epistola
1539 1925 1674 1952 constat
1690 1920 1825 1952 duabus
1845 1919 2123 1954 narrationibus.

1138 1973 1259 2007 Prima
1276 1972 1382 2006 habet
1398 1971 1684 2015 responsionem,
1712 1982 1775 2014 per
1800 1971 1979 2015 quandam
2005 1971 2124 2005 obiur-

1139 2025 1318 2069 gationem
1343 2024 1387 2056 ad
1411 2022 1615 2067 petitionem
1640 2033 1705 2065 pro
1730 2020 1877 2061 Catilio,
1918 2022 1977 2066 qni
2004 2028 2123 2066 captus

1141 2083 1216 2109 erat
1232 2076 1268 2108 in
1284 2075 1389 2108 bello.
1443 2073 1544 2106 Hunc
1561 2079 1707 2116 propter
1730 2072 1840 2105 multa
1863 2073 1991 2105 scelera
2017 2073 2124 2116 signi-

1175 2194 1223 2222 77)
1242 2192 1360 2220 variae]
1385 2189 1444 2214 lniic
1469 2189 1529 2213 voci
1554 2188 1578 2212 in
1599 2189 1681 2213 Editt.
1703 2189 1795 2219 1510.,
1822 2189 1913 2216 1544..
1940 2190 2030 2218 1554..
2051 2190 2124 2215 1557.

1212 2227 1336 2258 praefixa
1354 2227 1418 2249 suut
1432 2224 1487 2250 cic.
1505 2225 1603 2247 verba:
1631 2224 1662 2247 si
1681 2224 1769 2247 rates.

1177 2271 1225 2298 78)
1249 2269 1406 2293 Disiunctae
1430 2267 1492 2290 sunt
1519 2266 1570 2289 liae
1600 2266 1734 2295 epistolae
1759 2266 1784 2289 in
1810 2265 1892 2290 Editt.
1916 2266 2005 2298 1540„
2040 2267 2124 2296 1544„

1215 2305 1305 2334 1554„
1327 2302 1417 2331 1556„
1439 2300 1529 2329 1557.‚
1560 2300 1748 2323 1565-1596.
1768 2300 1888 2323 innueris
1907 2300 1940 2324 X.
1961 2301 2008 2325 XI.
2028 2301 2124 2332 signa-

1212 2341 1271 2368 tae;
1300 2336 1459 2361 coniunctae
1477 2337 1566 2358 autem
1585 2334 1612 2358 in
1633 2334 1715 2358 Editt.
1738 2335 1828 2365 1537„
1849 2335 1939 2365 1560.,
1957 2335 1985 2358 iu
2003 2340 2056 2365 qua
2074 2342 2125 2358 uu-

1213 2379 1286 2397 mero
1306 2372 1340 2396 X.
1360 2370 1483 2399 signatae
1503 2370 1582 2394 sunt.
1618 2369 1644 2391 et
1662 2368 1689 2391 in
1710 2369 1792 2393 Editt.
1814 2369 1904 2398 1545„
1926 2369 2018 2400 1546.‚
2039 2369 2123 2399 1601„

1214 2408 1240 2430 iu
1268 2406 1363 2436 quibus
1381 2404 1415 2427 iis
1433 2409 1561 2426 numerus
1580 2402 1620 2426 67.
1647 2404 1687 2426 est
1705 2402 1870 2432 adscriptus.
1911 2403 1941 2426 ln
1959 2403 2007 2427 Ed.
2028 2403 2123 2433 orell„

1212 2446 1290 2471 quam
1310 2445 1359 2463 nos
1382 2438 1408 2461 in
1434 2437 1667 2467 paragraphorum
1687 2437 1806 2460 innueris
1825 2437 2012 2460 adscribendis
2030 2436 2124 2467 sequi-

1212 2481 1288 2504 mur,
1314 2473 1403 2497 altera
1430 2472 1546 2502 epistota
1571 2472 1696 2501 signatu·-
1721 2472 1745 2500 5.
1763 2473 1787 2496 4.
1813 2471 1947 2500 epistolae
1965 2470 1999 2495 X.
2023 2482 2059 2489 —
2093 2471 2124 2494 ln

1213 2507 1439 2538 subsequentibus
1453 2506 1631 2536 argumentis,
1650 2505 1676 2528 in
1691 2506 1787 2536 quibus
1804 2505 1868 2528 ittae
1882 2504 2015 2534 epistolae
2027 2503 2122 2529 seiun-

1213 2544 1272 2567 ctae
1292 2543 1371 2571 snnt,
1396 2540 1513 2570 priorem
1533 2540 1596 2568 (X.)
1616 2546 1725 2563 numero
1745 2540 1804 2564 Xa.
1817 2555 1824 2568 ,
1842 2539 1957 2563 atteram
1974 2538 2053 2568 (XI.)
2071 2545 2123 2562 nu-

1213 2583 1287 2600 mero
1308 2577 1363 2600 Xb.
1384 2574 1560 2605 signabimus.

1178 2620 1225 2646 79)
1247 2620 1319 2642 Haec
1338 2618 1402 2641 nota
1420 2617 1447 2640 in
1466 2616 1548 2640 Editt.
1572 2616 1663 2646 1537.,
1687 2616 1776 2643 1545..
1798 2615 1871 2640 ¹560.
1891 2615 1977 2640 deest.

1177 2661 1224 2689 80)
1245 2662 1303 2685 Hoc
1320 2661 1508 2691 argumentum
1529 2661 1554 2682 et
1574 2660 1625 2683 duo
1645 2659 1785 2690 sequentia
1803 2658 1977 2682 inveniuntur
1994 2657 2021 2682 in
2041 2657 2121 2681 Editt.

1216 2696 1306 2726 155G.‚
1328 2694 1517 2718 1565—1596.
