2351 2990
0 1652 7 1917 ·—cv«1-³--··

91 105 167 143 929
283 104 470 140 XXXVIII.

89 192 246 238 populus
269 192 363 226 male
387 204 494 227 sanus
519 198 554 226 et
575 198 741 237 acceptae
764 193 978 230 calamitatis
1004 194 1094 228 obli-

90 251 147 278 tus
159 271 169 286 ,
192 250 267 277 tam
282 244 401 278 alieno
420 250 582 289 tempore
600 256 774 278 coronare
791 251 824 279 te
839 246 957 287 vellet,
985 258 1093 292 opor-

90 296 190 329 tebat
206 301 240 329 te
258 295 377 341 ipsum
393 295 516 330 venire
533 296 571 329 in
588 296 797 330 concionem
809 323 820 339 ,
854 303 889 331 et
914 295 1092 332 honorem

92 346 279 392 deprecari
313 345 383 382 hoc
415 348 544 382 modo:
593 347 763 382 Delector
797 349 964 395 equidem
1000 350 1093 384 cives

91 398 272 444 praemio;
300 399 363 434 sed
386 396 455 433 hoc
476 405 638 445 tempore
660 400 895 446 praeconium
918 401 997 435 fieri
1018 413 1094 435 non

92 451 212 491 decet,
241 462 321 484 cum
344 450 383 484 in
406 451 549 496 publico
575 452 673 486 luctu
696 451 742 487 sit
766 452 933 487 universa
958 453 1094 487 civitas.

92 500 218 548 Neque
233 502 382 536 dubium
399 508 462 543 est,
484 503 574 549 quin
588 501 678 537 haec
693 504 853 539 dicturus
868 505 976 538 fuerit
992 505 1094 545 alius,

92 553 156 599 qui
173 551 323 588 honeste
342 560 377 588 et
395 567 475 589 cum
493 554 626 590 virtute
642 556 742 590 vixit.
797 556 865 590 Sed
890 556 1007 590 oratio
1033 562 1093 589 tua

93 605 327 639 conscelerati
354 603 513 641 hominis
546 614 598 641 est
631 614 664 640 et
694 608 926 641 obtrectantis
959 607 1095 642 virtuti.

90 655 208 692 Nemo
234 656 330 690 enim
352 664 512 692 vestrum
537 666 723 700 vereatur,
769 672 814 693 ne
835 657 1096 693 Demosthenes

92 705 233 742 honore
251 708 462 751 frustratus,
488 716 663 757 tanquam
680 711 736 744 vir
754 711 856 745 fortis
874 713 1022 745 domum
1042 723 1096 744 re-

94 759 196 794 diens
213 766 369 793 mortem
388 761 454 795 sibi
472 762 687 804 consciscat,
713 762 776 809 qui
792 763 881 797 adeo
900 762 1098 796 contemnit

95 809 256 846 honores
283 818 441 853 vestros,
481 820 522 848 ut
549 812 618 847 hoc
642 813 831 848 execrabili
854 814 968 860 capite
991 826 1097 859 saepe

95 863 307 904 vulnerato,
333 865 588 899 contumeliam
605 866 756 911 pecunia
774 866 990 912 pensaverit,
1017 879 1098 900 cum

96 914 361 949 accusationem
378 916 421 950 de
434 916 581 951 vulnere
600 918 827 958 instituisset;
856 925 891 952 et
908 917 1098 963 aMidia21)

96 966 147 1000 ita
164 966 357 1001 mulctatus
372 973 423 1002 est
442 968 584 1013 pugnis,
611 976 650 1004 ut
668 970 814 1015 vestigia
838 970 875 1003 in
900 970 1015 1015 capite
1038 970 1099 1003 ad-

95 1016 166 1053 huc
185 1018 396 1064 adpareant.
449 1020 542 1054 Nam
561 1021 626 1055 iste
641 1034 716 1056 non
734 1028 859 1067 caput,
896 1023 957 1056 sed
974 1021 1099 1067 capitis

93 1070 231 1105 iactura
249 1071 440 1116 pecuniam
457 1071 643 1108 lucrifecit.

200 1122 271 1156 Sed
302 1123 346 1156 de
371 1122 622 1169 Ctesiphonte,
662 1126 725 1172 qui
747 1126 929 1159 decretum
954 1137 1100 1170 compo-

97 1174 188 1215 suit,
221 1186 336 1219 pauca
361 1175 499 1216 dicam,
532 1177 645 1211 multa
670 1177 910 1222 praeteriens,
945 1184 985 1211 ut
1007 1177 1100 1222 peri-

96 1227 216 1260 culum
233 1226 383 1268 faciam,
411 1239 458 1260 an
475 1227 662 1273 insigniter
679 1229 865 1274 improbos
880 1241 954 1262 non
971 1228 1101 1261 moniti

96 1278 298 1312 discernere
317 1278 513 1323 possimus;
549 1280 613 1313 sed
637 1282 735 1326 quod
758 1293 814 1314 res
842 1281 918 1325 ipsa
942 1281 1036 1324 cogit
1057 1281 1101 1313 de

96 1336 252 1376 utroque
270 1330 510 1364 communiter
526 1331 644 1365 dicere
656 1359 664 1373 ‚
691 1332 727 1365 id
746 1331 910 1365 omittere
930 1344 1004 1365 non
1021 1344 1102 1376 pos-

98 1394 190 1417 sum.
243 1381 491 1415 Obambulant
506 1383 543 1416 in
559 1383 659 1424 foro,
688 1390 723 1418 et
738 1384 780 1417 de
799 1396 834 1418 se
852 1383 1008 1417 vicissim
1027 1396 1101 1417 non

98 1434 161 1467 abs
175 1444 213 1466 re
236 1439 519 1479 conqueruntur.
573 1433 742 1480 Ctesipho
767 1435 834 1476 ait,
871 1449 907 1470 se
930 1448 1006 1469 non
1029 1448 1102 1469 esse

98 1484 138 1519 in
154 1490 254 1518 metu
271 1496 334 1519 sua
354 1497 480 1525 causa,
506 1486 588 1532 quia
615 1499 756 1532 semper
779 1487 941 1532 privatus
964 1487 1103 1527 vixerit,

100 1537 161 1572 sed
191 1542 336 1570 veretur
365 1537 433 1570 sibi
458 1535 712 1572 Demosthenis
741 1540 980 1583 corruptelas,
1023 1551 1103 1584 per-

100 1589 244 1629 fidiam,
270 1589 392 1632 sugam
409 1600 551 1624 nocere.
603 1589 760 1623 Econtra
770 1588 1033 1625 Demosthenes
1050 1591 1104 1623 in-

102 1641 198 1687 quit,
238 1651 274 1674 se
301 1640 480 1673 confidere
499 1653 562 1674 sua
587 1654 762 1686 persona,
804 1643 864 1676 sed
888 1643 1025 1683 vereri,
1058 1654 1104 1675 ne

102 1692 170 1727 sibi
188 1691 308 1725 obsint
324 1690 567 1736 Ctesiphontis
582 1693 715 1738 flagitia
732 1699 766 1726 et
783 1693 974 1729 lenocinia.
1013 1694 1103 1727 Cum

101 1750 221 1778 autem
239 1755 274 1777 se
292 1743 361 1788 ipsi
378 1751 504 1778 mutuo
531 1746 790 1786 condemnent,
818 1758 900 1786 vos,
929 1745 990 1792 qui
1009 1759 1105 1779 com-

102 1807 229 1830 munes
253 1795 397 1841 utrique
426 1795 560 1831 iudices
582 1797 658 1831 dati
681 1796 782 1838 estis,
824 1797 935 1830 nolite
961 1810 1021 1832 eos
1045 1798 1106 1831 ab·

103 1848 254 1883 solvere.

205 1898 260 1932 De
277 1898 460 1938 conviciis,
487 1911 579 1945 quae
600 1900 770 1934 adversus
788 1913 844 1933 me
863 1900 966 1941 dicet,
992 1912 1105 1945 pauca

103 1950 343 1998 praedicenda
377 1957 471 1985 sunt.
534 1950 681 1996 Accipio
716 1951 810 1984 enim
840 1964 919 1985 eum
947 1952 1106 1997 gloriari,

105 2004 203 2050 quod
228 2002 340 2036 multa
367 2002 477 2047 ipsius
503 2002 541 2035 in
568 2003 748 2036 civitatem
773 2004 943 2037 beneficia
975 2010 1107 2044 extent,

105 2061 142 2089 at
157 2067 176 2088 a
194 2067 251 2088 me
268 2053 527 2098 rempublicam
546 2055 658 2088 multa
678 2056 891 2089 detrimenta
915 2056 1107 2100 accepisse3

106 2113 140 2142 et
154 2105 244 2140 mihi
263 2105 419 2151 imputat
437 2118 476 2139 ea
489 2133 498 2147 ,
536 2119 629 2152 quae
649 2105 838 2152 Philippus
855 2114 889 2141 et
906 2107 1108 2141 Alexander

106 2160 276 2194 adversus
301 2170 367 2193 nos
390 2158 562 2193 fecerunt.
615 2158 662 2192 Et
685 2165 756 2192 tam
783 2159 931 2194 callidus
954 2166 1006 2193 est
1028 2171 1107 2192 ora-

106 2216 184 2253 tor,
210 2217 251 2245 ut
272 2223 348 2244 non
371 2210 417 2244 sit
438 2216 627 2244 contentus
652 2209 933 2256 reprehendere,
968 2211 998 2245 si
1021 2211 1108 2257 quid

106 2262 197 2309 gessi
215 2269 276 2297 aut
298 2262 388 2301 dixi;
425 2260 658 2307 reprehendit
675 2263 781 2297 etIam
800 2263 980 2297 silentium
1001 2269 1107 2309 atque

108 2315 223 2350 otium
239 2327 358 2348 meum
371 2341 381 2354 ,
408 2320 448 2348 ut
462 2314 559 2348 nulla
580 2328 662 2359 pars
681 2315 775 2349 vitae
800 2328 900 2349 meae
927 2315 1108 2360 relinqua-

107 2373 166 2401 tur
188 2379 264 2400 non
286 2367 486 2399 deformata
512 2366 710 2402 calumniis.
778 2366 969 2412 Vituperat
1001 2367 1108 2400 etiam

105 2418 210 2453 ludos
236 2424 271 2452 et
294 2417 480 2458 exercitia,
515 2431 607 2464 quae
639 2431 719 2453 cum
750 2420 958 2466 aequalibus
990 2419 1109 2452 adole-

106 2482 205 2506 scens
220 2468 344 2504 habui.
397 2469 444 2503 Et
458 2470 501 2502 de
520 2467 588 2504 hoc
604 2470 736 2504 iudicio
755 2471 876 2506 statim
900 2470 1003 2504 initio
1030 2482 1110 2504 ora-

108 2522 217 2557 tionis
233 2534 318 2557 suae
336 2521 498 2562 obiiciet‚
526 2519 618 2556 hanc
640 2535 659 2556 a
678 2536 734 2557 me
753 2523 1016 2558 accusationem
1036 2535 1109 2555 non

80 2601 93 2611 χ
109 2585 183 2609 esse
201 2574 401 2608 institutam
425 2573 642 2618 reipublicae
658 2587 760 2609 causa
772 2603 781 2617 ‚
815 2576 876 2609 sed
901 2582 941 2609 ut
958 2575 1111 2609 Alexan-

111 2626 176 2660 dro
194 2627 300 2660 fidem
324 2626 453 2659 faciam
476 2638 533 2658 me
556 2623 639 2660 huic
661 2627 846 2661 inimicum
872 2640 964 2666 esse;
1000 2633 1035 2660 et
1057 2626 1111 2659 in-

147 2744 196 2773 21)
212 2744 312 2775 Midia]
331 2746 380 2771 Ed.
402 2745 479 2770 1562.
498 2744 604 2776 Media3
630 2745 703 2770 conf.
718 2752 802 2778 supra
819 2754 844 2778 p.
859 2747 919 2772 908.
939 2746 1006 2772 nota.
1019 2747 1046 2774 8.

117 2785 302 2818 Mamm.
325 2787 433 2819 Ormz.
457 2787 542 2818 V01..
567 2787 674 2818 XVII.

517 104 744 142 INTERPR.
772 105 1036 143 ORATIONIS
1060 105 1307 141 AESCHINIS
1335 106 1536 143 CONTRA
1562 108 1952 145 CTESIPHONTEM.

2068 108 2145 145 930

1145 193 1363 238 terrogabit‚
1404 207 1515 241 quare
1547 207 1644 230 nunc
1668 208 1747 230 sero
1774 197 1934 231 omnium
1962 195 2146 229 actionum

1146 257 1325 280 summam
1342 245 1566 291 improbem,
1588 260 1628 282 ac
1651 260 1726 281 non
1752 249 1789 280 in
1813 255 1974 293 tempore
1998 247 2147 291 singulis

1147 296 1274 330 erratis
1304 297 1518 340 restiterim,
1562 312 1642 333 cum
1669 300 1707 334 in
1730 300 1879 334 consilio
1913 299 2149 344 agitarentur,

1145 360 1211 382 nec
1230 349 1470 383 accusaverim
1490 356 1594 393 tunc,
1626 364 1706 385 cum
1729 351 1863 386 mutari
1888 357 2053 396 possent,
2087 351 2149 384 sed

1148 399 1328 434 abstinens
1346 412 1364 433 a
1381 401 1563 446 republica
1579 415 1663 437 raro
1681 403 1718 436 in
1735 404 1853 438 sorum
1870 402 2046 436 venerim.

1250 451 1326 496 Ego
1357 465 1442 486 vero
1472 465 1537 487 nec
1559 453 1813 489 Demosthenis
1840 453 2084 489 assiduitatem
2111 452 2150 485 in

1148 503 1228 536 soro
1246 503 1462 548 magnifacio
1476 531 1485 545 ‚
1512 517 1577 539 nec
1594 508 1704 551 pudet
1721 520 1777 540 me
1795 519 1895 540 meae
1910 533 1919 545 ,
1942 517 2007 539 nec
2025 503 2150 550 poeni-

1148 560 1199 587 tet
1214 567 1271 588 me
1289 555 1391 589 vobis
1408 557 1626 591 consuluisse
1645 571 1705 599 ea,
1732 571 1823 605 quae
1842 558 1932 591 dixi:
1969 557 2080 589 immo
2104 567 2150 589 ne

1148 606 1269 639 vivere
1305 606 1450 652 quidem
1484 620 1644 652 possem,
1693 610 1722 644 si
1750 609 2006 644 consuluissem
2043 608 2151 647 idem,

1150 658 1249 703 quod
1266 658 1324 691 ille
1341 659 1530 693 consuluit.
1565 660 1635 694 Sed
1652 662 1749 706 quod
1765 674 1847 694 raro
1866 661 1902 693 in
1919 661 2040 693 sorum
2056 658 2152 699 veni,

1149 709 1233 742 fecit
1255 721 1356 743 meae
1381 709 1476 743 vitae
1499 712 1746 751 mediocritas;
1790 725 1903 757 pauca
1936 711 2032 744 enim
2061 708 2153 743 mihi

1149 761 1350 802 sufficiunt,
1388 774 1453 795 nec
1483 763 1763 807 splendidiorem
1791 765 1972 797 fortunam
2000 762 2153 807 turpiter

1152 812 1378 858 concupisco.
1431 812 1556 860 Itaque
1572 828 1652 849 meo
1676 816 1827 848 arbitrio
1846 816 1900 848 vel
1924 826 2045 847 causas
2073 826 2153 858 ago,

1152 865 1207 898 vel
1225 871 1344 906 taceO,
1378 877 1444 898 nec
1460 878 1569 910 cogor
1586 867 1799 914 quotidiano
1821 867 1907 900 luxu
1931 878 1972 899 ac
1995 871 2154 910 sumptu,

1152 922 1192 950 ut
1207 922 1330 950 contra
1347 917 1572 951 voluntatem
1588 919 1699 952 animi
1718 919 1787 952 mei
1810 930 1932 952 causas
1950 917 2155 961 suscipiam.

1257 968 1315 1001 Tu
1332 980 1416 1002 vero
1435 970 1631 1005 conductus
1650 971 1802 1016 pecunia
1819 977 1912 1004 taces
1924 997 1933 1011 ‚
1967 969 2075 1003 effusa
2094 981 2155 1013 pe-

1153 1019 1258 1053 cunia
1273 1032 1396 1054 rursus
1413 1022 1632 1064 vociferaris,
1653 1029 1686 1056 et
1701 1023 1787 1057 dicis
1804 1035 1877 1055 non
1895 1022 2039 1068 quando
2056 1021 2157 1061 libet,

1154 1077 1216 1104 aut
1233 1072 1330 1118 quod
1349 1072 1477 1115 velles,
1503 1075 1563 1108 sed
1581 1075 1724 1121 quando
1753 1075 1804 1108 illi
1826 1074 1890 1107 tibi
1919 1073 2158 1118 praecipiunt,

1154 1123 1283 1169 quibus
1302 1136 1451 1168 operam
1469 1131 1567 1159 tuam
1584 1127 1793 1166 vendidisti3
1823 1138 1887 1159 nec
1904 1125 2014 1170 pudet
2032 1131 2065 1157 te
2083 1125 2159 1169 glo-

1154 1174 1242 1208 riari
1266 1175 1385 1221 aliqua
1411 1177 1454 1209 de
1480 1190 1537 1219 re,
1573 1178 1611 1211 in
1635 1191 1704 1224 qua
1729 1177 1847 1212 statim
1874 1175 2158 1222 deprehenditur

1155 1227 1383 1260 mendacium
1405 1234 1519 1263 tuum.
1573 1229 1666 1264 Nam
1694 1228 1782 1263 haec
1804 1229 1896 1262 actio
1920 1229 2081 1262 instituta
2106 1234 2158 1262 est

1155 1279 1237 1311 vivo
1256 1276 1372 1312 adhuc
1388 1277 1558 1326 Philippo
1572 1308 1581 1322 ,
1608 1281 1816 1328 priusquam
1828 1281 2031 1314 Alexander
2047 1292 2159 1325 regno

1154 1330 1291 1374 potitus
1322 1336 1391 1369 est;
1431 1338 1466 1365 et
1496 1339 1617 1366 tamen
1651 1334 1759 1368 audes
1788 1334 1924 1374 dicere,
1957 1333 2160 1367 institutam

1156 1393 1252 1421 esse,
1278 1388 1318 1414 ut
1341 1382 1493 1425 gratiam
1517 1385 1560 1417 ab
1579 1384 1783 1419 Alexandro
1803 1385 1934 1420 ineam.
1987 1385 2161 1420 Nondum

1156 1432 1222 1466 tibi
1245 1433 1426 1467 somnium
1454 1435 1497 1468 de
1521 1436 1700 1471 Pausania
1727 1444 1908 1472 ostensum
1932 1443 2027 1478 erat,
2068 1450 2160 1471 non-

1157 1486 1242 1518 dum
1260 1497 1339 1518 cum
1350 1485 1515 1520 Minerva
1534 1487 1712 1522 etlunone
1729 1496 1838 1523 noctu
1857 1490 2051 1523 collocutus
2070 1502 2161 1525 eras.

1157 1537 1353 1582 Quomodo
1372 1537 1480 1582 Igitur
1498 1552 1562 1584 ego
1580 1547 1664 1574 tunc
1681 1541 1886 1575 Alexandro
1912 1541 2085 1575 assentari
2109 1541 2162 1574 vi-

1158 1601 1216 1622 sus
1234 1588 1337 1621 sum?
1364 1589 1433 1623 nisi
1448 1591 1596 1626 fortasse
1616 1593 1710 1626 idem
1727 1591 1816 1626 mihi
1834 1593 2013 1628 somnium
2025 1621 2035 1636 ,
2064 1593 2163 1640 quod

1158 1637 1414 1682 Demostheni,
1443 1643 1602 1677 oblatum
1621 1651 1683 1679 est.

1261 1690 1523 1737 Reprehendis,
1551 1697 1649 1742 quod
1667 1709 1742 1730 non
1759 1697 1898 1732 assidue
1915 1705 2077 1734 versatus
2094 1698 2162 1734 sim

1159 1743 1195 1775 in
1225 1743 1328 1785 soro,
1371 1743 1440 1779 hoc
1471 1747 1607 1781 crimen
1642 1749 1752 1783 sumis
1776 1762 1817 1782 ex
1842 1751 1919 1783 aliis
1947 1751 2162 1788 civitatibus.

1159 1795 1252 1829 Nam
1274 1796 1311 1828 in
1334 1797 1504 1839 urbibus,
1543 1812 1633 1844 quae
1657 1806 1738 1833 sunt
1766 1813 1956 1845 oppressae
1980 1803 2163 1846 servitute,

1160 1858 1234 1879 non
1250 1855 1410 1889 accusat,
1439 1849 1600 1896 quisquis
1618 1851 1709 1893 vult,
1737 1854 1797 1885 sed
1817 1853 1885 1893 ille,
1913 1854 1974 1900 qui
1991 1854 2163 1900 imperat;

1161 1904 1196 1930 at
1229 1898 1267 1931 in
1298 1899 1411 1933 libera
1442 1901 1584 1935 civitate
1615 1904 1776 1949 quisquis
1806 1905 1901 1945 vult,
1948 1911 1981 1939 ct
2015 1909 2162 1953 quando

1160 1950 1257 1984 libet.
1316 1951 1363 1984 Et
1381 1964 1445 1996 per
1461 1953 1649 1987 intervalla
1669 1955 1838 1990 interesse
1865 1957 2020 1992 consiliis
2045 1959 2164 2004 reipu-

1160 2001 1292 2043 blicae,
1317 2003 1457 2047 signum
1477 2012 1527 2039 est
1543 2006 1612 2038 viri
1630 2007 1852 2042 observantis
1876 2016 2079 2053 temporum
2109 2023 2165 2044 ar·-

1161 2054 1287 2087 ticulos
1306 2056 1349 2087 ad
1365 2056 1554 2090 utilitatem
1575 2059 1772 2102 publicam;
1808 2061 1868 2094 sed
1894 2061 2032 2095 assidue
2054 2063 2164 2096 inter-

1162 2118 1236 2139 esse
1255 2105 1395 2151 signum
1416 2115 1467 2142 est
1484 2110 1719 2152 mercenarii,
1753 2112 1813 2157 qui
1833 2112 1910 2146 aliis
1929 2114 1972 2145 ad
1991 2125 2069 2147 eam
2085 2127 2161 2148 rem

1162 2169 1309 2202 operam
1327 2171 1428 2193 suam
1446 2160 1588 2196 locavit.
1645 2162 1733 2196 Cum
1751 2176 1837 2196 vero
1863 2163 1972 2198 iactas
1996 2171 2030 2198 te
2057 2173 2163 2201 antea

1162 2221 1181 2242 a
1198 2221 1255 2242 me
1273 2222 1348 2243 non
1365 2223 1437 2245 esse
1455 2219 1657 2247 accusatum
1670 2242 1679 2255 ‚
1708 2221 1769 2247 aut
1784 2215 1915 2249 iudices
1938 2228 2066 2260 parum
2091 2231 2165 2252 me-

1161 2273 1280 2296 mores
1298 2275 1372 2297 esse
1392 2263 1591 2306 existimas,
1620 2272 1680 2299 aut
1696 2273 1729 2299 te
1749 2266 1865 2311 ipsum
1886 2268 2030 2312 decipis.
2066 2270 2163 2304 Num

1162 2313 1314 2347 oblitum
1347 2327 1420 2349 esse
1446 2317 1621 2361 populum
1655 2318 1860 2359 arbitraris,
1902 2321 2047 2365 quando
2082 2334 2165 2357 reus

1160 2365 1270 2399 fueris
1301 2367 1477 2412 sacrilegii
1509 2368 1689 2403 commissi
1720 2371 1814 2414 apud
1840 2369 2094 2416 Amphissam?
2131 2381 2166 2408 et

1163 2419 1471 2463 corruptelarum,
1507 2433 1594 2466 quas
1617 2421 1661 2454 ab
1678 2420 1945 2456 Euboeensibus
1972 2425 2164 2470 accepisti?

1163 2482 1255 2515 quae
1276 2476 1432 2506 vetustas
1458 2472 1601 2505 abolere
1626 2473 1759 2517 poterit
1779 2475 1993 2507 memoriam
2019 2477 2165 2522 rapina-

1162 2533 1243 2554 rum
1267 2528 1432 2564 tuarum,
1473 2536 1560 2569 quas
1586 2524 1716 2564 fecisti,
1755 2538 1834 2559 cum
1859 2526 2053 2562 instrueres
2078 2529 2164 2563 clas-

1163 2585 1258 2615 sem,
1293 2581 1327 2608 et
1352 2576 1585 2620 persuaderes
1608 2577 1764 2621 populo,
1808 2584 1848 2611 ut
1873 2585 1906 2611 te
1932 2579 2032 2613 classi
2059 2593 2162 2625 prae-

1163 2625 1308 2659 ficeret}>
1361 2627 1453 2661 Nam
1473 2640 1551 2661 cum
1577 2628 1771 2673 accepisses
1797 2629 2021 2675 stipendium
2044 2633 2089 2664 ad
2118 2644 2158 2665 ar

1164 2679 1315 2712 mandas
1331 2690 1440 2713 naves
1459 2685 1654 2721 trecentas,
1684 2693 1747 2725 ego
1766 2679 1985 2726 deprehendi
2003 2683 2162 2730 quinque

1165 2735 1197 2762 et
1220 2730 1400 2775 sexaginta
1427 2744 1535 2767 naves
1551 2732 1690 2767 veloces
1707 2733 1758 2765 illi
1776 2746 1927 2767 numero
1946 2735 2084 2776 deesse,
2112 2742 2163 2770 te-

1595 2781 1644 2818 59
