2351 2990
142 92 217 129 549
271 91 390 127 XXIII.
434 90 744 127 ARGUMENTA
763 90 828 126 ET
856 90 1060 126 SCHOLIA
1086 90 1132 126 IN
1160 88 1309 126 EPIST.
1335 88 1448 125 FAM.
1478 89 1562 126 CIC.
1589 90 1677 128 LIB.
1697 92 1787 130 XVI.
1815 94 1887 133 ΕΡ.
1905 97 1985 132 9-
2002 101 2058 136 14.

136 181 242 213 finem
256 206 264 219 ‚
292 178 353 213 ubi
369 176 535 212 hortatur
552 177 725 211 Tironem
742 178 787 211 ad
806 178 975 212 tuendam
1000 178 1136 212 valetu-

138 231 258 264 dinem
279 237 313 264 et
331 231 525 264 cavendam
543 228 809 263 festinationem
826 229 973 264 reditus.

385 313 518 347 Aliud
547 319 879 358 argumentum.

242 383 389 416 Constat
408 380 555 425 epistola
575 381 682 425 longa
701 380 910 414 narratione
937 381 979 413 de
1004 380 1136 413 dissen-

140 435 240 469 sione
259 433 364 473 civili,
390 439 424 466 et
441 434 484 465 de
499 433 665 476 periculis
680 432 851 466 secuturis
869 445 909 465 ex
926 432 985 464 illa
1003 432 1136 465 discor-

141 487 212 519 dia.
266 484 462 518 Exordium
488 481 594 517 hahet
620 484 763 516 brevem
792 484 974 529 querelam
998 484 1041 516 de
1071 482 1136 515 im-

141 537 358 570 minentibus
386 535 562 579 periculis.
630 535 800 569 Narratio
826 535 985 568 continet
1008 533 1137 568 descri-

143 588 303 632 ptionem
323 586 434 619 civilis
451 585 691 619 dissensionis.
731 586 859 620 Postea
876 586 1019 619 additur
1035 597 1137 629 prae-

141 638 271 672 dicatio
299 650 381 671 suae
417 637 758 673 commendationis;
811 637 898 670 item
931 635 1136 670 adhortatio

140 692 184 723 ad
203 689 443 723 valetudinem
460 688 648 733 diligenter
672 688 881 722 curandam.

393 773 528 808 Aliud
557 780 887 818 argumentum.

247 843 416 877 Narratio
446 843 608 886 longior,
644 854 733 887 quae
758 848 809 875 est
835 841 1012 886 quaedam
1037 838 1139 885 quasi

145 895 287 940 querela
315 894 357 926 de.
382 894 493 927 causis
511 894 593 926 belli
611 892 742 932 civilis,
770 894 885 937 deque
903 891 1076 930 tumultu,
1106 897 1139 923 et

143 945 330 989 periculis,
359 945 486 990 quibus
505 944 684 977 interserit
700 956 803 977 suum
824 942 980 976 studium
999 953 1139 974 conser-

144 998 282 1030 vandae
301 996 450 1040 patriae.
501 995 589 1029 Post
605 995 849 1028 narrationem
868 993 1014 1038 ponitur
1032 992 1139 1036 signi-

142 1048 260 1080 ficatio
284 1047 338 1080 sui
362 1046 488 1086 officii,
531 1053 566 1079 et
592 1044 816 1085 adhortatio,
849 1052 888 1078 ut
910 1043 999 1077 nihil
1022 1050 1140 1077 motus

143 1098 390 1143 praesentibus
418 1097 556 1142 patriae
588 1098 711 1137 malis,
752 1102 893 1130 tantum
919 1101 1017 1128 curet
1039 1108 1141 1129 suam

146 1149 407 1189 valetudinem,
436 1161 500 1181 nec
516 1148 614 1192 prius
631 1148 792 1192 naviget,
825 1146 1010 1193 quitlll‘ffic)
1037 1147 1140 1191 plene

147 1201 254 1235 [uerit
271 1201 453 1235 restitutus
470 1199 641 1245 pristinae
658 1198 816 1232 sanitati}

271 1303 599 1346 Argumentum
629 1299 855 1344 epistola-e
885 1298 1026 1345 Xl[.²⁷).

251 1378 550 1415 Narratiunculae
568 1377 627 1423 ¹2⁵³).

370 1463 507 1496 Aliud
539 1468 849 1505 argumentum
868 1461 927 1505 29).

255 1531 329 1564 Iam
346 1529 436 1563 Tiro
455 1535 531 1562 erat
548 1528 585 1561 in
607 1528 742 1567 reditu,
776 1540 856 1561 cum
882 1525 970 1560 haec
997 1526 1144 1571 epistola

153 1590 206 1618 est
227 1583 279 1615 illi
303 1581 445 1616 tradita.
506 1579 627 1625 ltaque
658 1579 782 1612 Cicero
807 1579 960 1611 reditum
981 1579 1056 1612 eius
1081 1577 1147 1611 sibi

154 1641 294 1679 gratum
328 1644 400 1666 esse
433 1631 626 1674 significat,
668 1636 810 1674 sumpto
839 1630 986 1663 exordio
1018 1642 1058 1662 ex
1088 1629 1147 1661 ab-

154 1692 275 1730 rupto.
343 1683 475 1717 Suadet
499 1689 637 1720 autem,
671 1693 715 1713 ne
740 1681 890 1714 nimium
918 1686 1087 1725 properet
1112 1680 1148 1712 in

154 1737 289 1775 reditu,
339 1747 383 1767 ne
418 1733 659 1766 valetudinem
695 1732 853 1765 offendat
888 1731 1058 1765 molestiis
1093 1731 1148 1763 iti-

156 1800 295 1822 nerum.

406 1862 542 1896 Aliud
571 1866 899 1904 argumentum.

261 1931 491 1967 Nuntiatoria
523 1936 574 1963 est
605 1936 639 1962 et
670 1927 928 1962 adhortatoria.
988 1926 1150 1959 Primum

158 1984 302 2019 nuntiat
319 1982 449 2016 Tironi
469 1983 510 2015 de
527 1993 590 2015 sua
607 1980 845 2014 sollicitudine
869 1991 935 2023 pro
959 1977 1068 2022 ipsius
1093 1988 1151 2009 va-

159 2036 330 2069 letudine.
368 2034 506 2067 Deinde
527 2030 739 2065 adhortatur
758 2044 837 2064 eum
850 2058 859 2071 ,
884 2038 923 2064 ut
942 2028 1152 2061 valetudinis

161 2086 392 2132 praecipuam
409 2097 530 2118 curam
547 2082 689 2117 habeat.
730 2082 863 2127 Estque
882 2082 1060 2125 eleganter
1080 2091 1153 2111 am-

162 2138 317 2183 plificata
336 2136 482 2181 epistola
498 2134 761 2179 prosopopoeia
778 2146 922 2167 suorum
940 2131 1153 2170 studiorum,

162 2189 284 2222 addita
305 2187 509 2221 definitione
533 2186 709 2224 nominis,
747 2185 842 2231 quod
866 2186 951 2217 fides
978 2182 1152 2226 appellata

165 2241 211 2274 sit
228 2240 271 2273 ab
292 2251 333 2272 eo
345 2266 353 2279 ‚
383 2238 464 2284 quia
482 2238 539 2277 fit,
568 2238 665 2282 quod
681 2236 822 2270 dicitur.

201 2376 269 2403 261)
289 2373 382 2404 qnam]
402 2371 452 2396 Ed.
473 2370 547 2395 157¹.
569 2375 666 2393 errore
684 2371 814 2399 typogr.:
841 2374 928 2398 quem.

206 2427 255 2455 27)
282 2427 356 2449 Haec
389 2422 510 2452 epistola
542 2421 604 2452 qu
635 2426 704 2445 vero
737 2421 820 2451 cupio
855 2421 905 2442 etc.
938 2418 965 2440 in
995 2417 1043 2440 Ed.
1073 2416 1158 2441 orell.

239 2463 282 2484 est
302 2459 337 2482 X.

205 2513 253 2541 28)
276 2510 344 2535 Huic
363 2507 526 2532 brevissimo
545 2507 707 2536 argumento
726 2505 754 2528 in
773 2505 855 2528 Editt.
873 2504 959 2531 1540..
980 2502 1159 2539 ¹545⁴’-¹5⁶9'

242 2546 365 2576 praefixa
390 2544 453 2565 suut
471 2542 526 2565 Cic.
550 2542 635 2563 verba
663 2540 775 2570 (31³2
806 2539 864 2569 Eyo
883 2545 951 2562 rero
970 2538 1070 2567 cupio,
1099 2543 1160 2565 qui-

245 2582 295 2604 hus
315 2578 400 2602 inEd.
418 2576 491 2600 1537.
511 2575 537 2598 in
556 2574 680 2604 margum
699 2577 741 2597 est
759 2574 930 2603 appositum:
956 2572 982 2594 in
1001 2573 1063 2595 cett.
1078 2570 1159 2593 Editt.
1187 2571 1190 2602 ᾗ

242 2616 331 2638 deest.

207 2665 254 2697 29)
273 2667 330 2689 Boe
347 2663 536 2694 argumentum
557 2663 583 2684 et
603 2661 654 2684 duo
674 2660 817 2690 sequentia
835 2659 861 2682 in
883 2658 964 2682 Editt.
987 2658 1078 2687 1556..
1099 2657 1164 2681 1565

243 2699 362 2723 -1556,
382 2700 500 2721 exstant.

2113 102 2186 138 550

1443 175 1579 211 Aliud
1606 188 1929 224 argumentum.

1290 241 1451 288 Epistola
1476 250 1527 278 est
1551 247 1792 290 responsoria.
1860 249 2056 287 Exordium
2089 268 2183 288 sum-

1189 299 1290 351 ptum
1310 300 1361 328 est
1376 306 1394 326 a
1413 296 1708 339 comprobatione
1726 301 1921 335 sententiae
1935 303 2093 344 Tironis,
2121 307 2182 352 qui

1188 352 1377 389 scripserat
1394 358 1429 379 se
1447 346 1483 379 in
1501 347 1602 379 brevi
1626 355 1829 385 venturum.
1880 354 2034 388 Additur
2059 358 2183 390 adxer-

1189 396 1300 429 sativa
1320 397 1362 429 de
1383 409 1446 430 sua
1468 398 1728 441 sollicitudine,
1762 414 1806 435 ne
1833 415 1913 437 cum
1941 406 2061 451 aliquo
2092 409 2181 451 peri—

1190 447 1268 480 culo
1287 447 1380 481 vitae
1398 447 1466 481 iter
1483 449 1662 494 suscipiat.
1698 452 1835 487 Deinde
1854 461 1903 488 est
1922 457 2062 501 elegans
2082 472 2180 502 pros-

1190 499 1366 543 opopoeia
1404 499 1603 533 litterarum
1616 528 1625 541 ,
1680 516 1771 548 quae
1802 512 1951 550 propter
1985 509 2180 543 absentiam

1189 549 1336 583 Tironis
1354 550 1502 583 omnino
1521 551 1709 595 languidae
1727 561 1760 588 et
1776 563 1894 590 mutae
1914 571 1986 592 esse
2003 560 2181 596 videntur.

1189 600 1480 645 Prosopopoeiae
1497 603 1641 635 additur
1656 604 1772 640 brevis
1789 605 2007 645 adhortatio.

1190 651 1379 692 admonet,
1406 658 1446 686 ut
1462 650 1551 685 nihil
1569 654 1705 689 dubitet
1720 658 1762 690 de
1779 659 1975 702 promissis.

2059 610 2098 644 In
2115 613 2182 646 fine

1302 743 1631 788 Argumentum
1670 749 1893 793 epistolae
1920 753 2074 801 XIII.3⁰).

1294 811 1431 845 Rursus
1449 813 1491 845 de
1510 814 1712 848 valetudine
1730 817 1876 853 Tironis
1893 822 2032 862 scribit,
2061 824 2184 857 videli-

1193 867 1244 894 cet
1261 874 1295 895 se
1320 863 1509 896 sollicitum
1536 877 1627 905 esse,
1665 879 1708 900 ne
1731 880 1805 901 non
1828 870 1912 905 satis
1937 880 2029 906 recte
2055 875 2183 915 valeat,

1193 919 1255 946 aut
1269 913 1465 948 valetudini
1481 915 1701 952 restituatur.

1448 999 1585 1033 Aliud
1610 1011 1938 1046 argumentum.

1295 1065 1463 1100 Eiusdem
1483 1068 1622 1112 generis
1639 1075 1673 1102 et
1689 1073 1890 1114 argumenti
1914 1080 1964 1107 est
1987 1073 2073 1109 haec
2099 1091 2186 1124 quo·

1195 1129 1261 1162 que
1280 1117 1441 1161 epistola,
1468 1119 1504 1151 in
1520 1131 1589 1164 qua
1607 1119 1779 1164 significat
1794 1135 1894 1156 suam
1912 1126 2186 1164 sollicitudinem

1197 1175 1404 1213 perpetuam
1421 1182 1486 1214 pro
1505 1170 1614 1214 ipsius
1632 1172 1852 1214 valetudine,
1881 1188 1986 1222 seque
2004 1177 2094 1213 nihil
2114 1187 2184 1215 tani

1197 1227 1320 1264 optare
1332 1246 1341 1259 ‚
1370 1233 1477 1266 quam
1496 1228 1534 1254 ut
1550 1222 1639 1255 bene
1657 1224 1774 1257 valeat
1792 1225 1951 1261 libertus.

1440 1299 1574 1332 Aliud
1603 1309 1931 1343 argumentum.

1300 1363 1468 1397 Narratio
1488 1366 1530 1398 de
1555 1365 1755 1401 incredibili
1778 1370 2015 1407 sollicitudine
2040 1387 2106 1419 pro
2132 1389 2191 1410 va-

1200 1415 1353 1447 letudine
1376 1415 1532 1450 Tironis.
1594 1418 1763 1463 Sequitur
1783 1420 1999 1458 adhortatio.
2053 1425 2093 1459 In
2121 1430 2189 1462 fine

1201 1467 1342 1498 additur
1358 1467 1400 1498 de
1417 1467 1533 1500 subito
1554 1469 1708 1503 adventu
1726 1473 1843 1504 nuntii
1860 1486 1929 1506 una
1950 1488 2028 1509 cuin
2050 1478 2189 1519 litteris,

1200 1523 1232 1549 et
1250 1518 1346 1562 quod
1364 1517 1481 1551 mittat
1499 1531 1577 1551 cum
1596 1517 1649 1553 his
1665 1521 1736 1554 suis
1752 1522 1880 1557 litteris
1896 1532 1929 1558 et
1945 1539 2087 1561 servum
2109 1531 2191 1564 fide-

1202 1569 1268 1600 lem
1287 1574 1320 1601 et
1337 1581 1491 1614 coquum
1501 1569 1546 1617 ³¹)
1565 1570 1783 1615 diligentem,
1811 1587 1965 1619 quorum
1983 1590 2090 1622 opera
2103 1581 2191 1614 Tiro

1202 1625 1322 1653 utatur
1341 1620 1379 1652 in
1397 1621 1545 1655 adversa
1566 1623 1788 1665 valetudine,
1823 1632 1856 1659 et
1880 1628 2032 1662 maxime
2055 1631 2092 1663 in
2116 1631 2192 1677 ipso

1202 1677 1340 1705 itinere.

1312 1764 1637 1808 Argumentum
1673 1768 1899 1811 epistolae
1928 1771 2085 1821 XIV.³‘-·).

1305 1832 1372 1864 Hie
1392 1844 1534 1877 quoque
1553 1832 1780 1869 blandissime
1796 1836 1930 1872 indicat
1945 1853 2046 1874 suam
2069 1843 2197 1876 solllci-

1206 1882 1365 1916 tudinem
1384 1884 1426 1915 de
1448 1883 1651 1917 valetudine
1670 1885 1833 1929 Tironis,
1862 1895 1894 1922 et
1911 1899 2051 1932 monet,
2079 1900 2118 1926 ut
2135 1907 2196 1928 an-

1206 1935 1371 1968 xietatem
1389 1933 1520 1973 animi,
1549 1947 1640 1979 quae
1657 1938 1823 1971 morbum
1841 1948 1966 1984 auget,
1995 1945 2159 1980 excutiat.

1454 2017 1590 2051 Aliud
1620 2030 1947 2064 argumentum.

1310 2085 1458 2119 Constat
1481 2085 1628 2129 epistola
1652 2088 1809 2132 primum
1833 2091 2000 2128 brevibus
2022 2096 2199 2130 narratio-

1207 2139 1310 2172 nibus
1337 2138 1380 2169 de
1405 2148 1467 2169 sua
1492 2137 1728 2172 sollicitudine
1758 2153 1824 2185 pro
1851 2143 1960 2187 ipsius
1981 2145 2197 2182 valetudine.

1207 2191 1271 2223 His
1290 2188 1434 2222 additur
1452 2185 1675 2230 adhortatio,
1709 2197 1749 2224 ut
1772 2193 1816 2226 sit
1843 2194 1938 2228 bono
1964 2196 2096 2230 animo.
2158 2197 2197 2231 ln

1208 2243 1277 2275 fine
1299 2238 1448 2285 ponitur
1469 2240 1693 2274 confirmatio
1716 2244 1984 2287 pollicitationis
2004 2250 2197 2284 manumis-

1209 2304 1331 2327 sronls.

1244 2408 1394 2467 3οἐςέῗῖ
1418 2409 1702 2473 51⁹5?.‘3¹3.f.¹55t²2“2.
1710 2412 2022 2478 Zffiaffifiuessssz..12¹1¹mffi
2039 2417 2202 2481 ἓὲῗὲιεξῖἑ

1281 2479 1306 2501 h.
1322 2478 1339 2502 1.
1357 2477 1446 2517 allata
1460 2477 1486 2500 in
1497 2478 1580 2517 Editt.
1594 2478 1679 2509 1556..
1694 2480 1882 2505 1565—1596.
1902 2483 2096 2516 inveniuntur;
2115 2486 2200 2510 Editt.

1282 2511 1485 2550 1537—1004.
1506 2512 1591 2542 1507„
1614 2513 1800 2552 nemost-1601.
1821 2519 1911 2540 autem
1931 2524 2018 2548 neque
2037 2523 2201 2552 argumenta

1282 2552 1370 2576 neque
1389 2546 1495 2569 scholia
1512 2546 1696 2570 Metantnoms
1716 2554 1742 2571 m
1761 2549 1810 2572 has
1829 2551 1846 2574 3
1865 2551 1996 2581 epistolas
2017 2553 2152 2579 exhibent.

1246 2598 1294 2625 31]
1315 2598 1442 2627 coquum]
1460 2596 1524 2620 illae
1543 2597 1624 2620 Editt.
1644 2604 1745 2622 cocum.

1249 2650 1297 2677 32)
1317 2649 1391 2672 Haec
1404 2648 1518 2678 epistola
1536 2649 1681 2674 Andricus
1694 2651 1838 2681 postridie
1852 2656 1904 2677 etc.
1920 2654 2002 2679 etiam
2015 2653 2042 2679 In
2055 2655 2104 2681 Ed.
2117 2657 2201 2681 Oreu.

1288 2683 1392 2707 decima
1410 2685 1508 2714 quarta
1527 2684 1579 2706 est.

1507 2715 1593 2752 35*
