2351 2990
214 115 289 151 823
797 113 918 148 PHIL.
956 113 1068 148 MEL.
1101 113 1303 150 SCRIPTA
1338 116 1676 153 PHILOLOGICA.
2175 121 2250 158 824

212 207 295 234 tunc
327 200 362 232 in
392 206 490 232 tanto
517 200 719 233 discrimine
743 201 901 244 ipsorum
927 199 1086 233 oblivisci
1107 198 1199 233 iniu-
1254 203 1365 235 veteri
1382 203 1456 247 lege
1473 204 1624 237 sedecim
1644 205 1749 238 simul
1766 206 1991 250 apparabant
2007 206 2171 247 classem,
2188 209 2248 241 sed

213 252 294 285 rias.
355 251 482 284 Postea
509 252 614 284 etiam
639 252 802 285 similiter
827 263 931 295 opem
957 250 1084 284 tulistis
1109 250 1199 289 aliis,
1255 253 1320 298 ipsi
1345 266 1472 298 parum
1500 261 1561 288 aut
1587 254 1677 289 nihil
1703 256 1948 301 impendentes
1971 257 2174 291 tenuiorum
2195 259 2245 291 fa-

212 315 291 335 cum
310 300 473 335 Thebani
490 301 671 336 Euboeam
690 314 863 346 occupare
879 308 1114 341 conarentur,
1137 301 1201 334 etsi
1254 305 1402 338 cultates
1428 303 1695 341 exhauriebant.
1757 308 1825 341 Sed
1849 320 1926 341 mea
1949 308 2023 353 lege
2048 320 2113 353 pro
2138 309 2247 343 facul-

213 351 384 386 Themiso
411 360 444 386 et
467 351 678 387 Theodorus
704 353 804 387 vobis
828 359 931 386 antea
948 352 1113 397 Oropum
1138 363 1202 396 per
1227 350 1231 404 ἱ
1258 355 1388 389 tatibus
1405 356 1533 400 singuli
1559 359 1718 392 conferre
1743 360 1980 404 cogebantur,
2007 366 2040 393 et
2064 360 2134 392 iam
2160 360 2248 394 duas

212 405 373 437 fraudem
406 405 629 448 eripuerant,
668 410 787 437 tamen
818 403 987 448 repressis
1017 401 1200 436 Thebanis
1228 406 1231 417 ‘
1256 419 1367 440 naves
1384 407 1582 441 instruebat
1598 422 1706 450 unus,
1733 411 1794 456 qui
1811 417 1912 444 antea
1937 423 2016 444 cum
2043 411 2120 445 aliis
2144 411 2247 457 quin-

212 455 411 488 libertatem
431 455 576 488 urbibus
594 454 861 488 Euboeensibus
879 455 1101 493 reddidistis,
1122 467 1202 488 cum
1255 459 1368 492 decim
1400 459 1615 493 instruxerat
1644 461 1797 496 unicam,
1857 461 1939 497 Non
1973 461 2068 494 enim
2099 461 2245 495 navium

213 506 356 551 quidem
375 513 457 538 tunc
472 506 628 549 primum
649 506 685 538 in
702 504 768 538 bac
785 506 926 539 civitate
942 506 1036 539 ultro
1052 517 1126 538 non
1146 517 1203 538 co·
1256 511 1471 555 praefectos,
1506 511 1565 544 sed
1591 512 1851 546 contributores
1874 526 1909 547 se
1935 519 2120 547 vocarunt,
2177 511 2247 546 Ita-

214 557 375 600 gentibus
395 556 528 599 legibus
546 554 740 590 tetrarchas
757 557 1020 597 instruxerunt,
1049 568 1202 601 quorum
1258 574 1326 607 que
1345 559 1436 594 nihil
1456 573 1528 594 non
1551 562 1748 603 dedissent,
1782 576 1826 596 ne
1850 564 1962 598 iustae
1985 564 2034 598 eis
2059 564 2248 608 pensiones

214 620 278 651 ego
295 619 386 640 unus
403 607 473 646 sui;
497 608 556 640 sed
579 605 646 640 hoe
671 614 793 652 postea
819 608 989 642 recitabo.
1042 607 1118 641 Etsi
1141 619 1204 640 au-
1259 613 1447 657 impositae
1462 619 1589 649 essent.
1641 613 1764 646 Recita
1781 616 1919 648 decreta
1938 622 1972 648 et
1989 616 2179 660 catalogos.

214 664 284 690 tem
326 656 514 692 honestum
549 659 616 692 suit
646 660 834 692 defendere
868 659 1042 698 insulam,
1083 665 1204 691 tamen

212 709 325 741 multo
341 709 407 742 fuit
430 707 497 743 hoc
521 707 723 749 honestius,
750 710 898 743 reddere
920 710 1120 743 libertatem
1145 721 1204 742 ur-
1636 703 1873 734 Decretum·

211 759 315 793 bibus
330 766 363 792 et
378 757 607 801 hominibus,
635 761 777 806 quivos
796 762 991 801 laeserant,
1018 772 1082 794 nec
1109 767 1205 800 tunc,
1230 779 1234 809 ι
1363 770 1519 802 praetore
1541 770 1676 813 polyc-le
1703 781 1813 803 mense
1836 771 1986 814 Auqusw
2010 770 2248 804 Demosthenes

212 811 354 867 eumad
376 812 480 844 fidem
509 818 661 846 vestram
688 812 944 856 ⁰⁰¹¹fugi⁵S⁰¹¹t‚
973 812 1204 860 cupiditatem
1258 820 1371 853 arrodit
1398 820 1499 863 leyem
1525 821 1568 853 ad
1587 821 1743 863 populum
1764 822 1804 853 de
1825 822 2020 854 triremibus
2041 822 2248 860 instruendis

211 862 389 919 J'fflfflflste
417 863 592 896 anteferre
625 863 785 907 ipsorum
817 863 943 902 Saluti,
985 874 1204 908 quamquam
1258 873 1467 904 contrariam
1481 873 1601 912 veteri,
1629 884 1694 917 qua
1710 873 1970 906 contributiones
1987 871 2249 915 irmtitutaefue-

211 924 282 945 ¹3¹¹]
302 924 339 944 ¹¹¹
356 919 471 970 “5⁵1OE
489 920 664 971 P‘fftestate
679 920 791 947 erant·
940 964 947 970 .
1258 927 1356 962 runt,
1383 927 1415 955 et
1431 934 1503 955 cum
1518 921 1717 966 suffragatio
1731 924 1878 957 Senatus
1894 929 1925 957 et
1946 924 2061 967 populi
2077 922 2175 967 facta
2195 934 2249 956 es-

315 963 454 1021 Qmmo
488 965 564 1022 31ξᾶ.
588 965 718 1004 ‘uuna’
759 976 850 1009 <1⁰³0
877 970 1027 1021 ‘festam
1052 975 1207 1007 Possem,
1258 979 1326 1014 set,
1354 975 1520 1007 accusavit
1537 975 1792 1008 Demosthenem
1807 976 1997 1016 Patrocles,
2031 979 2063 1008 et
2085 986 2161 1008 cum
2182 984 2248 1007 non

213 1014 370 1059 Proelffl'
412 1016 653 1060 ΕΧΡΜΠῙΟΠΕ8
686 1021 781 1048 terra
816 1027 979 1060 mamque
1014 1021 1207 1059 suscepta&
1258 1026 1388 1059 tulisset
1402 1026 1555 1070 quintam
1568 1031 1699 1069 partem
1713 1026 1932 1067 calculorum,
1967 1026 2064 1060 solvit
2088 1027 2250 1072 quinqen-

214 1065 321 1098 etiam
348 1073 465 1099 vestro
490 1073 650 1111 tempore
672 1072 819 1111 propter
844 1065 953 1105 alios,
991 1072 1025 1099 et
1048 1077 1207 1099 commu·
1232 1008 1236 1090 Ι
1258 1082 1313 1110 fas
1327 1077 1517 1110 drachmas,

212 1128 293 1149 uem
310 1116 481 1150 Graeciae
498 1117 661 1151 salutem.
714 1116 853 1150 Harum
871 1123 1054 1150 tantarum
1069 1129 1205 1157 rerum,
1364 1128 1438 1170 Age
1450 1153 1459 1167 5
1487 1128 1608 1171 proser
1626 1133 1660 1160 et
1677 1128 1879 1172 praclarum
1904 1127 2103 1171 caussogum
2120 1125 2180 1173 ιτ).

1236 2658 1239 2673 1

214 1179 302 1213 quas
317 1168 440 1202 civitas
458 1169 562 1212 gessit
578 1180 643 1212 pro
663 1167 759 1209 aliis,
787 1173 964 1212 spectator
981 1180 1061 1201 cum
1082 1180 1206 1207 essem,

213 1219 298 1264 quid
316 1220 439 1252 darem
455 1219 592 1253 consilii
609 1219 746 1264 patriae
764 1219 835 1252 iam
856 1219 899 1252 de
922 1219 1069 1263 propria
1093 1219 1206 1253 salute

213 1269 422 1303 dimicanti?
448 1269 658 1304 Iuberemne
675 1270 832 1303 alienare
856 1270 1058 1304 voluntates
1084 1276 1206 1314 peten-

213 1321 301 1354 tium
332 1328 492 1355 nostram
526 1321 751 1361 societatem,
787 1328 821 1354 et
845 1321 1063 1355 elusionibus
1084 1321 1206 1354 omnia

213 1372 387 1416 perdere?
413 1372 490 1417 Ego
509 1385 594 1406 vero
611 1373 701 1406 iuste
721 1372 856 1406 occisus
876 1384 1008 1411 essem,
1034 1371 1063 1405 si
1087 1371 1205 1415 turpia

214 1424 398 1457 suadendo
433 1423 550 1458 verbis
583 1430 723 1457 tantum
756 1424 1024 1456 dedecorassem
1054 1422 1205 1466 gloriam

211 1481 356 1508 nostrae
381 1474 544 1509 civitatis.
596 1474 690 1509 Nam
711 1473 812 1508 factis
839 1485 884 1506 ne
908 1472 1103 1517 potuissem
1129 1472 1206 1518 qui-

213 1526 294 1559 dem
305 1552 315 1565 ,
332 1525 415 1571 quia
435 1524 633 1559 inhonestis
650 1524 805 1559 consiliis
821 1536 1050 1570 nequaquam
1070 1524 1207 1558 obtem-

214 1576 412 1621 perassetis,
466 1577 567 1622 Quae
585 1577 614 1610 si
629 1576 730 1610 vobis
747 1576 860 1620 magis
877 1575 1112 1620 placuissent,
1140 1587 1205 1618 ego

214 1627 388 1672 impedire
423 1640 496 1660 non
528 1627 744 1672 potuissem,
778 1639 844 1660 nec
870 1628 1017 1659 deerant
1040 1626 1098 1660 isti
1120 1626 1205 1659 talia

215 1680 414 1713 suadentes.

317 1729 439 1762 Redeo
461 1729 569 1773 igitur
594 1741 688 1762 nunc
710 1730 754 1762 ad
779 1729 859 1768 illa,
893 1739 985 1773 quae
1009 1726 1097 1771 gessi
1121 1726 1206 1760 diri-

214 1793 298 1825 gens
317 1780 462 1814 consilia
481 1782 526 1813 ad
541 1781 600 1813 illa
620 1781 800 1825 exempla,
827 1785 862 1812 et
884 1779 1105 1812 considerate
1128 1790 1207 1812 rur-

215 1845 293 1873 sus,
320 1832 406 1878 quid
422 1831 574 1865 maxime
598 1838 682 1865 tunc
705 1831 840 1865 civitati
860 1830 1047 1875 profuerit.
1100 1829 1206 1862 Vide-

213 1884 297 1917 bam
328 1888 542 1928 apparatum
572 1883 735 1916 navalem
768 1882 934 1922 dissolvi,
968 1881 1051 1927 quia
1080 1881 1206 1915 divites

216 1934 349 1979 exiguis
382 1933 631 1968 collationibus
665 1934 797 1967 fiebant
828 1933 1028 1972 immunes,
1064 1932 1125 1965 alii
1157 1938 1206 1965 te-

214 1986 359 2020 nuiores
385 1983 707 2025 exhauriebantur,
742 1992 776 2018 et
803 1991 924 2017 tamen
949 1996 1024 2017 non
1049 1985 1207 2017 confere-

214 2039 320 2071 batur
334 2037 484 2081 pecunia
500 2036 538 2069 in
556 2043 737 2080 tempore,
768 2043 801 2069 et
825 2035 1083 2069 emittebantur
1107 2046 1207 2068 occa-

215 2089 333 2123 siones
351 2087 578 2132 reipublicae.
632 2087 761 2131 Legem
785 2087 893 2131 igitur
921 2087 1005 2126 tuli,
1039 2098 1131 2132 quae
1156 2086 1207 2119 di-

217 2140 348 2173 vitibus
364 2140 454 2173 iusta
482 2150 590 2172 onera
614 2138 788 2183 imponit,
823 2144 858 2171 et
880 2150 1055 2182 pauperes
1081 2138 1208 2171 liberat

217 2191 377 2231 iniuriis,
418 2196 453 2223 et
486 2189 621 2223 civitati
651 2190 798 2234 praebet
831 2189 1055 2229 facultatem,
1095 2196 1134 2223 ut
1163 2190 1207 2222 ad

217 2254 340 2276 omnes
359 2240 559 2275 occasiones
574 2253 682 2274 naves
699 2246 845 2285 paratae
861 2240 942 2274 sint.
995 2240 1072 2274 Etsi
1088 2247 1207 2274 autem

217 2300 301 2327 tunc
322 2299 502 2326 accusatus
517 2305 595 2326 sum
613 2292 745 2325 iudicio
760 2292 804 2324 de
829 2291 960 2335 scripta
985 2292 1059 2336 lege
1083 2299 1207 2325 contra

219 2344 304 2378 alias
321 2344 433 2388 leges,
460 2350 581 2376 tamen
599 2344 781 2378 absolutus
797 2355 874 2376 sum
887 2369 896 2383 ‚
924 2355 988 2376 nec
1008 2341 1133 2377 habuit
1154 2356 1209 2376 ac-

220 2401 360 2428 cusator
385 2394 547 2440 quintam
570 2401 709 2439 partem
734 2394 964 2428 calculorum.
1024 2395 1208 2440 Quantum

220 2458 305 2478 vero
323 2445 492 2489 pecuniae
511 2445 719 2480 existimatis
736 2443 826 2478 mihi
840 2446 987 2479 daturos
1008 2446 1114 2480 fuisse
1138 2447 1209 2490 pri-

220 2496 352 2530 marios
370 2496 549 2537 classium,
577 2509 618 2530 ac
635 2497 763 2531 deinde
780 2496 983 2541 proximos,
1020 2504 1054 2530 et
1075 2497 1210 2538 tertios,

219 2547 376 2592 primum
396 2558 440 2579 ne
456 2558 533 2580 eam
552 2548 663 2591 legem
681 2549 830 2588 ferrem,
858 2548 913 2582 sin
930 2548 1048 2582 minus
1060 2575 1069 2589 ,
1095 2555 1135 2582 ut
1152 2550 1211 2582 de-

220 2599 356 2656 positae
371 2597 457 2641 legis
476 2599 701 2657 mentionem·
715 2599 975 2643 prorogarem?
1007 2599 1124 2633 Tanta
1151 2612 1210 2645 pe-
1237 2608 1238 2620 ³
1420 2641 1425 2645 -
1464 2640 1470 2645 ·
1509 2640 1548 2663 Ed
1579 2639 1646 2664 ¹56²
1676 2640 1696 2663 ‘t
1734 2640 1745 2662 t
1788 2639 1794 2643 ι
1914 2638 1969 2662 'ta
2017 2638 2057 2660 Η
2099 2642 2115 2660 a
2153 2637 2176 2660 s·
2201 2642 2249 2660 ca-

222 2661 324 2682 cunia
343 2661 421 2682 eam
439 2648 551 2691 legem
570 2651 742 2693 impedire
766 2651 1007 2691 conabantur,
1036 2657 1210 2697 quantum
1335 2642 1527 2700 {gfg‘ffsvzssba
1546 2659 1655 2700 ‘'ment''
1674 2647 1682 2663 ¹
1698 2645 1715 2663 a
1747 2645 1811 2669 51115
1830 2644 1938 2668 ⁶¹⁵⁰¹¹¹³
1992 2644 2043 2661 ⁵¹¹¹
2064 2653 2072 2668 '
2117 2644 2131 2661 ⁰
2169 2644 2177 2661 ¹

222 2713 295 2734 non
312 2700 427 2733 dicere
445 2698 565 2739 velim,
579 2712 644 2733 nec
661 2701 695 2734 id
710 2701 785 2734 sine
803 2714 906 2736 causa
924 2702 1089 2747 agebant.
1117 2702 1209 2737 Nam
1302 2719 1350 2747 19)
1371 2693 1486 2747 iuiiicio]
1505 2717 1554 2741 Ed.
1576 2717 1650 2741 1562.
1674 2721 1771 2741 errore
1789 2717 1916 2747 typogm
1940 2714 2048 2740 indicio.

1625 1215 1869 1258 cataloqus.

1367 1282 1563 1316 Trierarchi
1580 1283 1623 1315 ad
1639 1284 1800 1316 trit-emen
1822 1286 1976 1315 vocentur
1997 1282 2111 1314 sedem·
2132 1292 2150 1313 e
2172 1292 2247 1314 ma-

1259 1333 1450 1376 nipulorum
1466 1334 1780 1374 contributionibus,
1808 1345 1829 1366 a
1844 1334 1987 1378 quinque
2003 1337 2034 1366 et
2049 1333 2169 1375 viginti
2184 1343 2249 1364 an-

1260 1385 1315 1417 m's
1346 1395 1447 1429 usque
1474 1385 1518 1416 ad
1540 1386 1788 1429 quadrayinta‚
1823 1385 1880 1428 qui
1904 1388 2054 1426 sumptus
2075 1394 2120 1416 ex
2144 1393 2247 1428 aequo

1258 1437 1476 1478 suppeditent.

1328 1486 1416 1530 Age,
1439 1485 1560 1518 confer
1578 1497 1657 1518 cum
1672 1482 1740 1517 hoc
1756 1495 1855 1517 meae
1873 1483 1958 1528 legis
1975 1483 2175 1528 catalogum
2187 1482 2245 1532 ¹8).

1632 1571 1875 1614 Gataloyus.

1366 1641 1563 1674 Trierarchi
1580 1641 1623 1673 ad
1637 1642 1809 1673 triremem
1824 1640 1988 1683 deligendi
2008 1645 2086 1674 sunt
2107 1652 2125 1673 e
2150 1652 2249 1674 censu

1259 1693 1310 1725 rei
1321 1690 1514 1734 familiaris
1529 1704 1549 1724 a
1563 1693 1659 1724 denis
1673 1692 1829 1732 talentis,
1857 1693 1942 1736 quod
1965 1693 1996 1725 si
2017 1703 2072 1725 res
2090 1691 2249 1734 familia·

1258 1744 1310 1777 ris
1338 1744 1449 1786 pluris
1482 1744 1661 1776 aestimata
1680 1742 1804 1785 faerit,
1839 1754 1960 1776 munus
1983 1744 2018 1776 id
2035 1744 2248 1786 proportione

1259 1797 1303 1829 ad
1324 1800 1440 1829 ternas
1465 1806 1565 1827 naves
1587 1799 1619 1827 et
1639 1795 1797 1837 scapham
1821 1795 2068 1837 progrediatur.
2121 1795 2249 1827 Eadem

1259 1848 1349 1881 ratio
1378 1851 1526 1880 servetur
1559 1847 1595 1878 in
1620 1846 1681 1885 iis,
1725 1857 1865 1891 quorum
1887 1857 1960 1888 opes
1981 1846 2089 1878 decem
2110 1845 2249 1878 talentis

1258 1903 1337 1932 sunt
1351 1900 1513 1937 minores,
1542 1902 1578 1931 ut
1592 1897 1789 1930 contributis
1805 1897 1885 1929 aliis
1907 1898 2015 1929 decem
2036 1897 2165 1930 talenta
2185 1907 2249 1929 ex·

1257 1950 1384 1992 pleant.

1361 1999 1456 2034 Num
1489 2010 1573 2031 vero
1602 1995 1689 2030 haec
1721 1997 1776 2030 lex
1802 1997 1981 2030 tenuiores
2003 2009 2115 2041 parvo
2140 2009 2248 2031 onere

1260 2050 1417 2084 levavit?
1444 2063 1530 2084 num
1546 2061 1672 2094 parum
1690 2047 1808 2081 daturi
1823 2054 1925 2081 erant
1941 2048 2084 2088 divites,
2101 2060 2146 2081 ne
2161 2046 2249 2081 haec

1262 2114 1371 2135 onera
1388 2102 1425 2135 in
1440 2114 1500 2135 eos
1515 2098 1817 2134 transferrentur?
1845 2098 1968 2144 Itaque
1982 2111 2056 2132 non
2074 2111 2115 2132 eo
2131 2099 2247 2133 solum

1261 2154 1416 2198 glorior,
1444 2153 1540 2198 quod
1556 2163 1629 2184 non
1644 2150 1747 2183 omisi
1764 2148 1966 2184 inchoatam
1985 2150 2070 2194 legis
2093 2150 2249 2195 rogatio-

1260 2217 1362 2245 nem,
1391 2205 1557 2250 quodque
1580 2202 1616 2234 in
1636 2201 1766 2234 iudicio
1786 2201 1830 2247 19)
1851 2202 2032 2235 absolutus
2056 2214 2155 2242 sum,
2187 2202 2248 2235 sed

1261 2256 1374 2289 multo
1410 2255 1539 2299 magis,
1584 2253 1680 2298 quod
1711 2253 1822 2297 legem
1854 2253 1976 2287 utilem
2001 2252 2085 2293 tuli,
2127 2258 2168 2286 ut
2191 2264 2247 2286 res

1263 2307 1427 2341 ostendit.
1479 2305 1518 2338 In
1533 2311 1608 2338 toto
1623 2304 1705 2336 belli
1721 2310 1894 2350 tempore,
1913 2317 1991 2338 cum
2011 2304 2136 2338 classes
2151 2305 2248 2338 iuxta

1262 2371 1378 2392 meam
1406 2358 1518 2402 legem
1545 2362 1790 2396 armarentur,
1825 2356 1943 2389 nullus
1967 2356 2164 2400 praefectus
2189 2356 2250 2389 de—

1263 2409 1427 2443 trectavit
1441 2420 1543 2442 suum
1561 2419 1650 2440 onus
1669 2414 1839 2453 tanquam
1858 2407 2025 2441 iniustum
2038 2434 2048 2448 ,
2071 2407 2188 2441 nullus
2211 2406 2249 2439 in

1299 2529 1346 2557 17)
1364 2528 1751 2560 Age,1›roser-catalogum.]
1766 2527 1832 2550 haec
1841 2526 1977 2551 Demosth.
1987 2523 2106 2549 vei-bain
2114 2524 2162 2548 Ed.
2174 2524 2249 2551 1562.

1333 2564 1410 2594 typis
1428 2563 1468 2586 sic
1485 2562 1627 2593 exscripta
1645 2564 1727 2593 sunt,
1746 2561 1823 2592 quasi
1842 2560 1944 2585 decreti
1963 2561 2046 2584 verba
2064 2560 2168 2584 essent.

1302 2608 1348 2636 18)
1370 2608 1444 2637 Age,
1472 2605 1568 2629 confer
1586 2618 1620 2623 -—
1639 2605 1818 2635 catalogum]
1837 2604 1904 2628 haec
1922 2609 2026 2633 quoque
2045 2603 2130 2626 verba
2148 2602 2248 2626 Demo-
