2351 2990
139 115 235 152 1051

134 215 197 236 vos
222 198 438 237 convocavi,
480 203 519 230 ut
543 208 605 229 vos
629 195 841 227 admoneam
875 198 908 224 et
935 187 1126 235 reprehen-

135 256 237 291 dam,
271 252 300 285 si
324 250 378 283 vel
402 246 490 281 mihi
515 246 744 283 succensetis,
783 244 837 276 vel
869 242 1026 275 adversis
1052 253 1128 274 suc-

135 303 312 338 cumbitis.
372 300 447 345 Ego
475 300 569 333 enim
599 298 715 331 iudico
740 296 888 329 florente
914 293 1030 338 patria
1055 304 1128 325 me-

136 357 204 389 lius
231 366 303 389 esse
336 351 507 397 prix-atis,
543 362 649 395 quam
680 346 888 381 florentibus
918 343 1067 390 privatis
1093 343 1128 376 in

134 407 263 440 afflicta
293 404 486 449 republica.
556 401 648 434 Nam
673 399 811 433 etiamsi
842 397 1001 442 privatus
1033 401 1129 428 tenet

138 471 223 503 opes
237 485 245 498 ,
273 464 393 490 tamen
415 466 534 487 eversa
555 452 667 496 patria
686 451 790 485 simul
808 447 895 482 haec
913 447 1033 482 omnia
1051 459 1130 492 per-

137 516 234 543 eunt.
287 508 355 541 Sed
381 507 416 538 in
440 505 587 537 florente
612 502 726 547 patria
754 502 859 535 etiam
885 511 1021 544 pauper
1045 498 1130 532 civis

138 562 255 596 salvus
273 572 345 592 esse
362 562 489 601 potest.
542 555 665 587 Donec
686 554 792 597 igitur
812 552 934 585 civitas
953 562 1015 584 sua
1038 550 1132 595 peri-

140 613 216 646 cula
235 610 407 644 sustinere
425 613 559 652 potest,
588 607 684 652 quod
703 612 823 638 tamen
841 602 1010 648 privatim
1029 601 1132 636 susti-

139 675 224 697 nere
248 673 354 694 nemo
379 671 470 693 unus
495 665 628 702 potest,
657 658 788 691 iustum
815 662 865 689 est
890 654 1076 688 universos
1101 652 1131 685 ei

141 727 245 759 opem
270 714 379 751 ferre,
407 717 440 743 ct
463 722 537 743 non
554 736 563 749 ,
588 710 684 755 quod
703 721 765 742 vos
783 720 877 740 nunc
894 705 1026 745 facitis,
1053 716 1133 749 per-

139 765 282 800 territos
305 763 451 808 privatis
468 761 611 795 iacturis
629 762 789 794 deserere
806 757 1075 802 rempublicam.

243 815 357 850 Siinul
384 820 501 847 autem
531 819 564 846 et
594 825 669 853 me,
709 811 770 857 qui
795 809 889 844 suasi
909 809 1041 843 bellum
1058 834 1067 847 ,
1101 812 1135 839 et

143 881 206 901 vos
233 867 347 912 ipsos,
382 865 443 911 qui
468 864 691 901 decrevistis,
726 862 909 896 accusatis.
974 860 1025 892 Ac
1046 856 1135 891 mihi

144 920 288 965 quidem
316 918 378 950 tali
403 917 480 949 viro
512 915 726 953 irascimini,
766 914 827 959 qui
850 911 938 946 nulli
961 911 1136 945 secundus

143 984 221 1005 sum
251 977 285 1003 et
318 970 355 1001 in
382 969 627 1012 cognoscendo
656 973 690 1000 et
716 966 752 998 in
779 965 929 998 dicendo
958 975 1019 1004 ea,
1045 973 1136 1008 quae

145 1035 234 1067 opus
253 1028 303 1055 est
323 1020 410 1054 scire
433 1027 466 1052 et
484 1019 620 1058 dicere,
646 1024 680 1050 et
696 1029 777 1049 amo
798 1017 970 1060 patriam,
997 1026 1062 1047 nec
1081 1025 1136 1045 me

144 1073 340 1118 expugnari
374 1071 521 1115 pecunia
554 1069 684 1115 patior.
750 1068 842 1102 Nam
870 1067 931 1112 qui
960 1064 1137 1109 intelligit,

145 1125 232 1170 quid
257 1124 301 1158 sit
324 1123 430 1162 utile,
459 1135 522 1155 nec
548 1129 668 1154 tamen
692 1120 842 1153 dicendo
867 1130 1044 1163 exponere
1062 1116 1138 1149 aliis

144 1182 280 1221 potest,
321 1174 445 1208 similis
478 1179 529 1206 est
563 1185 637 1205 non
662 1170 884 1215 intelligenti.
952 1169 1025 1215 Qui
1053 1180 1137 1201 vero

145 1226 231 1261 haec
257 1227 493 1260 instrumenta
519 1222 646 1264 habet,
689 1235 753 1256 nec
780 1229 901 1256 tamen
931 1228 983 1254 est
1015 1231 1139 1252 amans

145 1279 303 1324 patriae,
338 1290 413 1310 non
444 1276 594 1309 fideliter
627 1275 659 1308 ei
688 1274 851 1307 consulit.
920 1272 994 1317 Qui
1020 1278 1138 1305 autem

145 1330 295 1375 pecunia
312 1328 493 1372 corrumpi
514 1333 648 1372 potest,
677 1326 797 1359 omnia
815 1324 953 1358 venalia
972 1321 1092 1356 habet.

251 1381 340 1415 Cum
367 1380 474 1424 igitur
500 1376 589 1411 mihi
619 1378 815 1411 tribuentes
847 1374 1075 1421 prudentiam
1107 1379 1141 1405 et

147 1434 275 1473 fidem,
318 1431 546 1464 mediocriter
577 1442 663 1474 prae
699 1427 844 1461 caeteris
878 1439 957 1459 meo
992 1424 1139 1458 consilio

148 1483 502 1528 obtemperaveritis,
541 1493 615 1514 non
639 1486 689 1513 est
713 1491 866 1524 aequum
890 1490 946 1510 me
970 1476 1140 1509 accusari.

148 1535 381 1569 Manifestum
409 1540 479 1574 est,
513 1532 701 1566 stultitiam
729 1543 800 1564 esse
827 1541 970 1562 movere
996 1528 1141 1566 bellum,

149 1587 178 1621 si
198 1587 346 1619 florente
365 1592 458 1619 statu
476 1585 579 1617 liceat
592 1583 744 1616 retinere
763 1594 898 1626 pacem.
941 1580 1003 1613 Sin
1022 1585 1140 1612 autem

149 1650 289 1672 necesse
318 1643 388 1676 est,
422 1643 483 1669 aut
515 1636 676 1668 cedentes
709 1633 882 1677 imperata
913 1632 1048 1671 facere,
1081 1636 1143 1663 aut

150 1690 307 1735 pericula
333 1688 430 1721 adire
455 1687 661 1720 retinendae
688 1684 862 1717 libertatis
887 1696 1003 1723 causa,
1029 1681 1142 1725 magis

150 1738 465 1785 reprehendendus
491 1746 542 1771 est
563 1738 612 1777 is,
641 1737 701 1783 qui
725 1736 813 1780 fugit
830 1735 1008 1780 pericula,
1034 1745 1141 1779 quam

152 1792 214 1838 qui
238 1792 397 1826 sustinet.
451 1790 526 1833 Ego
550 1789 643 1822 idem
666 1801 765 1827 sum,
795 1787 856 1832 qui
880 1787 931 1820 fui
955 1793 1054 1825 ante,
1081 1797 1143 1818 vos

150 1843 348 1882 labascitis‚
377 1841 438 1887 qui
464 1848 567 1874 antea
596 1853 634 1873 re
659 1840 796 1883 integra
822 1836 910 1871 mihi
935 1836 1143 1875 assensistis,

151 1907 265 1934 nunc,
306 1899 497 1939 postquam
521 1892 641 1937 aliquo
668 1891 882 1924 detrimento
908 1889 1025 1923 affecti
1050 1888 1144 1927 estis,

152 1946 311 1991 poenitet
329 1958 390 1978 vos
410 1944 540 1989 prioris
559 1943 755 1976 sententiae
768 1969 776 1982 ‚
805 1948 838 1974 et
855 1948 969 1974 vestra
995 1939 1143 1973 mollitie

151 1998 254 2037 victi,
289 1997 419 2030 rectius
449 1995 637 2029 consilinm
662 1993 892 2038 vituperatis,
932 1993 1015 2038 quia
1042 2004 1145 2036 prae-

153 2055 266 2083 sentes
293 2060 486 2081 aerumnae
515 2047 736 2085 sentiuntur,
762 2046 880 2078 futura
906 2044 1040 2077 utilitas
1054 2056 1144 2076 non-

153 2102 239 2134 dum
265 2100 301 2132 in
332 2105 522 2143 conspectu
548 2105 617 2138 est,
655 2104 689 2131 et
718 2096 930 2141 languefacti
954 2101 1037 2130 sunt
1069 2095 1144 2127 ani-

155 2152 204 2185 mi
220 2151 344 2185 subitis
362 2151 478 2189 malis,
507 2163 577 2195 quo
595 2150 712 2182 minus
728 2147 961 2193 perseveretis
971 2146 1017 2193 ²⁹)
1034 2147 1070 2179 in
1086 2147 1145 2179 de-

155 2210 251 2237 creto
272 2209 401 2236 vestro.
454 2202 641 2245 Frangunt
665 2200 760 2234 enim
782 2199 920 2232 animos
936 2211 991 2233 res
1007 2198 1144 2232 subitae

156 2262 189 2288 et
203 2255 459 2298 inexpectatae,
478 2266 569 2299 quae
585 2259 726 2297 praeter
743 2251 950 2296 opinionem
968 2250 1145 2290 accidunt,

154 2313 194 2341 ut
211 2306 314 2339 nobis
331 2306 376 2338 ad
395 2311 531 2338 caetera
551 2305 642 2338 male
660 2303 860 2348 pestilentia
878 2303 1032 2337 accessit.
1075 2302 1145 2334 Ta-

155 2370 239 2391 men
254 2369 333 2390 cum
349 2357 475 2390 urbem
492 2368 658 2400 magnam
679 2362 880 2394 teneamus,
910 2360 944 2387 et
966 2355 1011 2387 ad
1028 2366 1147 2387 mores

156 2409 189 2442 ei
211 2408 461 2442 convenientes
482 2408 667 2442 assuefacti
689 2407 818 2447 simus,
847 2412 988 2450 oportet
1011 2417 1076 2439 nos
1102 2417 1146 2438 ne

157 2459 321 2493 maximis
350 2459 492 2504 quidem
515 2459 776 2493 calamitatibus
800 2458 889 2490 velle
908 2458 1147 2497 succumbere,

157 2524 223 2545 nec
257 2510 466 2554 dignitatem
511 2517 671 2545 nostram
709 2510 932 2543 labefactare.
1007 2508 1148 2542 Pariter

157 2562 254 2596 enirn
281 2561 344 2607 qui
368 2562 516 2595 mollitie
546 2568 767 2607 praesentem
793 2560 944 2605 gloriam
969 2560 1149 2601 amittunt,

160 2614 259 2658 digni
280 2619 362 2647 sunt
387 2614 631 2654 accusatione,
660 2621 693 2647 et
719 2613 817 2658 digni
833 2612 937 2652 odio,
965 2612 1027 2658 qui
1043 2624 1150 2657 appe-

158 2672 239 2699 tunt
254 2677 328 2698 non
346 2664 615 2698 convenientem
633 2665 794 2709 gloriam.
847 2664 1026 2698 Debemus
1043 2664 1151 2707 igitur

194 2733 242 2761 29)
262 2731 465 2763 perseveretis]
486 2732 535 2756 Ed.
553 2731 626 2756 1562.
646 2731 835 2762 pei-severitis.

712 106 833 142 PHlL.
869 103 982 139 MEL.
1016 101 1218 138 SCRIPTA
1250 101 1587 139 PHILOLOGICA.

2072 101 2172 140 1052

1180 188 1335 232 seposito
1355 189 1478 223 dolore
1497 191 1719 235 privatarum
1745 202 1887 230 rerum,
1914 189 2093 234 publicam
2118 202 2174 224 sa-

1181 240 1290 274 lutem
1317 252 1558 285 propugnare.
1617 241 1789 275 Dolorem
1819 241 1926 274 etiam
1954 253 2175 286 superemus,

1182 304 1286 337 quem
1313 292 1397 325 belli
1420 292 1524 326 labor
1545 293 1665 334 affert,
1692 306 1736 327 ne
1760 293 1877 326 maior
1898 293 1979 334 fiat,
2004 298 2038 326 et
2055 299 2176 326 tamen

1182 341 1272 376 nihil
1293 343 1534 387 proficiamus.

1285 394 1381 428 Haec
1412 395 1454 428 de
1486 395 1572 429 falsa
1595 395 1794 439 suspicione
1820 401 1937 429 vestra
1960 395 2052 428 dicta
2080 395 2175 428 suffi-

1184 444 1298 486 ciant,
1325 458 1435 492 quam
1456 452 1491 479 et
1515 447 1602 480 alias
1619 447 1781 481 refutavi.
1833 447 1936 481 Nunc
1954 447 1996 480 de
2012 446 2174 491 potentia

1183 503 1298 531 vestra
1314 504 1348 530 et
1362 495 1430 531 hoe
1447 497 1575 538 dicam,
1602 499 1699 543 quod
1715 510 1779 531 nec
1795 511 1858 532 vos
1875 498 2044 542 cogitasse
2064 504 2170 531 antea

1185 548 1367 590 existimo,
1395 561 1458 582 nec
1475 561 1538 593 ego
1555 556 1659 582 antea
1679 549 1845 593 exposui,
1864 561 1959 583 nunc
1975 549 2082 583 etiam
2099 561 2175 582 non

1185 600 1361 641 dicturus,
1389 601 1471 646 quia
1489 600 1641 645 speciem
1665 598 1772 634 habet
1790 600 1998 642 iactantiae,
2023 600 2093 635 nisi
2114 612 2178 634 vos

1186 658 1326 696 praeter
1341 653 1520 685 rationem
1536 652 1693 686 viderem
1711 651 1818 685 nimis
1836 651 2026 686 imbecilles
2040 651 2179 685 animos

1189 702 1332 737 habere.
1386 703 1458 737 Vos
1483 703 1690 737 existimatis
1714 710 1851 737 tantum
1871 703 1975 736 sociis
1991 716 2055 737 vos
2069 704 2182 748 impe-

1189 768 1287 793 rare;
1323 767 1387 799 ego
1414 761 1533 788 autem
1560 756 1722 796 affirmo,
1753 767 1832 789 cum
1851 755 1942 788 duae
1968 760 2087 798 partes
2109 754 2183 788 bel-

1187 807 1344 840 lantibus
1370 806 1450 840 usui
1478 807 1568 847 sint,
1611 813 1705 840 terra
1733 813 1768 839 et
1790 818 1908 846 mare,
1945 818 2009 839 vos
2035 817 2182 850 prorsus

1189 858 1298 892 maris
1315 859 1480 892 dominos
1497 871 1570 892 esse
1583 885 1592 898 ,
1622 865 1655 891 et
1671 858 1745 892 eius
1766 858 1877 902 partis
1891 884 1900 898 ,
1927 857 1983 890 cui
1998 869 2094 890 nune
2117 856 2183 889 im-

1189 911 1339 954 peratis,
1367 916 1401 942 et
1417 910 1546 955 reliqui
1562 909 1690 950 maris,
1717 909 1746 943 si
1763 907 1828 942 hac
1845 909 1967 948 classe,
1994 920 2103 954 quam
2118 905 2183 941 ha-

1188 961 1294 1001 betis,
1334 962 1527 1005 procedere
1559 961 1754 995 volueritis.
1821 960 1894 995 Nec
1920 960 2013 994 ullus
2046 972 2184 1004 regum,

1191 1025 1254 1046 nec
1278 1013 1348 1045 ulla
1378 1025 1462 1056 gens
1486 1012 1660 1057 impedire
1677 1025 1740 1046 vos
1756 1012 1792 1044 in
1810 1012 1902 1045 mari
1923 1017 2051 1056 potest.
2109 1011 2184 1045 Nec

1192 1064 1406 1097 conferenda
1424 1070 1475 1097 est
1491 1062 1578 1097 haec
1595 1064 1755 1108 potentia
1772 1063 1809 1096 in
1826 1063 1919 1096 mari
1936 1064 1981 1096 ad
1997 1063 2186 1103 iacturam,

1192 1128 1300 1162 quam
1325 1115 1472 1155 fecistis,
1513 1115 1651 1149 amissis
1674 1114 1841 1149 aedificiis
1868 1114 1994 1148 vestris
2019 1120 2054 1147 et
2081 1114 2187 1158 agris,

1192 1179 1257 1200 nec
1282 1167 1382 1200 decet
1405 1179 1508 1210 aegre
1536 1167 1628 1200 ferre
1643 1193 1653 1207 ,
1687 1179 1727 1200 ac
1750 1179 1824 1199 non
1848 1166 1968 1210 potius
1990 1165 2187 1211 tranquillo

1193 1219 1315 1252 animo
1352 1230 1445 1258 esse,
1488 1224 1522 1251 et
1552 1218 1677 1251 leviter
1711 1230 1836 1251 curare
1872 1215 1965 1250 hanc
1999 1216 2187 1257 iacturam,

1193 1270 1341 1304 scientes
1372 1275 1584 1302 ornamenta
1614 1269 1819 1302 divitiarum
1853 1280 1960 1312 penes
1988 1268 2188 1312 potentiam

1194 1333 1288 1360 esse,
1320 1333 1399 1353 cum
1430 1320 1527 1354 salva
1555 1320 1738 1360 libertate,
1781 1320 1810 1353 si
1840 1332 1917 1352 eam
1942 1331 2190 1364 propugnare-

1194 1385 1292 1411 mus,
1326 1371 1428 1405 facile
1450 1378 1588 1404 caetera
1619 1371 1865 1415 recuperaturi
1887 1371 2008 1404 simus.
2068 1370 2139 1404 Sed
2160 1370 2191 1404 si

1195 1423 1272 1457 aliis
1296 1425 1498 1457 cederemus
1514 1422 1599 1469 ²⁹³),
1635 1422 1741 1455 etiam
1771 1421 1870 1466 prius
1887 1428 1989 1466 parta
2014 1421 2191 1455 diminue-

1194 1481 1329 1508 rentur.
1382 1473 1422 1506 ln
1446 1480 1597 1519 utraque
1629 1480 1746 1507 autem
1772 1485 1810 1506 re
1835 1479 2024 1517 parentum
2050 1473 2192 1507 sortitu-

1197 1526 1319 1559 dinem
1344 1525 1555 1565 imitamini,
1600 1525 1662 1570 qui
1684 1525 1755 1559 suis
1779 1525 1961 1558 laboribus
1990 1525 2190 1569 potentiam

1196 1590 1271 1611 non
1288 1583 1468 1621 acceptam
1485 1589 1502 1609 a
1522 1576 1719 1610 maioribus
1741 1582 1975 1621 pepererunt,
2010 1582 2044 1609 et
2065 1582 2191 1621 postea

1195 1630 1376 1663 defensam
1402 1628 1503 1662 vobis
1523 1628 1760 1662 tradiderunt.
1813 1627 1973 1672 Turpius
1994 1634 2046 1662 est
2068 1634 2188 1661 autem

1196 1681 1359 1714 amittere
1376 1692 1533 1724 possessa
1554 1686 1655 1713 antea
1669 1706 1679 1720 ,
1707 1692 1814 1725 quam
1843 1691 1918 1711 non
1939 1679 2069 1723 potiri,
2096 1690 2188 1725 quae

1197 1739 1300 1765 antea
1326 1743 1401 1764 non
1427 1731 1600 1772 tenueris,
1630 1737 1664 1764 et
1681 1731 1848 1764 convenit
1864 1731 2032 1764 adversus
2049 1728 2190 1764 hostem

1196 1785 1248 1817 ire
1273 1796 1347 1816 non
1370 1783 1485 1817 solum
1503 1783 1694 1816 confidenti
1711 1783 1832 1815 animo
1845 1808 1854 1822 ,
1879 1783 1940 1816 sed
1960 1782 2067 1815 etiam
2084 1782 2190 1816 elato.

1196 1836 1289 1870 Nam
1309 1834 1415 1868 etiam
1432 1834 1548 1868 timidi
1567 1834 1713 1879 gloriari
1731 1840 1879 1879 possunt
1895 1833 1932 1866 in
1947 1834 2052 1867 rebus
2067 1845 2191 1867 secun—

1198 1888 1273 1926 dis,
1302 1899 1392 1932 quae
1417 1899 1499 1920 casu
1523 1886 1572 1920 eis
1590 1886 1805 1919 acciderunt.
1862 1885 1931 1918 Sed
1957 1884 2069 1917 animi
2092 1884 2191 1918 celsi-

1198 1940 1283 1973 tudo
1300 1939 1338 1971 in
1357 1937 1424 1971 illis
1442 1944 1512 1978 est,
1539 1938 1601 1983 qui
1618 1937 1757 1970 ratione
1774 1937 1977 1976 confidunt,
2005 1943 2039 1969 et
2056 1936 2094 1968 in
2111 1936 2190 1981 qui-

1197 1992 1262 2024 bus
1277 1990 1500 2023 considerata
1511 1990 1675 2022 fortunae
1693 1988 1919 2034 aequalitate,
1936 1986 2126 2032 prudentia
2138 1994 2191 2021 ta-

1197 2054 1280 2075 men
1296 2041 1468 2086 prospicit
1481 2041 1668 2075 dissimiles
1684 2052 1806 2073 causas
1821 2039 1989 2079 audendi,
2005 2051 2071 2072 nec
2087 2050 2191 2072 caeca

1198 2106 1258 2138 spe
1274 2093 1433 2133 ducitur,
1453 2105 1543 2138 quae
1561 2098 1612 2126 est
1627 2092 1744 2131 fallax,
1771 2091 1829 2124 sed
1847 2090 1996 2124 consilio
2012 2096 2192 2132 movetur,

1198 2145 1295 2191 quod
1311 2145 1429 2178 minus
1445 2144 1537 2177 fallit
1552 2144 1679 2177 collata
1696 2149 1932 2188 utrorumque
1946 2142 2119 2186 potentia.

1298 2195 1408 2229 Decet
1427 2196 1511 2229 item
1537 2208 1599 2228 vos
1624 2194 1831 2238 dignitatem
1858 2193 1956 2227 urbis
1979 2200 2014 2227 et
2037 2193 2194 2238 imperii,

1199 2260 1270 2294 quo
1288 2247 1493 2288 laetamini,
1520 2245 1630 2286 tueri,
1652 2258 1716 2278 nec
1733 2246 1853 2290 sugere
1870 2245 2050 2285 laborem,
2066 2244 2096 2279 si
2113 2245 2192 2290 qui-

1200 2301 1280 2333 dem
1296 2298 1452 2333 honores
1469 2298 1621 2332 retinere
1638 2297 1757 2331 vultis.
1809 2297 1882 2331 Nec
1905 2296 2102 2331 existimate
2128 2308 2192 2330 vos

1201 2358 1341 2385 tantum
1358 2352 1400 2384 de
1417 2350 1579 2384 libertate
1596 2348 1787 2389 dimicare,
1813 2349 1874 2382 sed
1891 2348 1997 2382 simul
2019 2348 2061 2381 de
2087 2347 2192 2381 amis-

1201 2403 1301 2437 sione
1319 2402 1462 2447 imperii
1480 2407 1513 2434 et
1536 2401 1578 2434 de
1600 2400 1725 2434 vestris
1752 2400 1918 2445 periculis
1940 2399 2073 2433 bellum
2095 2411 2192 2444 gere-

1201 2455 1266 2495 tis,
1300 2454 1383 2500 quia
1407 2454 1444 2486 in
1470 2452 1552 2486 odio
1576 2451 1656 2486 estis
1681 2458 1830 2497 propter
1852 2451 2064 2496 imperium,
2095 2450 2194 2496 quod

1201 2506 1272 2539 iam
1289 2519 1333 2539 ne
1350 2504 1496 2550 potestis
1521 2504 1664 2549 quidem
1690 2505 1888 2548 deponere,
1923 2502 2031 2536 etiam
2056 2502 2086 2536 si
2111 2501 2191 2547 quis

1202 2564 1300 2592 metu
1329 2559 1461 2591 fractus
1491 2556 1594 2589 malit
1623 2556 1694 2588 iam
1716 2553 1849 2589 habere
1871 2554 2027 2589 studium
2051 2552 2192 2599 quietis.

1203 2609 1349 2643 Tenetis
1374 2608 1468 2641 enim
1494 2607 1685 2652 imperium
1712 2619 1777 2641 ceu
1800 2606 2046 2652 tyrannidem,
2081 2616 2191 2651 quam

1238 2727 1303 2759 292)
1322 2727 1497 2756 cederemus]
1517 2726 1564 2751 Ed.
1584 2725 1658 2751 1562.
1677 2725 1864 2750 caederemus.
