2351 2990
91 106 166 143 905
278 103 463 140 XXXVIII.

90 198 279 238 provectus
304 198 376 232 est,
403 189 662 224 Demosthenes
687 202 793 230 verO,
829 202 935 235 quem
961 189 1086 222 laudat

91 241 277 288 Ctesipho,
311 243 360 276 ita
386 255 421 276 se
447 242 629 287 corrumpi
650 254 773 286 passus
801 248 871 283 est,
903 247 942 274 ut
965 242 1085 274 decem

90 296 223 328 talenta
240 295 341 328 vobis
358 294 582 333 videntibus,
608 292 858 333 sentientibus,
886 292 1086 337 inspectan-

90 346 184 380 tibus
199 346 486 386 interverterint,
514 351 549 378 et
568 344 747 384 civitates,
777 356 868 390 quae
887 344 931 376 ad
950 348 1086 377 vestros

91 403 288 430 conventus
311 397 557 441 pertinebant,
586 396 818 437 abduxerint,
846 401 880 428 et
900 395 937 427 in
953 394 1087 428 Euboi-

92 461 172 482 cum
191 454 406 481 conventum
425 448 685 482 transtulerint.

194 499 263 533 Sed
279 499 407 544 quibus
422 497 558 532 technis
574 496 642 531 hoc
660 497 833 538 effecerit,
863 508 991 542 operae
1007 508 1086 540 pre-

90 550 181 584 tium
204 556 254 584 est
280 550 414 584 audire.
473 550 581 583 Venit
604 551 648 583 ad
672 562 735 583 vos
759 560 833 581 non
856 548 927 581 iam
951 548 1086 591 legatos

89 602 255 642 mittens,
296 602 358 635 sed
386 602 460 646 ipse
489 601 639 641 Callias,
676 608 710 635 et
741 599 910 644 prodiens
941 599 977 631 in
1003 610 1086 631 con-

90 653 230 686 cionem
262 653 464 686 orationem
498 651 625 686 habuit
655 664 673 685 a
711 649 954 684 Demosthene
991 662 1086 682 com—

89 705 263 749 positam3
307 705 357 737 ait
389 716 424 738 se
453 704 575 737 venire
612 716 652 737 ex
684 703 935 747 Peloponneso
969 701 1087 734 conse-

91 755 154 790 ctis
179 755 320 789 circiter
343 762 484 789 centum
509 755 651 789 talentis
676 755 845 787 adversus
864 751 1086 797 Philippum,

91 813 296 852 computat,
320 813 494 852 quantum
505 806 635 850 singuli
653 805 897 845 contulissent,
925 801 1086 837 Achaeos

89 865 125 892 et.
141 858 368 902 Megarenses
394 859 548 891 affirmat
568 857 616 891 60
632 858 764 890 talenta
791 856 1000 895 contulisse,
1027 867 1087 888 ur-

89 910 151 944 bes
168 909 206 942 in
223 909 370 943 Euboea
392 909 460 948 40;
496 907 562 942 hac
580 908 731 953 pecunia
751 920 853 952 posse
874 908 1019 941 classem
1046 918 1086 938 ac

89 962 271 1006 pedestres
297 962 417 1005 copias
439 960 561 1005 parari
581 966 687 1006 atque
705 959 845 993 instrui.
894 959 1083 992 Praeterea

89 1014 193 1046 docet
214 1012 346 1046 multos
369 1012 458 1046 alios
484 1012 640 1046 Graecos
667 1024 759 1051 esse,
795 1010 856 1056 qui
880 1022 914 1044 se
940 1009 1088 1054 cupiant

89 1065 135 1098 ad
150 1064 356 1098 societatem
373 1061 647 1097 Atheniensium
665 1062 871 1106 adiungere,
898 1061 1087 1106 pollicetur

88 1127 206 1162 neque
221 1115 411 1160 pecuniam
431 1127 547 1160 neque
567 1115 696 1149 milites
713 1114 897 1147 defuturos
915 1125 999 1147 esse.

194 1167 291 1200 Haec
318 1167 500 1200 adferebat
528 1167 660 1210 palam.
728 1166 919 1199 Praeterea
947 1164 1088 1197 dicebat

89 1230 125 1253 se
149 1216 282 1252 habere
308 1230 437 1251 arcana
463 1218 661 1263 quaedam,
690 1222 723 1249 et
747 1217 922 1262 quosdam
946 1221 1086 1248 nostro-

89 1282 171 1304 rum
197 1269 328 1303 civium
353 1275 458 1302 testes
483 1268 550 1301 sibi
572 1280 662 1305 esse;
698 1268 843 1299 tandem
868 1266 1086 1299 nominatim

91 1321 285 1366 compellat
302 1318 582 1354 Demosthenem
595 1346 604 1360 ,
632 1318 730 1352 iubet
746 1330 826 1351 eum
845 1317 974 1350 dicere.
1026 1315 1087 1348 Ille

90 1385 177 1405 vero
214 1373 316 1406 vultu
354 1371 554 1416 composito
588 1372 632 1404 ad
667 1381 836 1414 magnam
874 1368 1087 1413 gravitatem

90 1423 274 1468 procedit,
314 1422 441 1467 incipit
464 1422 613 1456 Calliam
642 1420 743 1454 miris
766 1420 933 1454 laudibus
960 1430 1088 1464 prove-

90 1473 175 1508 here
187 1501 197 1515 ,
215 1481 248 1508 et
262 1475 469 1519 profitetur,
487 1486 523 1507 se
542 1473 630 1507 scire
650 1472 737 1506 illud
755 1484 937 1504 arcanum.
979 1471 1089 1503 Prae-

90 1533 188 1560 terea
207 1531 469 1559 commemorat
487 1524 702 1569 legationem
726 1523 762 1556 in
783 1523 1088 1567 Peloponnesum,

93 1584 127 1611 et
145 1590 186 1611 ex
202 1577 428 1617 Acarnania,
458 1583 491 1609 et
509 1582 584 1609 erat
601 1586 741 1609 summa
766 1573 957 1618 orationis,
985 1573 1089 1606 Pelo-

92 1629 328 1674 ponnesiacos
347 1640 470 1661 omnes
487 1634 521 1660 et
538 1627 747 1660 Acarnanos
774 1638 793 1658 a
821 1638 856 1659 se
889 1626 933 1657 ad
956 1625 1088 1657 bellum

92 1681 263 1714 adversus
277 1678 488 1724 Philippum
508 1678 705 1711 concitatos
725 1689 818 1716 esse,
847 1682 881 1710 et
900 1676 1088 1720 pecuniam

93 1731 283 1765 conflatam
308 1743 381 1765 esse
406 1732 450 1763 ad
476 1730 677 1774 implendas
703 1735 843 1762 centum
871 1728 1008 1761 veloces
1025 1738 1089 1759 na-

91 1795 172 1823 ves,
205 1789 237 1816 et
256 1783 301 1815 ad
325 1782 421 1814 mille
445 1782 582 1826 pedites
608 1787 642 1814 et
662 1781 707 1813 ad
724 1780 821 1812 mille
842 1779 978 1825 equites
995 1779 1090 1811 alen-

93 1836 175 1873 dos;
204 1835 247 1867 ad
266 1831 354 1866 haec
371 1833 491 1877 copias
508 1833 663 1867 urbanas
689 1831 861 1865 affuturas
877 1843 950 1864 esse
968 1843 1009 1863 ex
1024 1830 1090 1863 Pe-

92 1886 291 1930 loponneso
308 1885 428 1929 plures
453 1885 592 1918 duobus
615 1883 792 1923 millibus,
821 1895 862 1915 ex
885 1882 1089 1915 Acarnania

92 1937 244 1970 totidem
258 1936 406 1974 milites;
436 1943 470 1969 et
490 1937 533 1969 ab
559 1934 614 1969 his
639 1934 804 1968 omnibus
830 1946 1007 1968 summam
1026 1933 1090 1965 im-

91 1988 183 2033 perii
200 1988 354 2022 delatam
371 2000 443 2021 esse
465 1988 509 2020 ad
528 2000 602 2021 vos.
655 1986 701 2019 Et
716 1984 803 2019 haec
819 1985 919 2018 brevi
935 1985 1089 2018 affutura

94 2052 188 2080 esse,
222 2052 350 2084 nempe
376 2040 420 2072 ad
448 2039 626 2072 decimum
648 2044 786 2071 sextum
815 2037 908 2069 diem
934 2037 1091 2071 Novem-

93 2091 186 2129 bris;
218 2091 372 2135 edictum
390 2091 485 2124 enim
515 2102 605 2130 esse,
639 2096 678 2122 ut
704 2089 862 2122 civitates
886 2088 923 2121 in
940 2088 1091 2132 plenilu-

96 2143 157 2176 nio
181 2142 399 2176 conveniant
421 2140 583 2176 Athenis,
652 2141 745 2175 Nam
772 2146 806 2173 et
836 2138 892 2172 hic
922 2139 1091 2184 proprius

95 2207 173 2228 mos
204 2201 256 2228 est
289 2191 536 2227 Demothenis.
597 2192 692 2225 Vani
723 2190 887 2225 homines
919 2191 979 2224 alii
1011 2203 1090 2224 cum

95 2245 337 2286 mentiuntur,
374 2251 552 2278 conantur
569 2244 713 2278 confusa
735 2250 768 2276 et
787 2244 935 2276 obscura
962 2242 1091 2283 dicere,

96 2297 263 2331 timentes
277 2309 322 2330 ne
338 2294 664 2341 deprehendantur.
718 2292 977 2328 Demosthenes
994 2306 1093 2335 vero,

97 2350 241 2394 quando
266 2349 459 2388 mentitur,
501 2347 659 2392 primum
683 2347 774 2381 fallit
803 2346 1034 2380 iureiurando
1060 2351 1093 2378 et

97 2400 163 2434 sibi
197 2399 392 2445 perniciem
430 2399 660 2444 imprecatur.
727 2398 866 2432 Deinde
902 2410 994 2442 quae
1029 2396 1093 2430 scit

95 2464 283 2497 nunquam
307 2457 478 2484 eventura
507 2463 600 2490 esse,
629 2450 736 2483 audet
765 2451 964 2490 affirmare,
997 2448 1091 2481 diem

97 2509 242 2537 eventus
260 2502 451 2547 praedicit;
480 2508 513 2535 et
532 2514 621 2548 quos
637 2514 823 2547 nunquam
842 2500 950 2541 vidit,
976 2499 1092 2532 nomi-

97 2561 180 2595 nat,
201 2561 239 2588 ut
255 2555 375 2588 sucum
392 2553 499 2586 faciat
516 2553 758 2593 audientibus,
786 2560 819 2586 et
835 2552 994 2585 imitetur
1008 2563 1091 2584 vera

98 2605 265 2641 dicentes.
317 2607 435 2651 Atque
459 2602 552 2638 hanc
577 2605 621 2638 ob
647 2616 790 2638 causam
816 2604 981 2648 inprimis
1007 2603 1091 2635 odio

97 2657 225 2702 dignus
251 2663 320 2698 est,
348 2657 465 2703 quod,
494 2669 573 2690 cum
599 2656 642 2689 sit
658 2656 864 2700 improbus,
891 2662 1013 2688 tamen
1029 2655 1092 2687 bo-

96 2720 227 2743 norum
247 2709 347 2753 signa
364 2715 532 2753 usurpat,
561 2719 672 2754 eaque
699 2707 908 2752 corrumpit.
962 2707 1091 2746 Porro,

513 102 739 139 INTERPR.
767 101 1027 138 ORATIONIS
1054 100 1298 136 AESCHIMS
1327 100 1526 136 CONTRA
1555 99 1944 135 CTESIPHORTEM.

2058 99 2134 135 906

1140 201 1219 221 cum
1241 188 1300 220 illa
1318 187 1482 227 dixisset,
1510 187 1571 219 dat
1588 186 1724 220 scribae
1744 187 1932 230 legendum
1950 187 2133 219 decretum

1138 240 1280 283 longius
1301 238 1431 279 Iliade,
1474 237 1618 271 inanius
1647 244 1765 270 autem
1796 238 1864 271 illis
1894 238 1979 282 ipsis
2004 237 2134 277 verbis,

1140 303 1230 336 quae
1255 290 1357 335 loqui
1389 290 1479 324 solet
1502 287 1782 328 Demosthenes,
1825 289 1972 334 ipsaque
2003 288 2076 321 vita
2100 293 2134 321 et

1138 342 1300 375 moribus
1323 342 1417 379 eius;
1453 347 1529 374 erat
1553 341 1697 385 plenum
1724 341 1927 384 ingentibus
1949 339 2134 384 promissis

1140 405 1352 437 magnarum
1381 393 1588 436 copiarum,
1625 404 1715 437 quae
1753 404 1938 436 nunquam
1970 388 2135 423 contrahi

1139 450 1317 489 poterant.
1370 444 1519 483 Postea,
1548 456 1626 477 cum
1644 444 1691 476 ita
1708 443 1809 476 vobis
1827 442 2070 486 imposuisset,
2095 447 2136 475 ut

1138 508 1214 528 non
1231 495 1481 540 prospiceretis
1505 507 1569 527 vos
1587 494 1811 534 defraudari,
1841 500 1875 527 et
1898 493 2010 527 animi
2026 492 2134 525 vestri

1140 546 1358 591 amplissima
1390 558 1450 590 spe
1477 546 1637 590 suspensi
1662 552 1795 585 essent,
1837 543 1894 578 hic
1924 557 1988 589 per
2012 543 2136 577 factio-

1140 611 1221 631 nem
1246 597 1369 631 scribit
1387 598 1567 630 decretum
1593 598 1636 630 de
1660 597 1783 641 legatis
1802 597 1839 629 in
1856 596 2035 630 Eretriam
2054 595 2136 628 mit-

1141 650 1277 689 tendis,
1306 649 1368 694 qui
1393 655 1562 692 rogarent
1587 660 1646 681 eos
1675 649 1774 692 (nam
1799 647 1947 681 omnino
1971 647 2135 692 precibus

1141 714 1229 745 opus
1247 700 1360 745 erat),
1386 712 1432 733 ne
1453 699 1617 743 deinceps
1635 699 1806 732 tributum
1825 699 1983 744 quinque
2000 699 2136 731 talenta

1140 752 1241 786 vobis
1269 752 1467 791 solverent,
1497 752 1556 784 sed
1582 751 1727 784 Calliae.
1788 750 2003 783 Decernitur
2027 750 2134 783 etiam

1139 803 1270 848 legatio
1299 804 1342 835 ad
1367 803 1507 842 Oritas,
1544 814 1634 847 quae
1659 807 1883 846 precaretur,
1916 808 1956 835 ut
1981 802 2137 842 eosdem,

1141 868 1230 900 quos
1248 854 1402 899 populus
1418 852 1645 887 Atheniensis
1664 853 1778 887 socios
1799 859 1905 898 atque
1930 850 2048 885 hostes
2073 850 2137 885 ha-

1139 908 1275 940 berent.
1332 905 1479 939 Caetera
1500 905 1536 937 in
1561 906 1703 938 decreto
1730 904 1938 937 recitantur.
1992 903 2135 936 Adscri-

1140 959 1193 991 bit
1210 957 1317 991 etiam
1334 958 1376 990 de
1397 957 1506 997 furto,
1532 963 1573 990 ut
1587 953 1712 990 Oritae
1732 955 1891 1001 quinque
1908 955 2042 987 talenta
2060 966 2136 987 non

1140 1009 1241 1043 vobis
1254 1035 1263 1049 ,
1290 1009 1351 1043 sed
1370 1008 1502 1041 Calliae
1522 1009 1730 1052 penderent.
1785 1006 1893 1051 Quod
1913 1012 2031 1039 autem
2051 1017 2138 1038 vera

1140 1061 1277 1100 dicam,
1305 1072 1347 1093 ex
1372 1061 1513 1092 decreto
1539 1065 1708 1103 apparet,
1742 1058 1771 1092 si
1796 1058 1875 1104 quis
1900 1058 2033 1091 eximat
2054 1057 2138 1090 inde

1141 1124 1233 1145 vana
1256 1111 1431 1156 promissa
1458 1117 1492 1144 et
1516 1111 1613 1144 fictas
1637 1111 1780 1149 classes,
1816 1116 1849 1142 et
1874 1110 2008 1142 furtum
2032 1108 2139 1141 attin-

1141 1170 1218 1208 gat,
1254 1163 1352 1209 quod
1385 1162 1468 1195 fecit
1503 1162 1567 1195 iste
1597 1163 1761 1195 scelestus
1795 1167 1829 1193 et
1857 1160 1988 1204 impius
2014 1158 2139 1200 homo,

1141 1227 1247 1260 quem
1271 1211 1440 1258 Ctesipho
1469 1219 1656 1257 tantopere
1689 1212 1872 1257 praedicat
1906 1211 2041 1245 utiliter
2074 1223 2139 1255 po-

1141 1267 1226 1310 pulo
1251 1265 1480 1298 consuluisse.
1550 1265 1680 1299 Nonne
1706 1265 1853 1297 classem
1877 1269 1910 1295 et
1933 1262 2140 1303 exercitum,

1142 1323 1175 1349 et
1197 1316 1454 1360 plenilunium,
1481 1322 1515 1348 et
1540 1322 1736 1349 conventus
1752 1315 1869 1348 verbis
1885 1314 2049 1354 audistis,
2077 1314 2140 1347 sed

1142 1379 1180 1400 re
1205 1368 1280 1411 ipsa
1303 1367 1432 1400 sociale
1456 1367 1630 1401 tributum
1655 1368 1776 1400 decem
1805 1367 2023 1399 talentorum
2051 1365 2140 1398 ami-

1141 1418 1259 1452 sistis?
1287 1418 1480 1463 Reliquum
1507 1425 1576 1458 est,
1608 1425 1647 1451 ut
1674 1419 1809 1458 dicam,
1845 1418 2028 1463 quomodo
2053 1414 2141 1449 haec

1143 1472 1282 1503 decreta
1302 1469 1424 1503 fecerit
1440 1470 1602 1502 mercede
1618 1470 1725 1503 trium
1746 1470 1977 1502 talentorum.
2030 1468 2140 1501 Acce-

1142 1522 1196 1566 pit
1214 1521 1309 1555 enim
1330 1522 1505 1555 talentum
1522 1533 1633 1555 unum
1651 1534 1692 1554 ex
1710 1519 1876 1554 Chalcide
1893 1532 1912 1552 a
1930 1519 2041 1553 Callia
2053 1546 2062 1559 ,
2090 1519 2140 1551 al-

1143 1580 1259 1607 terum
1278 1585 1319 1606 ex
1336 1572 1476 1606 Eretria
1490 1599 1499 1613 ,
1526 1572 1671 1606 tertium
1692 1584 1733 1605 ex
1749 1571 1845 1605 Orco
1859 1599 1868 1611 ,
1895 1572 2002 1616 idque
2019 1570 2142 1615 prodi-

1143 1624 1195 1657 dit
1223 1637 1324 1664 eum,
1353 1624 1436 1669 quia
1465 1624 1515 1657 ibi
1540 1624 1665 1668 populi
1691 1623 1847 1657 consiliis
1871 1623 1992 1655 omnia
2014 1634 2142 1666 gerun-

1143 1682 1213 1710 tur.
1267 1675 1391 1708 Oritae
1410 1675 1506 1708 enim
1523 1674 1684 1708 exhausti
1702 1675 1796 1708 bello
1808 1702 1816 1715 ,
1846 1676 1943 1720 quod
1961 1686 2041 1707 cum
2056 1671 2142 1707 Phi-

1142 1727 1242 1772 lippo
1260 1732 1462 1771 gesserunt,
1491 1733 1525 1760 et
1541 1727 1698 1770 graviter
1715 1726 1855 1765 afflicti,
1883 1726 2074 1758 mittebant
2096 1726 2142 1758 ad

1145 1792 1224 1812 eum
1246 1778 1506 1812 Gnosidemum
1518 1805 1527 1817 ,
1556 1778 1616 1822 qui
1633 1783 1777 1821 rogaret
1793 1777 1966 1827 talentum
1987 1776 2045 1810 isti
2059 1776 2142 1809 urbi

1143 1830 1298 1869 remitti,
1340 1829 1636 1875 promitteretque
1667 1841 1703 1862 se
1734 1829 1771 1861 in
1794 1829 1873 1861 foro
1899 1839 2047 1860 aeneam
2072 1834 2142 1861 sta-

1145 1889 1242 1915 tuam
1270 1881 1301 1914 ei
1324 1881 1504 1925 posituros
1527 1893 1612 1914 esse.
1665 1880 1731 1913 Hic
1756 1892 1842 1913 vero
1866 1879 2052 1923 respondit
2074 1878 2142 1912 sihi

1145 1933 1271 1977 exiguo
1289 1932 1351 1965 illo
1370 1944 1451 1965 aere
1468 1930 1559 1965 nihil
1579 1944 1668 1976 opus
1693 1944 1786 1971 esse,
1820 1932 1881 1964 sed
1908 1931 2082 1964 talentum
2105 1942 2142 1964 se

1144 1997 1207 2029 per
1236 1984 1385 2018 Calliam
1408 1984 1497 2017 velle
1524 1983 1675 2027 exigere.
1736 1982 1859 2028 Itaque
1881 1982 1993 2015 coacti
2017 1981 2141 2026 inopia

1145 2036 1270 2070 Oritae
1295 2035 1629 2080 oppignoraverunt
1655 2035 1685 2067 ei
1715 2047 1781 2078 pro
1814 2034 1949 2067 talento
1980 2033 2142 2078 publicos

1144 2088 1279 2121 reditus
1297 2093 1331 2120 et
1347 2099 1473 2120 usuras
1492 2087 1565 2120 eius
1583 2086 1775 2131 pecuniae,
1805 2098 1912 2131 quam
1931 2085 1982 2117 illi
2002 2086 2046 2117 ad
2066 2096 2143 2118 cor-

1145 2139 1385 2184 rumpendum
1414 2150 1494 2172 eum
1518 2138 1779 2183 promiserant,
1815 2138 1990 2170 dederunt
2016 2134 2143 2170 drach-

1145 2203 1221 2224 mas
1248 2197 1449 2224 menstruas
1476 2190 1512 2222 in
1538 2189 1694 2233 singulas
1719 2189 1860 2229 minas,
1903 2190 2017 2221 donec
2047 2200 2143 2221 sum-

1145 2254 1241 2275 mam
1266 2242 1457 2276 solverent.
1510 2241 1556 2274 Et
1578 2239 1666 2274 haec
1689 2240 1830 2285 publice
1855 2240 1979 2285 populi
1999 2240 2141 2272 decreto

1146 2294 1338 2327 constituta
1356 2300 1449 2327 sunt.
1502 2293 1610 2338 Quod
1628 2299 1747 2326 autem
1765 2303 1847 2325 vera
1866 2292 1982 2324 dicam
1994 2318 2003 2331 ,
2031 2290 2142 2324 recita

1145 2343 1235 2378 mihi
1252 2346 1432 2378 decretum
1451 2343 1652 2378 Oritarum.

1248 2396 1326 2430 Hoc
1350 2397 1553 2435 decretum,
1580 2395 1692 2435 cives,
1719 2394 1801 2427 urbi
1825 2393 1991 2427 dedecori
2011 2399 2081 2433 est,
2109 2398 2144 2425 et

1145 2449 1265 2493 palam
1291 2448 1465 2488 ostendit,
1494 2447 1612 2492 qualia
1635 2446 1768 2479 suerint
1784 2443 2037 2478 Demosthenis
2059 2456 2143 2477 con-

1146 2500 1222 2533 silia
1250 2500 1287 2533 in
1309 2500 1510 2544 republica,
1547 2504 1581 2531 et
1604 2498 1790 2531 manifeste
1819 2496 2044 2530 convincitur
2062 2495 2142 2529 Cte-

1145 2549 1261 2596 sipho.
1322 2552 1446 2596 Neque
1472 2549 1566 2583 enim
1593 2549 1781 2595 quisquam
1806 2550 1921 2582 bonus
1944 2548 1998 2580 vir
2022 2547 2143 2592 appel-

1145 2603 1212 2635 lari
1243 2609 1420 2642 meretur,
1462 2601 1551 2635 sicut
1582 2601 1688 2634 istum
1720 2598 1888 2645 Ctesipho
1917 2605 2040 2638 vocat,
2081 2597 2142 2643 qui

1145 2666 1180 2687 se
1207 2661 1331 2687 contra
1355 2653 1547 2687 utilitatem
1580 2652 1719 2697 patriae
1746 2652 1895 2697 pecunia
1928 2650 2012 2685 sinit
2035 2661 2143 2694 expu—

1144 2718 1258 2750 gnarh
