2351 2990
50 139 126 176 869
177 136 332 173 XXXVI.
381 135 606 172 INTERPR.
630 136 803 171 PARTIS
835 136 1096 172 ORATIOMS
1128 137 1376 172 DEMOSTH.
1406 137 1470 172 DE
1501 137 1651 172 FALSA
1682 138 1970 175 LEGATIONE.
2030 140 2104 173 870

131 225 196 254 Hae
225 224 368 253 editiones
396 224 426 251 in
456 224 596 252 extremis
626 224 738 261 paginis
769 222 841 259 (Ed.
864 226 1003 261 Antverp.
1028 223 1079 252 fol.
1094 222 1325 261 38511—386a‚
1347 224 1402 253 Ed.
1417 224 1504 253 Basil.
1529 234 1597 263 pag.
1618 222 1703 262 630„
1725 224 1782 253 Ed.
1804 226 1904 264 Tigur.
1929 235 1997 265 pag.
2008 224 2099 262 632.)

38 267 114 297 hanc
135 268 260 306 elegiam
280 267 372 295 latine
393 267 537 304 praebent
559 265 663 294 iisdem
688 266 784 294 verbis
807 275 841 294 ac
864 268 893 294 in
917 267 1131 295 Commentario
1156 267 1193 295 de
1216 268 1310 296 anima
1333 267 1513 304 inscriptam.

131 332 162 364 5.
194 334 222 361 in
247 331 475 363 flIelanthonis
501 331 696 362 Collationis
720 335 889 363 actionum
913 340 970 362 etc.
994 334 1122 362 editione
1146 335 1280 373 principe
1303 335 1343 362 sic
1366 336 1523 372 inscripta:

177 382 316 414 Collatio
353 385 524 414 actionum
549 383 748 423 forensium
778 384 981 414 Atticarum
1016 389 1050 412 et
1078 383 1313 414 Romanarum
1342 388 1620 425 praecipuarum.
1679 382 1810 414 Autore
1839 382 1999 423 Philippo
2028 382 2101 413 Me-

174 426 345 457 lanthone.
416 424 627 464 Vitebergae.
658 425 767 458 Anno.
796 426 843 457 M.
859 426 904 458 D.
926 427 1064 459 XLVI.
1093 445 1134 450 ——
1179 428 1232 468 (In
1257 429 1356 468 fine:)
1394 427 1595 468 Impressum
1634 426 1836 466 Vitebergae
1867 427 1959 467 apud
1987 425 2101 456 Vicum

180 468 349 500 creutzer.
372 469 424 501 DJ?-
440 470 482 502 Ξ).
506 468 644 500 XLVI.
690 470 720 500 S.

130 528 212 558 Haec
234 529 322 558 editio
346 530 375 557 in
398 529 482 557 huius
505 529 593 566 Corp.
617 529 751 557 Reform.
775 530 841 558 Vol.
858 530 936 559 XVI.
968 540 996 567 p.
1012 527 1073 559 531
1091 540 1136 567 sq.
1175 527 1239 558 613
1256 540 1299 567 sq.
1331 531 1387 558 iam
1417 530 1563 567 descripta
1594 530 1672 557 illam
1697 530 1820 568 elegiam
1845 530 1873 557 in
1898 529 1957 557 fine
1980 529 2103 566 praebet

134 572 239 601 iisdem
261 572 358 601 verbis
380 581 414 600 ac
436 573 465 599 in
491 572 705 600 Commentario
728 573 766 601 de
790 574 886 601 anima
908 574 1087 610 inscriptam.

133 635 165 666 6.
192 637 270 665 inter
293 636 345 665 hos
370 636 552 675 Prologos:

175 687 319 727 Prologi
339 686 484 727 aliquot,
514 688 592 717 olim
624 691 764 717 scenicis
789 687 977 717 actionibus
1000 688 1198 726 praemissi,
1230 686 1395 716 exhibitis
1420 689 1454 716 in
1479 685 1662 715 Academia
1691 684 1932 725 Vitebergensi.
1974 683 2101 724 Quibus

179 731 336 760 adiuncti
357 737 435 761 sunt
461 736 609 760 recentes
633 732 772 770 aliquot.
823 730 1022 769 Vilebergae
1046 732 1166 759 excusi
1187 730 1282 768 apud
1304 729 1479 759 Haeredes
1504 726 1644 767 Georgii
1656 727 1777 759 Rham.
1822 729 1936 758 Mense
1951 727 2101 769 Septem-

177 771 240 804 bri.
261 773 355 804 1554.
397 774 428 805 8,
459 774 495 804 ,4
512 775 630 813 plagg.‚
656 776 704 803 ubi
727 774 801 802 haec
825 775 921 812 elegia
944 775 1047 802 iisdem
1072 774 1166 802 verbis
1189 773 1327 811 inscripta
1350 774 1402 802 fol.
1426 772 1450 801 D
1466 772 1497 802 6.
1519 772 1652 801 affertur.

133 839 162 871 7.
185 842 216 869 in
237 839 468 871 DIelantlzonis
492 839 791 879 Epigrammatum
813 841 1032 869 collectionibus
1056 840 1150 869 hisce:

176 902 203 921 a.
238 891 399 930 Philippi
424 890 653 921 Melanthonis
683 891 980 931 Epigrammatum
1010 889 1094 919 libri
1122 896 1189 919 tres
1220 889 1353 920 collecti
1381 888 1422 919 ab
1452 887 1645 918 Hilbrando
1675 887 1861 918 Grathusio
1894 888 2101 930 Dffleniensi.

227 933 431 974 Vitebergae
453 932 645 964 excutiebat
668 934 791 964 Petrus
814 933 919 964 Seitz.
964 932 1065 963 Anno
1088 931 1136 963 M.
1152 931 1197 963 D.
1215 932 1294 962 LX.
1339 934 1371 964 8.

180 994 208 1023 b.
238 991 432 1023 Reverendi
452 998 483 1022 et
509 992 642 1023 clariss.
666 992 742 1022 Viri
764 991 919 1032 Philippi
937 991 1163 1022 Melanthonis
1187 991 1485 1030 Epigrammatum
1507 988 1590 1020 libri
1610 1001 1673 1021 sex
1695 999 1811 1020 recens
1834 989 1914 1020 edili
1935 990 2047 1020 studio
2070 996 2103 1020 et

220 1044 325 1076 opera
347 1035 446 1066 Petri
472 1034 646 1074 Vincentij
668 1035 962 1065 Vratislauiensis.
1009 1033 1214 1074 i'Vitebergae
1238 1035 1342 1065 Anno
1365 1035 1412 1064 M.
1429 1034 1473 1065 D.
1494 1032 1641 1065 LXIII.
1685 1034 1715 1064 8.

178 1104 205 1124 c.
228 1111 271 1116 —
292 1093 402 1135 (Index
425 1101 457 1124 ut
481 1096 618 1133 praeced.
641 1095 698 1123 Ed.
714 1093 824 1134 1563.)
876 1092 1097 1133 Witebergae.
1128 1092 1304 1124 Haeredes
1329 1092 1377 1124 lo.
1402 1092 1553 1124 Cratonis
1576 1090 1799 1123 excudebant.
1824 1091 1918 1123 1579.
1962 1092 1994 1124 8.

179 1153 210 1183 d.
233 1170 273 1174 —
297 1154 392 1190 (Idem
416 1154 525 1191 Index)
553 1151 763 1191 Witebergae
792 1150 845 1183 M.
864 1152 910 1182 D.
928 1151 1042 1183 XCII.
1067 1155 1156 1193 typis
1180 1153 1228 1183 M.
1253 1152 1380 1192 Georgi
1400 1152 1550 1183 Mz'e'lleri.
1595 1153 1625 1182 S.

133 1196 169 1224 In
198 1195 349 1224 Grathusii
383 1197 556 1226 collectione
593 1197 666 1225 haec
703 1197 799 1233 elegia
833 1197 983 1225 invenitur
1023 1197 1053 1224 iu
1091 1198 1163 1226 libro
1185 1198 1222 1226 ΙΙ.
1251 1198 1303 1227 sol.
1323 1197 1348 1224 E
1369 1196 1488 1226 8²—F
1506 1196 1560 1234 1³,
1590 1197 1618 1223 in
1650 1195 1798 1223 Vincentii
1821 1195 1875 1224 Ed.
1896 1204 1922 1224 a.
1947 1193 2041 1225 1563.
2073 1196 2103 1223 in

134 1239 210 1267 libro
226 1239 263 1267 ΙΙ.
286 1239 339 1267 fol.
362 1236 547 1274 F1b—225
584 1239 710 1267 fortasse
741 1240 828 1267 etiam
856 1239 887 1266 in
916 1239 980 1266 aliis
1011 1239 1116 1268 horum
1146 1241 1388 1278 epigrammatum
1428 1240 1646 1268 collectionibus
1675 1239 1703 1266 in
1734 1238 1820 1267 huius
1852 1239 1940 1277 Corp.
1970 1238 2103 1267 Reform.

136 1280 206 1310 Vol.
221 1281 257 1310 X.
282 1291 313 1319 p.
329 1279 392 1310 463
404 1291 469 1319 sqq.
494 1282 674 1310 enumeratis
698 1282 860 1319 reperitur.

135 1336 168 1369 8.
202 1340 233 1367 in
262 1339 318 1367 hoc
339 1340 431 1367 Tomo
453 1337 669 1379 ‚Scriptorum
689 1336 902 1378 publicorum
930 1334 1062 1368 Witeb.:

175 1388 390 1428 Scriptorum
411 1388 544 1429 publice
564 1392 819 1431 propositorum
835 1399 855 1418 a
872 1389 1129 1429 Professoribus
1152 1392 1189 1420 in
1207 1390 1392 1421 Academia
1415 1388 1672 1429 Wtebergensi‚
1695 1388 1752 1419 Ab
1773 1398 1862 1419 anno
1885 1388 1981 1420 1540.
2002 1399 2104 1429 usque

219 1432 267 1462 ad
297 1442 422 1461 annum
451 1432 544 1463 1553.
591 1433 712 1463 Tomus
741 1428 881 1473 primus.
939 1431 1151 1473 Waebcrgae
1181 1444 1326 1464 ea‘cusus
1356 1432 1399 1463 ab
1420 1431 1634 1463 Haeredibus
1665 1430 1808 1472 Georgij
1829 1431 1950 1463 Rham.
2001 1431 2104 1464 Anno

218 1473 313 1507 1560.
350 1475 400 1513 8.,
421 1476 471 1504 ubi
493 1477 566 1505 haec
589 1478 686 1514 elegia.
707 1477 745 1505 ad
767 1487 875 1505 annum
892 1475 987 1507 1552.
1010 1477 1062 1507 fol.
1079 1477 1296 1519 432²}—433a
1321 1478 1477 1506 exhibetur
1501 1477 1604 1505 iisdem
1627 1478 1723 1506 verbis
1744 1477 1896 1514 inscripta.

136 1541 167 1573 9.
195 1551 314 1571 annexa
337 1542 382 1570 his
405 1541 603 1581 Praeceptis
625 1543 717 1571 ritae
739 1541 916 1572 honestae:

178 1592 370 1633 Praecepta
400 1595 492 1623 vitae
520 1592 678 1623 honestae
709 1599 741 1622 et
770 1594 944 1632 laudatae,
973 1593 1118 1625 breviter
1146 1601 1178 1624 et
1207 1594 1374 1625 commode
1405 1595 1632 1635 pronunciata
1662 1603 1685 1623 a
1714 1599 1839 1633 septem
1868 1596 2104 1632 praestantiss.

183 1634 296 1671 Viris,
326 1638 386 1674 qm·
415 1647 488 1666 cum
516 1646 581 1666 uno
611 1642 759 1675 tempore
787 1640 824 1667 in
853 1636 1001 1667 Graecia
1024 1639 1198 1674 uiuerent,
1230 1644 1262 1667 et
1284 1636 1394 1667 habiti
1421 1643 1454 1666 et
1484 1640 1599 1668 uocati
1621 1637 1730 1677 fuere
1761 1636 1958 1676 Sapientes,
1991 1636 2105 1676 Opera

180 1676 370 1707 Leonharti
391 1678 492 1719 Lycij
513 1678 639 1708 Latine
660 1689 765 1709 uersa
788 1686 819 1709 et
842 1679 988 1709 breviter
1011 1681 1197 1720 explicata.
1249 1680 1316 1710 His
1340 1681 1538 1711 Adiunctus
1560 1685 1608 1710 est
1630 1678 1764 1710 libellus
1786 1679 1910 1710 Dionis
1935 1679 2106 1710 Prusaen-

178 1721 224 1750 sis
248 1720 346 1750 valde
369 1721 461 1752 utilis
487 1727 519 1751 et
541 1721 662 1758 bonus,
694 1722 735 1752 de
761 1733 826 1752 non
855 1729 975 1753 temere
998 1724 1179 1759 credendo,
1215 1723 1247 1754 A
1270 1723 1441 1761 Ioachimo
1467 1722 1660 1753 camerario
1690 1733 1808 1753 uersus
1839 1729 1871 1753 et
1897 1723 2105 1762 explicatus.

181 1764 291 1804 Σοφία
319 1763 399 1803 μόνη
432 1765 492 1794 τῶν
521 1764 684 1804 κτημάτων
714 1762 888 1796 ἀθάνατον.
939 1765 1082 1805 Lipsiae
1105 1765 1157 1797 M.
1172 1766 1217 1796 D.
1236 1766 1360 1797 LXII.
1391 1785 1432 1789 ——
1486 1767 1540 1804 (ln
1565 1765 1663 1805 fiuez)
1717 1765 1857 1805 Lipsiae
1888 1768 1925 1795 in
1954 1763 2105 1805 officina

182 1804 234 1836 M.
258 1805 398 1837 Ernesti
423 1806 609 1846 Voegelini.
633 1805 680 1838 M.
699 1807 743 1838 D.
762 1807 890 1839 LXII.
934 1809 965 1839 8.
1010 1809 1030 1838 8
1053 1811 1172 1849 plagg.‚
1201 1811 1230 1838 in
1255 1820 1312 1848 quo
1337 1811 1409 1839 libro
1438 1810 1490 1838 sol.
1506 1808 1677 1839 C-2b-3n
1709 1809 1782 1837 haec
1811 1810 1909 1847 elegia
1938 1816 2036 1838 exstat
2064 1810 2105 1837 sic

183 1850 339 1888 inscripta:
372 1849 497 1889 Elegia
520 1849 657 1881 Solonis
680 1861 842 1881 conversa
866 1862 887 1881 a
912 1850 1069 1891 Philippo
1091 1851 1317 1883 Melanthone.

141 1907 192 1939 10.
222 1909 251 1936 in
281 1909 375 1937 altero
398 1909 503 1938 horum
528 1908 719 1939 camerarii
747 1912 904 1948 librorum,
935 1917 965 1939 et
995 1912 1108 1949 paginis
1132 1918 1162 1941 et
1185 1914 1309 1948 litteris,
1337 1909 1442 1949 quibus
1472 1911 1614 1949 plagulae
1637 1911 1806 1949 signantur,
1829 1910 2003 1939 continuatis
2024 1916 2106 1940 arcte

12 1972 15 1994 ς
204 1952 283 1980 inter
305 1960 337 1980 se
360 1954 596 1982 coniunctorum:

184 2001 376 2040 Praecepta
400 2012 528 2032 morum
551 2013 592 2034 ac
616 2005 705 2032 ritae
727 2002 978 2033 accommodata
1001 2006 1111 2034 aetati
1130 2004 1277 2044 puerili,
1309 2004 1418 2034 soluta
1449 2005 1602 2033 oratione
1623 2007 1655 2032 et
1677 2000 1827 2033 versibus
1850 2011 1976 2043 quoque
1999 2013 2106 2044 expo·-

225 2046 324 2116 sitta,²
340 2054 361 2073 a
385 2043 555 2076 Ioachimo
582 2045 773 2076 Camerario
800 2045 987 2086 Pabeperg.
1033 2047 1184 2087 Lipsiae.
1219 2048 1251 2078 8.
1294 2046 1361 2087 5⁷s8
1379 2049 1480 2086 plagg.
1504 2048 1560 2076 litt.
1573 2048 1691 2076 A—F.
1715 2048 1806 2085 sign.‚
1831 2046 1848 2076 1
1866 2048 1918 2076 fol.
1942 2058 2000 2076 non
2023 2058 2105 2078 num.

228 2093 259 2116 et
337 2097 425 2127 pagg.

185 2143 370 2183 Exposita»
394 2156 547 2176 versuum
561 2146 708 2183 Solonis,
732 2154 765 2178 et
779 2148 923 2178 aliorum
938 2147 1147 2187 quorundam
1167 2147 1341 2184 Veterum,
1363 2148 1502 2178 Latina.
1547 2146 1592 2177 Et
1614 2149 1844 2177 commentatio
1868 2147 1908 2177 de
1930 2147 2000 2184 his,
2023 2147 2105 2178 Ιοα-

229 2187 333 2217 chimi
347 2189 532 2219 camerarie·
544 2189 733 2231 Pabeperg.
778 2191 930 2231 Lipsiae.
953 2208 996 2213 -—
1020 2191 1068 2231 (In
1088 2191 1180 2231 finez)
1203 2191 1344 2232 Lipsiae
1362 2189 1585 2231 Imprimebat
1600 2190 1770 2220 Iohannes
1785 2189 1969 2222 Steinman.
2000 2191 2104 2221 Anno

227 2228 282 2261 M.
298 2230 344 2261 D.
361 2231 555 2264 LXXIX.
600 2234 631 2264 8.
674 2234 741 2274 6¹s3
764 2235 880 2273 plagg.,
916 2236 1010 2273 primo
1034 2235 1103 2263 folio
1133 2234 1182 2273 [F.
1206 2235 1260 2275 S]‚
1290 2236 1367 2274 quod
1396 2236 1523 2264 indicem
1552 2235 1699 2271 continet,
1729 2240 1871 2273 excepto,
1907 2235 1963 2264 litt.
1987 2235 2105 2264 G—M

228 2275 318 2313 sign.‚
342 2285 430 2314 pagg.
447 2274 638 2315 95—188.‚
661 2278 713 2307 ult.
736 2278 788 2307 fol.
811 2278 920 2306 album.

140 2332 195 2361 Hic
215 2333 291 2362 alter
314 2334 388 2362 liber
411 2344 478 2373 pag.
496 2333 690 2366 140—141.
714 2336 790 2366 hanc
814 2337 940 2375 elegiam
963 2337 1082 2366 exhibet
1106 2337 1208 2367 iisdem
1231 2338 1328 2366 verbis
1350 2346 1384 2366 ac
1405 2337 1436 2365 in
1458 2336 1675 2365 Commentario
1698 2335 1736 2364 de
1751 2335 1847 2363 anima
1862 2335 2042 2374 inscriptam.

143 2398 193 2430 11.
223 2400 358 2429 adiuncta
381 2400 449 2429 huic
471 2399 670 2432 Diademati
689 2404 800 2442 regio:

186 2448 357 2481 Diadema
378 2449 525 2490 Regium
554 2453 704 2484 omnibus
737 2453 829 2485 Viris
859 2453 1096 2494 Principibus,
1133 2464 1173 2484 ac
1200 2456 1439 2495 magistratum
1467 2452 1661 2492 gerentibus
1689 2453 1906 2492 commodum,
1935 2463 1984 2483 ex
2014 2456 2104 2493 opti-

230 2495 293 2522 mis
315 2503 510 2530 sacrarum,
539 2497 863 2537 prophanarumque
893 2498 1071 2527 literarum
1099 2500 1237 2537 gemmis
1268 2501 1485 2538 compositum
1507 2503 1538 2526 el
1560 2498 1802 2528 concinnatum.
1858 2496 1927 2527 Pro
1942 2499 2103 2539 ‘auspicio

223 2536 346 2576 felicis
369 2535 640 2576 gubernationis,
671 2539 904 2571 Illustrissimi
926 2541 1097 2580 Principis
1120 2551 1161 2570 ac
1183 2540 1323 2571 Domini
1343 2540 1387 2571 D.
1410 2539 1546 2571 Alberti
1568 2540 1738 2570 friderici
1754 2538 1966 2570 Marchionis
1986 2539 2102 2570 Bran-

230 2577 493 2618 denitur-gensis,
517 2587 577 2612 etc.
601 2584 741 2614 secundi
762 2583 871 2614 Ducis
900 2583 1082 2619 Prussiae,
1112 2594 1133 2613 a
1156 2583 1205 2615 M.
1227 2584 1374 2614 Achatio
1398 2583 1502 2614 Gureo
1526 2581 1834 2622 Marienburgense
1853 2582 1990 2613 editum.
2032 2583 2102 2613 Ac-

228 2625 328 2652 cessit
350 2622 474 2662 Elegia
492 2623 640 2664 Solonis,
664 2629 769 2656 citata
785 2637 806 2656 a
825 2627 1064 2663 Demosthene,
1089 2626 1128 2656 de
1142 2630 1273 2665 causis,
1295 2637 1382 2667 quae
1399 2627 1567 2666 adferunt
1589 2628 1735 2656 exitium
1755 2628 1890 2665 regnis,
1914 2631 1945 2655 et
1968 2627 2102 2665 magnis

230 2664 444 2702 ciuitatibus,
487 2677 649 2699 conuersa
687 2679 709 2698 a
745 2669 908 2709 Philippo
936 2668 1162 2701 Melanthone.
1226 2670 1386 2700 Dantisci
1418 2669 1478 2699 Ex
1513 2666 1663 2709 officina
1693 2667 1810 2699 Iacobi
1836 2668 1965 2706 Rhodi,
2003 2668 2102 2699 Anno

231 2706 278 2738 Μ.
296 2708 343 2739 D.
360 2707 477 2740 LXX.
521 2712 551 2740 4.
596 2712 617 2742 7
639 2714 737 2752 plagg.
788 2715 820 2742 In
852 2715 906 2742 hoc
938 2715 1010 2743 libro
1040 2713 1282 2745 f01.G21·-3a
1314 2715 1385 2744 haec
1414 2714 1510 2751 elegia
1540 2715 1697 2752 praebetur
1725 2713 1828 2742 iisdem
1850 2712 1965 2749 verbis,
1999 2714 2104 2751 quibus

229 2751 258 2779 in
281 2751 336 2780 hoe
359 2753 458 2782 Indice
477 2753 618 2793 affertur,
641 2757 791 2795 inscripta.

1605 2796 1684 2833 55*
