2351 2990
197 129 272 164 935

201 216 286 255 suit,
314 215 340 248 si
360 226 394 247 sc
413 213 527 257 ipsum
543 213 684 246 laudet?

201 280 275 301 rem
295 264 651 309 impmleutissimam.
697 263 853 296 Proinde
871 268 909 294 tu
927 261 1034 294 dicito
1052 273 1193 294 causam

203 315 383 361 Ctesipho.
436 315 518 350 Non
536 315 628 348 enim
649 314 793 347 audebis
813 314 969 352 causari,
1003 313 1098 357 quod
1121 323 1195 344 non

203 370 250 403 sis
276 369 320 401 ad
345 367 533 400 dicendum
559 367 724 402 i‹loneus;
765 376 849 397 nam
881 370 983 408 turpe
1014 369 1103 397 esset
1131 363 1196 396 tibi

204 432 300 454 nunc
335 418 474 451 dicendi
510 417 726 461 imperitiam
764 416 935 459 allegare,
982 427 1061 447 cum
1091 420 1195 447 antea

205 472 335 506 electus
366 470 411 503 sis
442 469 577 512 legatus
609 468 653 500 ad
683 467 938 500 consolandam
969 465 1195 509 Cleopatram

201 521 362 566 Philippi
386 520 513 563 filiam,
554 525 701 564 propter
722 525 875 551 mortem
899 516 1093 550 Alexandri
1119 516 1198 549 Mo-

205 575 381 608 lossorum
399 570 502 614 regis.
555 570 675 615 Quum
701 569 785 602 alibi
809 569 994 602 mulierem
1019 568 1197 611 lugentem

208 622 384 659 consolari
403 622 533 666 possis,
558 619 616 654 hic
641 620 807 654 convenit
831 627 863 653 te
887 620 994 653 etiam
1017 620 1198 652 decretum

210 677 270 710 abs
286 681 318 707 te
337 675 468 707 sactum
487 673 687 706 defendere.

311 725 405 760 Num
430 724 478 756 ita
506 730 588 758 sunt
611 725 761 757 obscura
789 721 883 755 illius
906 720 1052 760 merita,
1084 720 1140 753 cui
1162 725 1201 752 tu

210 789 380 812 coronam
402 775 607 814 decrevisti,
643 782 682 808 ut
707 773 870 818 cognosci
896 784 967 806 non
994 771 1131 816 possint
1157 771 1200 803 ab

208 828 263 863 his
275 855 284 869 ,
311 829 353 861 de
371 826 498 872 quibus
517 827 607 859 bene
625 826 772 859 meritus
787 837 834 864 es,
861 824 929 858 nisi
946 821 1106 856 adhibito
1123 834 1202 855 ora-

208 878 313 914 tore?
374 877 557 921 Interroga
584 877 734 917 iudices,
777 888 823 908 an
850 875 974 908 norint
998 873 1203 913 Chabriam,

207 929 437 976 Iphicratem,
465 927 709 968 Timotheum,
737 933 770 959 et
786 938 934 972 quaere,
962 938 1023 959 cur
1040 927 1204 958 decreve-

209 983 283 1016 rint
301 982 349 1014 eis
365 980 522 1025 praemia
546 986 580 1012 et
601 986 750 1014 statuas:
779 978 1046 1022 respondebunt
1063 988 1202 1009 omnes:

212 1034 296 1080 quia
317 1030 470 1065 Chabria
498 1032 660 1064 navalem
685 1041 843 1074 pugnam
872 1030 916 1062 ad
942 1028 1082 1062 Naxum
1109 1039 1204 1061 com-

211 1083 424 1129 miserum),
469 1080 661 1126 Iphicrates
687 1080 877 1114 exercitum
903 1078 1205 1113 Lacedaemonio-

208 1149 289 1170 rum
312 1134 457 1173 vicerit,
490 1131 701 1166 Timotheus
728 1132 773 1165 ad
798 1131 991 1177 Corcyram
1017 1131 1205 1175 navigave-

210 1188 269 1221 rit.
319 1186 410 1220 Sunt
426 1191 460 1217 et
474 1185 552 1218 aliis
569 1183 681 1218 habiti
697 1182 853 1216 honores
869 1189 1016 1227 propter
1031 1195 1086 1216 res
1104 1193 1206 1226 prae-

212 1240 304 1272 clare
330 1243 454 1282 gestas.
518 1236 555 1270 Si
581 1236 659 1282 quis
690 1241 808 1268 autem
840 1234 1054 1278 interroget,
1096 1245 1206 1279 quare

212 1287 447 1323 Demostheni
473 1300 547 1320 non
573 1287 688 1320 velitis
713 1284 867 1319 honores
887 1286 1091 1318 decernere:
1122 1284 1205 1329 quia

215 1346 403 1385 corruptus
436 1346 487 1372 est
517 1339 687 1384 pecunia,
729 1337 812 1383 quia
835 1337 981 1370 timidus
1009 1343 1079 1376 est,
1122 1336 1204 1380 quia

215 1393 326 1426 aciem
343 1390 509 1425 deseruit.

316 1443 447 1477 Utrum
475 1454 559 1475 vero
581 1439 677 1475 hunc
699 1437 836 1473 honore
860 1439 1037 1479 afficietis,
1072 1449 1118 1470 an
1145 1449 1207 1470 vos

215 1497 332 1540 ipsos,
356 1501 390 1527 et
406 1494 505 1534 illos,
532 1493 593 1538 qui
617 1491 801 1537 perierunt
823 1491 859 1523 in
884 1490 977 1530 acie,
1009 1488 1207 1534 ignominia

216 1546 394 1585 afficietis,
429 1558 517 1590 quos
540 1550 661 1588 putate
688 1543 825 1576 visuros
847 1548 881 1575 et
906 1541 1049 1585 indigne
1072 1541 1208 1573 laturos

217 1610 308 1638 csse,
348 1596 377 1630 si
400 1594 495 1629 liunc
518 1593 760 1628 coronabitis?
821 1593 884 1627 Est
909 1593 1003 1625 enim
1031 1592 1208 1637 iniquum,

217 1662 296 1683 cum
323 1647 438 1691 ligna,
465 1647 617 1691 lapides,
644 1647 797 1685 serrum,
824 1657 878 1678 res
903 1650 1023 1677 mutae
1048 1649 1082 1676 et
1105 1655 1209 1676 sensu

216 1706 375 1733 carentes
392 1698 689 1737 exterminentur,
716 1696 745 1730 si
767 1708 871 1741 quem
899 1708 981 1729 casu
1003 1694 1210 1734 occiderint,

218 1758 253 1784 et
282 1762 429 1783 manum
460 1749 607 1783 seorsim
639 1760 659 1780 a
694 1759 843 1791 corpore
867 1747 1099 1791 sepeliamus,
1139 1758 1208 1791 qua

220 1803 298 1848 quis
331 1801 397 1834 sibi
431 1807 582 1834 mortem
615 1798 800 1837 conscivit;
840 1795 1119 1832 Demosthenem
1146 1795 1210 1829 ho—

217 1866 305 1887 nore
323 1853 479 1892 afficere,
507 1851 568 1897 qui
584 1851 651 1884 suit
668 1857 772 1884 autor
794 1849 940 1883 ultimae
963 1848 1211 1893 expeditionis,

218 1912 252 1938 et
269 1903 459 1937 exercitum
482 1902 658 1948 prodidit:
693 1913 813 1935 nonne
838 1900 972 1934 mortui
997 1900 1210 1933 contumelia

220 1955 436 1995 afficientur,
463 1961 497 1988 et
512 1954 600 1988 vivis
618 1952 861 1987 debilitabitur
881 1952 1034 1992 animus,
1062 1964 1140 1985 cum
1160 1952 1212 1983 vi-

221 2007 340 2041 derint
355 2012 508 2039 mortem
534 2012 714 2038 certamen
739 2016 811 2038 esse
836 2005 878 2036 de
901 2004 1005 2037 lande
1029 2009 1062 2035 et
1087 2002 1212 2047 gloria,

221 2066 256 2092 et
271 2065 391 2091 tamen
406 2057 619 2090 memoriam
636 2068 706 2089 una
725 2068 803 2089 cum
822 2055 893 2088 vita
911 2053 1084 2088 deficere?

321 2108 389 2142 Sed
410 2109 506 2154 quod
521 2107 715 2141 maximum
732 2113 800 2147 est,
826 2106 855 2140 si
872 2118 934 2140 vos
951 2106 1146 2148 interroget
1161 2103 1213 2136 iu·-

222 2166 367 2201 ventus,
408 2160 453 2192 ad
483 2160 580 2205 quod
611 2159 810 2203 exemplum
833 2158 960 2191 debeat
979 2157 1090 2190 vitam
1114 2154 1213 2189 insti-

223 2218 344 2252 tuere,
378 2211 463 2257 quid
487 2209 772 2255 respondebitis?
841 2209 943 2242 Scitis
967 2208 1083 2248 enim,
1117 2207 1213 2252 quod

222 2275 287 2296 nec
310 2263 506 2307 palaestra,
547 2274 612 2295 nec
636 2259 776 2300 schola,
816 2272 881 2293 nec
911 2260 1044 2294 musica
1074 2265 1213 2292 tantum

224 2314 340 2347 erudit
370 2314 534 2355 iuvenes,
576 2313 637 2346 sed
664 2313 776 2346 multo
802 2312 913 2356 magis
936 2310 1127 2356 praeconia
1150 2321 1215 2354 pu-

222 2364 326 2399 blica.
379 2365 416 2399 Si
441 2365 519 2411 quis
540 2363 650 2397 homo
678 2363 835 2409 perditus
858 2369 891 2396 et
916 2362 1057 2396 infamis
1084 2373 1214 2394 renun-

224 2415 332 2449 tietur
348 2415 383 2448 in
401 2414 554 2456 theatro,
582 2416 677 2461 quod
694 2421 842 2460 propter
855 2414 1022 2447 virtutem
1040 2424 1216 2446 coronan-

224 2467 290 2500 dus
316 2466 379 2506 sit,
414 2480 492 2500 cum
521 2467 556 2500 id
580 2467 700 2500 vident
724 2467 887 2506 iuvenes,
925 2470 1215 2508 corrumpuntur.

223 2517 263 2551 Si
280 2517 358 2563 quis
376 2524 493 2550 autem
511 2518 694 2563 improbus
713 2525 747 2551 et
766 2518 865 2557 leno,
901 2516 1015 2563 qualis
1038 2522 1088 2550 est
1107 2514 1216 2548 Ctesi-

225 2567 320 2614 pho,
348 2580 481 2613 poenas
499 2571 573 2609 det,
603 2570 660 2602 alii
682 2569 905 2602 erudiuntur.
965 2568 1031 2601 Sed
1059 2567 1086 2601 si
1113 2573 1215 2610 turpe

228 2621 406 2654 decretum
424 2620 554 2652 factum
572 2621 696 2660 fucrit,
725 2627 758 2653 et
782 2627 884 2664 pater
907 2621 1052 2653 domum
1076 2618 1215 2651 rediens

739 212 774 246 Si
791 210 903 255 sapis,
936 222 1009 243 non
1027 208 1196 254 suscipies

262 2739 311 2766 2³)
329 2737 510 2764 commiserit]
531 2737 578 2762 Ed.
600 2738 673 2762 1562.
693 2737 835 2762 commisit

778 125 901 161 PHlL.
937 123 1052 160 MEL.
1084 121 1288 157 SCRIPTA
1313 120 1652 159 PHILOLOGICA.

2158 121 2234 158 936

1248 208 1472 254 castigaverit
1502 209 1614 242 filium
1632 234 1642 249 ‚
1693 204 1801 240 habet
1838 206 2100 241 excusationem
2135 208 2242 242 officii

1247 259 1338 294 filius
1349 286 1359 302 ,
1386 266 1420 293 et
1434 266 1537 305 pater
1552 261 1749 293 admonens
1765 258 1934 292 molestus
1952 270 2024 292 esse
2043 259 2192 294 dicetur.

1352 326 1409 360 Sic
1428 326 1536 371 igitur
1553 326 1671 361 seretis
1689 326 1860 359 calculum
1874 351 1883 366 ,
1910 338 1985 359 non
2000 327 2110 361 modo
2126 333 2167 361 ut
2189 326 2243 361 iu-

1249 377 1361 418 dices,
1387 378 1447 411 sed
1465 377 1572 410 etiam
1588 384 1628 411 ut
1644 383 1878 422 spectatores,
1906 383 1946 410 ut
1970 378 2174 412 absentibus
2196 377 2244 411 ci-

1250 429 1352 462 vibus
1385 428 1562 462 rationem
1589 428 1784 463 sententiae
1808 434 1944 462 vestrae
1971 427 2245 474 interrogatoris

1250 480 1400 513 reddere
1423 479 1577 524 possitis.
1639 479 1765 525 Neque
1788 479 1882 512 enim
1909 479 2101 524 ignoratis,
2135 480 2243 514 talem

1251 529 1365 564 videri
1394 531 1540 571 urbem,
1588 530 1702 575 qualis
1733 536 1784 564 est
1815 530 1863 571 is,
1913 530 1975 576 qui
2006 530 2245 566 renuntiatur.

1252 582 1375 626 Turpe
1391 587 1510 616 autem
1530 587 1636 621 esset,
1663 593 1726 614 vos
1744 580 1875 614 similes
1898 582 2012 615 videri
2035 594 2110 616 non
2131 582 2246 616 maio-

1252 646 1355 674 rum,
1398 634 1458 667 sed
1483 631 1700 677 ignominiae
1725 630 1987 667 Demosthenis.
2051 633 2246 679 Quomodo

1254 691 1372 718 autem
1390 683 1563 728 effugietis
1578 680 1645 716 hoc
1661 682 1838 717 dedecus?
1866 684 1895 717 si
1917 683 2150 720 observabitis
2174 697 2248 726 eos,

1255 735 1316 782 qui
1341 740 1552 780 praetexunt
1572 734 1741 779 perfidiae
1765 746 1847 768 suae
1874 734 2062 779 popularia
2088 742 2123 769 et
2147 742 2247 781 grata

1255 787 1401 820 nomina
1414 813 1424 827 ,
1451 786 1595 819 libertas
1614 792 1649 819 et
1662 785 1909 819 benevolentia
1929 798 2009 831 erga
2027 786 2132 821 cives.
2183 787 2247 820 Ti-

1256 838 1321 871 tuli
1344 845 1426 871 sunt
1447 838 1483 870 in
1507 837 1626 870 medio
1651 837 1778 881 positi,
1806 834 1870 870 hos
1889 844 2065 882 occupant
2079 837 2248 880 maxime,

1257 895 1290 922 et
1305 890 1349 922 ad
1368 902 1426 922 eos
1445 888 1654 933 confugiunt
1671 887 1748 929 isti,
1776 888 1836 934 qui
1853 900 1891 921 re
1908 888 2112 933 longissime
2137 890 2182 923 ab
2198 889 2248 924 eis

1258 941 1397 974 absunt.
1464 941 1553 974 Cum
1579 940 1687 984 igitur
1707 939 1802 972 nacti
1825 939 1922 974 eritis
1944 946 2124 974 oratorem
2150 940 2248 986 cupi-

1258 993 1343 1025 dum
1364 991 1634 1036 peregrinarum
1660 1003 1874 1024 coronarum
1901 997 1935 1024 et
1957 989 2160 1033 honorum,
2186 1004 2249 1025 vo-

1259 1049 1332 1076 cate
1350 1055 1429 1076 eum
1447 1043 1485 1075 in
1502 1042 1692 1082 iudicium,
1719 1048 1759 1076 ut
1783 1042 1953 1087 scriptum
1978 1043 2022 1076 de
2045 1055 2080 1077 se
2104 1044 2251 1084 factum,

1258 1107 1296 1128 re
1316 1100 1350 1127 et
1366 1094 1465 1128 factis
1484 1095 1688 1134 confirmet,
1715 1093 1804 1127 sicut
1820 1094 1913 1138 leges
1928 1094 2062 1129 iubent.
2121 1093 2159 1128 Si
2174 1106 2251 1127 non

1259 1145 1391 1190 poterit
1407 1146 1591 1180 ostendere
1609 1158 1663 1179 res
1678 1142 1825 1179 honeste
1844 1151 1976 1189 gestas,
2009 1157 2054 1179 ne
2075 1145 2251 1191 approbe-

1260 1197 1303 1231 tis
1322 1197 1572 1241 praeconium,
1607 1197 1666 1230 sed
1693 1196 1894 1229 libertatem
1921 1202 2076 1230 vestram
2097 1196 2251 1231 retinea-

1260 1249 1324 1289 tis,
1351 1260 1442 1294 quae
1459 1248 1558 1281 vobis
1576 1247 1647 1280 iam
1665 1260 1682 1280 e
1699 1247 1864 1281 manibus
1883 1247 2046 1282 elabitur.

1362 1316 1443 1350 Non
1462 1315 1602 1349 videtur
1617 1315 1716 1348 vobis
1732 1315 1971 1359 periculosum
1983 1342 1993 1356 ,
2031 1315 2129 1361 quod
2150 1327 2253 1350 sena-

1260 1374 1334 1400 tum
1360 1367 1512 1412 populus
1537 1366 1642 1399 etiam
1669 1366 1888 1399 contemnit?
1941 1366 2034 1401 Nam
2058 1366 2198 1400 litterae
2219 1373 2254 1399 et

1260 1418 1454 1462 legationes
1478 1417 1625 1451 veniunt
1651 1417 1722 1450 iam
1745 1418 1790 1449 ad
1813 1416 1970 1461 privatas
1993 1417 2140 1458 domos,
2177 1429 2252 1450 non

1261 1470 1304 1502 ab
1320 1469 1450 1502 infimis
1472 1466 1696 1508 hominibus,
1730 1469 1791 1501 sed
1811 1480 1830 1500 a
1856 1467 2076 1513 principibus
2091 1467 2196 1503 Asiae
2220 1474 2254 1501 et

1260 1520 1447 1565 Europae;
1490 1526 1524 1553 et
1547 1520 1690 1565 quidem
1719 1531 1792 1551 non
1816 1525 1967 1564 negant,
2000 1532 2036 1554 se
2063 1531 2104 1553 ea
2126 1519 2254 1553 admit-

1261 1578 1353 1611 tere,
1380 1571 1417 1604 in
1436 1582 1526 1616 quae
1542 1571 1691 1615 capitale
1710 1570 1922 1614 supplicium
1943 1570 2176 1605 constitutum
2192 1576 2255 1605 est.

1262 1623 1358 1656 Haec
1373 1620 1464 1655 nihil
1479 1623 1589 1667 pudet
1605 1634 1664 1655 eos
1680 1623 1794 1655 facere
1806 1647 1815 1662 ,
1857 1627 1891 1654 et
1909 1622 2032 1666 legunt
2049 1621 2186 1656 litteras
2200 1621 2254 1655 in-

1263 1681 1316 1707 ter
1331 1686 1366 1707 se
1377 1700 1386 1714 ,
1415 1680 1448 1706 et
1465 1673 1588 1707 iubent
1607 1685 1682 1713 vos,
1708 1678 1748 1705 ut
1764 1672 1858 1717 ipsos
1875 1672 2071 1718 respiciatis
2084 1679 2257 1719 tanquam

1264 1726 1424 1759 custodes
1441 1724 1602 1769 publicae
1618 1723 1803 1769 libertatis.
1857 1724 1929 1758 Alii
1950 1724 2111 1769 praemia
2134 1730 2257 1769 postu-

1263 1778 1405 1819 lantflut
1434 1775 1571 1820 patriae
1601 1781 1810 1809 servatores.
1870 1774 2007 1809 Interea
2038 1776 2192 1821 populus
2219 1775 2258 1809 in

1264 1828 1327 1860 tali
1342 1828 1486 1861 fortuna
1508 1827 1736 1871 perterritus,
1771 1832 1942 1872 tanquam
1961 1827 2059 1861 senio
2078 1827 2258 1860 confectus

1266 1885 1327 1913 aut
1341 1885 1455 1912 aetate
1477 1878 1651 1919 delirans,
1685 1884 1824 1911 tantum
1847 1878 1977 1911 retinet
1998 1890 2133 1911 nomen
2151 1877 2257 1911 liber-

1265 1930 1364 1969 tatis;
1393 1932 1435 1964 de
1450 1930 1560 1974 ipsius
1576 1929 1627 1962 rei
1642 1929 1860 1974 possessione
1879 1929 1979 1963 cessit
1994 1929 2083 1963 aliis.
2118 1928 2257 1963 Deinde

1264 1981 1443 2016 disceditis
1461 1994 1502 2015 ex
1519 1981 1749 2014 concionibus
1772 1992 1846 2013 non
1869 1986 2040 2026 tanquam
2066 1992 2108 2014 ex
2127 1980 2259 2014 delibe-

1266 2033 1425 2075 ratione,
1466 2034 1526 2067 sed
1556 2039 1728 2078 tanquam
1756 2044 1797 2065 ex
1819 2031 1993 2066 divisione
2021 2031 2257 2078 reliquiarum

1265 2085 1350 2119 fisci.

1369 2152 1476 2198 Quod
1495 2157 1613 2186 autem
1639 2163 1713 2184 non
1736 2150 1849 2183 aliena
1875 2150 2012 2192 dicam,
2048 2148 2132 2185 hinc
2155 2151 2258 2186 aesti-

1266 2211 1372 2239 mate.
1425 2202 1508 2237 Fuit
1524 2202 1668 2249 quidam
1687 2201 1843 2247 (tametsi
1860 2214 1935 2235 non
1956 2202 2032 2237 sine
2056 2203 2180 2236 dolore
2204 2209 2259 2236 to-

1267 2257 1331 2290 ties
1356 2267 1464 2299 cogor
1487 2253 1689 2287 meminisse
1714 2254 1945 2294 calamitatis,
1986 2265 2093 2299 quem
2122 2253 2258 2298 accepit

1268 2306 1504 2354 respublica),
1544 2305 1630 2345 fuit,
1666 2304 1835 2350 inquam,
1867 2302 1924 2338 hic
1951 2302 2060 2338 homo
2084 2305 2258 2350 privatus,

1269 2359 1350 2405 qui,
1384 2370 1464 2392 cum
1490 2362 1657 2390 tentasset
1680 2362 1818 2390 tantum
1845 2356 1883 2389 in
1904 2356 2051 2390 Samum
2074 2356 2257 2401 navigare,

1268 2423 1288 2444 a
1304 2415 1428 2445 senatu
1443 2407 1692 2452 Areopagitico
1712 2409 1834 2441 eodem
1852 2407 1907 2441 die
1927 2407 2069 2452 capitali
2082 2407 2257 2452 supplicio

1269 2462 1414 2496 affectus
1431 2466 1481 2494 est
1496 2465 1667 2505 tanquam
1686 2459 1822 2504 patriae
1839 2459 2013 2503 proditor.
2064 2457 2164 2492 Alius
2179 2459 2258 2504 qui—

1269 2515 1350 2546 dam
1368 2518 1465 2545 metu
1481 2517 1622 2543 coactus
1645 2510 1681 2543 in
1706 2511 1814 2545 tantis
1838 2510 2001 2555 periculis
2025 2510 2258 2553 navigaturus

1269 2565 1306 2597 in
1321 2562 1509 2602 Rhodum,
1537 2562 1644 2606 paulo
1667 2568 1747 2595 ante
1772 2562 1960 2596 discessum
1988 2566 2167 2595 accusatus
2193 2567 2256 2595 est.

1270 2615 1426 2659 Contigit
1441 2620 1557 2647 autem
1569 2640 1578 2653 ,
1604 2619 1642 2647 ut
1658 2625 1761 2658 pares
1778 2611 1952 2646 haberent
1968 2612 2120 2645 calculos
2131 2638 2139 2652 ‚
2166 2623 2256 2657 quo-

1270 2680 1349 2701 rum
1369 2667 1397 2700 si
1422 2677 1513 2699 unus
1537 2665 1639 2698 aliter
1664 2665 1864 2705 cecidisset,
1898 2664 1972 2709 ipse
1998 2669 2060 2697 aut
2081 2662 2256 2707 relegatus

1271 2726 1331 2752 ant
1347 2717 1481 2752 occisus
1497 2722 1598 2750 esset.

2322 898 2331 998 -υω

2324 1276 2335 1337 1⁸2«.ae
2322 1187 2334 1270 'Is-3⁸⁴2)
2322 1091 2333 1178 m·
2325 1036 2331 1089 42..
2325 1015 2327 1018 -

2329 2141 2337 2185 —
2328 1850 2336 1951 ..m—..l
2328 1819 2331 1834 ,„
2330 1767 2331 1770 „
