2351 2990
189 125 264 161 948

191 224 295 256 opem
318 211 427 248 ferat,
467 214 506 242 ut
530 206 598 241 boc
621 220 739 241 meum
766 213 944 240 certamen
966 204 1181 249 reipublicae

190 264 343 297 salutare
360 260 417 296 sit.
444 266 477 292 et
494 271 557 293 vos
572 260 614 292 de
630 260 838 296 liberorum,
865 262 1068 302 parentum,
1097 268 1180 289 con—

191 315 334 357 iugum,
361 311 498 356 patriae
525 317 559 344 et
580 321 763 344 sacrorum
788 307 993 342 defensione
1021 307 1180 351 cogitan-

190 372 259 404 tes,
295 370 328 396 ct
351 362 572 408 proditorem
597 361 634 394 in
661 365 835 405 potestate
864 365 981 393 vestra
1009 357 1180 392 habentes

190 416 395 454 confirmet,
429 425 472 446 ne
499 418 559 445 aut
588 423 684 445 nunc
715 411 822 445 tantis
854 410 1044 445 sceleribus
1074 407 1179 443 huius

190 465 394 504 Leocratis‚
423 471 484 498 aut
508 470 631 508 postea
655 462 829 497 similibus
857 462 1011 495 aliorum
1036 460 1178 494 veniam

190 518 291 552 detis.
349 516 412 550 Sin
437 521 555 548 autem
582 526 708 548 accuso
731 514 978 554 innocentem,
1007 524 1072 546 nec
1097 523 1180 556 pro-

189 569 280 603 didit
307 566 461 612 patriam
479 565 690 606 Leon-ates,
721 577 786 599 nec
809 565 988 598 civitatem
1012 562 1179 603 deseruit,

189 631 317 665 precor
342 617 458 651 Deum
474 617 528 663 ⁶),
568 623 609 652 ut
632 615 738 651 huius
766 629 848 650 eum
876 615 999 650 iudicii
1019 614 1178 661 periculo

188 672 326 705 liberet.

289 719 458 765 Optarim
480 725 620 760 autem,
653 725 693 753 ut
721 718 812 753 sicut
843 718 978 752 civitati
1002 717 1088 751 utile
1117 723 1180 757 est,

190 778 412 806 accusatores
440 783 514 805 esse
548 771 803 805 sceleratorum
830 776 864 803 et
892 768 1180 815 perniciosorum

189 824 339 864 civium,
373 822 422 855 ita
446 834 522 855 nou
546 822 686 855 crudele
708 821 859 855 iudicari
884 833 903 854 a
930 821 1108 866 plerisque
1130 819 1180 864 ⁶):

188 887 284 909 nunc
303 880 489 908 accusator
504 873 577 918 ipse
593 873 631 906 in
654 873 845 907 discrimen
868 878 903 905 et
923 872 1047 906 odium
1063 871 1180 908 venit;

188 939 252 960 nce
274 931 422 971 propter
448 937 608 959 amorem
631 923 805 965 iustitiae,
830 936 896 957 nec
921 929 1068 969 propter
1089 922 1182 956 salu-

188 985 260 1011 tem
288 977 425 1022 patriae
457 977 502 1009 ad
534 976 771 1010 accusandum
801 975 948 1016 adduci,
986 976 1047 1009 sed
1069 974 1181 1007 nimia

191 1029 381 1074 asperitate
396 1028 474 1061 aliis
489 1027 686 1072 periculum
705 1039 824 1060 creare
844 1026 987 1061 dicitur.

291 1079 379 1113 Tria
417 1085 535 1112 autem
578 1084 661 1112 sunt
701 1079 924 1112 munimenta
965 1076 1181 1122 reipublicae

189 1131 381 1177 praecipua
402 1130 453 1175 ⁷),
487 1130 598 1174 leges,
629 1129 788 1163 iudicum
813 1129 1030 1169 sententiae,
1067 1134 1101 1161 et
1126 1139 1181 1160 ac-

190 1182 324 1216 cusatio
349 1187 516 1214 nocentes
543 1181 581 1213 in
613 1180 783 1215 iudicium
818 1181 1008 1214 adducens.
1070 1179 1181 1223 Leges

191 1235 395 1273 ostendunt,
418 1233 503 1279 quid
520 1233 634 1265 facere
653 1232 745 1266 cives
762 1238 795 1265 et
810 1244 900 1278 quae
917 1232 1031 1264 vitare
1050 1242 1181 1276 oppor-

190 1292 274 1319 teat.
341 1284 537 1317 Accusator
568 1283 703 1316 indicat
733 1296 813 1323 eos,
857 1283 939 1329 qui,
981 1295 1061 1316 cum
1097 1294 1180 1315 con-

189 1343 244 1369 tra
263 1337 355 1380 leges
373 1334 635 1375 commiserint,
659 1347 793 1379 poenas
807 1335 1023 1379 reipublicae
1038 1335 1179 1367 debent.

190 1387 298 1421 Iudex
321 1399 406 1420 vero
431 1399 493 1421 sua
517 1386 692 1420 sententia
719 1386 823 1431 punit
841 1398 920 1427 eos,
949 1398 1038 1431 quos
1065 1386 1121 1418 lex
1146 1390 1180 1416 et

191 1438 405 1473 accusatoris
430 1451 499 1471 vox
523 1439 715 1471 ostendunt
736 1450 816 1470 reos
839 1449 923 1471 esse.
976 1436 1073 1469 Haec
1099 1448 1178 1469 cum

190 1492 238 1523 ita
262 1490 352 1530 sint,
379 1501 518 1523 necesse
544 1495 595 1522 est
620 1495 841 1522 accusatores
870 1500 962 1528 esse,
997 1488 1080 1533 quia
1104 1487 1178 1520 sine

190 1555 276 1575 voce
295 1541 509 1575 accusatoris
524 1541 617 1583 leges
633 1546 666 1573 et
685 1539 816 1572 iudicia
833 1546 931 1573 muta
948 1545 1041 1572 sunt.

291 1592 367 1637 Ego
393 1598 510 1625 autem
537 1603 615 1624 cum
641 1590 998 1632 sciremsLeocratem
1025 1590 1180 1622 deserto-

191 1657 266 1678 rem
291 1656 363 1678 esse
384 1643 520 1687 patriae
545 1649 579 1675 et
602 1654 702 1675 reum
732 1642 1023 1686 gravissimarum
1048 1650 1181 1685 poena-

191 1708 270 1729 rum
288 1695 340 1742 ⁸),
367 1693 458 1727 hanc
476 1693 735 1727 accusationem
756 1705 820 1726 nec
846 1693 928 1726 odio
947 1705 1011 1726 nec
1036 1696 1181 1725 conten-

191 1747 298 1780 tionis
321 1746 512 1790 cupiditate
536 1744 692 1785 institui,
719 1745 781 1778 sed
806 1744 890 1790 quia
907 1751 1010 1789 turpe
1033 1755 1104 1777 esse
1128 1742 1182 1775 iu-

192 1799 291 1837 dico,
320 1796 414 1830 hunc
430 1797 467 1829 in
482 1797 600 1829 sorum
621 1795 822 1840 irrumpere
845 1802 879 1829 et
901 1808 1000 1830 sacra
1023 1806 1181 1828 commu—

191 1850 285 1882 niter
305 1849 419 1881 facere
445 1860 523 1881 cum
547 1847 682 1891 probro
707 1846 857 1880 civitatis
873 1846 918 1894 ⁹).
979 1847 1071 1881 Nam
1098 1845 1182 1879 iusti

193 1900 278 1933 civis
293 1906 343 1933 est
359 1912 433 1932 non
450 1899 590 1943 privato
613 1898 695 1931 odio
716 1898 924 1932 innocentes
946 1897 984 1931 in
1009 1897 1179 1931 iudicium

194 1953 387 1991 adducere,
429 1951 489 1984 sed
514 1949 719 1983 inimicitias
745 1956 893 1994 propter
922 1949 1180 1993 rempublicam

193 2003 381 2047 suscipere.
434 2002 523 2035 Cum
542 2007 661 2034 autem
679 2001 798 2034 omnia
818 2000 959 2045 publica
984 2000 1115 2034 iudicia
1137 2002 1181 2033 ad

192 2054 342 2087 civitatis
375 2059 505 2087 statum
539 2052 761 2096 pertineant,
801 2058 876 2085 tum
908 2064 993 2085 vero
1027 2052 1181 2085 maxime

191 2104 278 2138 hacc
293 2117 412 2144 causa,
429 2116 536 2149 quam
551 2116 647 2137 nunc
666 2104 839 2148 agendam
857 2103 994 2148 suscepi
1004 2102 1061 2150 ¹⁰).
1088 2103 1181 2137 Nam

192 2169 272 2190 cum
298 2162 482 2189 accusatur
505 2156 598 2187 lator
626 2167 741 2188 novae
764 2156 851 2199 legis
875 2155 1114 2189 dissentientis
1139 2157 1182 2189 ab

193 2209 270 2241 aliis
305 2207 457 2251 legibus,
497 2212 637 2239 tantum
673 2207 712 2240 fit
744 2207 946 2240 emendatio
983 2207 1057 2242 eius
1084 2208 1181 2252 legis.

192 2260 260 2293 Sed
277 2258 362 2292 haec
379 2264 502 2292 nostra
522 2269 626 2291 causa
643 2270 718 2291 non
733 2270 842 2292 unam
863 2258 1024 2302 exiguam
1042 2266 1181 2304 partem

229 2392 258 2419 5)
285 2392 316 2416 Η.
333 2392 351 2416 1.
377 2391 404 2415 iu
423 2391 615 2424 Editt.15⁴8.‚
642 2392 717 2417 1554.
743 2394 809 2417 nota
832 2391 964 2423 margin:
995 2393 1092 2418 Altera
1116 2400 1182 2425 par·

262 2426 430 2455 precationis
449 2427 531 2450 etiam
549 2433 598 2458 pro
617 2427 789 2452 adversario.

227 2469 259 2496 6)
281 2468 313 2492 Η.
328 2468 346 2491 1.
365 2468 393 2491 in
412 2469 495 2494 Editt.
512 2470 603 2501 1548„
625 2471 699 2495 1554.
719 2472 786 2495 nota
805 2469 936 2501 margiu.:
956 2471 1120 2501 Deprecatio
1139 2471 1183 2496 in-

262 2502 368 2532 vidiae,
388 2503 449 2532 quia
468 2504 556 2526 omnis
575 2505 714 2529 accusatio
734 2506 777 2528 est
797 2505 900 2529 odiosa.

227 2546 258 2574 7)
276 2545 340 2570 u.1.
359 2545 386 2568 in
406 2545 488 2570 Editt.
505 2547 593 2577 1548.,
615 2549 689 2572 155⁴.
707 2551 772 2572 nota
792 2549 921 2579 margia:
947 2548 1044 2572 Maior.

227 2588 258 2615 8)
279 2586 310 2609 Η.
329 2587 348 2609 1.
368 2587 393 2609 iu
413 2587 495 2610 Editt.
518 2589 608 2620 1548„
629 2591 703 2614 1554.
724 2593 789 2615 nota
807 2591 922 2622 margin.
943 2591 1047 2622 Minor,
1067 2592 1099 2615 de
1116 2598 1182 2617 con-

263 2621 327 2644 silio
348 2622 373 2644 et
391 2621 534 2645 voluntate
553 2625 732 2650 accusatoris.

226 2664 257 2690 9)
278 2665 310 2688 H.
325 2664 342 2687 l.
369 2664 395 2687 in
423 2660 518 2688 iisde'm
538 2667 602 2689 nota
620 2668 753 2698 margin:
785 2669 895 2693 Talibus
920 2668 1034 2700 flagitiis
1059 2670 1180 2700 pollutus

263 2699 341 2722 debet
361 2705 426 2722 esse
443 2701 699 2725 excommunicatus.

229 2740 275 2769 10)
295 2741 327 2764 Η.
339 2741 357 2764 1.
374 2740 400 2764 iu
416 2741 511 2766 iisdem
525 2743 608 2766 Editt.
623 2745 689 2768 nota
703 2745 833 2776 margin:
853 2748 1039 2778 ExaggeratIo
1054 2754 1163 2776 causae.

767 120 889 156 PHIL.
921 118 1034 154 MEL.
1069 117 1272 154 SCRIPTA
1303 118 1641 156 PHILOLOGICA.

1204 2716 1209 2773 Ι

2151 121 2230 159 944

1235 204 1387 239 civitatis
1421 205 1600 246 continet,
1641 217 1707 238 nec
1736 205 1843 238 breve
1872 204 2069 250 periculum
2101 208 2229 250 adfert,

1232 257 1293 290 sed
1310 262 1421 289 totam
1437 257 1694 301 rempublicam
1712 256 1960 301 complectitur
1974 264 2008 291 et
2024 259 2226 304 exemplum

1233 307 1419 342 universae
1453 308 1653 353 posteritati
1688 308 1917 353 proponitur.
1987 308 2145 344 Tantum
2174 316 2228 346 est

1234 359 1329 392 enim
1364 359 1476 393 scelus
1504 358 1708 399 Leocratis‚
1746 365 1786 392 ut
1816 359 1915 393 nulla
1949 372 2014 404 par
2042 361 2135 395 actio
2165 367 2229 396 aut

1233 422 1347 454 poena
1375 410 1527 455 reperiri
1551 409 1683 455 possit,
1717 421 1783 443 nec
1815 410 1853 442 in
1877 410 2015 455 legibus
2041 413 2226 458 proposita

1232 461 1288 495 sit.
1343 461 1421 506 Qua
1439 461 1533 495 enim
1555 473 1672 506 poena
1692 460 1896 495 afficiendus
1915 469 1967 496 est
1985 464 2146 497 desertor
2164 475 2227 509 pa-

1233 512 1342 553 triae,
1379 513 1440 558 qui
1466 524 1566 552 aras,
1598 524 1715 552 sacra,
1750 512 1930 547 maiorum
1957 515 2140 558 sepulcra,
2173 521 2228 549 to-

1232 569 1305 596 tam
1330 563 1508 597 civitatem
1532 561 1693 597 hostibus
1715 563 1869 597 obiecit?
1910 563 2119 600 Extremum
2146 578 2229 611 sup-

1232 614 1379 660 plicium
1401 621 1453 650 est
1478 616 1551 648 vita
1576 613 1730 659 privari3
1769 613 1806 647 id
1830 614 1947 659 ipsum
1971 622 2092 651 tamen
2114 617 2228 652 levius

1234 672 1305 707 est,
1333 679 1442 712 quam
1468 666 1572 713 quale
1587 664 1769 699 Leocratis
1792 666 1904 700 scelus
1927 669 2070 703 meruit.
2122 668 2229 702 Arbi-

1234 724 1310 751 tror
1341 724 1459 752 autem
1491 718 1529 751 in
1556 717 1692 762 legibus
1716 715 1797 749 ideo
1824 718 2010 763 propriam
2033 720 2228 754 accusatio-

1233 781 1316 802 nem
1334 767 1440 804 huius
1458 769 1598 804 sceleris
1614 780 1689 802 non
1705 767 1934 802 constitutam
1950 782 2044 812 esse,
2060 771 2144 817 quia
2161 783 2226 805 nee

1235 827 1338 854 antea
1356 821 1469 855 simile
1485 820 1685 865 exemplum
1704 818 1893 861 acciderat,
1920 833 1985 855 nec
2003 822 2047 855 ad
2064 828 2227 867 posteros

1235 872 1504 907 existimabatur
1541 873 1610 905 tale
1651 870 1851 916 quidquam
1888 879 2100 908 eventurum
2141 886 2228 908 esse.

1236 923 1356 968 Quare
1372 924 1455 958 satis
1471 924 1577 968 digna
1597 922 1653 956 vel
1677 922 1853 956 accusatio
1872 924 1926 956 vel
1940 936 2056 969 poena
2073 924 2229 958 inveniri

1234 987 1308 1008 non
1324 981 1451 1020 potest.
1482 974 1567 1008 Ideo
1583 986 1645 1008 vos
1660 986 1754 1007 nunc
1769 986 1842 1007 non
1859 975 1974 1009 solum
1995 976 2147 1018 iudices,
2166 977 2228 1011 sed

1235 1026 1272 1059 in
1296 1025 1364 1060 hac
1385 1027 1559 1061 sententia
1589 1024 1690 1072 quasi
1705 1037 1820 1058 novae
1836 1026 1922 1070 legis
1941 1027 2144 1062 conditores
2161 1028 2230 1061 eri-

1235 1078 1279 1112 tis
1294 1078 1353 1125 ¹¹).
1405 1078 1497 1113 Nam
1523 1089 1677 1124 quorum
1702 1075 1914 1111 delictorum
1931 1090 2070 1123 poenae
2088 1079 2126 1112 in
2142 1080 2229 1124 legi-

1233 1130 1298 1163 bus
1324 1142 1507 1174 expressae
1531 1135 1631 1168 sunt,
1658 1139 1732 1160 non
1748 1128 1856 1161 dubia
1880 1130 2000 1173 regula
2018 1136 2088 1171 est,
2117 1143 2227 1177 quam

1234 1181 1335 1227 sequi
1358 1181 1467 1214 iudici
1490 1181 1592 1214 facile
1616 1184 1678 1212 est.
1731 1178 1833 1224 Quae
1857 1187 1977 1214 autem
2002 1181 2129 1215 delicta
2151 1193 2227 1216 non

1233 1245 1306 1265 uno
1331 1239 1426 1266 certo
1452 1232 1599 1265 nomine
1621 1231 1823 1273 nuncupari
1847 1238 2018 1275 possunt,
2045 1239 2080 1266 et
2104 1240 2226 1267 tamen

1234 1284 1410 1316 atrociora
1431 1290 1512 1318 sunt
1531 1283 1608 1316 aliis
1626 1280 1810 1321 affinibus,
1836 1283 1880 1315 de
1896 1280 1950 1316 his
1967 1283 2004 1316 in
2019 1290 2134 1318 vestra
2150 1297 2229 1318 sen-

1233 1335 1343 1367 tentia
1358 1335 1556 1379 exemplum
1574 1331 1725 1378 posteris
1737 1335 2015 1377 proponendum
2034 1341 2096 1370 est.
2123 1335 2229 1370 Nunc

1233 1385 1341 1429 igitur
1366 1398 1444 1419 cum
1470 1384 1563 1419 hunc
1588 1383 1896 1425 condemnabitis,
1923 1397 1998 1418 non
2013 1386 2128 1419 solum
2144 1399 2231 1430 poe-

1232 1448 1277 1469 na
1296 1437 1411 1481 ipsum
1430 1437 1519 1471 iusta
1535 1433 1724 1473 adficietis,
1748 1437 1809 1469 sed
1826 1435 1934 1468 etiam
1953 1436 2046 1470 cives
2062 1443 2097 1470 et
2110 1443 2229 1482 poste-

1233 1500 1292 1521 ros
1315 1489 1359 1520 ad
1383 1488 1554 1521 iustitiam
1578 1486 1748 1530 pietatem
1757 1499 1824 1531 que
1843 1487 1982 1531 patriae
1999 1487 2154 1521 debitam
2173 1501 2230 1522 ex-

1233 1539 1457 1573 suscitabitis.
1509 1538 1611 1571 Duae
1635 1548 1691 1569 res
1712 1538 1808 1570 enim
1827 1539 1997 1572 erudiunt
2015 1539 2126 1580 cives,
2154 1553 2227 1574 sce-

1233 1591 1346 1624 lerum
1364 1602 1501 1634 poenae
1522 1596 1555 1623 et
1572 1586 1726 1621 iustitiae
1744 1589 1902 1633 praemia
1914 1616 1924 1629 ,
1953 1590 2036 1635 quia
2054 1596 2089 1624 et
2110 1598 2227 1626 metus

1235 1640 1398 1675 cohercet
1413 1639 1597 1685 homines,
1624 1650 1688 1678 ne,
1716 1640 1745 1672 si
1763 1641 2006 1686 obsequantur
2022 1642 2142 1685 pravis
2168 1655 2228 1676 cu-

1234 1693 1460 1738 piditatibus,
1489 1695 1670 1726 accersant
1692 1689 1760 1724 sibi
1786 1692 1952 1732 exitium,
1986 1698 2021 1725 et
2042 1693 2153 1737 gloria
2181 1695 2228 1728 ad

1234 1751 1326 1778 recte
1356 1745 1557 1778 faciendum
1591 1740 1730 1777 invitat.
1790 1743 1831 1776 In
1855 1741 1924 1776 hoc
1954 1743 2062 1788 igitur
2094 1745 2226 1779 iudicio

1235 1796 1390 1840 gravitas
1416 1795 1630 1840 praestanda
1652 1789 1741 1837 Erit,
1782 1801 1815 1828 et
1840 1792 1930 1828 nihil
1957 1792 2070 1840 pluris
2095 1796 2229 1830 facien-

1235 1849 1319 1881 dum
1340 1860 1447 1892 quarn
1466 1846 1612 1880 iustitia.

1335 1898 1410 1943 Ego
1436 1898 1542 1932 etiam
1569 1898 1659 1932 iuste
1683 1909 1826 1932 causam
1852 1903 1994 1931 acturus
2010 1910 2108 1938 sum,
2134 1896 2227 1932 nihil

1235 1951 1385 1994 fingam,
1414 1957 1448 1983 et
1469 1947 1560 1982 nihil
1582 1956 1679 1983 extra
1700 1961 1866 1995 praesens
1888 1948 2073 1992 negotium
2096 1949 2226 1985 dicam.

1236 2001 1341 2034 Multi
1359 2002 1453 2035 enim
1473 2007 1694 2035 accusatores
1714 2001 1750 2034 in
1769 2000 1907 2033 iudiciis
1925 2000 2077 2033 absurde
2103 2013 2226 2036 causas

1236 2059 1371 2097 agunt,
1411 2066 1490 2086 cum
1520 2059 1582 2085 aut
1609 2052 1868 2086 concionantur
1896 2051 1938 2084 de
1967 2052 2225 2095 gubernatione

1235 2104 1450 2149 reipublicae
1481 2110 1578 2137 extra
1601 2117 1705 2138 suum
1726 2102 1930 2147 negotium,
1958 2109 2021 2136 aut
2042 2103 2147 2138 falsas
2171 2117 2227 2138 ca-

1235 2156 1389 2190 lumnias
1407 2155 1579 2195 recitant,
1607 2162 1641 2189 et
1656 2155 1796 2201 quidvis
1815 2153 1932 2198 potius
1949 2153 2090 2195 dicunt,
2117 2168 2226 2202 quam

1235 2207 1270 2240 id
1282 2234 1291 2247 ,
1319 2208 1361 2241 de
1379 2220 1449 2253 quo
1468 2206 1737 2251 pronuntiaturi
1753 2205 1834 2240 estis
1850 2205 1908 2253 12).
1961 2205 2079 2240 Facile
2097 2213 2148 2241 est
2163 2220 2226 2241 au-

1236 2265 1307 2292 tem
1324 2259 1509 2304 peregrina
1529 2258 1663 2299 dicere,
1691 2259 1733 2291 de
1753 2257 1880 2303 quibus
1896 2268 1961 2290 nec
1978 2269 2041 2292 vos
2064 2270 2226 2303 pronun-

1236 2310 1351 2351 fiatis,
1379 2323 1443 2343 nec
1470 2310 1693 2344 adversarius
1717 2309 1929 2354 respondet,
1962 2321 2078 2355 neque
2105 2316 2226 2345 tamen

1235 2362 1367 2396 iustum
1386 2367 1436 2396 est
1454 2367 1571 2406 petere
1583 2388 1592 2402 ,
1618 2368 1657 2395 ut
1674 2374 1737 2395 vos
1757 2361 1885 2395 iustam
1902 2360 2116 2394 sententiam
2134 2362 2227 2396 fera·

1236 2413 1299 2453 tis,
1326 2413 1395 2448 nisi
1416 2426 1481 2447 nos
1506 2413 1612 2446 etiam
1636 2413 1728 2447 iusta
1751 2412 1788 2445 in
1811 2411 2034 2445 accusatione
2052 2412 2223 2450 dicamus.

1237 2465 1349 2509 Culpa
1369 2471 1487 2498 autem
1511 2461 1616 2498 huius
1641 2477 1773 2509 pravae
1801 2464 2066 2498 consuetudinis
2089 2471 2141 2499 est
2163 2478 2224 2511 pe-

1236 2529 1298 2551 nes
1325 2516 1476 2556 iudices,
1506 2516 1567 2561 qui
1590 2516 1770 2549 licentiam
1794 2515 1997 2550 oratoribus
2022 2515 2128 2551 nimis
2149 2529 2225 2551 ma-

1270 2634 1318 2661 11)
1338 2633 1370 2657 Η.
1384 2632 1403 2657 1.
1422 2631 1450 2655 in
1463 2630 1545 2655 Editt.
1561 2632 1653 2663 1548„
1674 2631 1751 2655 1554.
1774 2632 1840 2656 nota
1852 2630 1985 2662 margum
2003 2631 2127 2662 Exempli
2140 2637 2225 2658 causa

1305 2667 1415 2698 oportet
1438 2672 1487 2690 vos
1511 2673 1573 2689 esse
1593 2672 1717 2692 severos.

1273 2711 1319 2739 ¹2)
1346 2710 1376 2733 Η.
1392 2709 1409 2732 1.
1436 2709 1462 2732 in
1484 2709 1566 2733 Editt.
1583 2708 1674 2738 ¹548„
1702 2707 1777 2732 1554.
1797 2709 1862 2732 nota
1881 2707 2011 2739 margin:
2038 2709 2224 2739 Reprehensio

1308 2746 1448 2769 oratorum
1467 2744 1615 2775 peregrina
1634 2742 1786 2766 dicentium.
