2294 2975
101 128 124 162 9
203 123 326 160 XXIII.
379 119 689 157 ARGUMENTA
722 119 789 154 ΕΤ
823 118 1026 154 SCHOLIA
1060 117 1109 153 IN
1143 117 1393 154 CICERONIS
1428 117 1689 153 EPISTOLAS
1724 118 2021 156 FAMILIARES.
2084 123 2132 156 10

616 206 770 237 Consuluit
792 206 910 243 studiis,
940 206 1043 243 quibus
1066 205 1160 233 almae
1184 205 1331 234 commoda
1355 206 1433 244 pacis

695 250 867 285 Promovet,
897 257 914 276 a
940 248 1029 276 Musis
1050 249 1143 285 gratia
1166 248 1249 276 docta
1273 249 1361 286 loqui.

612 292 674 320 Hoc
696 292 720 319 si
741 291 823 319 ferre
846 291 966 328 nequis,
995 291 1132 327 laqueum
1156 291 1206 319 tibi
1230 292 1362 328 quaerito
1385 291 1481 318 Mome

698 334 817 363 Utilitas
840 333 965 371 strepitu
989 342 1046 360 nou
1069 333 1147 370 perit
1170 333 1223 361 ista
1247 339 1307 363 tuo.

145 413 379 454 Amplissimis
406 411 498 443 Viris
526 409 707 449 prudentia
737 409 988 448 eruditioneque
1010 407 1252 438 excellentibus
1275 409 1447 445 Dominis,
1472 408 1666 440 Consulibus
1689 416 1721 439 ec
1745 408 1962 440 senatoribus
1990 408 2089 440 Urbis

439 464 479 484 ac
499 451 719 493 Reipublicae
740 451 1037 490 R'orimbcrgensis
1060 451 1095 482 S.
1119 451 1164 481 D.
1186 451 1234 483 ΠΙ.
1258 451 1450 491 Stephanus
1472 451 1612 482 Riccius
1636 452 1794 483 Calensis.

231 515 313 544 Nihil
339 514 409 543 mihi
432 524 513 542 sumo
536 514 631 542 iudicii
654 513 693 542 de
716 513 828 541 ratione
851 513 910 541 ulla
933 521 1033 540 earum
1056 521 1170 548 rerum,
1202 521 1278 549 quae
1307 512 1432 540 maxime
1457 512 1505 539 vel
1526 512 1632 540 decent
1655 513 1703 540 vel
1728 518 1831 540 ornant
1854 513 1947 540 virum
1972 512 2131 550 politicum,

105 558 185 588 cuius
207 568 276 586 usus
299 559 327 586 in
351 558 502 595 republica
524 563 584 585 tum
609 557 644 585 ob
667 556 871 594 prudentiam,
907 560 967 583 tum
992 556 1026 582 ob
1049 555 1219 582 industriam
1242 555 1350 582 multus
1372 554 1407 581 sit
1432 561 1461 582 et
1484 563 1617 591 magnus.
1663 555 1700 583 Et
1723 561 1819 583 tamen
1844 555 2040 583 consideranti
2063 554 2132 581 milii

103 602 194 630 decus
214 601 309 638 ipsum
332 600 474 629 eiusmodi
496 599 636 636 hominis,
666 599 715 636 qui
738 608 795 626 non
820 599 888 635 sibi,
919 597 971 625 sed
995 603 1024 625 et
1047 597 1160 634 patriae
1183 602 1213 624 et
1236 596 1422 633 parentibus,
1457 597 1554 624 amicis
1578 603 1608 625 et
1631 598 1759 634 cognatis
1781 604 1881 626 natum
1904 606 1935 626 se
1959 606 2022 625 esse
2045 596 2132 624 intel—

105 644 192 681 ligat,
221 643 337 671 videtur
359 652 416 670 non
441 647 573 670 extremo
598 642 658 669 loco
682 641 849 669 habendum
872 649 954 676 esse,
990 640 1014 667 si
1037 646 1066 667 et
1090 644 1170 667 recte
1192 639 1356 676 intelligat,
1391 644 1421 666 et
1444 639 1608 676 prudenter
1630 649 1772 677 usurpare
1795 641 1872 668 norit
1895 640 2037 668 rationem
2061 639 2131 666 scri-

103 685 193 715 bendi
215 685 362 722 epistolas.
406 685 531 712 Videtur
554 685 704 722 plerisque
726 683 914 711 mediocriter
938 682 1028 710 doctis
1052 681 1243 709 leviuscnlum
1265 689 1330 709 esse
1353 681 1408 709 hoc
1430 690 1516 709 omne
1539 682 1681 717 studium,
1706 683 1783 720 quod
1805 684 1834 710 in
1857 682 2046 710 familiaribus
2066 681 2131 718 epi-

104 728 186 756 stolis
209 727 370 755 scribendis
393 726 564 763 adhibetur,
593 726 645 754 sed
669 727 691 754 si
713 726 807 754 animo
831 730 969 762 reputare
992 725 1155 759 voluerint,
1186 724 1322 761 epistolas
1345 732 1410 751 esse
1434 724 1579 762 colloquia
1603 726 1770 761 absentum,
1800 735 1858 754 non
1881 734 1999 761 eorum,
2028 724 2131 761 quibus

103 779 196 807 nugas
217 778 306 807 agere
330 770 437 807 volupe
461 774 523 804 est,
558 769 613 796 sed
636 777 753 805 eorum,
789 767 838 805 qui
866 768 896 794 in
923 767 1022 803 aliqua
1052 766 1230 803 reipublicae
1259 772 1344 803 parte
1368 766 1539 803 haerentes,
1576 776 1690 794 causam
1713 773 1803 804 agunt
1826 768 1983 796 communis
2006 766 2131 804 patriae.

105 812 310 841 Confitendum
333 813 390 840 erit
412 811 543 839 omnibus
565 811 642 839 sanis
665 811 828 846 mentibus,
862 818 921 836 non
944 809 1045 837 deberi
1067 808 1219 845 vulgarem
1241 809 1284 836 illi
1305 814 1354 836 aut
1377 810 1511 847 exiguam
1535 810 1670 845 laudem,
1709 810 1758 847 qui
1778 818 1825 837 res
1848 810 2028 838 necessarias
2050 817 2129 835 com-

103 854 191 883 mode
213 860 244 883 et
267 859 433 892 opportune
453 853 618 891 significare
640 861 694 890 per
714 852 826 880 litteras
848 851 948 890 possit.
992 851 1065 879 Inde
1088 851 1164 878 enim
1187 857 1217 879 et
1240 851 1350 888 ingenii
1372 852 1429 888 vis,
1453 856 1482 879 et
1505 852 1591 879 animi
1615 852 1705 889 sides,
1729 857 1758 880 et
1772 853 1869 881 iudicii
1884 853 2006 890 gravitas
2020 851 2130 878 omnis-

103 905 162 935 que
186 903 215 925 et
239 897 396 934 prudentia
418 896 515 923 elucet
537 900 568 923 et
589 894 740 923 industria.
785 894 826 922 Ac
849 903 903 931 ego
927 894 1045 931 quidem
1068 893 1179 931 iudico,
1210 894 1386 931 prudentiae
1410 894 1533 932 primum
1558 895 1652 922 locum
1677 895 1704 922 in
1731 895 1783 922 hoc
1807 905 1917 933 genere
1940 894 2052 922 artificii
2076 893 2129 920 tri-

103 939 252 967 buendum
275 947 348 967 esse.
392 937 499 965 Refert
521 937 598 964 enim
620 937 768 974 inprimis,
790 936 828 965 ad
850 945 953 974 quem,
975 946 1032 974 qua
1056 936 1093 964 de
1116 944 1166 974 re,
1191 946 1247 975 quo
1270 937 1390 975 ordine,
1413 946 1470 976 qua
1491 937 1538 966 rel
1563 938 1627 966 luce
1649 939 1697 966 vel
1715 939 1831 975 umbra,
1855 948 1911 977 qua
1925 936 2130 971 insinuatione,

104 990 161 1018 qua
190 980 293 1017 lande,
330 989 386 1017 quo
415 979 559 1016 vituperio
588 985 618 1008 et
647 979 826 1009 instituenda
854 985 885 1007 et
913 979 1086 1008 deducenda
1115 980 1150 1008 sit
1179 980 1341 1018 epistolaris
1364 981 1465 1009 orati0.
1510 981 1607 1019 Saepe
1630 982 1707 1009 enim
1734 981 1881 1009 hominum
1905 980 1993 1009 animi
2017 979 2127 1006 malunt

103 1022 204 1051 seduci
226 1022 293 1050 ficta
316 1028 345 1050 et
368 1022 536 1050 adumbrata
558 1023 708 1058 oratione,
739 1032 826 1061 quam
847 1023 982 1051 assentiri
1006 1023 1103 1051 nudae
1125 1024 1260 1059 veritati,
1289 1024 1402 1052 malunt
1425 1033 1514 1062 saepe
1536 1024 1702 1061 ponderare
1725 1025 1839 1052 occulte
1863 1030 1891 1052 et
1914 1028 2018 1060 argute
2042 1021 2129 1055 (licta,

102 1074 190 1102 quam
212 1064 338 1092 candide
360 1064 549 1102 interpretari
571 1065 650 1093 nude
673 1071 704 1093 et
725 1066 898 1104 simpliciter
920 1066 1030 1104 posita,
1067 1066 1156 1103 magis
1179 1067 1310 1104 gaudent
1339 1067 1482 1104 quaedam
1512 1067 1660 1103 divinare,
1696 1076 1780 1104 quam
1811 1073 1916 1104 aperte
1941 1072 2128 1102 cognoscere.

101 1107 209 1145 Neque
230 1107 260 1135 in
281 1106 335 1134 hoc
357 1115 467 1145 genere
490 1108 648 1144 praescribi
671 1109 719 1136 vel
742 1118 880 1137 numerus
902 1114 1016 1146 potest,
1038 1109 1085 1136 vel
1109 1109 1225 1146 modus,
1250 1114 1310 1136 tum
1334 1110 1518 1147 ingeniorum
1542 1114 1603 1137 tum
1621 1110 1799 1138 iudiciorum.
1843 1109 1921 1137 Illud
1944 1108 1972 1134 in
1996 1106 2128 1134 consessu

104 1155 165 1185 est,
201 1149 238 1177 ad
261 1148 335 1177 hanc
357 1149 533 1187 prudentiae
554 1155 669 1188 partem
691 1155 772 1179 recte
795 1151 961 1188 pertinere,
996 1151 1138 1188 quidquid
1159 1151 1188 1178 in
1213 1156 1359 1179 oratorum
1383 1152 1550 1189 praeceptis
1575 1152 1612 1179 de
1636 1152 1807 1180 conciliandi
1831 1150 2016 1187 docendique
2040 1148 2128 1175 ratio-

102 1192 187 1219 nibus
210 1196 240 1220 et
262 1191 355 1220 modis
377 1192 510 1220 traditur.
555 1193 660 1230 Neque
683 1194 762 1221 enim
786 1194 881 1220 minus
903 1188 1161 1231 st’tcsavrcco-c'torov
1184 1202 1247 1221 esse
1277 1199 1393 1230 oportet
1422 1194 1610 1230 epistolarum
1640 1195 1831 1232 scriptorem,
1868 1203 1954 1231 quam
1985 1192 2126 1228 pictorem

103 1234 278 1271 imaginum,
306 1239 356 1262 aut
386 1234 446 1263 τῶν
475 1232 589 1272 μύθων
618 1229 754 1274 ῥητῆρα,
783 1241 815 1264 ut
838 1235 981 1263 Homerus
1004 1236 1108 1273 iuquit.
1163 1236 1313 1263 Interdum
1335 1237 1412 1263 enim
1434 1236 1568 1265 adfectus
1590 1237 1767 1274 aspergendi
1788 1242 1872 1273 sunt,
1902 1242 2040 1272 tanquam
2064 1232 2127 1260 aui—

103 1285 216 1304 morum
239 1276 363 1313 stimuH‚
386 1282 475 1314 atque
496 1276 591 1314 faces,
612 1278 761 1306 subiectae
783 1277 879 1315 potius
901 1278 1005 1314 tacite,
1029 1286 1114 1315 quam
1138 1277 1282 1306 adhibitae
1304 1278 1450 1315 studiose,
1473 1279 1631 1308 cuiusmodi
1654 1285 1698 1306 est
1721 1279 1794 1306 illud
1817 1278 1964 1307 Ciceronis
1986 1276 2023 1304 ad
2045 1275 2126 1303 Len-

102 1318 246 1356 tulum*):
273 1319 305 1347 Si
327 1325 404 1347 esset
426 1320 455 1347 in
478 1319 511 1347 iis
533 1320 624 1355 fides,
651 1321 680 1348 in
704 1320 806 1358 quibus
828 1328 939 1348 summa
960 1329 1026 1348 esse
1049 1320 1246 1358 debebat**),
1276 1330 1335 1348 non
1358 1320 1567 1349 laboraremus.
1611 1320 1740 1349 Subinde
1764 1327 1808 1349 est
1831 1320 1977 1359 agendum
2000 1318 2126 1356 quadam

101 1361 222 1397 astutia,
244 1367 293 1389 aut
316 1361 443 1390 officioso
465 1362 552 1390 etiam
575 1363 742 1399 mendacio,
764 1367 795 1390 ut
818 1362 961 1390 ducantur
984 1362 1089 1398 animi,
1112 1363 1160 1400 qui
1183 1363 1313 1400 pertrahi
1336 1363 1365 1390 in
1388 1364 1565 1392 sententiam
1589 1369 1733 1392 recusant.
1778 1364 1862 1396 Quae
1885 1369 1982 1391 tamen
2000 1362 2041 1389 ita
2064 1361 2128 1388 lau-

102 1403 171 1431 dem
200 1404 333 1432 obtinent
363 1404 483 1441 merito,
519 1406 543 1433 si
572 1405 609 1433 ad
638 1413 768 1433 normam
791 1404 940 1441 religionis
962 1414 1033 1443 erga
1055 1405 1167 1442 Deum,
1190 1410 1219 1433 et
1241 1406 1467 1435 benevolentiae
1490 1415 1560 1443 erga
1582 1407 1751 1435 societatem
1773 1406 1930 1434 humanam
1952 1404 2126 1441 diriguntur.

102 1445 162 1474 Sed
187 1446 256 1484 quid
278 1444 355 1483 ago'.²
393 1447 441 1484 qui
464 1452 494 1475 et
515 1448 629 1476 alienus
650 1456 713 1475 sum
736 1456 754 1475 a
776 1447 939 1484 cognitione
961 1448 1024 1481 rei,
1053 1447 1091 1474 de
1115 1456 1172 1484 qua
1194 1448 1316 1485 loquor,
1346 1454 1376 1476 et
1398 1449 1602 1487 exemplorum
1625 1450 1716 1487 magis
1737 1459 1799 1477 sum
1823 1449 1979 1477 admirator
2002 1446 2128 1484 adplau-

101 1488 192 1525 dens,
225 1497 312 1526 quam
334 1489 532 1517 nomenclator
554 1491 704 1527 eloquens.
748 1490 889 1522 Quocirca
911 1490 949 1518 de
971 1490 1094 1527 reliquis
1116 1490 1270 1518 virtutibus
1293 1500 1331 1519 ne
1354 1491 1472 1529 quidem
1497 1491 1585 1519 verba
1610 1502 1725 1529 possum
1749 1492 1803 1520 hoc
1825 1492 1888 1519 loco
1910 1490 2025 1525 facere,
2049 1495 2125 1525 quae

101 1536 162 1559 tum
184 1531 214 1558 in
237 1539 388 1567 sermone,
423 1536 484 1559 tum
507 1533 537 1560 in
559 1532 662 1560 ordine
683 1531 860 1560 adhibentur
885 1540 903 1560 a
930 1532 1111 1570 sapientibus
1133 1533 1330 1569 scriptoribus.
1393 1534 1464 1562 Mihi
1486 1534 1554 1562 satis
1576 1535 1611 1562 sit
1635 1540 1663 1562 et
1686 1535 1872 1572 intelligere,
1905 1538 1934 1561 et
1957 1531 2128 1570 praedicare

102 1573 166 1601 aliis
192 1581 295 1611 posse,
332 1571 412 1611 eius,
449 1575 499 1612 qui
529 1575 720 1613 epistolarum
747 1574 967 1602 scribendarum
990 1580 1159 1602 consecutus
1182 1575 1219 1603 sit
1241 1585 1305 1604 cum
1327 1577 1484 1614 prudentia
1508 1577 1690 1605 coniunctam
1712 1577 1900 1613 industriam,
1934 1576 1964 1602 in
1987 1572 2127 1602 obeundis

101 1615 282 1653 reipublicae
303 1615 470 1644 muneribus
492 1627 576 1645 usum
599 1626 663 1646 esse
682 1625 767 1655 posse
790 1617 958 1644 maximum.
1002 1617 1115 1645 Pudeat
1137 1617 1236 1655 itaque
1258 1619 1343 1647 huius
1366 1624 1483 1647 nostrae
1506 1620 1687 1656 tempestatis
1708 1620 1856 1655 homines,
1879 1617 2052 1656 praesertim
2066 1623 2127 1649 eos,

102 1658 152 1695 qui
174 1658 204 1685 in
226 1658 331 1685 litteris
354 1665 503 1687 versantes
524 1660 696 1696 palmarium
718 1668 750 1687 se
772 1660 918 1696 reperisse
940 1660 1136 1696 arbitrantur,
1157 1661 1181 1688 si
1203 1661 1324 1690 confuse
1348 1667 1378 1690 et
1400 1663 1571 1699 perturbato
1594 1662 1719 1699 implere
1743 1662 1856 1689 chartas
1873 1661 2000 1698 possint,
2023 1668 2040 1686 a
2057 1665 2127 1685 cura

103 1700 275 1736 verborum,
304 1708 463 1737 rerumque
485 1702 679 1730 sollicitudine
701 1702 804 1739 procul
826 1702 941 1730 remoti.
993 1703 1073 1740 Ego,
1107 1708 1139 1730 ut
1162 1711 1227 1731 mea
1249 1713 1365 1742 quoque
1388 1714 1478 1742 opera
1501 1705 1646 1732 iuventuti
1667 1705 1696 1732 in
1720 1705 1774 1732 hoc
1798 1703 1940 1732 curriculo
1964 1701 2127 1730 studiorum

102 1750 135 1769 se
158 1741 310 1770 exercenti
331 1748 448 1779 praesto
472 1751 585 1780 essem,
608 1745 714 1781 collegi
735 1749 908 1782 argumenta
931 1750 960 1773 et
983 1744 1200 1783 dispositiones,
1223 1755 1240 1773 a
1262 1748 1508 1783 praestantissimo
1532 1748 1593 1774 viro
1616 1748 1652 1774 D.
1676 1747 1855 1784 Philippo
1878 1743 2126 1773 Melanthone

102 1784 172 1812 olim
195 1784 374 1822 Vitebergae
395 1785 472 1812 inter
491 1794 595 1822 operas
615 1786 800 1815 scholasticas
822 1787 852 1814 in
875 1787 1014 1825 epistolas
1034 1787 1182 1815 Ciceronis
1204 1788 1363 1817 familiares
1386 1790 1586 1827 pronuntiata,
1617 1798 1691 1826 quae
1715 1800 1780 1817 cum
1804 1794 1832 1817 et
1854 1788 1967 1825 iudicii,
1995 1792 2025 1814 et
2054 1794 2127 1822 pru-

102 1827 238 1863 dentiae,
261 1831 291 1855 et
313 1835 382 1854 vero
406 1827 491 1854 etiam
516 1828 685 1856 eruditionis
707 1829 825 1856 nomine
848 1830 1046 1858 commendari
1066 1830 1171 1858 scholis
1195 1837 1275 1859 recte
1299 1833 1426 1869 possint,
1449 1833 1542 1869 vobis,
1572 1832 1740 1869 amplissimi
1765 1832 1833 1868 viri,
1862 1831 1977 1868 publica
1998 1828 2127 1857 editione

101 1870 272 1898 nominatim
294 1869 432 1897 dedicare
454 1871 540 1898 volui.
591 1870 728 1898 Invitavit
750 1879 798 1898 me
820 1872 997 1908 potissimum
1022 1873 1184 1901 recordatio
1206 1873 1367 1912 frequens,
1399 1880 1459 1903 tum
1483 1876 1575 1910 urbis,
1605 1880 1665 1902 tum
1688 1875 1865 1911 reipublicae
1890 1878 2020 1908 vestrae,
2049 1877 2126 1907 quae

102 1921 167 1941 cum
189 1912 349 1949 comparari
371 1921 436 1939 cum
458 1912 629 1941 Atheniensi
652 1914 718 1940 olim
740 1912 905 1941 felicissima
934 1914 1086 1951 republica
1114 1921 1195 1943 recte
1224 1917 1331 1954 possit,
1365 1918 1443 1955 quod
1463 1923 1523 1946 tum
1547 1917 1725 1945 eruditorum
1748 1926 1780 1945 ac
1801 1917 1965 1954 sapientum
1988 1914 2128 1946 virorum,

101 1960 162 1983 tum
187 1955 323 1993 opificum
344 1955 554 1983 excellentium
579 1956 696 1983 nomine
721 1955 806 1983 beata
828 1956 864 1984 sit
886 1960 916 1983 et
938 1955 1027 1985 felix:
1064 1966 1123 1984 non
1147 1957 1266 1986 dubium
1284 1959 1354 1988 mihi
1376 1959 1448 1995 fuit,
1484 1970 1532 1988 vos
1554 1968 1646 1996 aequo
1669 1960 1764 1987 animo
1787 1968 1883 1987 meum
1906 1958 1961 1985 hoe
1983 1964 2053 1992 erga
2074 1963 2126 1981 vos

101 1997 229 2026 studium
252 1997 438 2035 officiumque
461 2002 631 2035 accepturos
656 2006 729 2026 esse.
774 1998 858 2026 Faxit
880 1998 977 2035 Deus,
1007 2003 1038 2026 ut
1060 1999 1217 2036 aliquando
1239 2007 1402 2030 restaurata
1424 2011 1600 2030 summorum
1624 2002 1756 2029 ordinum
1780 2000 1948 2035 concordia,
1976 1998 2124 2025 videamus

102 2041 132 2068 in
154 2040 249 2078 pretio
272 2048 338 2068 esse
360 2039 499 2068 bonarum
522 2041 685 2068 litterarum
709 2040 819 2077 studia,
848 2049 924 2077 quae
947 2046 977 2070 et
1000 2041 1116 2069 vincula
1139 2048 1205 2071 sunt
1227 2045 1523 2082 rerumpublicarum,
1547 2049 1575 2071 et
1598 2043 1790 2070 instrumenta
1813 2051 1900 2071 verae
1923 2042 1960 2069 de
1981 2040 2045 2068 Deo
2068 2046 2125 2066 ex-

101 2083 256 2122 plicandae
278 2082 437 2111 doctrinae.
481 2082 564 2111 Bene
588 2083 696 2112 valete.
742 2083 832 2111 Calae
854 2083 1060 2121 'syrigetarum
1084 2083 1126 2113 16
1147 2085 1265 2123 Aprilis.
1308 2088 1391 2114 Anno
1414 2086 1523 2114 Salutis
1546 2086 1588 2114 M.
1604 2086 1638 2114 D.
1654 2084 1730 2114 LVI.

228 2139 271 2172 ln
291 2139 339 2171 Μ.
366 2138 404 2170 Τ.
428 2139 593 2171 Ciceronis
617 2141 794 2180 epistolas,
829 2151 916 2182 quae
932 2142 1133 2183 familiares
1156 2149 1336 2180 vocantur,
1359 2150 1578 2184 argmnenta,
1615 2153 1701 2182 quae
1722 2148 1793 2172 tum
1816 2141 1962 2173 ordinem
1984 2143 2125 2180 scripio·

270 2192 362 2220 rum,
384 2188 416 2212 et
438 2185 556 2214 seriem
578 2183 830 2221 Historiarum,
853 2191 922 2215 tum
944 2186 1031 2215 locos
1054 2185 1252 2216 Rhetoricos
1274 2187 1551 2226 complectuntur,
1574 2196 1621 2215 εκ
1644 2196 1700 2215 ore
1723 2185 1860 2216 clariss,
1886 2184 1964 2216 Viri
1984 2184 2028 2214 D.
2042 2183 2125 2212 Phi·-

271 2226 362 2265 lippi
383 2225 614 2257 Melanthonis
636 2229 730 2267 (piae
752 2229 944 2269 memoriae)
968 2229 1133 2267 quondam
1152 2230 1321 2269 priuatim
1343 2236 1508 2268 excepta,
1542 2235 1574 2258 et
1597 2228 1813 2268 Eloquentiae
1835 2233 1867 2257 et
1889 2227 2125 2256 Historiarum

272 2268 430 2298 studiosis
453 2272 717 2308 communicata,
746 2270 845 2300 Nunc
867 2273 990 2301 iterum
1012 2277 1164 2301 correcta
1187 2277 1219 2301 et
1241 2278 1357 2303 aucta.
1402 2272 1506 2309 Item,
1535 2271 1760 2302 Accesserant
1781 2274 1818 2300 in
1841 2270 1970 2309 aliquot
1990 2271 2124 2307 priores

274 2309 377 2341 libros
402 2309 645 2343 Grammaticae
665 2312 914 2344 Annotationes
936 2313 1132 2344 Reuerentia·
1157 2313 1237 2346 Viri
1256 2314 1302 2345 D.
1323 2314 1486 2346 Andreae
1507 2314 1635 2344 Miseni
1655 2316 1806 2343 senioris.
1858 2311 1958 2349 Item,
1987 2310 2124 2342 Scholia

276 2362 362 2392 quae
385 2354 565 2393 explicant
590 2355 738 2386 Textum
762 2358 905 2386 omnium
927 2356 1159 2397 Epistularum
1181 2356 1359 2388 cuiuslibet
1381 2357 1478 2396 libri,
1513 2368 1560 2387 ex
1581 2354 1862 2397 praelectionibus
1883 2355 2030 2394 publicis
2052 2353 2124 2384 Do-

274 2397 496 2427 ctissimorum
529 2397 685 2429 Virorum
714 2401 826 2428 onmia
855 2399 992 2429 collecta
1022 2405 1054 2431 et
1082 2400 1174 2430 edita
1201 2411 1263 2441 per
1290 2400 1338 2433 M.
1365 2400 1573 2440 ,Stephanum
1601 2399 1764 2429 Ricce'um.
1833 2397 1953 2429 Tamus
1980 2399 2122 2436 primus.

273 2436 323 2467 M·
338 2437 382 2469 D.
397 2438 514 2471 LXV.
556 2441 651 2481 45¹s2
673 2443 771 2481 plagg.
813 2442 845 2473 8.
889 2442 1041 2483 Sign.](,
1064 2445 1188 2482 A——Z‚
1216 2454 1322 2483 a—y.
1364 2445 1386 2475 8
1406 2445 1471 2474 foll.
1493 2454 1549 2472 non
1572 2453 1670 2478 num.,
1698 2442 1840 2472 355s011.
1863 2441 2029 2480 (Praefatt.,
2051 2441 2125 2468 Pro-

272 2480 357 2529 ·legg3
377 2488 407 2511 et
428 2484 607 2521 Argumenta
628 2485 817 2523 epistolarum
840 2485 939 2515 libror.
962 2487 1085 2516 I—IV.
1107 2485 1219 2526 cont.),
1244 2487 1260 2517 1
1277 2488 1328 2517 fol.
1351 2498 1408 2516 non
1432 2496 1528 2522 num.,
1553 2486 1630 2513 cuius
1652 2495 1718 2524 pag.
1741 2486 1836 2513 antica
1858 2486 1924 2513 alba
1947 2489 2000 2518 est,
2023 2491 2124 2510 aversa

271 2531 427 2560 imaginem
447 2526 542 2555 Iacobi
564 2537 629 2556 cum
651 2528 757 2566 angelo
778 2538 804 2558 s.
825 2528 889 2557 Deo
911 2529 1049 2558 luctantis
1072 2535 1149 2559 cont.
1170 2545 1213 2552 ——-
1234 2529 1280 2560 In
1301 2528 1350 2561 M.
1375 2528 1413 2559 T.
1438 2529 1601 2559 Ciceronis
1625 2527 1803 2566 epislolas,
1825 2536 1908 2565 quae
1924 2525 2122 2565 familiares

271 2570 454 2602 v⁰0¹1⁷²lur2
488 2574 689 2608 argumenta
709 2586 753 2593 —-
773 2570 932 2602 studiosis
953 2573 1206 2603 communicata.
1263 2571 1364 2603 Nunc
1392 2574 1513 2602 iterum
1535 2575 1687 2600 correcta
1712 2575 1744 2599 et
1767 2574 1867 2600 aucta
1889 2578 1952 2608 per
1975 2565 2027 2598 M.
2050 2564 2123 2597 Secu

135 2690 168 2722 *)
188 2691 244 2717 Cic.
263 2692 341 2722 epist.
360 2693 394 2717 ad
412 2693 486 2719 Fam.
505 2694 527 2725 1,
548 2696 571 2721 1.
590 2696 617 2721 iu
636 2697 698 2723 tine⁴

135 2733 186 2766 **)
207 2734 335 2765 debebat]
354 2736 394 2761 sic
413 2738 488 2762 recte
506 2738 590 2765 Editt.
611 2739 703 2773 1556„
723 2740 816 2772 1577.;
840 2741 923 2767 Editt.
945 2741 1036 2773 1565.,
1059 2742 1132 2767 1569.
1152 2741 1256 2766 debeat.
