2351 2990
164 129 240 165 969

163 222 240 258 rat,
268 217 414 262 capitali
429 215 604 261 supplicio
622 215 846 250 afficiendum
864 229 957 258 esse,
984 217 1067 264 quia
1087 230 1164 251 cor-

163 281 230 314 pus
262 268 454 313 effugerat,
495 273 649 302 statuam
682 267 792 312 ipsius
820 281 861 301 ex
892 281 972 302 arce
1004 275 1162 302 amotam

165 319 387 361 conflarunt,
415 325 449 353 et
466 331 508 353 ex
525 331 566 352 eo
582 330 664 352 aere
688 319 892 353 columnam
917 321 1096 361 fecerunt,
1131 326 1164 353 et

163 372 420 412 decreverunt,
448 370 485 404 in
504 383 543 404 ea
560 370 786 404 inscribenda
813 383 886 405 esse
907 372 1162 406 damnatorum

164 429 199 456 et
231 423 459 467 proditorum
493 421 660 461 nomina;
704 423 935 469 primumque
964 421 1164 468 Hipparchi

163 486 298 508 nomen
322 474 371 507 ibi
396 473 567 517 scriptum
593 479 663 513 est,
695 474 822 507 deinde
848 476 978 508 caeteri
1002 475 1165 520 prodito-

163 538 231 560 res.
285 523 422 559 Exhibe
440 531 559 558 autem
577 525 734 569 primum
757 527 958 566 decretum,
990 527 1087 573 quod
1112 526 1164 560 iu-

163 577 224 610 bet
246 583 398 611 statuam
424 574 623 621 Hipparchi
648 589 689 610 ex
713 589 792 611 arce
820 578 1001 618 amoveri,
1034 578 1163 611 deinde

162 628 271 662 recita
291 627 542 673 inscriptiones
561 628 763 663 columnae.

518 716 809 749 Decretum.

264 781 395 816 Nonne
425 782 552 816 videtis
582 782 739 816 eiusdem
765 781 906 816 sceleris
932 781 1064 815 similes
1090 793 1163 815 esse

162 833 321 878 poenas?
365 846 517 880 cumque
552 834 661 878 potiri
692 846 843 878 corpore
868 833 1064 878 proditoris
1089 845 1163 865 non

162 891 326 929 possent,
353 892 629 919 monumentum
657 885 731 919 eius
755 891 916 918 amotum
938 897 1053 929 poena
1080 884 1163 917 affe-

163 943 306 977 cerunt,
347 948 421 969 non
448 937 545 982 quod
577 943 716 970 statuae
749 937 1007 976 irascerentur,
1041 937 1102 969 sed
1124 942 1164 969 ut

162 988 363 1032 exemplum
388 987 622 1034 moneret¹⁰⁰)
650 994 831 1033 posteros,
869 1001 940 1034 quo
969 1000 1050 1031 erga
1080 999 1164 1032 pro-

163 1038 296 1072 ditores
312 1039 434 1072 animo
451 1039 610 1073 fuissent.

261 1088 399 1123 Exhibe
417 1097 451 1123 et
469 1091 620 1124 alterum
638 1092 820 1124 decretum
850 1091 892 1123 de
918 1090 1074 1130 civibus,
1102 1090 1164 1135 qui

162 1141 206 1173 ad
224 1138 342 1175 hostes
361 1142 398 1175 iu
409 1141 598 1175 Deceleam
610 1141 695 1189 ¹⁰⁰³)
714 1143 990 1186 transfugerant,
1020 1155 1098 1175 cum
1118 1142 1164 1174 ci-

162 1192 253 1226 vitas
268 1199 391 1227 nostra
411 1205 428 1225 a
446 1193 743 1227 Lacedaemoniis
764 1194 949 1227 obsidione
974 1193 1087 1226 cincta
1112 1205 1163 1227 es-

161 1250 231 1284 set,
259 1251 298 1278 ut
319 1245 465 1278 videant
491 1245 624 1279 iudices
648 1258 858 1279 consensum
886 1245 1100 1278 iudiciorum
1126 1245 1163 1277 in

161 1296 286 1329 eodem
308 1296 425 1329 delicti
449 1308 589 1341 genere.

594 1381 731 1416 Recita.

238 1449 380 1484 Auditis
398 1456 432 1483 et
448 1447 510 1484 hie
527 1450 737 1489 desertores,
756 1450 818 1496 qui
836 1450 871 1482 in
882 1449 1162 1497 Deceleam¹⁰⁰a)

159 1503 443 1546 transfugerant,
471 1502 517 1534 ita
539 1503 730 1535 damnatos
748 1513 841 1541 esse,
869 1508 925 1541 ut,
955 1502 982 1535 si
1005 1502 1083 1547 quis
1109 1514 1163 1534 re-

160 1554 273 1594 diret,
309 1553 415 1586 licere
450 1553 596 1586 cuilibet
626 1554 802 1586 adducere
835 1565 895 1586 eos
920 1554 962 1586 ad
987 1565 1163 1594 censores,

160 1605 223 1652 qui
240 1606 424 1638 traderent
443 1617 502 1638 eos
519 1605 704 1638 lictoribus
721 1604 939 1638 abiiciendos
962 1604 998 1637 in
1022 1605 1163 1649 voragi-

159 1670 254 1691 nem.
306 1657 358 1690 Ac
374 1656 425 1688 illi
444 1657 587 1702 quidem
606 1656 827 1699 transfugas,
863 1656 925 1700 qui
942 1668 1015 1689 non
1035 1656 1162 1690 disces-

158 1714 279 1744 serant
295 1720 336 1741 ex
353 1707 468 1752 patria
482 1734 491 1747 ‚
519 1707 694 1752 supplicio
713 1707 916 1740 afficiendos
933 1714 1161 1741 censuerunt:

159 1773 223 1794 vos
237 1759 438 1805 proditori,
468 1759 529 1804 qui
546 1759 671 1803 procul
690 1759 726 1791 in
744 1756 914 1791 Rhodum
939 1759 1046 1803 fugit,
1079 1771 1161 1803 par-

160 1811 269 1846 cetis?
330 1810 369 1844 Id
404 1812 588 1857 quomodo
615 1811 659 1843 ad
683 1811 863 1843 maiorum
891 1811 1051 1855 exempla
1078 1823 1161 1843 con-

158 1862 287 1909 gruet?
328 1863 460 1897 Audite
477 1874 610 1908 quaeso
629 1863 809 1895 decretum
830 1862 873 1894 de
891 1862 1078 1896 interfecto
1091 1862 1161 1907 Ly-

159 1916 236 1949 cida
248 1916 279 1962 ¹)
307 1914 344 1947 in
368 1914 569 1953 Salamine,
617 1926 722 1959 quem
750 1919 890 1946 tautum
915 1914 1032 1947 verbis
1056 1912 1161 1947 inho-

158 1973 259 2002 nesta
276 1967 486 2001 suadentem
503 1971 647 1999 senatus
662 1977 746 1998 mox
762 1965 834 1999 suis
860 1965 1025 1999 manibus
1050 1966 1161 1999 inter-

157 2019 249 2053 fecit.
291 2016 331 2051 Id
348 2018 529 2051 decretum
549 2016 789 2061 magnitudini
808 2016 1013 2051 animorum
1032 2016 1069 2050 in
1086 2030 1161 2051 ma-

158 2070 295 2104 ioribus
331 2069 458 2104 vestris
495 2069 729 2102 conveniebat
747 2095 756 2108 ,
808 2081 880 2114 quo
915 2069 1160 2110 declarabant,

158 2127 395 2168 propagatam
412 2122 449 2154 in
466 2133 501 2155 se
525 2133 618 2161 esse,
648 2127 680 2154 et
704 2120 953 2153 fortitudinem
977 2121 1157 2155 maiorum

158 2175 197 2208 in
215 2174 346 2208 tuenda
365 2172 500 2217 patria,
538 2179 572 2206 et
597 2172 768 2206 iustitiam
797 2173 966 2206 adversus
991 2173 1159 2217 perfidos.

155 2226 252 2262 Num
283 2225 393 2270 igitur
423 2224 578 2269 patrium
610 2224 752 2258 videtur
790 2223 1158 2269 proditori‘parcere,

158 2291 238 2312 cum
256 2277 326 2316 illi,
354 2276 496 2309 civitate
514 2276 631 2310 Attica
649 2277 762 2310 deleta
775 2303 784 2316 ,
814 2282 935 2309 tamen
960 2288 1039 2309 eum
1052 2304 1061 2318 ,
1095 2277 1158 2322 qui

157 2336 299 2374 turpem
325 2328 538 2363 sententiam
564 2328 722 2369 dixerat,
757 2327 1023 2361 interfecerint?
1084 2328 1157 2363 Vos

157 2382 201 2415 de
218 2381 305 2422 isto,
331 2380 393 2427 qui
409 2386 562 2414 stantem
578 2387 612 2414 et
637 2380 853 2414 incolumem
879 2380 1032 2424 patriam
1059 2381 1156 2414 dese-

193 2500 257 2529 ¹00)
276 2499 417 2528 moneret]
442 2497 483 2522 sic
506 2498 555 2522 Ed.
576 2498 670 2528 1554.;
703 2498 788 2522 Editt.
810 2498 902 2529 ¹548„
929 2497 1004 2522 1562.
1030 2499 1156 2523 moveret

226 2537 362 2566 (Lycurg.
381 2531 561 2565 παράδειγμα
581 2550 587 2556 .
607 2551 613 2557 .
635 2550 640 2556 .
659 2532 860 2562 καταλίποιεν).

190 2579 275 2606 100³)
294 2576 453 2603 Deceleam]
473 2576 656 2608 Editt.1548.‚
678 2576 766 2608 1554„
787 2577 863 2603 1562.
883 2576 969 2600 male:
989 2575 1155 2600 Decelaeam

220 2615 334 2643 (nomen
353 2619 395 2644 gr.
415 2613 457 2635 est
474 2609 628 2642 Δεκέλεια).

191 2658 220 2686 1)
239 2657 309 2680 Huic
332 2654 437 2680 nomini
463 2654 490 2678 in
516 2654 600 2679 Editt.
622 2654 716 2683 1548„
751 2654 827 2678 1554.
852 2654 994 2684 adscripta
1020 2655 1062 2678 est
1087 2655 1154 2678 nota

223 2691 355 2722 margin:
393 2690 432 2713 De
459 2690 510 2713 hoc
535 2689 598 2712 vide
617 2689 787 2713 Herodotum
812 2689 840 2713 iu
860 2689 986 2719 Calliope
1011 2688 1078 2718 DX,
1098 2690 1152 2718 5.].

223 2726 340 2750 eundem
358 2725 560 2748 Demosthenes
579 2723 722 2754 Cyrsilum
742 2725 823 2747 vocat
842 2724 885 2753 [iu
906 2725 978 2747 orat.
998 2723 1031 2746 de
1049 2729 1153 2747 corona

227 2768 251 2791 p.
265 2761 324 2784 296.
346 2760 388 2785 ed.
402 2759 522 2789 Beiske3
542 2758 606 2782 vide
619 2758 804 2783 Melanthonis
818 2757 934 2789 interpr.
949 2758 1007 2782 eius
1027 2765 1052 2788 ι).
1065 2758 1152 2788 844.].

338 128 494 166 ΧΧΧΙΧ.
537 127 938 165 INTERPRETATIO
965 128 1228 166 ORATIONIS
1254 129 1470 167 LYCURGI
1497 129 1696 166 CONTRA
1722 129 2039 168 LEOCRATEM.

2138 134 2214 171 970

1216 217 1308 258 ruit,
1359 217 1445 264 quid
1478 224 1633 251 statuere
1664 216 1789 250 decet?
1863 217 1993 252 Nonne
2026 220 2213 253 severitate

1217 269 1324 302 etiam
1349 281 1518 314 superare
1543 268 1724 302 maiores?

1321 320 1483 367 Cumque
1511 320 1562 353 illi
1586 332 1702 365 poena
1729 319 1924 353 adfecerint
1951 332 2031 361 eos,
2065 321 2127 367 qui
2152 323 2216 355 ali-

1218 372 1304 417 quid
1329 373 1372 406 de
1394 372 1520 417 populi
1543 371 1751 406 commodis
1766 372 2036 416 decerpserant,
2078 381 2215 419 quanto

1218 423 1331 467 magis
1348 424 1452 457 irasci
1469 436 1533 457 vos
1548 423 1590 458 iis
1607 424 1725 464 decet,
1753 422 1816 469 qui
1837 423 1987 457 salutem
2013 424 2126 468 ipsam
2151 438 2216 470 po-

1217 475 1294 519 puli
1308 475 1562 520 prodiderunt!
1617 475 1779 521 Cumque
1796 474 1847 507 illi
1863 475 2051 509 severitate
2069 477 2123 510 usi
2145 477 2216 511 sint

1218 527 1388 561 adversus
1405 539 1484 566 eos,
1513 526 1574 572 qui
1590 533 1712 559 contra
1732 526 1881 570 gloriam
1900 526 2052 561 civitatis
2069 528 2216 562 consilia

1218 575 1407 611 inhonesta
1428 578 1582 618 dabant,
1610 584 1746 623 quanto
1768 578 1880 622 magis
1904 578 2006 612 vobis
2030 579 2218 613 incolumi-

1218 635 1270 662 tas
1289 629 1362 673 ipsa
1382 629 1520 673 patriae
1534 641 1640 662 curae
1661 641 1733 663 esse
1751 629 1868 662 debet!
1905 629 1982 664 Etsi
1996 628 2083 664 haec
2101 644 2218 665 exem-

1217 680 1277 724 plo
1295 680 1475 714 sufficiunt
1500 681 1543 712 ad
1564 681 1816 713 declarandam
1843 681 2022 715 maiorum
2050 683 2219 716 severita-

1218 737 1310 771 tem,
1346 738 1467 764 tamen
1492 738 1526 764 et
1553 738 1692 764 caetera
1714 732 1852 765 decreta
1879 732 1915 765 in
1940 734 2104 767 columna
2130 735 2218 768 reci-

1217 783 1322 823 tabo,
1356 783 1399 816 de
1417 783 1662 827 proditoribus
1679 789 1712 816 et
1729 783 1790 823 iis,
1826 784 1887 828 qui
1911 790 2041 818 statum
2068 787 2219 831 popula-

1217 847 1292 867 rem
1319 841 1472 868 mutant.
1530 834 1621 868 Nam
1650 835 1894 879 exemplorum
1917 837 2110 870 multitudo
2135 838 2222 871 facit

1217 886 1512 919 diiudicationem
1530 886 1740 919 faciliorem.
1793 885 1885 920 Nam
1910 895 1990 931 post
2014 888 2221 924 interfectos

1217 937 1364 981 triginta
1391 945 1584 983 tyrannos,
1619 950 1697 971 cum
1721 944 1840 982 patres
1865 939 1973 972 vestri
1996 941 2173 974 atrociora
2200 953 2219 974 a

1218 989 1373 1030 civibus,
1401 1002 1509 1035 quam
1528 989 1571 1022 ab
1589 989 1669 1023 ullis
1687 1001 1846 1035 uuquam
1866 987 2028 1024 hostibus
2051 992 2145 1036 passi
2170 1005 2222 1026 es·

1218 1047 1314 1081 sent,
1356 1048 1389 1074 et
1415 1042 1473 1074 vix
1500 1041 1759 1085 rempublicam
1789 1050 2080 1087 recuperassent,
2125 1044 2221 1077 docti

1218 1092 1457 1137 experientia,
1499 1104 1624 1126 omnes
1654 1092 1730 1126 vias
1761 1093 1933 1127 scelerum
1967 1095 2151 1129 obstruere
2187 1102 2223 1129 et

1217 1144 1329 1178 initiis
1356 1157 1395 1177 ac
1418 1144 1539 1189 pravis
1568 1144 1724 1178 consiliis
1758 1156 1944 1178 occurrere
1978 1147 2098 1179 conati
2127 1153 2222 1182 sunt.

1216 1195 1386 1230 Iurarunt
1403 1195 1512 1240 igitur
1531 1195 1567 1228 in
1586 1194 1654 1229 hoc
1671 1197 1852 1229 decretum
1863 1197 1912 1244 ⁴²):
1947 1197 1983 1230 Si
2001 1199 2080 1243 quis
2099 1205 2222 1245 tyran-

1218 1248 1337 1280 nidem
1363 1247 1554 1287 invadere,
1582 1254 1643 1281 aut
1666 1248 1791 1281 urbem
1813 1250 1986 1292 prodere,
2021 1256 2083 1283 aut
2106 1263 2222 1295 popu-

1216 1300 1328 1332 larem
1348 1305 1478 1333 statum
1506 1299 1700 1332 dissolvere
1724 1306 1892 1341 conetur,
1926 1299 2022 1334 hunc
2046 1302 2140 1335 licite
2166 1303 2221 1335 in-

1217 1351 1328 1384 terfici
1355 1351 1398 1383 ab
1426 1350 1613 1391 omnibus,
1649 1350 1853 1396 quicunque
1887 1352 1923 1385 id
1955 1353 2222 1397 praeviderent,

1216 1402 1477 1447 videbaturque
1492 1402 1619 1436 melius
1636 1414 1737 1442 eum,
1773 1402 1833 1448 qui
1855 1416 1997 1438 causam
2025 1406 2221 1450 suspicioni

1216 1454 1452 1499 praebuerat,
1483 1453 1652 1494 interfici,
1687 1466 1794 1499 quam
1821 1462 2005 1500 expectato
2030 1464 2159 1491 eventu
2183 1458 2220 1490 in

1216 1505 1424 1540 servitutem
1450 1505 1585 1539 venire.
1650 1504 1756 1538 Initio
1790 1507 1885 1540 enim
1914 1507 2116 1552 puniendos
2147 1521 2222 1543 esse

1217 1557 1310 1591 cives
1340 1564 1547 1597 senserunt,
1590 1568 1635 1589 ne
1666 1557 1745 1602 quis
1774 1558 1829 1591 vel
1855 1559 2049 1603 suspicioni
2075 1573 2219 1595 causam

1216 1609 1415 1653 praeberet.

1649 1676 1786 1712 Recita.

1320 1735 1416 1768 Haec
1434 1734 1623 1767 columnae
1647 1734 1820 1781 inscripta
1847 1744 1949 1778 sunt,
1985 1751 2076 1784 quae
2098 1739 2135 1772 iu
2159 1751 2219 1773 cu-

1214 1787 1267 1820 ria
1280 1813 1290 1827 ,
1318 1793 1357 1820 ut
1376 1787 1629 1819 convenientes
1645 1785 1693 1819 ibi
1712 1794 1896 1822 senatores
1912 1791 2119 1832 admoueat,
2148 1793 2219 1824 col-

1214 1839 1329 1872 locata
1347 1844 1409 1871 est.
1463 1835 1547 1870 Ideo
1575 1843 1694 1870 autem
1721 1839 1925 1873 iuramento
1952 1841 2128 1876 sancitum
2153 1850 2217 1884 est,

1213 1891 1320 1923 licere
1336 1889 1479 1934 privato
1504 1889 1704 1922 interficere
1728 1890 1944 1934 proditionis
1969 1894 2116 1928 consilia
2143 1895 2216 1939 agi-

1214 1948 1371 1981 tantem,
1417 1940 1500 1986 quia
1534 1940 1571 1973 in
1601 1941 1749 1975 caeteris
1780 1943 1917 1977 delictis
1947 1956 2082 1989 poenas
2114 1947 2215 1992 sequi

1215 1993 1401 2033 convenit,
1442 1992 1479 2025 in
1509 1992 1716 2037 proditione
1742 2006 1827 2027 vero
1852 2001 1885 2028 et
1910 1996 2136 2031 affectatione
2162 2005 2215 2044 ty-

1213 2045 1376 2079 rannidis
1399 2050 1565 2077 eventum
1591 2045 1766 2078 anteverti
1790 2059 1930 2081 necesse
1957 2048 2060 2096 est3).
2120 2050 2214 2084 Nam

1213 2097 1242 2131 si
1266 2096 1435 2131 articulus
1457 2095 1696 2141 perficiendae
1726 2096 1944 2141 proditionis
1977 2102 2215 2145 expectandus

1213 2149 1298 2189 erit,
1327 2147 1450 2182 civitas
1469 2159 1637 2192 oppressa
1665 2160 1739 2181 non
1762 2150 1896 2194 poterit
1919 2151 2010 2192 iam,
2045 2159 2107 2186 aut
2129 2166 2213 2198 pro-

1211 2201 1354 2245 pulsare
1379 2199 1598 2245 periculum,
1627 2206 1689 2233 aut
1713 2212 1869 2245 poenam
1895 2203 1939 2236 de
1960 2203 2034 2236 ullo
2060 2216 2212 2242 sumere.

1211 2252 1313 2286 Hanc
1336 2251 1517 2286 maiorum
1540 2250 1829 2296 providentiam,
1872 2261 1906 2287 et
1930 2252 2017 2288 haec
2049 2258 2212 2301 exempla

1209 2304 1247 2337 in
1263 2302 1331 2338 hoc
1356 2303 1489 2338 iudicio
1514 2302 1730 2344 imitamini,
1763 2316 1828 2338 nec
1851 2304 1889 2338 in
1911 2306 2059 2340 serendo
2084 2308 2211 2342 suffra-

1210 2357 1268 2401 gio
1287 2363 1385 2390 ortus
1402 2354 1510 2389 vestri
1526 2354 1798 2396 obliviscimini,
1826 2357 1887 2390 sed
1906 2358 2006 2392 vobis
2022 2358 2108 2403 ipsis
2126 2358 2211 2394 hor-

1209 2415 1342 2442 tatores
1361 2413 1472 2442 estote
1490 2406 1584 2440 inter
1602 2418 1686 2447 vos,
1714 2413 1753 2440 ut
1777 2409 1970 2444 sententias
1996 2410 2042 2443 ad
2062 2411 2208 2446 illorum

1209 2461 1369 2505 exempla
1386 2464 1621 2502 congruentes
1637 2458 1777 2496 seratis;
1795 2466 1878 2492 sunt
1895 2461 1990 2494 enim
2006 2462 2043 2494 in
2060 2475 2207 2508 conspe-

1208 2518 1266 2546 ctu
1283 2510 1443 2557 exempla
1459 2511 1497 2543 in
1516 2507 1570 2544 his
1586 2509 1748 2551 decretis,
1768 2523 1859 2556 quae
1876 2515 2049 2548 recensui.
2090 2514 2136 2549 Et
2153 2516 2205 2549 iu-

1241 2611 1272 2641 2)
1294 2613 1364 2670 Etl.
1390 2612 1418 2636 in
1442 2612 1527 2637 Editt.
1550 2612 1642 2641 15⁴8„
1674 2612 1750 2636 1554.
1780 2614 1846 2637 nota
1876 2615 2009 2646 margum
2045 2616 2126 2640 Aliud
2152 2617 2202 2641 de-

1275 2653 1321 2670 cre
1337 2654 1388 2670 um.

1238 2690 1269 2718 ³)
1291 2691 1323 2714 fl.
1343 2691 1361 2714 l.
1386 2690 1414 2714 iu
1436 2690 1522 2715 Editt.
1544 2690 1636 2722 1548„
1663 2691 1737 2715 155⁴.
1762 2692 1829 2715 nota
1853 2693 1985 2723 margin:
2017 2693 2199 2724 Amplificatio

1274 2725 1395 2749 criminis
1415 2731 1464 2756 per
1483 2725 1666 2750 collationem.
1705 2725 1734 2748 In
1752 2726 1895 2750 atrocibus
1921 2728 2027 2752 delictis
2053 2735 2106 2753 non
2134 2732 2197 2752 tan-

1273 2763 1328 2783 tum
1348 2762 1480 2789 eventus,
1505 2759 1555 2783 sed
1574 2761 1601 2783 et
1618 2761 1734 2784 conatus
1753 2760 1874 2791 punitur.
