<?xml version="1.0" encoding="UTF-8"?>
<!DOCTYPE html PUBLIC "-//W3C//DTD XHTML 1.0 Transitional//EN"
    "http://www.w3.org/TR/xhtml1/DTD/xhtml1-transitional.dtd">
<html xmlns="http://www.w3.org/1999/xhtml" xml:lang="en" lang="en">
 <head>
  <title>
</title>
<meta http-equiv="Content-Type" content="text/html;charset=utf-8" />
  <meta name='ocr-system' content='tesseract 3.04.00' />
  <meta name='ocr-capabilities' content='ocr_page ocr_carea ocr_par ocr_line ocrx_word'/>
</head>
<body>
  <div class='ocr_page' id='page_1' title='image "./operaquaesupersu17melauoft/operaquaesupersu17melauoft_0103.png"; bbox 0 0 2294 2975; ppageno 0'>
   <div class='ocr_carea' id='block_1_1' title="bbox 95 132 373 169">
    <p class='ocr_par' dir='ltr' id='par_1_1' title="bbox 95 132 373 169">
     <span class='ocr_line' id='line_1_1' title="bbox 95 132 373 169; baseline 0.004 -1"><span class='ocrx_word' id='word_1_1' title='bbox 95 134 162 168; x_wconf 79' lang='lat'><strong>181</strong></span> <span class='ocrx_word' id='word_1_2' title='bbox 252 132 373 169; x_wconf 75' lang='lat' dir='ltr'><strong>XXIII.</strong></span> 
     </span>
    </p>
   </div>
   <div class='ocr_carea' id='block_1_2' title="bbox 68 218 1073 1527">
    <p class='ocr_par' dir='ltr' id='par_1_2' title="bbox 76 218 1073 826">
     <span class='ocr_line' id='line_1_2' title="bbox 84 218 1073 264; baseline 0.004 -13"><span class='ocrx_word' id='word_1_3' title='bbox 84 220 179 264; x_wconf 77' lang='lat' dir='ltr'><strong>quod</strong></span> <span class='ocrx_word' id='word_1_4' title='bbox 205 220 254 253; x_wconf 90' lang='lat' dir='ltr'><strong>ait</strong></span> <span class='ocrx_word' id='word_1_5' title='bbox 286 218 378 253; x_wconf 90' lang='lat' dir='ltr'><strong>hanc</strong></span> <span class='ocrx_word' id='word_1_6' title='bbox 410 219 621 253; x_wconf 72' lang='lat' dir='ltr'>sententiam</span> <span class='ocrx_word' id='word_1_7' title='bbox 651 219 718 253; x_wconf 88' lang='lat' dir='ltr'><strong>sihi</strong></span> <span class='ocrx_word' id='word_1_8' title='bbox 747 232 860 264; x_wconf 89' lang='lat' dir='ltr'><strong>paene</strong></span> <span class='ocrx_word' id='word_1_9' title='bbox 895 233 1073 255; x_wconf 78' lang='lat' dir='ltr'>excussam</span> 
     </span>
     <span class='ocr_line' id='line_1_3' title="bbox 85 270 1073 308; baseline 0.003 -5"><span class='ocrx_word' id='word_1_10' title='bbox 85 283 158 304; x_wconf 81' lang='lat' dir='ltr'><strong>esse</strong></span> <span class='ocrx_word' id='word_1_11' title='bbox 177 271 212 304; x_wconf 85' lang='lat' dir='ltr'><strong>in</strong></span> <span class='ocrx_word' id='word_1_12' title='bbox 241 271 348 304; x_wconf 88' lang='lat' dir='ltr'><strong>tantis</strong></span> <span class='ocrx_word' id='word_1_13' title='bbox 374 270 651 308; x_wconf 86' lang='lat' dir='ltr'><strong>calamitatibus;</strong></span> <span class='ocrx_word' id='word_1_14' title='bbox 694 271 754 304; x_wconf 87' lang='lat' dir='ltr'><strong>sed</strong></span> <span class='ocrx_word' id='word_1_15' title='bbox 785 283 820 304; x_wconf 91' lang='lat' dir='ltr'><strong>se</strong></span> <span class='ocrx_word' id='word_1_16' title='bbox 846 283 968 305; x_wconf 92' lang='lat' dir='ltr'><strong>rursus</strong></span> <span class='ocrx_word' id='word_1_17' title='bbox 996 285 1073 306; x_wconf 91' lang='lat' dir='ltr'><strong>eam</strong></span> 
     </span>
     <span class='ocr_line' id='line_1_4' title="bbox 85 321 1073 369; baseline 0.005 -16"><span class='ocrx_word' id='word_1_18' title='bbox 85 322 195 365; x_wconf 81' lang='lat' dir='ltr'><strong>magis</strong></span> <span class='ocrx_word' id='word_1_19' title='bbox 204 322 250 369; x_wconf 74' lang='lat'><strong>²³)</strong></span> <span class='ocrx_word' id='word_1_20' title='bbox 267 322 450 366; x_wconf 73' lang='lat' dir='ltr'>amplecti,</span> <span class='ocrx_word' id='word_1_21' title='bbox 479 321 701 354; x_wconf 85' lang='lat' dir='ltr'><strong>admonitum</strong></span> <span class='ocrx_word' id='word_1_22' title='bbox 720 321 862 356; x_wconf 91' lang='lat' dir='ltr'><strong>Lucceii</strong></span> <span class='ocrx_word' id='word_1_23' title='bbox 871 322 916 368; x_wconf 66' lang='lat'><strong>2⁵¹)</strong></span> <span class='ocrx_word' id='word_1_24' title='bbox 936 323 1073 359; x_wconf 87' lang='lat' dir='ltr'><strong>litteris.</strong></span> 
     </span>
     <span class='ocr_line' id='line_1_5' title="bbox 82 372 1073 418; baseline 0.003 -13"><span class='ocrx_word' id='word_1_25' title='bbox 82 372 222 406; x_wconf 81' lang='lat' dir='ltr'><strong>Deinde</strong></span> <span class='ocrx_word' id='word_1_26' title='bbox 252 373 412 418; x_wconf 80' lang='lat' dir='ltr'><strong>sequitur</strong></span> <span class='ocrx_word' id='word_1_27' title='bbox 437 372 655 417; x_wconf 82' lang='lat' dir='ltr'><strong>propositio,</strong></span> <span class='ocrx_word' id='word_1_28' title='bbox 683 373 780 406; x_wconf 77' lang='lat' dir='ltr'><strong>velut</strong></span> <span class='ocrx_word' id='word_1_29' title='bbox 811 374 990 408; x_wconf 75' lang='lat' dir='ltr'><strong>conclusio</strong></span> <span class='ocrx_word' id='word_1_30' title='bbox 1017 388 1073 408; x_wconf 81' lang='lat' dir='ltr'><strong>ex-</strong></span> 
     </span>
     <span class='ocr_line' id='line_1_6' title="bbox 85 421 1070 468; baseline 0.004 -13"><span class='ocrx_word' id='word_1_31' title='bbox 85 424 194 456; x_wconf 86' lang='lat' dir='ltr'><strong>ordii:</strong></span> <span class='ocrx_word' id='word_1_32' title='bbox 215 423 371 456; x_wconf 72' lang='lat' dir='ltr'>Litterae</span> <span class='ocrx_word' id='word_1_33' title='bbox 389 430 470 456; x_wconf 86' lang='lat' dir='ltr'><strong>tuae</strong></span> <span class='ocrx_word' id='word_1_34' title='bbox 487 430 569 457; x_wconf 88' lang='lat' dir='ltr'><strong>sunt</strong></span> <span class='ocrx_word' id='word_1_35' title='bbox 583 421 671 456; x_wconf 88' lang='lat' dir='ltr'><strong>mihi</strong></span> <span class='ocrx_word' id='word_1_36' title='bbox 686 424 917 468; x_wconf 73' lang='lat' dir='ltr'>gratissimae.</span> <span class='ocrx_word' id='word_1_37' title='bbox 944 425 1070 459; x_wconf 78' lang='lat' dir='ltr'><strong>Postea</strong></span> 
     </span>
     <span class='ocr_line' id='line_1_7' title="bbox 82 474 1072 510; baseline 0.004 -4"><span class='ocrx_word' id='word_1_38' title='bbox 82 474 280 508; x_wconf 69' lang='lat' dir='ltr'><strong>instituitur</strong></span> <span class='ocrx_word' id='word_1_39' title='bbox 308 474 450 507; x_wconf 85' lang='lat' dir='ltr'><strong>collatio</strong></span> <span class='ocrx_word' id='word_1_40' title='bbox 474 474 772 509; x_wconf 84' lang='lat' dir='ltr'><strong>consolationum.</strong></span> <span class='ocrx_word' id='word_1_41' title='bbox 831 475 992 509; x_wconf 87' lang='lat' dir='ltr'><strong>Primum</strong></span> <span class='ocrx_word' id='word_1_42' title='bbox 1023 478 1072 510; x_wconf 87' lang='lat' dir='ltr'><strong>ait</strong></span> 
     </span>
     <span class='ocr_line' id='line_1_8' title="bbox 82 525 1070 572; baseline 0.003 -14"><span class='ocrx_word' id='word_1_43' title='bbox 82 527 249 569; x_wconf 79' lang='lat' dir='ltr'><strong>prodesse</strong></span> <span class='ocrx_word' id='word_1_44' title='bbox 279 525 346 558; x_wconf 87' lang='lat' dir='ltr'><strong>sibi</strong></span> <span class='ocrx_word' id='word_1_45' title='bbox 378 531 452 558; x_wconf 88' lang='lat' dir='ltr'><strong>tum</strong></span> <span class='ocrx_word' id='word_1_46' title='bbox 491 532 722 569; x_wconf 84' lang='lat' dir='ltr'><strong>argumenta,</strong></span> <span class='ocrx_word' id='word_1_47' title='bbox 763 532 836 559; x_wconf 91' lang='lat' dir='ltr'><strong>tum</strong></span> <span class='ocrx_word' id='word_1_48' title='bbox 872 528 1070 572; x_wconf 79' lang='lat' dir='ltr'><strong>exemplum</strong></span> 
     </span>
     <span class='ocr_line' id='line_1_9' title="bbox 79 575 1070 621; baseline 0.004 -13"><span class='ocrx_word' id='word_1_49' title='bbox 79 576 232 610; x_wconf 89' lang='lat' dir='ltr'><strong>Lucceii.</strong></span> <span class='ocrx_word' id='word_1_50' title='bbox 310 576 448 609; x_wconf 85' lang='lat' dir='ltr'><strong>Deinde</strong></span> <span class='ocrx_word' id='word_1_51' title='bbox 478 575 709 621; x_wconf 81' lang='lat' dir='ltr'><strong>reprehendit</strong></span> <span class='ocrx_word' id='word_1_52' title='bbox 747 585 996 620; x_wconf 82' lang='lat' dir='ltr'><strong>argumentum</strong></span> <span class='ocrx_word' id='word_1_53' title='bbox 1027 580 1070 613; x_wconf 89' lang='lat' dir='ltr'><strong>de</strong></span> 
     </span>
     <span class='ocr_line' id='line_1_10' title="bbox 78 626 1069 673; baseline 0.003 -12"><span class='ocrx_word' id='word_1_54' title='bbox 78 639 158 671; x_wconf 87' lang='lat' dir='ltr'><strong>spe;</strong></span> <span class='ocrx_word' id='word_1_55' title='bbox 187 626 237 660; x_wconf 86' lang='lat' dir='ltr'><strong>ait</strong></span> <span class='ocrx_word' id='word_1_56' title='bbox 251 639 286 661; x_wconf 89' lang='lat' dir='ltr'><strong>se</strong></span> <span class='ocrx_word' id='word_1_57' title='bbox 303 627 489 660; x_wconf 81' lang='lat' dir='ltr'><strong>fortiorem</strong></span> <span class='ocrx_word' id='word_1_58' title='bbox 506 640 579 662; x_wconf 88' lang='lat' dir='ltr'><strong>esse</strong></span> <span class='ocrx_word' id='word_1_59' title='bbox 593 654 602 668; x_wconf 89' lang='lat'><strong>,</strong></span> <span class='ocrx_word' id='word_1_60' title='bbox 631 628 713 673; x_wconf 84' lang='lat' dir='ltr'><strong>quia</strong></span> <span class='ocrx_word' id='word_1_61' title='bbox 731 626 821 661; x_wconf 82' lang='lat' dir='ltr'><strong>nihil</strong></span> <span class='ocrx_word' id='word_1_62' title='bbox 838 629 912 673; x_wconf 90' lang='lat' dir='ltr'><strong>spei</strong></span> <span class='ocrx_word' id='word_1_63' title='bbox 930 627 1069 665; x_wconf 78' lang='lat' dir='ltr'><strong>haheat.</strong></span> 
     </span>
     <span class='ocr_line' id='line_1_11' title="bbox 77 677 1066 724; baseline 0.004 -14"><span class='ocrx_word' id='word_1_64' title='bbox 77 677 242 711; x_wconf 86' lang='lat' dir='ltr'><strong>Tertium</strong></span> <span class='ocrx_word' id='word_1_65' title='bbox 266 681 521 723; x_wconf 81' lang='lat' dir='ltr'><strong>&#39;argumentum</strong></span> <span class='ocrx_word' id='word_1_66' title='bbox 556 679 809 713; x_wconf 74' lang='lat' dir='ltr'><strong>consolationis</strong></span> <span class='ocrx_word' id='word_1_67' title='bbox 839 687 1020 724; x_wconf 89' lang='lat' dir='ltr'><strong>sumptum</strong></span> <span class='ocrx_word' id='word_1_68' title='bbox 1049 694 1066 714; x_wconf 92' lang='lat' dir='ltr'><strong>a</strong></span> 
     </span>
     <span class='ocr_line' id='line_1_12' title="bbox 78 729 1069 774; baseline 0.002 -13"><span class='ocrx_word' id='word_1_69' title='bbox 78 729 292 762; x_wconf 85' lang='lat' dir='ltr'><strong>conscientia</strong></span> <span class='ocrx_word' id='word_1_70' title='bbox 322 742 441 763; x_wconf 83' lang='lat' dir='ltr'><strong>rerum</strong></span> <span class='ocrx_word' id='word_1_71' title='bbox 466 737 642 774; x_wconf 82' lang='lat' dir='ltr'><strong>gestarum</strong></span> <span class='ocrx_word' id='word_1_72' title='bbox 667 731 860 774; x_wconf 72' lang='lat' dir='ltr'><strong>approbat:</strong></span> <span class='ocrx_word' id='word_1_73' title='bbox 885 731 980 773; x_wconf 65' lang='lat' dir='ltr'><strong>Ergo</strong></span> <span class='ocrx_word' id='word_1_74' title='bbox 1008 732 1069 764; x_wconf 73' lang='lat' dir='ltr'><strong>al»-</strong></span> 
     </span>
     <span class='ocr_line' id='line_1_13' title="bbox 76 781 1015 826; baseline 0.002 -13"><span class='ocrx_word' id='word_1_75' title='bbox 76 781 202 813; x_wconf 89' lang='lat' dir='ltr'><strong>ducam</strong></span> <span class='ocrx_word' id='word_1_76' title='bbox 229 793 284 813; x_wconf 89' lang='lat' dir='ltr'><strong>me</strong></span> <span class='ocrx_word' id='word_1_77' title='bbox 307 793 325 813; x_wconf 90' lang='lat' dir='ltr'><strong>a</strong></span> <span class='ocrx_word' id='word_1_78' title='bbox 346 782 460 820; x_wconf 83' lang='lat' dir='ltr'><strong>luctu,</strong></span> <span class='ocrx_word' id='word_1_79' title='bbox 488 788 521 814; x_wconf 89' lang='lat' dir='ltr'><strong>et</strong></span> <span class='ocrx_word' id='word_1_80' title='bbox 539 782 749 815; x_wconf 75' lang='lat' dir='ltr'><strong>transferam</strong></span> <span class='ocrx_word' id='word_1_81' title='bbox 773 783 817 814; x_wconf 88' lang='lat' dir='ltr'><strong>ad</strong></span> <span class='ocrx_word' id='word_1_82' title='bbox 834 782 947 815; x_wconf 84' lang='lat' dir='ltr'><strong>studia</strong></span> <span class='ocrx_word' id='word_1_83' title='bbox 958 782 1015 826; x_wconf 66' lang='grc'><strong>25).</strong></span> 
     </span>
    </p>

    <p class='ocr_par' dir='ltr' id='par_1_3' title="bbox 68 829 1066 978">
     <span class='ocr_line' id='line_1_14' title="bbox 179 829 1066 877; baseline 0.001 -12"><span class='ocrx_word' id='word_1_84' title='bbox 179 829 209 875; x_wconf 60' lang='grc' dir='ltr'><strong>ἓ.</strong></span> <span class='ocrx_word' id='word_1_85' title='bbox 237 832 268 865; x_wconf 91' lang='grc'><strong>1.</strong></span> <span class='ocrx_word' id='word_1_86' title='bbox 311 833 518 877; x_wconf 79' lang='lat' dir='ltr'><strong>Quamquam</strong></span> <span class='ocrx_word' id='word_1_87' title='bbox 546 833 632 876; x_wconf 71' lang='lat' dir='ltr'><strong>ipsa]</strong></span> <span class='ocrx_word' id='word_1_88' title='bbox 666 832 884 872; x_wconf 83' lang='lat' dir='ltr'><strong>Exordium,</strong></span> <span class='ocrx_word' id='word_1_89' title='bbox 919 833 1005 877; x_wconf 85' lang='lat' dir='ltr'><strong>quid</strong></span> <span class='ocrx_word' id='word_1_90' title='bbox 1030 833 1066 866; x_wconf 91' lang='lat' dir='ltr'><strong>in</strong></span> 
     </span>
     <span class='ocr_line' id='line_1_15' title="bbox 74 881 1065 928; baseline 0.003 -14"><span class='ocrx_word' id='word_1_91' title='bbox 74 882 199 915; x_wconf 87' lang='lat' dir='ltr'><strong>litteris</strong></span> <span class='ocrx_word' id='word_1_92' title='bbox 215 881 356 915; x_wconf 89' lang='lat' dir='ltr'><strong>Lucceii</strong></span> <span class='ocrx_word' id='word_1_93' title='bbox 380 883 532 916; x_wconf 78' lang='lat' dir='ltr'><strong>maxime</strong></span> <span class='ocrx_word' id='word_1_94' title='bbox 556 884 700 927; x_wconf 88' lang='lat' dir='ltr'><strong>probet,</strong></span> <span class='ocrx_word' id='word_1_95' title='bbox 725 883 855 916; x_wconf 87' lang='lat' dir='ltr'><strong>scilicet</strong></span> <span class='ocrx_word' id='word_1_96' title='bbox 879 884 973 928; x_wconf 89' lang='lat' dir='ltr'><strong>quod</strong></span> <span class='ocrx_word' id='word_1_97' title='bbox 993 884 1065 928; x_wconf 90' lang='lat' dir='ltr'><strong>ipse</strong></span> 
     </span>
     <span class='ocr_line' id='line_1_16' title="bbox 68 933 1038 978; baseline 0.003 -13"><span class='ocrx_word' id='word_1_98' title='bbox 68 933 232 967; x_wconf 85' lang='lat' dir='ltr'><strong>videatur</strong></span> <span class='ocrx_word' id='word_1_99' title='bbox 246 946 281 966; x_wconf 93' lang='lat' dir='ltr'><strong>se</strong></span> <span class='ocrx_word' id='word_1_100' title='bbox 301 940 423 966; x_wconf 87' lang='lat' dir='ltr'><strong>contra</strong></span> <span class='ocrx_word' id='word_1_101' title='bbox 441 935 621 966; x_wconf 80' lang='lat' dir='ltr'><strong>fortunam</strong></span> <span class='ocrx_word' id='word_1_102' title='bbox 639 934 778 966; x_wconf 90' lang='lat' dir='ltr'><strong>munire</strong></span> <span class='ocrx_word' id='word_1_103' title='bbox 795 933 968 977; x_wconf 80' lang='lat' dir='ltr'><strong>sapientia</strong></span> <span class='ocrx_word' id='word_1_104' title='bbox 979 935 1038 978; x_wconf 71' lang='lat'><strong>²⁰).</strong></span> 
     </span>
    </p>

    <p class='ocr_par' dir='ltr' id='par_1_4' title="bbox 177 982 1032 1031">
     <span class='ocr_line' id='line_1_17' title="bbox 177 982 1032 1031; baseline 0.002 -14"><span class='ocrx_word' id='word_1_105' title='bbox 177 983 207 1028; x_wconf 57' lang='grc' dir='ltr'><strong>ᾗ.</strong></span> <span class='ocrx_word' id='word_1_106' title='bbox 223 987 258 1019; x_wconf 71' lang='lat'><strong>2.</strong></span> <span class='ocrx_word' id='word_1_107' title='bbox 284 987 401 1029; x_wconf 74' lang='lat' dir='ltr'><strong>Itaque</strong></span> <span class='ocrx_word' id='word_1_108' title='bbox 417 986 476 1018; x_wconf 78' lang='lat' dir='ltr'><strong>hoc</strong></span> <span class='ocrx_word' id='word_1_109' title='bbox 489 982 642 1031; x_wconf 70' lang='lat' dir='ltr'><strong>saepius]</strong></span> <span class='ocrx_word' id='word_1_110' title='bbox 672 984 859 1019; x_wconf 89' lang='lat' dir='ltr'><strong>Conclusio</strong></span> <span class='ocrx_word' id='word_1_111' title='bbox 885 986 1032 1019; x_wconf 90' lang='lat' dir='ltr'><strong>exordii.</strong></span> 
     </span>
    </p>

    <p class='ocr_par' dir='ltr' id='par_1_5' title="bbox 69 1034 1064 1233">
     <span class='ocr_line' id='line_1_18' title="bbox 175 1034 1063 1083; baseline 0.001 -14"><span class='ocrx_word' id='word_1_112' title='bbox 175 1034 205 1079; x_wconf 61' lang='grc' dir='ltr'><strong>ἓ.</strong></span> <span class='ocrx_word' id='word_1_113' title='bbox 231 1036 266 1069; x_wconf 82' lang='lat'><strong>3.</strong></span> <span class='ocrx_word' id='word_1_114' title='bbox 301 1037 356 1069; x_wconf 81' lang='lat' dir='ltr'><strong>Ad</strong></span> <span class='ocrx_word' id='word_1_115' title='bbox 393 1037 629 1070; x_wconf 75' lang='lat' dir='ltr'><strong>consolandum</strong></span> <span class='ocrx_word' id='word_1_116' title='bbox 668 1034 798 1083; x_wconf 75' lang='lat' dir='ltr'><strong>autem]</strong></span> <span class='ocrx_word' id='word_1_117' title='bbox 841 1036 1063 1081; x_wconf 86' lang='lat' dir='ltr'><strong>Propositio:</strong></span> 
     </span>
     <span class='ocr_line' id='line_1_19' title="bbox 70 1084 1064 1121; baseline 0.004 -5"><span class='ocrx_word' id='word_1_118' title='bbox 70 1084 174 1119; x_wconf 71' lang='lat' dir='ltr'><strong>Valet</strong></span> <span class='ocrx_word' id='word_1_119' title='bbox 196 1092 256 1119; x_wconf 88' lang='lat' dir='ltr'><strong>tua</strong></span> <span class='ocrx_word' id='word_1_120' title='bbox 276 1086 484 1119; x_wconf 89' lang='lat' dir='ltr'><strong>consolatio.</strong></span> <span class='ocrx_word' id='word_1_121' title='bbox 538 1087 605 1119; x_wconf 87' lang='lat' dir='ltr'><strong>Sed</strong></span> <span class='ocrx_word' id='word_1_122' title='bbox 633 1087 731 1119; x_wconf 91' lang='lat' dir='ltr'><strong>addit</strong></span> <span class='ocrx_word' id='word_1_123' title='bbox 749 1088 1004 1121; x_wconf 83' lang='lat' dir='ltr'><strong>correctionem</strong></span> <span class='ocrx_word' id='word_1_124' title='bbox 1022 1090 1064 1121; x_wconf 89' lang='lat' dir='ltr'><strong>de</strong></span> 
     </span>
     <span class='ocr_line' id='line_1_20' title="bbox 69 1136 1064 1185; baseline 0.003 -15"><span class='ocrx_word' id='word_1_125' title='bbox 69 1148 143 1180; x_wconf 86' lang='lat' dir='ltr'><strong>spe.</strong></span> <span class='ocrx_word' id='word_1_126' title='bbox 196 1136 291 1169; x_wconf 86' lang='lat' dir='ltr'><strong>Haec</strong></span> <span class='ocrx_word' id='word_1_127' title='bbox 306 1137 502 1170; x_wconf 89' lang='lat' dir='ltr'><strong>consolatio</strong></span> <span class='ocrx_word' id='word_1_128' title='bbox 521 1143 661 1180; x_wconf 90' lang='lat' dir='ltr'><strong>sumpta</strong></span> <span class='ocrx_word' id='word_1_129' title='bbox 680 1148 698 1168; x_wconf 89' lang='lat' dir='ltr'><strong>a</strong></span> <span class='ocrx_word' id='word_1_130' title='bbox 715 1149 788 1181; x_wconf 91' lang='lat' dir='ltr'><strong>spe,</strong></span> <span class='ocrx_word' id='word_1_131' title='bbox 815 1138 932 1172; x_wconf 87' lang='lat' dir='ltr'><strong>inanis</strong></span> <span class='ocrx_word' id='word_1_132' title='bbox 948 1139 1064 1185; x_wconf 53' lang='lat' dir='ltr'><strong>estffi).</strong></span> 
     </span>
     <span class='ocr_line' id='line_1_21' title="bbox 71 1185 1000 1233; baseline 0 -12"><span class='ocrx_word' id='word_1_133' title='bbox 71 1189 160 1229; x_wconf 76' lang='lat' dir='ltr'><strong>Quid</strong></span> <span class='ocrx_word' id='word_1_134' title='bbox 174 1193 222 1221; x_wconf 79' lang='lat' dir='ltr'><strong>est</strong></span> <span class='ocrx_word' id='word_1_135' title='bbox 245 1185 418 1233; x_wconf 68' lang='lat'><strong>0125172²⁸)]</strong></span> <span class='ocrx_word' id='word_1_136' title='bbox 447 1187 573 1227; x_wconf 84' lang='lat' dir='ltr'><strong>Ratio,</strong></span> <span class='ocrx_word' id='word_1_137' title='bbox 601 1199 710 1232; x_wconf 90' lang='lat' dir='ltr'><strong>quare</strong></span> <span class='ocrx_word' id='word_1_138' title='bbox 733 1188 830 1220; x_wconf 86' lang='lat' dir='ltr'><strong>nulla</strong></span> <span class='ocrx_word' id='word_1_139' title='bbox 849 1200 926 1232; x_wconf 88' lang='lat' dir='ltr'><strong>spes</strong></span> <span class='ocrx_word' id='word_1_140' title='bbox 944 1189 1000 1222; x_wconf 89' lang='lat' dir='ltr'><strong>sit.</strong></span> 
     </span>
    </p>

    <p class='ocr_par' dir='ltr' id='par_1_6' title="bbox 72 1236 1065 1424">
     <span class='ocr_line' id='line_1_22' title="bbox 179 1236 1065 1284; baseline 0 -12"><span class='ocrx_word' id='word_1_141' title='bbox 179 1236 209 1282; x_wconf 60' lang='grc' dir='ltr'><strong>ἓ.</strong></span> <span class='ocrx_word' id='word_1_142' title='bbox 226 1238 260 1272; x_wconf 83' lang='grc'><strong>4.</strong></span> <span class='ocrx_word' id='word_1_143' title='bbox 287 1241 377 1281; x_wconf 74' lang='lat' dir='ltr'><strong>Eryo</strong></span> <span class='ocrx_word' id='word_1_144' title='bbox 392 1243 422 1271; x_wconf 83' lang='lat' dir='ltr'><strong>et</strong></span> <span class='ocrx_word' id='word_1_145' title='bbox 439 1236 637 1284; x_wconf 71' lang='lat' dir='ltr'><strong>domesticu]</strong></span> <span class='ocrx_word' id='word_1_146' title='bbox 667 1238 854 1271; x_wconf 87' lang='lat' dir='ltr'><strong>Conclusio</strong></span> <span class='ocrx_word' id='word_1_147' title='bbox 876 1239 1065 1272; x_wconf 87' lang='lat' dir='ltr'><strong>correctio-</strong></span> 
     </span>
     <span class='ocr_line' id='line_1_23' title="bbox 74 1287 1064 1339; baseline 0.001 -18"><span class='ocrx_word' id='word_1_148' title='bbox 74 1288 140 1322; x_wconf 86' lang='lat' dir='ltr'><strong>nis.</strong></span> <span class='ocrx_word' id='word_1_149' title='bbox 218 1291 293 1323; x_wconf 79' lang='lat' dir='ltr'><strong>Das</strong></span> <span class='ocrx_word' id='word_1_150' title='bbox 319 1291 409 1322; x_wconf 82' lang='lat' dir='ltr'><strong>em&#39;m</strong></span> <span class='ocrx_word' id='word_1_151' title='bbox 433 1287 535 1339; x_wconf 64' lang='lat' dir='ltr'><strong>milei]</strong></span> <span class='ocrx_word' id='word_1_152' title='bbox 561 1288 741 1332; x_wconf 79' lang='lat' dir='ltr'><strong>Repetitio</strong></span> <span class='ocrx_word' id='word_1_153' title='bbox 766 1290 1064 1330; x_wconf 69' lang='lat' dir='ltr'><strong>consolationum,</strong></span> 
     </span>
     <span class='ocr_line' id='line_1_24' title="bbox 72 1338 1065 1385; baseline 0.002 -13"><span class='ocrx_word' id='word_1_154' title='bbox 72 1351 159 1385; x_wconf 82' lang='lat' dir='ltr'><strong>quas</strong></span> <span class='ocrx_word' id='word_1_155' title='bbox 183 1340 372 1383; x_wconf 85' lang='lat' dir='ltr'><strong>collegerat</strong></span> <span class='ocrx_word' id='word_1_156' title='bbox 396 1338 566 1373; x_wconf 84' lang='lat' dir='ltr'><strong>Lucceius</strong></span> <span class='ocrx_word' id='word_1_157' title='bbox 583 1351 601 1372; x_wconf 98' lang='grc'>3</span> <span class='ocrx_word' id='word_1_158' title='bbox 627 1339 840 1373; x_wconf 88' lang='lat' dir='ltr'><strong>conscientia</strong></span> <span class='ocrx_word' id='word_1_159' title='bbox 862 1353 981 1374; x_wconf 89' lang='lat' dir='ltr'><strong>rerum</strong></span> <span class='ocrx_word' id='word_1_160' title='bbox 1008 1353 1065 1384; x_wconf 85' lang='lat' dir='ltr'><strong>ge-</strong></span> 
     </span>
     <span class='ocr_line' id='line_1_25' title="bbox 75 1390 427 1424; baseline 0 0"><span class='ocrx_word' id='word_1_161' title='bbox 75 1397 211 1424; x_wconf 84' lang='lat' dir='ltr'><strong>starum</strong></span> <span class='ocrx_word' id='word_1_162' title='bbox 235 1390 427 1424; x_wconf 88' lang='lat' dir='ltr'><strong>Ciceronis.</strong></span> 
     </span>
    </p>

    <p class='ocr_par' dir='ltr' id='par_1_7' title="bbox 71 1439 1063 1527">
     <span class='ocr_line' id='line_1_26' title="bbox 180 1439 1063 1488; baseline -0.001 -13"><span class='ocrx_word' id='word_1_163' title='bbox 180 1440 209 1485; x_wconf 54' lang='lat' dir='ltr'><strong>g.</strong></span> <span class='ocrx_word' id='word_1_164' title='bbox 230 1440 264 1475; x_wconf 87' lang='grc'><strong>5.</strong></span> <span class='ocrx_word' id='word_1_165' title='bbox 290 1444 426 1487; x_wconf 78' lang='lat' dir='ltr'><strong>Itaque,</strong></span> <span class='ocrx_word' id='word_1_166' title='bbox 454 1446 490 1475; x_wconf 79' lang='lat' dir='ltr'><strong>ut</strong></span> <span class='ocrx_word' id='word_1_167' title='bbox 512 1439 643 1488; x_wconf 81' lang='lat' dir='ltr'><strong>mones]</strong></span> <span class='ocrx_word' id='word_1_168' title='bbox 673 1440 861 1476; x_wconf 87' lang='lat' dir='ltr'><strong>Conclusio</strong></span> <span class='ocrx_word' id='word_1_169' title='bbox 885 1442 1063 1487; x_wconf 86' lang='lat' dir='ltr'><strong>principa-</strong></span> 
     </span>
     <span class='ocr_line' id='line_1_27' title="bbox 71 1491 730 1527; baseline 0.003 -3"><span class='ocrx_word' id='word_1_170' title='bbox 71 1491 131 1526; x_wconf 85' lang='lat' dir='ltr'><strong>lis:</strong></span> <span class='ocrx_word' id='word_1_171' title='bbox 162 1492 345 1527; x_wconf 84' lang='lat' dir='ltr'><strong>Abducam</strong></span> <span class='ocrx_word' id='word_1_172' title='bbox 365 1492 525 1527; x_wconf 84' lang='lat' dir='ltr'><strong>animum</strong></span> <span class='ocrx_word' id='word_1_173' title='bbox 551 1504 570 1525; x_wconf 88' lang='lat' dir='ltr'><strong>a</strong></span> <span class='ocrx_word' id='word_1_174' title='bbox 594 1493 730 1527; x_wconf 87' lang='lat' dir='ltr'><strong>dolore.</strong></span> 
     </span>
    </p>
   </div>
   <div class='ocr_carea' id='block_1_3' title="bbox 292 1576 840 1623">
    <p class='ocr_par' dir='ltr' id='par_1_8' title="bbox 292 1576 840 1623">
     <span class='ocr_line' id='line_1_28' title="bbox 292 1576 840 1623; baseline 0.004 -15"><span class='ocrx_word' id='word_1_175' title='bbox 292 1576 426 1610; x_wconf 87' lang='lat' dir='ltr'><strong>Aliud</strong></span> <span class='ocrx_word' id='word_1_176' title='bbox 456 1576 840 1623; x_wconf 75' lang='lat' dir='ltr'><strong>a1·g11mentum‘·&#39;⁹).</strong></span> 
     </span>
    </p>
   </div>
   <div class='ocr_carea' id='block_1_4' title="bbox 68 1643 1064 1997">
    <p class='ocr_par' dir='ltr' id='par_1_9' title="bbox 68 1643 1064 1997">
     <span class='ocr_line' id='line_1_29' title="bbox 174 1643 1063 1689; baseline -0.001 -12"><span class='ocrx_word' id='word_1_177' title='bbox 174 1644 271 1677; x_wconf 90' lang='lat' dir='ltr'><strong>Haec</strong></span> <span class='ocrx_word' id='word_1_178' title='bbox 295 1644 443 1688; x_wconf 88' lang='lat' dir='ltr'><strong>epistola</strong></span> <span class='ocrx_word' id='word_1_179' title='bbox 466 1645 570 1688; x_wconf 85' lang='lat' dir='ltr'><strong>longe</strong></span> <span class='ocrx_word' id='word_1_180' title='bbox 594 1651 674 1689; x_wconf 87' lang='lat' dir='ltr'><strong>post</strong></span> <span class='ocrx_word' id='word_1_181' title='bbox 691 1644 911 1689; x_wconf 89' lang='lat' dir='ltr'><strong>superiorem</strong></span> <span class='ocrx_word' id='word_1_182' title='bbox 930 1655 948 1676; x_wconf 90' lang='lat' dir='ltr'><strong>a</strong></span> <span class='ocrx_word' id='word_1_183' title='bbox 967 1643 1063 1677; x_wconf 88' lang='lat' dir='ltr'><strong>Cice-</strong></span> 
     </span>
     <span class='ocr_line' id='line_1_30' title="bbox 74 1695 1063 1740; baseline 0.001 -12"><span class='ocrx_word' id='word_1_184' title='bbox 74 1707 161 1728; x_wconf 87' lang='lat' dir='ltr'><strong>rone</strong></span> <span class='ocrx_word' id='word_1_185' title='bbox 184 1696 313 1739; x_wconf 83' lang='lat' dir='ltr'><strong>scripta</strong></span> <span class='ocrx_word' id='word_1_186' title='bbox 339 1702 409 1734; x_wconf 88' lang='lat' dir='ltr'><strong>est,</strong></span> <span class='ocrx_word' id='word_1_187' title='bbox 438 1707 517 1728; x_wconf 90' lang='lat' dir='ltr'><strong>cum</strong></span> <span class='ocrx_word' id='word_1_188' title='bbox 541 1696 611 1728; x_wconf 87' lang='lat' dir='ltr'><strong>iam</strong></span> <span class='ocrx_word' id='word_1_189' title='bbox 634 1696 734 1729; x_wconf 88' lang='lat' dir='ltr'><strong>bellis</strong></span> <span class='ocrx_word' id='word_1_190' title='bbox 760 1695 921 1729; x_wconf 72' lang='lat' dir='ltr'><strong>civilibus</strong></span> <span class='ocrx_word' id='word_1_191' title='bbox 942 1707 1063 1740; x_wconf 89' lang='lat' dir='ltr'><strong>respu-</strong></span> 
     </span>
     <span class='ocr_line' id='line_1_31' title="bbox 71 1746 1064 1791; baseline 0.001 -13"><span class='ocrx_word' id='word_1_192' title='bbox 71 1746 161 1778; x_wconf 83' lang='lat' dir='ltr'><strong>blica</strong></span> <span class='ocrx_word' id='word_1_193' title='bbox 197 1746 345 1779; x_wconf 88' lang='lat' dir='ltr'><strong>omnino</strong></span> <span class='ocrx_word' id='word_1_194' title='bbox 382 1746 522 1779; x_wconf 85' lang='lat' dir='ltr'><strong>turbata</strong></span> <span class='ocrx_word' id='word_1_195' title='bbox 559 1753 657 1780; x_wconf 87' lang='lat' dir='ltr'><strong>esset.</strong></span> <span class='ocrx_word' id='word_1_196' title='bbox 724 1746 840 1779; x_wconf 90' lang='lat' dir='ltr'><strong>Porro</strong></span> <span class='ocrx_word' id='word_1_197' title='bbox 872 1748 1064 1791; x_wconf 85' lang='lat' dir='ltr'><strong>respondet</strong></span> 
     </span>
     <span class='ocr_line' id='line_1_32' title="bbox 70 1796 1063 1843; baseline 0 -13"><span class='ocrx_word' id='word_1_198' title='bbox 70 1796 295 1842; x_wconf 68' lang='lat' dir='ltr'><strong>L11cceio³⁰)‚</strong></span> <span class='ocrx_word' id='word_1_199' title='bbox 323 1797 385 1843; x_wconf 90' lang='lat' dir='ltr'><strong>qui</strong></span> <span class='ocrx_word' id='word_1_200' title='bbox 403 1809 483 1830; x_wconf 89' lang='lat' dir='ltr'><strong>eum</strong></span> <span class='ocrx_word' id='word_1_201' title='bbox 509 1803 585 1830; x_wconf 85' lang='lat' dir='ltr'><strong>erat</strong></span> <span class='ocrx_word' id='word_1_202' title='bbox 609 1797 829 1837; x_wconf 76' lang='lat' dir='ltr'><strong>consolatus,</strong></span> <span class='ocrx_word' id='word_1_203' title='bbox 857 1804 891 1830; x_wconf 91' lang='lat' dir='ltr'><strong>et</strong></span> <span class='ocrx_word' id='word_1_204' title='bbox 916 1798 988 1842; x_wconf 77' lang='lat' dir='ltr'><strong>agit</strong></span> <span class='ocrx_word' id='word_1_205' title='bbox 1012 1798 1063 1830; x_wconf 89' lang='lat' dir='ltr'><strong>illi</strong></span> 
     </span>
     <span class='ocr_line' id='line_1_33' title="bbox 70 1848 1063 1893; baseline -0.001 -11"><span class='ocrx_word' id='word_1_206' title='bbox 70 1849 201 1893; x_wconf 83' lang='lat' dir='ltr'><strong>gratias</strong></span> <span class='ocrx_word' id='word_1_207' title='bbox 217 1849 259 1882; x_wconf 89' lang='lat' dir='ltr'><strong>de</strong></span> <span class='ocrx_word' id='word_1_208' title='bbox 277 1848 405 1887; x_wconf 85' lang='lat' dir='ltr'><strong>officio,</strong></span> <span class='ocrx_word' id='word_1_209' title='bbox 423 1854 612 1892; x_wconf 84' lang='lat' dir='ltr'><strong>propterea</strong></span> <span class='ocrx_word' id='word_1_210' title='bbox 631 1849 727 1893; x_wconf 91' lang='lat' dir='ltr'><strong>quod</strong></span> <span class='ocrx_word' id='word_1_211' title='bbox 747 1860 820 1880; x_wconf 88' lang='lat' dir='ltr'><strong>non</strong></span> <span class='ocrx_word' id='word_1_212' title='bbox 834 1860 962 1892; x_wconf 88' lang='lat' dir='ltr'><strong>parum</strong></span> <span class='ocrx_word' id='word_1_213' title='bbox 981 1861 1063 1881; x_wconf 88' lang='lat' dir='ltr'><strong>con-</strong></span> 
     </span>
     <span class='ocr_line' id='line_1_34' title="bbox 68 1899 1062 1939; baseline -0.001 -6"><span class='ocrx_word' id='word_1_214' title='bbox 68 1901 229 1933; x_wconf 84' lang='lat' dir='ltr'><strong>firmatus</strong></span> <span class='ocrx_word' id='word_1_215' title='bbox 250 1900 295 1935; x_wconf 81' lang='lat' dir='ltr'><strong>sit</strong></span> <span class='ocrx_word' id='word_1_216' title='bbox 311 1899 464 1933; x_wconf 84' lang='lat' dir='ltr'><strong>iucunda</strong></span> <span class='ocrx_word' id='word_1_217' title='bbox 482 1899 633 1932; x_wconf 85' lang='lat' dir='ltr'><strong>lectione</strong></span> <span class='ocrx_word' id='word_1_218' title='bbox 652 1899 851 1931; x_wconf 81' lang='lat' dir='ltr'><strong>litterarum</strong></span> <span class='ocrx_word' id='word_1_219' title='bbox 869 1899 961 1939; x_wconf 88' lang='lat' dir='ltr'><strong>eius,</strong></span> <span class='ocrx_word' id='word_1_220' title='bbox 989 1912 1062 1932; x_wconf 90' lang='lat' dir='ltr'><strong>non</strong></span> 
     </span>
     <span class='ocr_line' id='line_1_35' title="bbox 69 1950 1063 1997; baseline -0.001 -13"><span class='ocrx_word' id='word_1_221' title='bbox 69 1952 165 1997; x_wconf 88' lang='lat' dir='ltr'><strong>quod</strong></span> <span class='ocrx_word' id='word_1_222' title='bbox 192 1951 366 1985; x_wconf 76' lang='lat' dir='ltr'><strong>existimet</strong></span> <span class='ocrx_word' id='word_1_223' title='bbox 394 1963 491 1995; x_wconf 87' lang='lat' dir='ltr'><strong>spem</strong></span> <span class='ocrx_word' id='word_1_224' title='bbox 518 1950 648 1996; x_wconf 87' lang='lat' dir='ltr'><strong>aliqam</strong></span> <span class='ocrx_word' id='word_1_225' title='bbox 672 1951 713 1983; x_wconf 89' lang='lat' dir='ltr'><strong>de</strong></span> <span class='ocrx_word' id='word_1_226' title='bbox 738 1950 918 1994; x_wconf 79' lang='lat' dir='ltr'><strong>republica</strong></span> <span class='ocrx_word' id='word_1_227' title='bbox 941 1963 1063 1994; x_wconf 89' lang='lat' dir='ltr'><strong>super-</strong></span> 
     </span>
    </p>
   </div>
   <div class='ocr_carea' id='block_1_5' title="bbox 105 2082 1068 2717">
    <p class='ocr_par' dir='ltr' id='par_1_10' title="bbox 138 2082 1063 2184">
     <span class='ocr_line' id='line_1_36' title="bbox 140 2082 1063 2118; baseline -0.005 -7"><span class='ocrx_word' id='word_1_228' title='bbox 140 2088 232 2118; x_wconf 78' lang='lat' dir='ltr'><strong>Quam</strong></span> <span class='ocrx_word' id='word_1_229' title='bbox 253 2085 364 2117; x_wconf 81' lang='lat' dir='ltr'><strong>quidem</strong></span> <span class='ocrx_word' id='word_1_230' title='bbox 383 2084 496 2108; x_wconf 77' lang='lat' dir='ltr'><strong>laudem</strong></span> <span class='ocrx_word' id='word_1_231' title='bbox 515 2082 677 2113; x_wconf 73' lang='lat' dir='ltr'><strong>sapientiae</strong></span> <span class='ocrx_word' id='word_1_232' title='bbox 696 2084 796 2107; x_wconf 84' lang='lat' dir='ltr'><strong>statuo</strong></span> <span class='ocrx_word' id='word_1_233' title='bbox 816 2089 876 2107; x_wconf 82' lang='lat' dir='ltr'><strong>esse</strong></span> <span class='ocrx_word' id='word_1_234' title='bbox 897 2083 1063 2111; x_wconf 66' lang='lat' dir='ltr'><strong>marimum,</strong></span> 
     </span>
     <span class='ocr_line' id='line_1_37' title="bbox 138 2118 1063 2149; baseline -0.003 -4"><span class='ocrx_word' id='word_1_235' title='bbox 138 2128 196 2145; x_wconf 82' lang='lat' dir='ltr'><strong>non</strong></span> <span class='ocrx_word' id='word_1_236' title='bbox 217 2121 336 2144; x_wconf 79' lang='lat' dir='ltr'><strong>aliunde</strong></span> <span class='ocrx_word' id='word_1_237' title='bbox 353 2119 476 2149; x_wconf 76' lang='lat' dir='ltr'><strong>pendere</strong></span> <span class='ocrx_word' id='word_1_238' title='bbox 494 2124 545 2141; x_wconf 78' lang='lat' dir='ltr'><strong>nec</strong></span> <span class='ocrx_word' id='word_1_239' title='bbox 563 2118 745 2142; x_wconf 66' lang='lat' dir='ltr'><strong>extrinsecus</strong></span> <span class='ocrx_word' id='word_1_240' title='bbox 763 2119 815 2142; x_wconf 78' lang='lat' dir='ltr'><strong>aut</strong></span> <span class='ocrx_word' id='word_1_241' title='bbox 831 2118 897 2142; x_wconf 80' lang='lat' dir='ltr'><strong>bene</strong></span> <span class='ocrx_word' id='word_1_242' title='bbox 915 2119 968 2142; x_wconf 79' lang='grc' dir='ltr'><strong><em>ιιιιι</em></strong></span> <span class='ocrx_word' id='word_1_243' title='bbox 987 2118 1063 2142; x_wconf 79' lang='lat' dir='ltr'><strong>male</strong></span> 
     </span>
     <span class='ocr_line' id='line_1_38' title="bbox 141 2153 713 2184; baseline -0.009 -4"><span class='ocrx_word' id='word_1_244' title='bbox 141 2155 257 2180; x_wconf 68' lang='lat' dir='ltr'><strong>vivendi</strong></span> <span class='ocrx_word' id='word_1_245' title='bbox 277 2160 430 2184; x_wconf 76' lang='lat' dir='ltr'><strong>suspensas</strong></span> <span class='ocrx_word' id='word_1_246' title='bbox 449 2153 554 2176; x_wconf 78' lang='lat' dir='ltr'><strong>habere</strong></span> <span class='ocrx_word' id='word_1_247' title='bbox 573 2153 713 2176; x_wconf 75' lang='lat' dir='ltr'><strong>rationes.</strong></span> 
     </span>
    </p>

    <p class='ocr_par' dir='ltr' id='par_1_11' title="bbox 106 2194 855 2228">
     <span class='ocr_line' id='line_1_39' title="bbox 106 2194 855 2228; baseline -0.005 -5"><span class='ocrx_word' id='word_1_248' title='bbox 106 2199 154 2227; x_wconf 82' lang='lat'><strong>23)</strong></span> <span class='ocrx_word' id='word_1_249' title='bbox 173 2204 232 2222; x_wconf 86' lang='lat' dir='ltr'><strong>eam</strong></span> <span class='ocrx_word' id='word_1_250' title='bbox 251 2197 353 2228; x_wconf 79' lang='lat' dir='ltr'><strong>magis]</strong></span> <span class='ocrx_word' id='word_1_251' title='bbox 374 2196 455 2220; x_wconf 83' lang='lat' dir='ltr'><strong>Editt.</strong></span> <span class='ocrx_word' id='word_1_252' title='bbox 477 2195 562 2223; x_wconf 61' lang='lat'><strong>1546„</strong></span> <span class='ocrx_word' id='word_1_253' title='bbox 583 2195 659 2219; x_wconf 84' lang='lat'><strong>1601.</strong></span> <span class='ocrx_word' id='word_1_254' title='bbox 679 2194 767 2225; x_wconf 75' lang='lat' dir='ltr'><strong>magis</strong></span> <span class='ocrx_word' id='word_1_255' title='bbox 788 2201 855 2219; x_wconf 84' lang='lat' dir='ltr'><strong>eam.</strong></span> 
     </span>
    </p>

    <p class='ocr_par' dir='ltr' id='par_1_12' title="bbox 106 2237 1064 2304">
     <span class='ocr_line' id='line_1_40' title="bbox 106 2237 1064 2269; baseline -0.004 -3"><span class='ocrx_word' id='word_1_256' title='bbox 106 2243 153 2269; x_wconf 79' lang='lat'><strong>24)</strong></span> <span class='ocrx_word' id='word_1_257' title='bbox 174 2240 297 2268; x_wconf 86' lang='lat' dir='ltr'><strong>Lucceii]</strong></span> <span class='ocrx_word' id='word_1_258' title='bbox 315 2239 398 2263; x_wconf 87' lang='lat' dir='ltr'><strong>Editt.</strong></span> <span class='ocrx_word' id='word_1_259' title='bbox 417 2238 503 2269; x_wconf 67' lang='lat'>1545„</span> <span class='ocrx_word' id='word_1_260' title='bbox 524 2238 599 2262; x_wconf 82' lang='grc'><strong>1601.</strong></span> <span class='ocrx_word' id='word_1_261' title='bbox 624 2238 732 2268; x_wconf 82' lang='lat' dir='ltr'><strong>Luceii3</strong></span> <span class='ocrx_word' id='word_1_262' title='bbox 752 2240 815 2262; x_wconf 85' lang='lat' dir='ltr'><strong>cett.</strong></span> <span class='ocrx_word' id='word_1_263' title='bbox 835 2237 934 2262; x_wconf 59' lang='lat' dir='ltr'><strong>Erum:</strong></span> <span class='ocrx_word' id='word_1_264' title='bbox 963 2238 1064 2269; x_wconf 82' lang='lat' dir='ltr'><strong>Lucei;</strong></span> 
     </span>
     <span class='ocr_line' id='line_1_41' title="bbox 143 2276 349 2304; baseline -0.015 -5"><span class='ocrx_word' id='word_1_265' title='bbox 143 2277 208 2299; x_wconf 83' lang='lat' dir='ltr'><strong>item</strong></span> <span class='ocrx_word' id='word_1_266' title='bbox 227 2276 254 2298; x_wconf 86' lang='lat' dir='ltr'><strong>iu</strong></span> <span class='ocrx_word' id='word_1_267' title='bbox 274 2281 349 2304; x_wconf 86' lang='lat' dir='ltr'><strong>seqq.</strong></span> 
     </span>
    </p>

    <p class='ocr_par' dir='ltr' id='par_1_13' title="bbox 107 2315 1065 2381">
     <span class='ocr_line' id='line_1_42' title="bbox 107 2315 1065 2347; baseline -0.003 -5"><span class='ocrx_word' id='word_1_268' title='bbox 107 2319 156 2346; x_wconf 79' lang='lat'><strong>25)</strong></span> <span class='ocrx_word' id='word_1_269' title='bbox 172 2319 229 2341; x_wconf 87' lang='lat' dir='ltr'><strong>Hoc</strong></span> <span class='ocrx_word' id='word_1_270' title='bbox 243 2317 433 2346; x_wconf 75' lang='lat' dir='ltr'><strong>argumentum</strong></span> <span class='ocrx_word' id='word_1_271' title='bbox 442 2315 540 2339; x_wconf 77' lang='lat' dir='ltr'><strong>habeut</strong></span> <span class='ocrx_word' id='word_1_272' title='bbox 553 2315 636 2339; x_wconf 81' lang='lat' dir='ltr'><strong>Editt.</strong></span> <span class='ocrx_word' id='word_1_273' title='bbox 653 2315 718 2340; x_wconf 83' lang='lat'>1537</span> <span class='ocrx_word' id='word_1_274' title='bbox 731 2327 755 2332; x_wconf 86' lang='lat'><strong>-·</strong></span> <span class='ocrx_word' id='word_1_275' title='bbox 766 2316 853 2347; x_wconf 55' lang='lat'>1554„</span> <span class='ocrx_word' id='word_1_276' title='bbox 873 2315 958 2347; x_wconf 77' lang='lat'><strong>1557.⁷</strong></span> <span class='ocrx_word' id='word_1_277' title='bbox 979 2315 1065 2345; x_wconf 60' lang='lat'>1560„</span> 
     </span>
     <span class='ocr_line' id='line_1_43' title="bbox 145 2351 444 2381; baseline -0.003 -5"><span class='ocrx_word' id='word_1_278' title='bbox 145 2351 348 2381; x_wconf 53' lang='grc' dir='ltr'><strong>ὠθεῖ-1593,</strong></span> <span class='ocrx_word' id='word_1_279' title='bbox 369 2351 444 2375; x_wconf 79' lang='lat'><strong>1601.</strong></span> 
     </span>
    </p>

    <p class='ocr_par' dir='ltr' id='par_1_14' title="bbox 105 2393 788 2424">
     <span class='ocr_line' id='line_1_44' title="bbox 105 2393 788 2424; baseline -0.006 -4"><span class='ocrx_word' id='word_1_280' title='bbox 105 2396 154 2424; x_wconf 75' lang='lat'><strong>26)</strong></span> <span class='ocrx_word' id='word_1_281' title='bbox 173 2395 247 2418; x_wconf 81' lang='lat' dir='ltr'><strong>Haec</strong></span> <span class='ocrx_word' id='word_1_282' title='bbox 264 2395 331 2417; x_wconf 82' lang='lat' dir='ltr'><strong>nota</strong></span> <span class='ocrx_word' id='word_1_283' title='bbox 347 2393 376 2416; x_wconf 85' lang='lat' dir='ltr'><strong>in</strong></span> <span class='ocrx_word' id='word_1_284' title='bbox 394 2393 478 2417; x_wconf 79' lang='lat' dir='ltr'><strong>Editt.</strong></span> <span class='ocrx_word' id='word_1_285' title='bbox 499 2393 585 2424; x_wconf 62' lang='lat'>1545„</span> <span class='ocrx_word' id='word_1_286' title='bbox 606 2393 682 2418; x_wconf 82' lang='lat'><strong>1560.</strong></span> <span class='ocrx_word' id='word_1_287' title='bbox 701 2393 788 2416; x_wconf 83' lang='lat' dir='ltr'><strong>deest.</strong></span> 
     </span>
    </p>

    <p class='ocr_par' dir='ltr' id='par_1_15' title="bbox 107 2434 1067 2565">
     <span class='ocr_line' id='line_1_45' title="bbox 107 2434 1066 2466; baseline -0.004 -4"><span class='ocrx_word' id='word_1_288' title='bbox 107 2439 155 2466; x_wconf 79' lang='lat'><strong>27)</strong></span> <span class='ocrx_word' id='word_1_289' title='bbox 176 2438 249 2461; x_wconf 82' lang='lat' dir='ltr'><strong>Haec</strong></span> <span class='ocrx_word' id='word_1_290' title='bbox 279 2437 345 2459; x_wconf 83' lang='lat' dir='ltr'><strong>nota</strong></span> <span class='ocrx_word' id='word_1_291' title='bbox 375 2435 403 2459; x_wconf 90' lang='lat' dir='ltr'><strong>in</strong></span> <span class='ocrx_word' id='word_1_292' title='bbox 428 2435 525 2459; x_wconf 81' lang='lat' dir='ltr'><strong>iisdem</strong></span> <span class='ocrx_word' id='word_1_293' title='bbox 548 2436 565 2460; x_wconf 77' lang='lat'><strong>2</strong></span> <span class='ocrx_word' id='word_1_294' title='bbox 590 2436 672 2460; x_wconf 79' lang='lat' dir='ltr'><strong>Editt.</strong></span> <span class='ocrx_word' id='word_1_295' title='bbox 707 2435 841 2459; x_wconf 82' lang='lat' dir='ltr'><strong>disiuncta</strong></span> <span class='ocrx_word' id='word_1_296' title='bbox 867 2436 909 2459; x_wconf 86' lang='lat' dir='ltr'><strong>est</strong></span> <span class='ocrx_word' id='word_1_297' title='bbox 933 2434 960 2458; x_wconf 81' lang='lat' dir='ltr'><strong>in</strong></span> <span class='ocrx_word' id='word_1_298' title='bbox 986 2435 1066 2458; x_wconf 77' lang='lat' dir='ltr'><strong>hasce</strong></span> 
     </span>
     <span class='ocr_line' id='line_1_46' title="bbox 143 2470 1065 2500; baseline -0.002 -4"><span class='ocrx_word' id='word_1_299' title='bbox 143 2473 228 2496; x_wconf 84' lang='lat' dir='ltr'><strong>duas:</strong></span> <span class='ocrx_word' id='word_1_300' title='bbox 264 2470 309 2494; x_wconf 73' lang='lat' dir='ltr'><strong>Aa</strong></span> <span class='ocrx_word' id='word_1_301' title='bbox 336 2470 544 2494; x_wconf 77' lang='lat' dir='ltr'><strong>consolandum</strong></span> <span class='ocrx_word' id='word_1_302' title='bbox 571 2471 682 2499; x_wconf 81' lang='lat' dir='ltr'><strong>autem]</strong></span> <span class='ocrx_word' id='word_1_303' title='bbox 707 2470 864 2500; x_wconf 80' lang='lat' dir='ltr'><strong>Propositio</strong></span> <span class='ocrx_word' id='word_1_304' title='bbox 887 2483 920 2487; x_wconf 86' lang='lat'><strong>—-</strong></span> <span class='ocrx_word' id='word_1_305' title='bbox 947 2470 979 2492; x_wconf 86' lang='lat' dir='ltr'><strong>de</strong></span> <span class='ocrx_word' id='word_1_306' title='bbox 1007 2476 1065 2499; x_wconf 75' lang='lat' dir='ltr'><strong>spe.</strong></span> 
     </span>
     <span class='ocr_line' id='line_1_47' title="bbox 144 2503 1067 2537; baseline -0.005 -6"><span class='ocrx_word' id='word_1_307' title='bbox 144 2507 248 2537; x_wconf 76' lang='lat' dir='ltr'><strong>ltaque</strong></span> <span class='ocrx_word' id='word_1_308' title='bbox 268 2506 356 2529; x_wconf 84' lang='lat' dir='ltr'><strong>etiam</strong></span> <span class='ocrx_word' id='word_1_309' title='bbox 373 2504 527 2535; x_wconf 78' lang='lat' dir='ltr'><strong>fortiorem</strong></span> <span class='ocrx_word' id='word_1_310' title='bbox 545 2511 588 2529; x_wconf 88' lang='lat' dir='ltr'><strong>me</strong></span> <span class='ocrx_word' id='word_1_311' title='bbox 604 2505 692 2536; x_wconf 81' lang='lat' dir='ltr'><strong>puto]</strong></span> <span class='ocrx_word' id='word_1_312' title='bbox 712 2505 785 2528; x_wconf 81' lang='lat' dir='ltr'><strong>Haec</strong></span> <span class='ocrx_word' id='word_1_313' title='bbox 798 2503 951 2528; x_wconf 87' lang='lat' dir='ltr'><strong>consolatio</strong></span> <span class='ocrx_word' id='word_1_314' title='bbox 972 2518 1005 2523; x_wconf 92' lang='lat'><strong>—</strong></span> <span class='ocrx_word' id='word_1_315' title='bbox 1023 2504 1067 2527; x_wconf 87' lang='lat' dir='ltr'><strong>iu-</strong></span> 
     </span>
     <span class='ocr_line' id='line_1_48' title="bbox 144 2541 275 2565; baseline -0.008 0"><span class='ocrx_word' id='word_1_316' title='bbox 144 2541 205 2565; x_wconf 85' lang='lat' dir='ltr'><strong>anis</strong></span> <span class='ocrx_word' id='word_1_317' title='bbox 225 2541 275 2564; x_wconf 88' lang='lat' dir='ltr'><strong>est.</strong></span> 
     </span>
    </p>

    <p class='ocr_par' dir='ltr' id='par_1_16' title="bbox 111 2579 1067 2646">
     <span class='ocr_line' id='line_1_49' title="bbox 111 2579 1067 2613; baseline -0.003 -6"><span class='ocrx_word' id='word_1_318' title='bbox 111 2584 160 2613; x_wconf 72' lang='lat'><strong>28)</strong></span> <span class='ocrx_word' id='word_1_319' title='bbox 179 2583 233 2607; x_wconf 83' lang='lat' dir='ltr'><strong>Pro</strong></span> <span class='ocrx_word' id='word_1_320' title='bbox 257 2581 298 2606; x_wconf 73' lang='lat' dir='ltr'><strong>llis</strong></span> <span class='ocrx_word' id='word_1_321' title='bbox 319 2580 374 2604; x_wconf 86' lang='lat' dir='ltr'><strong>Cic.</strong></span> <span class='ocrx_word' id='word_1_322' title='bbox 400 2579 492 2603; x_wconf 81' lang='lat' dir='ltr'><strong>verbis</strong></span> <span class='ocrx_word' id='word_1_323' title='bbox 518 2579 545 2603; x_wconf 84' lang='lat' dir='ltr'><strong>in</strong></span> <span class='ocrx_word' id='word_1_324' title='bbox 571 2579 664 2604; x_wconf 80' lang='lat' dir='ltr'><strong>iisdem</strong></span> <span class='ocrx_word' id='word_1_325' title='bbox 688 2580 705 2604; x_wconf 81' lang='lat'><strong><em>2</em></strong></span> <span class='ocrx_word' id='word_1_326' title='bbox 723 2580 806 2603; x_wconf 84' lang='lat' dir='ltr'><strong>Editt.</strong></span> <span class='ocrx_word' id='word_1_327' title='bbox 831 2580 892 2604; x_wconf 80' lang='lat' dir='ltr'><strong>huic</strong></span> <span class='ocrx_word' id='word_1_328' title='bbox 917 2581 999 2605; x_wconf 83' lang='lat' dir='ltr'><strong>notae</strong></span> <span class='ocrx_word' id='word_1_329' title='bbox 1017 2581 1067 2604; x_wconf 86' lang='lat' dir='ltr'><strong>ad-</strong></span> 
     </span>
     <span class='ocr_line' id='line_1_50' title="bbox 146 2614 991 2646; baseline -0.002 -5"><span class='ocrx_word' id='word_1_330' title='bbox 146 2618 250 2646; x_wconf 74' lang='lat' dir='ltr'><strong>scripta</strong></span> <span class='ocrx_word' id='word_1_331' title='bbox 269 2617 332 2638; x_wconf 80' lang='lat' dir='ltr'><strong>suut</strong></span> <span class='ocrx_word' id='word_1_332' title='bbox 351 2614 507 2644; x_wconf 83' lang='lat' dir='ltr'><strong>sequentia:</strong></span> <span class='ocrx_word' id='word_1_333' title='bbox 528 2614 722 2645; x_wconf 77' lang='lat' dir='ltr'><strong>Circumspice</strong></span> <span class='ocrx_word' id='word_1_334' title='bbox 740 2615 838 2638; x_wconf 82' lang='lat' dir='ltr'><strong>omnia</strong></span> <span class='ocrx_word' id='word_1_335' title='bbox 856 2617 991 2640; x_wconf 81' lang='lat' dir='ltr'><strong>membra.</strong></span> 
     </span>
    </p>

    <p class='ocr_par' dir='ltr' id='par_1_17' title="bbox 110 2655 1068 2717">
     <span class='ocr_line' id='line_1_51' title="bbox 110 2655 1068 2689; baseline 0 -7"><span class='ocrx_word' id='word_1_336' title='bbox 110 2660 158 2687; x_wconf 75' lang='grc'><strong>29)</strong></span> <span class='ocrx_word' id='word_1_337' title='bbox 180 2660 235 2682; x_wconf 81' lang='lat' dir='ltr'><strong>Hoc</strong></span> <span class='ocrx_word' id='word_1_338' title='bbox 253 2658 442 2688; x_wconf 80' lang='lat' dir='ltr'><strong>argumentum</strong></span> <span class='ocrx_word' id='word_1_339' title='bbox 463 2656 489 2679; x_wconf 89' lang='lat' dir='ltr'><strong>et</strong></span> <span class='ocrx_word' id='word_1_340' title='bbox 508 2655 559 2679; x_wconf 85' lang='lat' dir='ltr'><strong>duo</strong></span> <span class='ocrx_word' id='word_1_341' title='bbox 578 2656 720 2686; x_wconf 80' lang='lat' dir='ltr'><strong>sequentia</strong></span> <span class='ocrx_word' id='word_1_342' title='bbox 737 2657 770 2682; x_wconf 79' lang='lat' dir='ltr'><strong>ab</strong></span> <span class='ocrx_word' id='word_1_343' title='bbox 789 2657 873 2682; x_wconf 80' lang='lat' dir='ltr'><strong>Editt.</strong></span> <span class='ocrx_word' id='word_1_344' title='bbox 886 2658 980 2689; x_wconf 79' lang='lat'><strong>1556.,</strong></span> <span class='ocrx_word' id='word_1_345' title='bbox 1002 2657 1068 2681; x_wconf 79' lang='grc'><strong>1565</strong></span> 
     </span>
     <span class='ocr_line' id='line_1_52' title="bbox 147 2691 452 2717; baseline -0.016 0"><span class='ocrx_word' id='word_1_346' title='bbox 147 2693 263 2717; x_wconf 78' lang='grc'><strong>--1596.</strong></span> <span class='ocrx_word' id='word_1_347' title='bbox 284 2691 452 2715; x_wconf 79' lang='lat' dir='ltr'><strong>exhibentur.</strong></span> 
     </span>
    </p>
   </div>
   <div class='ocr_carea' id='block_1_6' title="bbox 111 2731 774 2765">
    <p class='ocr_par' dir='ltr' id='par_1_18' title="bbox 111 2731 774 2765">
     <span class='ocr_line' id='line_1_53' title="bbox 111 2731 774 2765; baseline -0.005 -5"><span class='ocrx_word' id='word_1_348' title='bbox 111 2735 157 2765; x_wconf 77' lang='lat'><strong>30)</strong></span> <span class='ocrx_word' id='word_1_349' title='bbox 178 2734 294 2759; x_wconf 83' lang='lat' dir='ltr'><strong>Lucceio</strong></span> <span class='ocrx_word' id='word_1_350' title='bbox 314 2734 379 2763; x_wconf 59' lang='lat' dir='ltr'><strong>ete]</strong></span> <span class='ocrx_word' id='word_1_351' title='bbox 397 2732 464 2757; x_wconf 83' lang='lat' dir='ltr'><strong>illae</strong></span> <span class='ocrx_word' id='word_1_352' title='bbox 482 2731 702 2763; x_wconf 60' lang='lat' dir='ltr'><strong>Editt.:J.uceio</strong></span> <span class='ocrx_word' id='word_1_353' title='bbox 723 2734 774 2758; x_wconf 84' lang='lat' dir='ltr'><strong>etc.</strong></span> 
     </span>
    </p>
   </div>
   <div class='ocr_carea' id='block_1_7' title="bbox 428 132 1995 185">
    <p class='ocr_par' dir='ltr' id='par_1_19' title="bbox 428 132 1995 185">
     <span class='ocr_line' id='line_1_54' title="bbox 428 132 1995 185; baseline 0.011 -18"><span class='ocrx_word' id='word_1_354' title='bbox 428 132 737 169; x_wconf 76' lang='lat' dir='ltr'><strong>ARGUMENTA</strong></span> <span class='ocrx_word' id='word_1_355' title='bbox 763 133 828 168; x_wconf 89' lang='lat' dir='ltr'><strong>ET</strong></span> <span class='ocrx_word' id='word_1_356' title='bbox 857 134 1058 169; x_wconf 72' lang='lat' dir='ltr'><strong>SCHOLIA</strong></span> <span class='ocrx_word' id='word_1_357' title='bbox 1084 132 1131 169; x_wconf 90' lang='lat' dir='ltr'><strong>IN</strong></span> <span class='ocrx_word' id='word_1_358' title='bbox 1161 135 1310 174; x_wconf 88' lang='lat' dir='ltr'><strong>EPIST.</strong></span> <span class='ocrx_word' id='word_1_359' title='bbox 1337 138 1451 174; x_wconf 83' lang='lat' dir='ltr'><strong>FAM.</strong></span> <span class='ocrx_word' id='word_1_360' title='bbox 1480 140 1565 176; x_wconf 86' lang='lat' dir='ltr'><strong>ClC.</strong></span> <span class='ocrx_word' id='word_1_361' title='bbox 1593 141 1681 178; x_wconf 88' lang='lat' dir='ltr'><strong>LIB.</strong></span> <span class='ocrx_word' id='word_1_362' title='bbox 1699 144 1741 179; x_wconf 79' lang='lat' dir='ltr'><strong>V.</strong></span> <span class='ocrx_word' id='word_1_363' title='bbox 1767 145 1839 182; x_wconf 77' lang='grc' dir='ltr'><strong>ΕΙ).</strong></span> <span class='ocrx_word' id='word_1_364' title='bbox 1857 148 1915 184; x_wconf 77' lang='lat'><strong>12.</strong></span> <span class='ocrx_word' id='word_1_365' title='bbox 1936 150 1995 185; x_wconf 84' lang='lat'><strong>13.</strong></span> 
     </span>
    </p>
   </div>
   <div class='ocr_carea' id='block_1_8' title="bbox 2052 153 2122 189">
    <p class='ocr_par' dir='ltr' id='par_1_20' title="bbox 2052 153 2122 189">
     <span class='ocr_line' id='line_1_55' title="bbox 2052 153 2122 189; baseline 0.043 -3"><span class='ocrx_word' id='word_1_366' title='bbox 2052 153 2122 189; x_wconf 76' lang='lat'><strong>182</strong></span> 
     </span>
    </p>
   </div>
   <div class='ocr_carea' id='block_1_9' title="bbox 1120 225 2123 883">
    <p class='ocr_par' dir='ltr' id='par_1_21' title="bbox 1120 225 2123 883">
     <span class='ocr_line' id='line_1_56' title="bbox 1130 225 2123 272; baseline 0.017 -18"><span class='ocrx_word' id='word_1_367' title='bbox 1130 233 1223 263; x_wconf 88' lang='lat' dir='ltr'><strong>esse,</strong></span> <span class='ocrx_word' id='word_1_368' title='bbox 1244 225 1304 257; x_wconf 91' lang='lat' dir='ltr'><strong>sed</strong></span> <span class='ocrx_word' id='word_1_369' title='bbox 1325 226 1421 270; x_wconf 90' lang='lat' dir='ltr'><strong>quod</strong></span> <span class='ocrx_word' id='word_1_370' title='bbox 1438 226 1505 260; x_wconf 83' lang='lat' dir='ltr'><strong>sihi</strong></span> <span class='ocrx_word' id='word_1_371' title='bbox 1524 233 1625 272; x_wconf 86' lang='lat' dir='ltr'><strong>turpe</strong></span> <span class='ocrx_word' id='word_1_372' title='bbox 1643 230 1767 270; x_wconf 84' lang='lat' dir='ltr'><strong>ducat,</strong></span> <span class='ocrx_word' id='word_1_373' title='bbox 1795 244 1868 265; x_wconf 93' lang='lat' dir='ltr'><strong>non</strong></span> <span class='ocrx_word' id='word_1_374' title='bbox 1886 233 2019 269; x_wconf 89' lang='lat' dir='ltr'><strong>imitari</strong></span> <span class='ocrx_word' id='word_1_375' title='bbox 2030 236 2123 270; x_wconf 79' lang='lat' dir='ltr'><strong>Luc-</strong></span> 
     </span>
     <span class='ocr_line' id='line_1_57' title="bbox 1128 273 2118 322; baseline 0.016 -16"><span class='ocrx_word' id='word_1_376' title='bbox 1128 273 1192 306; x_wconf 86' lang='lat' dir='ltr'><strong>ceii</strong></span> <span class='ocrx_word' id='word_1_377' title='bbox 1211 276 1447 310; x_wconf 81' lang='lat' dir='ltr'><strong>constantiam</strong></span> <span class='ocrx_word' id='word_1_378' title='bbox 1464 284 1497 310; x_wconf 89' lang='lat' dir='ltr'><strong>et</strong></span> <span class='ocrx_word' id='word_1_379' title='bbox 1512 279 1770 315; x_wconf 81' lang='lat' dir='ltr'><strong>fortitudinem.</strong></span> <span class='ocrx_word' id='word_1_380' title='bbox 1807 282 2003 319; x_wconf 87' lang='lat' dir='ltr'><strong>Exordium</strong></span> <span class='ocrx_word' id='word_1_381' title='bbox 2024 300 2118 322; x_wconf 90' lang='lat' dir='ltr'><strong>sum-</strong></span> 
     </span>
     <span class='ocr_line' id='line_1_58' title="bbox 1128 327 2115 379; baseline 0.016 -23"><span class='ocrx_word' id='word_1_382' title='bbox 1128 330 1225 367; x_wconf 86' lang='lat' dir='ltr'><strong>ptum</strong></span> <span class='ocrx_word' id='word_1_383' title='bbox 1255 333 1306 360; x_wconf 86' lang='lat' dir='ltr'><strong>est</strong></span> <span class='ocrx_word' id='word_1_384' title='bbox 1328 339 1347 360; x_wconf 87' lang='lat' dir='ltr'><strong>a</strong></span> <span class='ocrx_word' id='word_1_385' title='bbox 1372 327 1497 362; x_wconf 86' lang='lat' dir='ltr'><strong>litteris</strong></span> <span class='ocrx_word' id='word_1_386' title='bbox 1522 329 1683 371; x_wconf 87' lang='lat' dir='ltr'><strong>Lucceii,</strong></span> <span class='ocrx_word' id='word_1_387' title='bbox 1719 334 1869 379; x_wconf 62' lang='lat' dir='ltr'><strong>quodffl)</strong></span> <span class='ocrx_word' id='word_1_388' title='bbox 1898 337 2050 371; x_wconf 84' lang='lat' dir='ltr'><strong>maxime</strong></span> <span class='ocrx_word' id='word_1_389' title='bbox 2078 339 2115 373; x_wconf 87' lang='lat' dir='ltr'><strong>in</strong></span> 
     </span>
     <span class='ocr_line' id='line_1_59' title="bbox 1127 375 2116 427; baseline 0.016 -20"><span class='ocrx_word' id='word_1_390' title='bbox 1127 375 1194 409; x_wconf 90' lang='lat' dir='ltr'><strong>illis</strong></span> <span class='ocrx_word' id='word_1_391' title='bbox 1219 378 1365 420; x_wconf 86' lang='lat' dir='ltr'><strong>probet,</strong></span> <span class='ocrx_word' id='word_1_392' title='bbox 1407 379 1570 414; x_wconf 73' lang='lat' dir='ltr'><strong>videlicet</strong></span> <span class='ocrx_word' id='word_1_393' title='bbox 1605 383 1699 427; x_wconf 88' lang='lat' dir='ltr'><strong>quod</strong></span> <span class='ocrx_word' id='word_1_394' title='bbox 1725 391 1847 417; x_wconf 86' lang='lat' dir='ltr'><strong>contra</strong></span> <span class='ocrx_word' id='word_1_395' title='bbox 1873 386 2054 422; x_wconf 81' lang='lat' dir='ltr'><strong>fortunam</strong></span> <span class='ocrx_word' id='word_1_396' title='bbox 2081 403 2116 424; x_wconf 91' lang='lat' dir='ltr'><strong>se</strong></span> 
     </span>
     <span class='ocr_line' id='line_1_60' title="bbox 1125 427 2114 479; baseline 0.016 -21"><span class='ocrx_word' id='word_1_397' title='bbox 1125 427 1295 461; x_wconf 90' lang='lat' dir='ltr'><strong>munierit</strong></span> <span class='ocrx_word' id='word_1_398' title='bbox 1318 429 1503 473; x_wconf 86' lang='lat' dir='ltr'><strong>sapientia.</strong></span> <span class='ocrx_word' id='word_1_399' title='bbox 1572 432 1739 478; x_wconf 84' lang='lat' dir='ltr'><strong>Sequitur</strong></span> <span class='ocrx_word' id='word_1_400' title='bbox 1760 436 1979 479; x_wconf 86' lang='lat' dir='ltr'><strong>propositio,</strong></span> <span class='ocrx_word' id='word_1_401' title='bbox 2016 441 2114 475; x_wconf 91' lang='lat' dir='ltr'><strong>cuius</strong></span> 
     </span>
     <span class='ocr_line' id='line_1_61' title="bbox 1125 474 2113 528; baseline 0.015 -19"><span class='ocrx_word' id='word_1_402' title='bbox 1125 474 1211 510; x_wconf 89' lang='lat' dir='ltr'><strong>haec</strong></span> <span class='ocrx_word' id='word_1_403' title='bbox 1230 486 1280 512; x_wconf 91' lang='lat' dir='ltr'><strong>est</strong></span> <span class='ocrx_word' id='word_1_404' title='bbox 1297 493 1452 514; x_wconf 88' lang='lat' dir='ltr'><strong>summa:</strong></span> <span class='ocrx_word' id='word_1_405' title='bbox 1482 482 1641 515; x_wconf 88' lang='lat' dir='ltr'><strong>Omnino</strong></span> <span class='ocrx_word' id='word_1_406' title='bbox 1660 485 1753 528; x_wconf 89' lang='lat' dir='ltr'><strong>apud</strong></span> <span class='ocrx_word' id='word_1_407' title='bbox 1771 498 1826 519; x_wconf 89' lang='lat' dir='ltr'><strong>me</strong></span> <span class='ocrx_word' id='word_1_408' title='bbox 1847 488 1939 520; x_wconf 84' lang='lat' dir='ltr'><strong>valet</strong></span> <span class='ocrx_word' id='word_1_409' title='bbox 1955 495 2013 522; x_wconf 92' lang='lat' dir='ltr'><strong>tua</strong></span> <span class='ocrx_word' id='word_1_410' title='bbox 2031 503 2113 524; x_wconf 91' lang='lat' dir='ltr'><strong>con-</strong></span> 
     </span>
     <span class='ocr_line' id='line_1_62' title="bbox 1123 529 2114 586; baseline 0.016 -26"><span class='ocrx_word' id='word_1_411' title='bbox 1123 529 1263 563; x_wconf 85' lang='lat' dir='ltr'><strong>solatio.</strong></span> <span class='ocrx_word' id='word_1_412' title='bbox 1331 531 1576 575; x_wconf 83' lang='lat' dir='ltr'><strong>Propositioni</strong></span> <span class='ocrx_word' id='word_1_413' title='bbox 1608 535 1751 569; x_wconf 89' lang='lat' dir='ltr'><strong>additur</strong></span> <span class='ocrx_word' id='word_1_414' title='bbox 1776 539 1947 572; x_wconf 86' lang='lat' dir='ltr'><strong>correctio</strong></span> <span class='ocrx_word' id='word_1_415' title='bbox 1974 542 2016 573; x_wconf 92' lang='lat' dir='ltr'><strong>de</strong></span> <span class='ocrx_word' id='word_1_416' title='bbox 2041 555 2114 586; x_wconf 79' lang='lat' dir='ltr'><strong>spe,</strong></span> 
     </span>
     <span class='ocr_line' id='line_1_63' title="bbox 1123 581 2113 627; baseline 0.015 -16"><span class='ocrx_word' id='word_1_417' title='bbox 1123 581 1220 623; x_wconf 88' lang='lat' dir='ltr'><strong>quod</strong></span> <span class='ocrx_word' id='word_1_418' title='bbox 1242 581 1301 613; x_wconf 86' lang='lat' dir='ltr'><strong>illa</strong></span> <span class='ocrx_word' id='word_1_419' title='bbox 1327 583 1522 615; x_wconf 85' lang='lat' dir='ltr'><strong>consolatio</strong></span> <span class='ocrx_word' id='word_1_420' title='bbox 1558 586 1705 619; x_wconf 91' lang='lat' dir='ltr'><strong>omnino</strong></span> <span class='ocrx_word' id='word_1_421' title='bbox 1735 586 1779 620; x_wconf 90' lang='lat' dir='ltr'><strong>sit</strong></span> <span class='ocrx_word' id='word_1_422' title='bbox 1812 588 1939 624; x_wconf 82' lang='lat' dir='ltr'><strong>inaniS.</strong></span> <span class='ocrx_word' id='word_1_423' title='bbox 2005 591 2113 627; x_wconf 87' lang='lat' dir='ltr'><strong>Addit</strong></span> 
     </span>
     <span class='ocr_line' id='line_1_64' title="bbox 1122 630 2112 684; baseline 0.016 -23"><span class='ocrx_word' id='word_1_424' title='bbox 1122 630 1320 671; x_wconf 88' lang='lat' dir='ltr'><strong>rationem,</strong></span> <span class='ocrx_word' id='word_1_425' title='bbox 1363 646 1472 678; x_wconf 86' lang='lat' dir='ltr'><strong>quare</strong></span> <span class='ocrx_word' id='word_1_426' title='bbox 1497 635 1593 667; x_wconf 86' lang='lat' dir='ltr'><strong>nulla</strong></span> <span class='ocrx_word' id='word_1_427' title='bbox 1617 649 1694 680; x_wconf 79' lang='lat' dir='ltr'><strong>spes</strong></span> <span class='ocrx_word' id='word_1_428' title='bbox 1719 637 1764 670; x_wconf 92' lang='lat' dir='ltr'><strong>sit</strong></span> <span class='ocrx_word' id='word_1_429' title='bbox 1788 639 1924 684; x_wconf 87' lang='lat' dir='ltr'><strong>reliqua</strong></span> <span class='ocrx_word' id='word_1_430' title='bbox 1952 642 1994 674; x_wconf 88' lang='lat' dir='ltr'><strong>de</strong></span> <span class='ocrx_word' id='word_1_431' title='bbox 2018 650 2112 678; x_wconf 86' lang='lat' dir='ltr'><strong>statu</strong></span> 
     </span>
     <span class='ocr_line' id='line_1_65' title="bbox 1122 681 2111 731; baseline 0.017 -20"><span class='ocrx_word' id='word_1_432' title='bbox 1122 681 1349 724; x_wconf 83' lang='lat' dir='ltr'><strong>reipublicae.</strong></span> <span class='ocrx_word' id='word_1_433' title='bbox 1401 684 1635 728; x_wconf 77' lang='lat' dir='ltr'><strong>Subiungitur</strong></span> <span class='ocrx_word' id='word_1_434' title='bbox 1653 694 1686 720; x_wconf 84' lang='lat' dir='ltr'><strong>et</strong></span> <span class='ocrx_word' id='word_1_435' title='bbox 1708 690 1872 731; x_wconf 88' lang='lat' dir='ltr'><strong>repetitio</strong></span> <span class='ocrx_word' id='word_1_436' title='bbox 1898 694 2111 728; x_wconf 86' lang='lat' dir='ltr'><strong>consolatio-</strong></span> 
     </span>
     <span class='ocr_line' id='line_1_66' title="bbox 1120 732 2109 783; baseline 0.018 -21"><span class='ocrx_word' id='word_1_437' title='bbox 1120 743 1206 763; x_wconf 90' lang='lat' dir='ltr'><strong>num</strong></span> <span class='ocrx_word' id='word_1_438' title='bbox 1230 732 1371 765; x_wconf 87' lang='lat' dir='ltr'><strong>Lucceii</strong></span> <span class='ocrx_word' id='word_1_439' title='bbox 1394 746 1411 766; x_wconf 91' lang='lat' dir='ltr'><strong>a</strong></span> <span class='ocrx_word' id='word_1_440' title='bbox 1436 737 1649 769; x_wconf 85' lang='lat' dir='ltr'><strong>conscientia</strong></span> <span class='ocrx_word' id='word_1_441' title='bbox 1672 750 1792 771; x_wconf 81' lang='lat' dir='ltr'><strong>rerum</strong></span> <span class='ocrx_word' id='word_1_442' title='bbox 1819 748 2009 783; x_wconf 80' lang='lat' dir='ltr'><strong>gestarum.</strong></span> <span class='ocrx_word' id='word_1_443' title='bbox 2070 745 2109 780; x_wconf 88' lang='lat' dir='ltr'><strong>In</strong></span> 
     </span>
     <span class='ocr_line' id='line_1_67' title="bbox 1121 783 2109 830; baseline 0.017 -17"><span class='ocrx_word' id='word_1_444' title='bbox 1121 783 1346 816; x_wconf 88' lang='lat' dir='ltr'><strong>conclusione</strong></span> <span class='ocrx_word' id='word_1_445' title='bbox 1376 785 1562 828; x_wconf 84' lang='lat' dir='ltr'><strong>pollicetur</strong></span> <span class='ocrx_word' id='word_1_446' title='bbox 1587 800 1622 820; x_wconf 88' lang='lat' dir='ltr'><strong>se</strong></span> <span class='ocrx_word' id='word_1_447' title='bbox 1648 789 1882 824; x_wconf 86' lang='lat' dir='ltr'><strong>abducturum</strong></span> <span class='ocrx_word' id='word_1_448' title='bbox 1906 794 2064 829; x_wconf 89' lang='lat' dir='ltr'><strong>animum</strong></span> <span class='ocrx_word' id='word_1_449' title='bbox 2090 810 2109 830; x_wconf 91' lang='grc'>3</span> 
     </span>
     <span class='ocr_line' id='line_1_68' title="bbox 1120 833 1905 883; baseline 0.017 -19"><span class='ocrx_word' id='word_1_450' title='bbox 1120 833 1262 874; x_wconf 89' lang='lat' dir='ltr'><strong>dolore,</strong></span> <span class='ocrx_word' id='word_1_451' title='bbox 1290 842 1463 880; x_wconf 84' lang='lat' dir='ltr'><strong>quantum</strong></span> <span class='ocrx_word' id='word_1_452' title='bbox 1491 838 1638 871; x_wconf 84' lang='lat' dir='ltr'><strong>omnino</strong></span> <span class='ocrx_word' id='word_1_453' title='bbox 1661 841 1826 883; x_wconf 87' lang='lat' dir='ltr'><strong>possibile</strong></span> <span class='ocrx_word' id='word_1_454' title='bbox 1845 848 1905 877; x_wconf 84' lang='lat' dir='ltr'><strong>est.</strong></span> 
     </span>
    </p>
   </div>
   <div class='ocr_carea' id='block_1_10' title="bbox 1368 919 1866 967">
    <p class='ocr_par' dir='ltr' id='par_1_22' title="bbox 1368 919 1866 967">
     <span class='ocr_line' id='line_1_69' title="bbox 1368 919 1866 967; baseline 0.018 -16"><span class='ocrx_word' id='word_1_455' title='bbox 1368 919 1500 954; x_wconf 78' lang='lat' dir='ltr'><strong>Aliud</strong></span> <span class='ocrx_word' id='word_1_456' title='bbox 1536 934 1751 967; x_wconf 84' lang='lat' dir='ltr'><strong>argumen</strong></span> <span class='ocrx_word' id='word_1_457' title='bbox 1766 931 1866 961; x_wconf 88' lang='lat' dir='ltr'><strong>tum.</strong></span> 
     </span>
    </p>
   </div>
   <div class='ocr_carea' id='block_1_11' title="bbox 1116 985 2107 2097">
    <p class='ocr_par' dir='ltr' id='par_1_23' title="bbox 1116 985 2107 2097">
     <span class='ocr_line' id='line_1_70' title="bbox 1216 985 2107 1035; baseline 0.018 -17"><span class='ocrx_word' id='word_1_458' title='bbox 1216 985 1375 1030; x_wconf 86' lang='lat' dir='ltr'><strong>Epistola</strong></span> <span class='ocrx_word' id='word_1_459' title='bbox 1394 995 1444 1021; x_wconf 89' lang='lat' dir='ltr'><strong>est</strong></span> <span class='ocrx_word' id='word_1_460' title='bbox 1459 991 1685 1034; x_wconf 83' lang='lat' dir='ltr'><strong>responsoria</strong></span> <span class='ocrx_word' id='word_1_461' title='bbox 1706 994 1900 1028; x_wconf 89' lang='lat' dir='ltr'><strong>admodum</strong></span> <span class='ocrx_word' id='word_1_462' title='bbox 1919 999 2056 1033; x_wconf 88' lang='lat' dir='ltr'><strong>erudite</strong></span> <span class='ocrx_word' id='word_1_463' title='bbox 2073 1008 2107 1035; x_wconf 88' lang='lat' dir='ltr'><strong>et</strong></span> 
     </span>
     <span class='ocr_line' id='line_1_71' title="bbox 1118 1035 2107 1091; baseline 0.018 -24"><span class='ocrx_word' id='word_1_464' title='bbox 1118 1035 1296 1079; x_wconf 82' lang='lat' dir='ltr'><strong>eleganter</strong></span> <span class='ocrx_word' id='word_1_465' title='bbox 1328 1039 1477 1083; x_wconf 88' lang='lat' dir='ltr'><strong>scripta,</strong></span> <span class='ocrx_word' id='word_1_466' title='bbox 1511 1041 1548 1074; x_wconf 90' lang='lat' dir='ltr'><strong>in</strong></span> <span class='ocrx_word' id='word_1_467' title='bbox 1580 1054 1648 1087; x_wconf 89' lang='lat' dir='ltr'><strong>qua</strong></span> <span class='ocrx_word' id='word_1_468' title='bbox 1682 1045 1806 1078; x_wconf 89' lang='lat' dir='ltr'><strong>ordine</strong></span> <span class='ocrx_word' id='word_1_469' title='bbox 1839 1050 2030 1091; x_wconf 89' lang='lat' dir='ltr'><strong>respondet</strong></span> <span class='ocrx_word' id='word_1_470' title='bbox 2062 1054 2107 1085; x_wconf 89' lang='lat' dir='ltr'><strong>ad</strong></span> 
     </span>
     <span class='ocr_line' id='line_1_72' title="bbox 1118 1086 2107 1141; baseline 0.019 -23"><span class='ocrx_word' id='word_1_471' title='bbox 1118 1086 1251 1121; x_wconf 89' lang='lat' dir='ltr'><strong>litteras</strong></span> <span class='ocrx_word' id='word_1_472' title='bbox 1276 1091 1531 1126; x_wconf 89' lang='lat' dir='ltr'><strong>consolatorias</strong></span> <span class='ocrx_word' id='word_1_473' title='bbox 1558 1091 1718 1134; x_wconf 86' lang='lat' dir='ltr'><strong>Lucceii,</strong></span> <span class='ocrx_word' id='word_1_474' title='bbox 1755 1096 1816 1141; x_wconf 88' lang='lat' dir='ltr'><strong>qui</strong></span> <span class='ocrx_word' id='word_1_475' title='bbox 1840 1098 1999 1141; x_wconf 88' lang='lat' dir='ltr'><strong>pluribus</strong></span> <span class='ocrx_word' id='word_1_476' title='bbox 2026 1115 2107 1137; x_wconf 91' lang='lat' dir='ltr'><strong>usus</strong></span> 
     </span>
     <span class='ocr_line' id='line_1_73' title="bbox 1119 1141 2106 1187; baseline 0.017 -17"><span class='ocrx_word' id='word_1_477' title='bbox 1119 1141 1336 1181; x_wconf 83' lang='lat' dir='ltr'><strong>argumentis</strong></span> <span class='ocrx_word' id='word_1_478' title='bbox 1358 1142 1517 1175; x_wconf 89' lang='lat' dir='ltr'><strong>animum</strong></span> <span class='ocrx_word' id='word_1_479' title='bbox 1541 1143 1721 1179; x_wconf 89' lang='lat' dir='ltr'><strong>Ciceronis</strong></span> <span class='ocrx_word' id='word_1_480' title='bbox 1747 1148 1909 1182; x_wconf 77' lang='lat' dir='ltr'><strong>voluerat</strong></span> <span class='ocrx_word' id='word_1_481' title='bbox 1931 1151 2106 1187; x_wconf 85' lang='lat' dir='ltr'><strong>abducere</strong></span> 
     </span>
     <span class='ocr_line' id='line_1_74' title="bbox 1118 1189 2106 1240; baseline 0.018 -20"><span class='ocrx_word' id='word_1_482' title='bbox 1118 1189 1161 1221; x_wconf 84' lang='lat' dir='ltr'><strong>ab</strong></span> <span class='ocrx_word' id='word_1_483' title='bbox 1195 1189 1255 1222; x_wconf 91' lang='lat' dir='ltr'><strong>illo</strong></span> <span class='ocrx_word' id='word_1_484' title='bbox 1288 1199 1461 1236; x_wconf 86' lang='lat' dir='ltr'><strong>perpetuo</strong></span> <span class='ocrx_word' id='word_1_485' title='bbox 1492 1194 1607 1234; x_wconf 88' lang='lat' dir='ltr'><strong>luctu,</strong></span> <span class='ocrx_word' id='word_1_486' title='bbox 1644 1203 1791 1240; x_wconf 88' lang='lat' dir='ltr'><strong>propter</strong></span> <span class='ocrx_word' id='word_1_487' title='bbox 1822 1198 2005 1236; x_wconf 87' lang='lat' dir='ltr'><strong>interitum</strong></span> <span class='ocrx_word' id='word_1_488' title='bbox 2039 1206 2106 1237; x_wconf 92' lang='lat' dir='ltr'><strong>rei-</strong></span> 
     </span>
     <span class='ocr_line' id='line_1_75' title="bbox 1118 1240 2106 1298; baseline 0.019 -28"><span class='ocrx_word' id='word_1_489' title='bbox 1118 1240 1290 1282; x_wconf 80' lang='lat' dir='ltr'><strong>publicae.</strong></span> <span class='ocrx_word' id='word_1_490' title='bbox 1350 1242 1546 1276; x_wconf 77' lang='lat' dir='ltr'><strong>Exordium</strong></span> <span class='ocrx_word' id='word_1_491' title='bbox 1573 1253 1755 1290; x_wconf 90' lang='lat' dir='ltr'><strong>sumptum</strong></span> <span class='ocrx_word' id='word_1_492' title='bbox 1781 1256 1831 1282; x_wconf 89' lang='lat' dir='ltr'><strong>est</strong></span> <span class='ocrx_word' id='word_1_493' title='bbox 1853 1262 1871 1282; x_wconf 89' lang='lat' dir='ltr'><strong>a</strong></span> <span class='ocrx_word' id='word_1_494' title='bbox 1895 1256 2106 1298; x_wconf 86' lang='lat' dir='ltr'><strong>comproba-</strong></span> 
     </span>
     <span class='ocr_line' id='line_1_76' title="bbox 1118 1289 2105 1349; baseline 0.02 -29"><span class='ocrx_word' id='word_1_495' title='bbox 1118 1289 1213 1323; x_wconf 82' lang='lat' dir='ltr'><strong>tione</strong></span> <span class='ocrx_word' id='word_1_496' title='bbox 1242 1292 1366 1332; x_wconf 79' lang='lat' dir='ltr'><strong>osficii,</strong></span> <span class='ocrx_word' id='word_1_497' title='bbox 1395 1300 1428 1326; x_wconf 86' lang='lat' dir='ltr'><strong>et</strong></span> <span class='ocrx_word' id='word_1_498' title='bbox 1452 1295 1589 1337; x_wconf 85' lang='lat' dir='ltr'><strong>generis</strong></span> <span class='ocrx_word' id='word_1_499' title='bbox 1614 1298 1885 1340; x_wconf 89' lang='lat' dir='ltr'><strong>consolationis,</strong></span> <span class='ocrx_word' id='word_1_500' title='bbox 1914 1316 2003 1348; x_wconf 89' lang='lat' dir='ltr'><strong>quae</strong></span> <span class='ocrx_word' id='word_1_501' title='bbox 2028 1307 2105 1349; x_wconf 91' lang='lat' dir='ltr'><strong>plu-</strong></span> 
     </span>
     <span class='ocr_line' id='line_1_77' title="bbox 1117 1340 2105 1391; baseline 0.02 -20"><span class='ocrx_word' id='word_1_502' title='bbox 1117 1340 1247 1373; x_wconf 87' lang='lat' dir='ltr'><strong>rimum</strong></span> <span class='ocrx_word' id='word_1_503' title='bbox 1286 1343 1413 1381; x_wconf 80' lang='lat' dir='ltr'><strong>valuit;</strong></span> <span class='ocrx_word' id='word_1_504' title='bbox 1453 1343 1615 1391; x_wconf 87' lang='lat' dir='ltr'><strong>hancque</strong></span> <span class='ocrx_word' id='word_1_505' title='bbox 1648 1349 1927 1385; x_wconf 86' lang='lat' dir='ltr'><strong>consolationem</strong></span> <span class='ocrx_word' id='word_1_506' title='bbox 1961 1364 2105 1391; x_wconf 71' lang='lat' dir='ltr'><strong>venuste</strong></span> 
     </span>
     <span class='ocr_line' id='line_1_78' title="bbox 1117 1394 2105 1451; baseline 0.018 -28"><span class='ocrx_word' id='word_1_507' title='bbox 1117 1394 1364 1427; x_wconf 88' lang='lat' dir='ltr'><strong>accommodat</strong></span> <span class='ocrx_word' id='word_1_508' title='bbox 1388 1396 1432 1427; x_wconf 90' lang='lat' dir='ltr'><strong>ad</strong></span> <span class='ocrx_word' id='word_1_509' title='bbox 1457 1408 1555 1429; x_wconf 89' lang='lat' dir='ltr'><strong>suam</strong></span> <span class='ocrx_word' id='word_1_510' title='bbox 1579 1410 1780 1441; x_wconf 86' lang='lat' dir='ltr'><strong>personam.</strong></span> <span class='ocrx_word' id='word_1_511' title='bbox 1832 1402 2000 1449; x_wconf 87' lang='lat' dir='ltr'><strong>Sequitur</strong></span> <span class='ocrx_word' id='word_1_512' title='bbox 2023 1420 2105 1451; x_wconf 90' lang='lat' dir='ltr'><strong>pro-</strong></span> 
     </span>
     <span class='ocr_line' id='line_1_79' title="bbox 1117 1442 2105 1495; baseline 0.019 -21"><span class='ocrx_word' id='word_1_513' title='bbox 1117 1442 1267 1486; x_wconf 87' lang='lat' dir='ltr'><strong>positio,</strong></span> <span class='ocrx_word' id='word_1_514' title='bbox 1295 1446 1390 1490; x_wconf 89' lang='lat' dir='ltr'><strong>quod</strong></span> <span class='ocrx_word' id='word_1_515' title='bbox 1412 1446 1549 1481; x_wconf 85' lang='lat' dir='ltr'><strong>litterae</strong></span> <span class='ocrx_word' id='word_1_516' title='bbox 1573 1449 1717 1483; x_wconf 84' lang='lat' dir='ltr'><strong>fuerunt</strong></span> <span class='ocrx_word' id='word_1_517' title='bbox 1734 1452 1964 1495; x_wconf 80' lang='lat' dir='ltr'><strong>gratissimae.</strong></span> <span class='ocrx_word' id='word_1_518' title='bbox 2016 1459 2105 1492; x_wconf 91' lang='lat' dir='ltr'><strong>Pro-</strong></span> 
     </span>
     <span class='ocr_line' id='line_1_80' title="bbox 1117 1494 2103 1545; baseline 0.019 -20"><span class='ocrx_word' id='word_1_519' title='bbox 1117 1494 1286 1538; x_wconf 82' lang='lat' dir='ltr'><strong>positioni</strong></span> <span class='ocrx_word' id='word_1_520' title='bbox 1310 1497 1546 1532; x_wconf 86' lang='lat' dir='ltr'><strong>subiiciuntur</strong></span> <span class='ocrx_word' id='word_1_521' title='bbox 1570 1500 1638 1532; x_wconf 87' lang='lat' dir='ltr'><strong>tria</strong></span> <span class='ocrx_word' id='word_1_522' title='bbox 1660 1510 1880 1545; x_wconf 79' lang='lat' dir='ltr'><strong>argumenta.</strong></span> <span class='ocrx_word' id='word_1_523' title='bbox 1940 1507 2103 1544; x_wconf 90' lang='lat' dir='ltr'><strong>Primum</strong></span> 
     </span>
     <span class='ocr_line' id='line_1_81' title="bbox 1117 1546 2103 1602; baseline 0.017 -25"><span class='ocrx_word' id='word_1_524' title='bbox 1117 1558 1136 1577; x_wconf 89' lang='lat' dir='ltr'><strong>a</strong></span> <span class='ocrx_word' id='word_1_525' title='bbox 1159 1546 1347 1580; x_wconf 85' lang='lat' dir='ltr'><strong>collatione</strong></span> <span class='ocrx_word' id='word_1_526' title='bbox 1372 1549 1521 1584; x_wconf 86' lang='lat' dir='ltr'><strong>rationis</strong></span> <span class='ocrx_word' id='word_1_527' title='bbox 1548 1552 1755 1585; x_wconf 86' lang='lat' dir='ltr'><strong>consolandi</strong></span> <span class='ocrx_word' id='word_1_528' title='bbox 1780 1560 1813 1587; x_wconf 87' lang='lat' dir='ltr'><strong>et</strong></span> <span class='ocrx_word' id='word_1_529' title='bbox 1831 1558 1992 1602; x_wconf 81' lang='lat' dir='ltr'><strong>exempli.</strong></span> <span class='ocrx_word' id='word_1_530' title='bbox 2044 1561 2103 1595; x_wconf 90' lang='lat' dir='ltr'><strong>Se-</strong></span> 
     </span>
     <span class='ocr_line' id='line_1_82' title="bbox 1117 1596 2105 1650; baseline 0.016 -22"><span class='ocrx_word' id='word_1_531' title='bbox 1117 1598 1270 1631; x_wconf 90' lang='lat' dir='ltr'><strong>cundum</strong></span> <span class='ocrx_word' id='word_1_532' title='bbox 1303 1596 1410 1632; x_wconf 86' lang='lat' dir='ltr'><strong>habet</strong></span> <span class='ocrx_word' id='word_1_533' title='bbox 1436 1599 1750 1645; x_wconf 87' lang='lat' dir='ltr'><strong>reprehensionem</strong></span> <span class='ocrx_word' id='word_1_534' title='bbox 1782 1610 2003 1650; x_wconf 85' lang='lat' dir='ltr'><strong>argumenti,</strong></span> <span class='ocrx_word' id='word_1_535' title='bbox 2044 1625 2105 1647; x_wconf 84' lang='lat' dir='ltr'><strong>seu</strong></span> 
     </span>
     <span class='ocr_line' id='line_1_83' title="bbox 1117 1650 2105 1701; baseline 0.017 -21"><span class='ocrx_word' id='word_1_536' title='bbox 1117 1650 1373 1683; x_wconf 89' lang='lat' dir='ltr'><strong>correctionem</strong></span> <span class='ocrx_word' id='word_1_537' title='bbox 1399 1652 1440 1685; x_wconf 91' lang='lat' dir='ltr'><strong>de</strong></span> <span class='ocrx_word' id='word_1_538' title='bbox 1462 1659 1556 1686; x_wconf 89' lang='lat' dir='ltr'><strong>statu</strong></span> <span class='ocrx_word' id='word_1_539' title='bbox 1572 1654 1785 1698; x_wconf 90' lang='lat' dir='ltr'><strong>reipublicae</strong></span> <span class='ocrx_word' id='word_1_540' title='bbox 1809 1669 1873 1701; x_wconf 89' lang='lat' dir='ltr'><strong>per</strong></span> <span class='ocrx_word' id='word_1_541' title='bbox 1889 1671 2105 1697; x_wconf 86' lang='lat' dir='ltr'><strong>commemo-</strong></span> 
     </span>
     <span class='ocr_line' id='line_1_84' title="bbox 1116 1700 2106 1747; baseline 0.016 -16"><span class='ocrx_word' id='word_1_542' title='bbox 1116 1700 1294 1733; x_wconf 87' lang='lat' dir='ltr'><strong>rationem</strong></span> <span class='ocrx_word' id='word_1_543' title='bbox 1312 1702 1535 1745; x_wconf 82' lang='lat' dir='ltr'><strong>publicorum</strong></span> <span class='ocrx_word' id='word_1_544' title='bbox 1560 1705 1749 1740; x_wconf 87' lang='lat' dir='ltr'><strong>malorum.</strong></span> <span class='ocrx_word' id='word_1_545' title='bbox 1802 1708 1977 1745; x_wconf 89' lang='lat' dir='ltr'><strong>Ultimum</strong></span> <span class='ocrx_word' id='word_1_546' title='bbox 1993 1715 2106 1747; x_wconf 88' lang='lat' dir='ltr'><strong>conti-</strong></span> 
     </span>
     <span class='ocr_line' id='line_1_85' title="bbox 1116 1753 2105 1808; baseline 0.018 -26"><span class='ocrx_word' id='word_1_547' title='bbox 1116 1758 1175 1784; x_wconf 88' lang='lat' dir='ltr'><strong>net</strong></span> <span class='ocrx_word' id='word_1_548' title='bbox 1200 1753 1449 1796; x_wconf 88' lang='lat' dir='ltr'><strong>repetitionem</strong></span> <span class='ocrx_word' id='word_1_549' title='bbox 1465 1755 1670 1800; x_wconf 87' lang='lat' dir='ltr'><strong>principalis</strong></span> <span class='ocrx_word' id='word_1_550' title='bbox 1688 1761 1907 1802; x_wconf 88' lang='lat' dir='ltr'><strong>argumenti,</strong></span> <span class='ocrx_word' id='word_1_551' title='bbox 1935 1776 2005 1808; x_wconf 86' lang='lat' dir='ltr'><strong>quo</strong></span> <span class='ocrx_word' id='word_1_552' title='bbox 2023 1778 2105 1800; x_wconf 88' lang='lat' dir='ltr'><strong>usus</strong></span> 
     </span>
     <span class='ocr_line' id='line_1_86' title="bbox 1116 1802 2105 1860; baseline 0.016 -26"><span class='ocrx_word' id='word_1_553' title='bbox 1116 1809 1192 1834; x_wconf 89' lang='lat' dir='ltr'><strong>erat</strong></span> <span class='ocrx_word' id='word_1_554' title='bbox 1206 1802 1394 1844; x_wconf 88' lang='lat' dir='ltr'><strong>Lucceius,</strong></span> <span class='ocrx_word' id='word_1_555' title='bbox 1421 1813 1602 1850; x_wconf 87' lang='lat' dir='ltr'><strong>sumptum</strong></span> <span class='ocrx_word' id='word_1_556' title='bbox 1630 1819 1649 1839; x_wconf 84' lang='lat' dir='ltr'><strong>a</strong></span> <span class='ocrx_word' id='word_1_557' title='bbox 1674 1809 1888 1844; x_wconf 87' lang='lat' dir='ltr'><strong>conscientia</strong></span> <span class='ocrx_word' id='word_1_558' title='bbox 1912 1825 2029 1848; x_wconf 91' lang='lat' dir='ltr'><strong>rerum</strong></span> <span class='ocrx_word' id='word_1_559' title='bbox 2049 1828 2105 1860; x_wconf 84' lang='lat' dir='ltr'><strong>ge-</strong></span> 
     </span>
     <span class='ocr_line' id='line_1_87' title="bbox 1116 1855 2105 1910; baseline 0.015 -25"><span class='ocrx_word' id='word_1_560' title='bbox 1116 1860 1262 1889; x_wconf 87' lang='lat' dir='ltr'><strong>starum.</strong></span> <span class='ocrx_word' id='word_1_561' title='bbox 1321 1855 1509 1890; x_wconf 87' lang='lat' dir='ltr'><strong>Conclusio</strong></span> <span class='ocrx_word' id='word_1_562' title='bbox 1535 1864 1672 1891; x_wconf 85' lang='lat' dir='ltr'><strong>constat</strong></span> <span class='ocrx_word' id='word_1_563' title='bbox 1696 1860 1833 1895; x_wconf 90' lang='lat' dir='ltr'><strong>duobus</strong></span> <span class='ocrx_word' id='word_1_564' title='bbox 1864 1863 1968 1905; x_wconf 87' lang='lat' dir='ltr'><strong>locis,</strong></span> <span class='ocrx_word' id='word_1_565' title='bbox 2002 1868 2105 1910; x_wconf 91' lang='lat' dir='ltr'><strong>polli-</strong></span> 
     </span>
     <span class='ocr_line' id='line_1_88' title="bbox 1117 1904 2103 1962; baseline 0.016 -27"><span class='ocrx_word' id='word_1_566' title='bbox 1117 1904 1302 1944; x_wconf 86' lang='lat' dir='ltr'><strong>citatione,</strong></span> <span class='ocrx_word' id='word_1_567' title='bbox 1331 1908 1427 1951; x_wconf 90' lang='lat' dir='ltr'><strong>quod</strong></span> <span class='ocrx_word' id='word_1_568' title='bbox 1453 1908 1535 1940; x_wconf 70' lang='lat' dir='ltr'><strong>velit</strong></span> <span class='ocrx_word' id='word_1_569' title='bbox 1559 1922 1593 1942; x_wconf 90' lang='lat' dir='ltr'><strong>se</strong></span> <span class='ocrx_word' id='word_1_570' title='bbox 1621 1909 1795 1944; x_wconf 83' lang='lat' dir='ltr'><strong>abducere</strong></span> <span class='ocrx_word' id='word_1_571' title='bbox 1812 1924 1831 1944; x_wconf 83' lang='lat' dir='ltr'><strong>a</strong></span> <span class='ocrx_word' id='word_1_572' title='bbox 1848 1913 1964 1955; x_wconf 79' lang='lat' dir='ltr'><strong>luctu,</strong></span> <span class='ocrx_word' id='word_1_573' title='bbox 1993 1930 2103 1962; x_wconf 87' lang='lat' dir='ltr'><strong>quan-</strong></span> 
     </span>
     <span class='ocr_line' id='line_1_89' title="bbox 1117 1956 2106 2003; baseline 0.016 -17"><span class='ocrx_word' id='word_1_574' title='bbox 1117 1960 1192 1987; x_wconf 85' lang='lat' dir='ltr'><strong>tum</strong></span> <span class='ocrx_word' id='word_1_575' title='bbox 1217 1956 1326 1999; x_wconf 87' lang='lat' dir='ltr'><strong>possit</strong></span> <span class='ocrx_word' id='word_1_576' title='bbox 1348 1958 1443 1997; x_wconf 86' lang='lat' dir='ltr'><strong>fieri,</strong></span> <span class='ocrx_word' id='word_1_577' title='bbox 1477 1958 1560 1991; x_wconf 84' lang='lat' dir='ltr'><strong>item</strong></span> <span class='ocrx_word' id='word_1_578' title='bbox 1595 1960 1851 2003; x_wconf 82' lang='lat' dir='ltr'><strong>significatione</strong></span> <span class='ocrx_word' id='word_1_579' title='bbox 1875 1977 1957 1999; x_wconf 91' lang='lat' dir='ltr'><strong>suae</strong></span> <span class='ocrx_word' id='word_1_580' title='bbox 1980 1969 2106 2001; x_wconf 76' lang='lat' dir='ltr'><strong>volun-</strong></span> 
     </span>
     <span class='ocr_line' id='line_1_90' title="bbox 1117 2006 2103 2061; baseline 0.015 -24"><span class='ocrx_word' id='word_1_581' title='bbox 1117 2006 1198 2039; x_wconf 88' lang='lat' dir='ltr'><strong>tatis</strong></span> <span class='ocrx_word' id='word_1_582' title='bbox 1223 2013 1256 2039; x_wconf 90' lang='lat' dir='ltr'><strong>et</strong></span> <span class='ocrx_word' id='word_1_583' title='bbox 1296 2008 1556 2042; x_wconf 84' lang='lat' dir='ltr'><strong>coniunctionis</strong></span> <span class='ocrx_word' id='word_1_584' title='bbox 1592 2010 1873 2059; x_wconf 57' lang='lat' dir='ltr'><strong>animorumffl),</strong></span> <span class='ocrx_word' id='word_1_585' title='bbox 1915 2029 2004 2061; x_wconf 91' lang='lat' dir='ltr'><strong>quae</strong></span> <span class='ocrx_word' id='word_1_586' title='bbox 2029 2020 2103 2052; x_wconf 82' lang='lat' dir='ltr'><strong>sola</strong></span> 
     </span>
     <span class='ocr_line' id='line_1_91' title="bbox 1116 2058 1826 2097; baseline 0.013 -9"><span class='ocrx_word' id='word_1_587' title='bbox 1116 2068 1237 2089; x_wconf 74' lang='lat' dir='ltr'><strong>veram</strong></span> <span class='ocrx_word' id='word_1_588' title='bbox 1264 2064 1297 2090; x_wconf 89' lang='lat' dir='ltr'><strong>et</strong></span> <span class='ocrx_word' id='word_1_589' title='bbox 1322 2058 1460 2091; x_wconf 89' lang='lat' dir='ltr'><strong>firmam</strong></span> <span class='ocrx_word' id='word_1_590' title='bbox 1490 2060 1593 2092; x_wconf 82' lang='lat' dir='ltr'><strong>efficit</strong></span> <span class='ocrx_word' id='word_1_591' title='bbox 1621 2061 1826 2097; x_wconf 80' lang='lat' dir='ltr'><strong>amicitiam.</strong></span> 
     </span>
    </p>
   </div>
   <div class='ocr_carea' id='block_1_12' title="bbox 1361 2148 1853 2195">
    <p class='ocr_par' dir='ltr' id='par_1_24' title="bbox 1361 2148 1853 2195">
     <span class='ocr_line' id='line_1_92' title="bbox 1361 2148 1853 2195; baseline 0.014 -14"><span class='ocrx_word' id='word_1_592' title='bbox 1361 2148 1497 2183; x_wconf 89' lang='lat' dir='ltr'><strong>Aliud</strong></span> <span class='ocrx_word' id='word_1_593' title='bbox 1533 2160 1853 2195; x_wconf 83' lang='lat' dir='ltr'><strong>argumentum.</strong></span> 
     </span>
    </p>
   </div>
   <div class='ocr_carea' id='block_1_13' title="bbox 1117 2225 2104 2528">
    <p class='ocr_par' dir='ltr' id='par_1_25' title="bbox 1117 2225 2104 2528">
     <span class='ocr_line' id='line_1_93' title="bbox 1219 2225 2101 2279; baseline 0.015 -22"><span class='ocrx_word' id='word_1_594' title='bbox 1219 2225 1366 2258; x_wconf 79' lang='lat' dir='ltr'><strong>Exordii</strong></span> <span class='ocrx_word' id='word_1_595' title='bbox 1382 2226 1460 2259; x_wconf 88' lang='lat' dir='ltr'><strong>loco</strong></span> <span class='ocrx_word' id='word_1_596' title='bbox 1470 2226 1516 2272; x_wconf 76' lang='lat'><strong>33)</strong></span> <span class='ocrx_word' id='word_1_597' title='bbox 1537 2233 1587 2260; x_wconf 91' lang='lat' dir='ltr'><strong>est</strong></span> <span class='ocrx_word' id='word_1_598' title='bbox 1607 2228 1722 2272; x_wconf 87' lang='lat' dir='ltr'><strong>posita</strong></span> <span class='ocrx_word' id='word_1_599' title='bbox 1740 2231 1937 2275; x_wconf 86' lang='lat' dir='ltr'><strong>propositio</strong></span> <span class='ocrx_word' id='word_1_600' title='bbox 1955 2235 2101 2279; x_wconf 84' lang='lat' dir='ltr'><strong>figurata</strong></span> 
     </span>
     <span class='ocr_line' id='line_1_94' title="bbox 1118 2276 2103 2323; baseline 0.013 -14"><span class='ocrx_word' id='word_1_601' title='bbox 1118 2276 1434 2310; x_wconf 82' lang='lat' dir='ltr'><strong>circumductione:</strong></span> <span class='ocrx_word' id='word_1_602' title='bbox 1470 2278 1578 2311; x_wconf 88' lang='lat' dir='ltr'><strong>Grata</strong></span> <span class='ocrx_word' id='word_1_603' title='bbox 1604 2277 1693 2311; x_wconf 87' lang='lat' dir='ltr'><strong>mihi</strong></span> <span class='ocrx_word' id='word_1_604' title='bbox 1718 2280 1784 2314; x_wconf 86' lang='lat' dir='ltr'><strong>fuit</strong></span> <span class='ocrx_word' id='word_1_605' title='bbox 1811 2288 1870 2315; x_wconf 84' lang='lat' dir='ltr'><strong>tua</strong></span> <span class='ocrx_word' id='word_1_606' title='bbox 1895 2287 2103 2323; x_wconf 79' lang='lat' dir='ltr'><strong>consolatio,</strong></span> 
     </span>
     <span class='ocr_line' id='line_1_95' title="bbox 1117 2328 2104 2380; baseline 0.012 -20"><span class='ocrx_word' id='word_1_607' title='bbox 1117 2328 1362 2372; x_wconf 84' lang='lat' dir='ltr'><strong>Amplificatur</strong></span> <span class='ocrx_word' id='word_1_608' title='bbox 1383 2329 1581 2373; x_wconf 89' lang='lat' dir='ltr'><strong>propositio</strong></span> <span class='ocrx_word' id='word_1_609' title='bbox 1605 2342 1623 2362; x_wconf 91' lang='grc'>3</span> <span class='ocrx_word' id='word_1_610' title='bbox 1642 2330 1745 2364; x_wconf 87' lang='lat' dir='ltr'><strong>laude</strong></span> <span class='ocrx_word' id='word_1_611' title='bbox 1769 2344 1873 2367; x_wconf 78' lang='lat' dir='ltr'><strong>verae</strong></span> <span class='ocrx_word' id='word_1_612' title='bbox 1897 2336 2104 2380; x_wconf 84' lang='lat' dir='ltr'><strong>sapientiae,</strong></span> 
     </span>
     <span class='ocr_line' id='line_1_96' title="bbox 1118 2377 2104 2432; baseline 0.011 -19"><span class='ocrx_word' id='word_1_613' title='bbox 1118 2377 1217 2413; x_wconf 67' lang='lat' dir='ltr'><strong>Nihil</strong></span> <span class='ocrx_word' id='word_1_614' title='bbox 1240 2391 1311 2413; x_wconf 87' lang='lat' dir='ltr'><strong>esse</strong></span> <span class='ocrx_word' id='word_1_615' title='bbox 1335 2380 1591 2424; x_wconf 85' lang='lat' dir='ltr'><strong>praestantius,</strong></span> <span class='ocrx_word' id='word_1_616' title='bbox 1619 2393 1733 2426; x_wconf 89' lang='lat' dir='ltr'><strong>neque</strong></span> <span class='ocrx_word' id='word_1_617' title='bbox 1756 2383 1901 2425; x_wconf 89' lang='lat' dir='ltr'><strong>fortius,</strong></span> <span class='ocrx_word' id='word_1_618' title='bbox 1930 2399 2037 2432; x_wconf 88' lang='lat' dir='ltr'><strong>quam</strong></span> <span class='ocrx_word' id='word_1_619' title='bbox 2062 2403 2104 2423; x_wconf 78' lang='lat' dir='ltr'><strong>ex</strong></span> 
     </span>
     <span class='ocr_line' id='line_1_97' title="bbox 1118 2428 2104 2475; baseline 0.01 -11"><span class='ocrx_word' id='word_1_620' title='bbox 1118 2431 1201 2464; x_wconf 89' lang='lat' dir='ltr'><strong>solis</strong></span> <span class='ocrx_word' id='word_1_621' title='bbox 1226 2431 1415 2464; x_wconf 81' lang='lat' dir='ltr'><strong>virtutibus</strong></span> <span class='ocrx_word' id='word_1_622' title='bbox 1440 2428 1622 2463; x_wconf 89' lang='lat' dir='ltr'><strong>hominem</strong></span> <span class='ocrx_word' id='word_1_623' title='bbox 1647 2433 1812 2475; x_wconf 84' lang='lat' dir='ltr'><strong>pendere.</strong></span> <span class='ocrx_word' id='word_1_624' title='bbox 1878 2436 2015 2472; x_wconf 88' lang='lat' dir='ltr'><strong>Deinde</strong></span> <span class='ocrx_word' id='word_1_625' title='bbox 2044 2443 2104 2474; x_wconf 90' lang='lat' dir='ltr'><strong>ad-</strong></span> 
     </span>
     <span class='ocr_line' id='line_1_98' title="bbox 1119 2481 2103 2528; baseline 0.01 -13"><span class='ocrx_word' id='word_1_626' title='bbox 1119 2482 1215 2515; x_wconf 89' lang='lat' dir='ltr'><strong>ditur</strong></span> <span class='ocrx_word' id='word_1_627' title='bbox 1240 2481 1334 2514; x_wconf 88' lang='lat' dir='ltr'><strong>ratio</strong></span> <span class='ocrx_word' id='word_1_628' title='bbox 1355 2481 1627 2526; x_wconf 88' lang='lat' dir='ltr'><strong>propositionis,</strong></span> <span class='ocrx_word' id='word_1_629' title='bbox 1653 2495 1743 2528; x_wconf 86' lang='lat' dir='ltr'><strong>quae</strong></span> <span class='ocrx_word' id='word_1_630' title='bbox 1763 2482 1871 2520; x_wconf 86' lang='lat' dir='ltr'><strong>habet</strong></span> <span class='ocrx_word' id='word_1_631' title='bbox 1885 2488 2026 2524; x_wconf 86' lang='lat' dir='ltr'><strong>brevem</strong></span> <span class='ocrx_word' id='word_1_632' title='bbox 2047 2504 2103 2525; x_wconf 76' lang='lat' dir='ltr'><strong>ex-</strong></span> 
     </span>
    </p>
   </div>
   <div class='ocr_carea' id='block_1_14' title="bbox 1153 2613 2038 2650">
    <p class='ocr_par' dir='ltr' id='par_1_26' title="bbox 1153 2613 2038 2650">
     <span class='ocr_line' id='line_1_99' title="bbox 1153 2613 2038 2650; baseline 0.006 -11"><span class='ocrx_word' id='word_1_633' title='bbox 1153 2616 1201 2645; x_wconf 82' lang='lat'><strong>³1)</strong></span> <span class='ocrx_word' id='word_1_634' title='bbox 1221 2616 1303 2647; x_wconf 86' lang='lat' dir='ltr'><strong>quod]</strong></span> <span class='ocrx_word' id='word_1_635' title='bbox 1323 2614 1362 2638; x_wconf 86' lang='lat' dir='ltr'><strong>sic</strong></span> <span class='ocrx_word' id='word_1_636' title='bbox 1380 2613 1463 2639; x_wconf 85' lang='lat' dir='ltr'><strong>Editt.</strong></span> <span class='ocrx_word' id='word_1_637' title='bbox 1484 2613 1570 2641; x_wconf 54' lang='lat'><strong>1565„</strong></span> <span class='ocrx_word' id='word_1_638' title='bbox 1593 2614 1677 2644; x_wconf 55' lang='lat'><strong>1569,</strong></span> <span class='ocrx_word' id='word_1_639' title='bbox 1699 2615 1788 2645; x_wconf 76' lang='lat'><strong>1592.;</strong></span> <span class='ocrx_word' id='word_1_640' title='bbox 1808 2616 1856 2640; x_wconf 73' lang='lat' dir='ltr'><strong>Ed.</strong></span> <span class='ocrx_word' id='word_1_641' title='bbox 1876 2618 1948 2642; x_wconf 77' lang='lat'><strong>1556.</strong></span> <span class='ocrx_word' id='word_1_642' title='bbox 1969 2620 2038 2650; x_wconf 82' lang='lat' dir='ltr'><strong>quid.</strong></span> 
     </span>
    </p>
   </div>
   <div class='ocr_carea' id='block_1_15' title="bbox 1153 2655 2101 2717">
    <p class='ocr_par' dir='ltr' id='par_1_27' title="bbox 1153 2655 2101 2717">
     <span class='ocr_line' id='line_1_100' title="bbox 1153 2655 2101 2692; baseline 0.007 -11"><span class='ocrx_word' id='word_1_643' title='bbox 1153 2659 1200 2687; x_wconf 77' lang='lat'><strong>32)</strong></span> <span class='ocrx_word' id='word_1_644' title='bbox 1220 2658 1385 2685; x_wconf 83' lang='lat' dir='ltr'><strong>animorum]</strong></span> <span class='ocrx_word' id='word_1_645' title='bbox 1413 2655 1453 2679; x_wconf 78' lang='lat' dir='ltr'><strong>sie</strong></span> <span class='ocrx_word' id='word_1_646' title='bbox 1472 2658 1546 2679; x_wconf 86' lang='lat' dir='ltr'><strong>recte</strong></span> <span class='ocrx_word' id='word_1_647' title='bbox 1564 2656 1648 2681; x_wconf 86' lang='lat' dir='ltr'><strong>Editt.</strong></span> <span class='ocrx_word' id='word_1_648' title='bbox 1667 2657 1758 2687; x_wconf 82' lang='lat'><strong>1556.‚</strong></span> <span class='ocrx_word' id='word_1_649' title='bbox 1787 2658 1877 2689; x_wconf 79' lang='lat'><strong>1592.;</strong></span> <span class='ocrx_word' id='word_1_650' title='bbox 1914 2661 1996 2685; x_wconf 85' lang='lat' dir='ltr'><strong>Editt.</strong></span> <span class='ocrx_word' id='word_1_651' title='bbox 2019 2664 2101 2692; x_wconf 61' lang='lat'><strong>1563,</strong></span> 
     </span>
     <span class='ocr_line' id='line_1_101' title="bbox 1193 2693 1415 2717; baseline -0.018 0"><span class='ocrx_word' id='word_1_652' title='bbox 1193 2693 1266 2717; x_wconf 81' lang='lat'><strong>1569.</strong></span> <span class='ocrx_word' id='word_1_653' title='bbox 1286 2697 1415 2715; x_wconf 83' lang='lat' dir='ltr'><strong>amorum.</strong></span> 
     </span>
    </p>
   </div>
   <div class='ocr_carea' id='block_1_16' title="bbox 1154 2731 1809 2800">
    <p class='ocr_par' dir='ltr' id='par_1_28' title="bbox 1154 2731 1809 2800">
     <span class='ocr_line' id='line_1_102' title="bbox 1154 2731 1809 2800; baseline -0.002 -42"><span class='ocrx_word' id='word_1_654' title='bbox 1154 2734 1202 2762; x_wconf 76' lang='lat'><strong>³3)</strong></span> <span class='ocrx_word' id='word_1_655' title='bbox 1220 2734 1296 2762; x_wconf 87' lang='lat' dir='ltr'><strong>loco]</strong></span> <span class='ocrx_word' id='word_1_656' title='bbox 1315 2732 1363 2756; x_wconf 81' lang='lat' dir='ltr'><strong>Ed.</strong></span> <span class='ocrx_word' id='word_1_657' title='bbox 1385 2731 1458 2800; x_wconf 52' lang='grc' dir='ltr'><strong>151ὃὲ.</strong></span> <span class='ocrx_word' id='word_1_658' title='bbox 1473 2737 1573 2781; x_wconf 49' lang='lat' dir='ltr'><strong>{rx-ore</strong></span> <span class='ocrx_word' id='word_1_659' title='bbox 1592 2733 1720 2763; x_wconf 65' lang='lat' dir='ltr'><strong>typogm</strong></span> <span class='ocrx_word' id='word_1_660' title='bbox 1739 2732 1809 2757; x_wconf 80' lang='lat' dir='ltr'><strong>loca.</strong></span> 
     </span>
    </p>
   </div>
  </div>
 </body>
</html>
