2351 2990
167 137 239 172 363

167 220 335 257 stituissc,
373 216 484 249 voluit
509 225 588 247 eum
612 210 793 246 dehortari
818 210 859 242 de
888 208 963 252 ipso
986 204 1147 244 consilio,

168 272 287 315 ltaque
310 269 346 300 in
365 266 430 300 hac
455 265 602 310 epistola
627 263 769 301 suadet,
804 272 846 292 ne
870 258 976 292 saciat
1000 257 1055 297 id,
1088 255 1147 290 sed

169 329 206 355 ut
224 322 258 353 iu
281 319 400 353 rastris
415 318 508 361 apud
527 316 696 348 Plancum
715 316 867 344 maneat.
919 308 1070 341 Orditur
1088 318 1149 339 au-

169 380 237 405 tem
263 371 306 403 al»
331 370 404 413 ipsa
430 365 671 412 propositione
699 374 760 405 per
782 359 1068 393 distributionem
1098 357 1151 389 in-

169 429 259 457 serta
276 433 378 453 causa
398 432 436 451 ex
455 419 531 449 loro
549 412 759 451 honestatis,
788 411 883 456 quod
908 407 997 442 nihil
1021 407 1151 452 glorio-

169 474 239 508 sius
268 472 317 504 illi
339 472 494 503 futurum
519 466 573 499 sit.
637 463 745 495 Addit
775 468 808 494 et
837 462 907 493 duo
932 464 1152 503 argumenta,

170 524 323 569 primum
357 521 399 552 ab
430 515 615 558 exemplis,
658 514 753 558 quod
782 513 875 545 idem
899 511 1030 544 saciant
1052 521 1153 553 prae-

170 580 300 609 stantes
317 571 401 606 viri,
431 567 489 612 qui
513 564 679 608 neglectis
703 564 773 597 suis
794 561 991 596 honoribus
1012 571 1153 604 rempu-

170 625 297 657 blicam
326 621 362 653 in
391 619 482 651 bello
506 616 709 649 defendant.
774 613 883 658 quue
915 612 1106 656 amplificat
1135 621 1152 641 a

171 675 307 708 minore
324 683 365 704 ex
379 666 640 702 circumstantia
658 665 839 709 temporis,
867 664 962 709 quod
980 663 1052 696 eius
1068 668 1154 694 tem-

171 738 236 770 pus
255 720 433 756 ambiendi
450 719 610 751 nondum
632 716 780 749 venerit.
834 714 1035 748 Secundum
1064 725 1082 744 a
1106 712 1154 743 sa-

170 777 246 815 cili,
276 773 371 819 quod
385 771 517 804 Planco
537 768 678 801 consule
696 772 896 811 praeturam
919 764 1056 797 facilius
1075 774 1155 795 con-

172 825 270 871 sequi
293 822 413 869 possit.
472 819 642 863 Epilogus
667 816 772 850 habet
794 815 1050 860 praecisionem
1077 825 1155 846 cum

173 888 275 910 causa
305 871 482 908 scribendi
516 877 550 902 et
580 868 790 912 repetitione
818 865 1072 910 propositionis
1097 865 1156 896 ad-

173 927 284 961 hibita
302 923 491 959 autoritate
512 920 664 954 aliorum
682 918 890 952 amicorum.

427 1008 560 1042 Aliud
588 1009 910 1050 argumentum.

276 1075 531 1113 Adliortatoria
551 1080 603 1107 est
622 1072 789 1117 epistola,
816 1069 914 1103 cuius
938 1066 1074 1100 occasio
1101 1077 1157 1099 su-

174 1132 282 1166 mitur
300 1142 317 1162 a
337 1127 452 1162 studio
469 1124 593 1159 Furnii
611 1123 715 1166 legati
737 1119 954 1166 properandi
978 1119 1023 1151 ad
1049 1115 1157 1150 comi-

175 1184 222 1216 tia
242 1187 427 1226 praeturae
445 1174 670 1221 petendaeffl)
689 1172 813 1217 gratia.
865 1170 928 1203 Est
951 1175 1068 1201 autem
1095 1168 1157 1200 du-

174 1235 253 1278 plex
270 1228 465 1276 propositio
477 1254 486 1267 ,
514 1238 603 1271 quae
620 1229 757 1257 constat
774 1223 988 1255 dilemmate.
1036 1218 1155 1250 Altera

175 1291 236 1324 est,
263 1295 306 1316 ne
325 1280 473 1313 nimium
491 1282 657 1321 properet
675 1275 718 1306 ad
737 1273 942 1317 petitionem
959 1275 1158 1314 praeturae,

175 1336 203 1369 si
222 1331 416 1377 respublica
435 1326 549 1361 adhuc
561 1339 648 1370 opus
665 1324 771 1358 liabet
786 1323 859 1356 eius
878 1333 982 1365 opera
1002 1320 1037 1352 in
1053 1318 1157 1351 bello.

176 1386 295 1419 Altera
313 1410 321 1423 ‚
373 1387 411 1414 ut
445 1386 520 1412 tum
556 1381 725 1421 properet
761 1373 903 1419 quando
944 1369 1157 1414 reipublicae

178 1437 323 1471 omnino
341 1431 555 1466 satisfactum
572 1427 649 1460 erit.
701 1425 831 1469 Estque
853 1421 1056 1466 principalis
1077 1431 1158 1463 pro-

176 1486 325 1533 positio,
352 1496 396 1516 ne
415 1487 494 1514 ante
517 1479 714 1511 consectum
739 1474 867 1507 bellum
890 1472 1078 1517 quicquam
1103 1482 1159 1501 co-

175 1539 259 1583 gitet
274 1538 314 1569 de
332 1535 390 1567 illa
409 1530 590 1576 petitione.
642 1527 812 1559 Rationes
832 1530 984 1568 quatuor
1000 1527 1082 1554 sunt
1099 1520 1159 1552 ad-

176 1590 280 1623 ditae.
347 1580 468 1617 Prima
492 1579 643 1613 sumitur
663 1577 705 1608 ab
732 1575 896 1610 lionesto;
937 1572 1086 1605 secunda
1115 1571 1158 1602 ab

177 1637 361 1681 exemplis;
405 1632 504 1666 tertia
533 1643 550 1662 a
577 1625 838 1661 circumstantia
871 1623 1059 1666 temporis,
1100 1632 1159 1664 pe-

180 1689 276 1724 tendi
309 1685 403 1719 hunc
427 1682 576 1726 gradum
602 1677 765 1714 honoris3
809 1681 934 1720 quarta
962 1673 1004 1705 ab
1030 1682 1160 1716 oppor-

180 1750 288 1778 tuno,
331 1734 492 1769 xidelicet
516 1732 557 1764 de
581 1729 764 1762 consulatu
788 1725 929 1764 Planci,
972 1723 1032 1769 qui
1065 1721 1159 1755 haud

178 1791 282 1826 dubie
300 1799 379 1821 eum
397 1784 579 1817 adiuturus
595 1780 650 1814 sit.
704 1778 742 1810 ln
761 1775 984 1809 conclusione
1004 1773 1159 1818 primum

179 1841 324 1887 ponitur
348 1833 523 1870 excusatio
547 1838 581 1864 et
605 1841 707 1864 causa
730 1826 924 1865 scribendi,
958 1825 1084 1858 deinde
1108 1835 1160 1856 re-

178 1892 299 1938 petitio
319 1883 590 1923 adhortationis.

421 1967 555 2002 Aliud
589 1968 917 2007 argumentum.

280 2039 418 2083 Duplex
449 2042 499 2069 est
526 2029 723 2077 propositio
754 2034 917 2062 constans
947 2025 1161 2058 dilemmate.

180 2094 320 2128 Primae
347 2083 600 2134 propositionis
628 2080 714 2113 haec
741 2086 790 2112 est
815 2088 969 2112 summa:
1011 2074 1101 2119 Si⁵¹)
1126 2074 1162 2106 in

178 2145 271 2179 bello
291 2138 506 2175 conficiendo
525 2132 720 2176 respublica
739 2128 844 2163 habet
862 2140 949 2172 opus
965 2133 1024 2159 tua
1042 2136 1162 2169 opera,

180 2193 394 2230 manendum
411 2188 475 2221 tibi
491 2187 526 2218 in
544 2181 727 2228 provincia
747 2192 890 2218 censeo,
927 2184 959 2210 et
985 2188 1059 2209 non
1083 2187 1164 2219 pro-

180 2245 377 2292 perandum
402 2241 446 2272 ad
471 2235 679 2282 petitionem
702 2237 900 2275 praeturae.
952 2227 1057 2260 Ratio
1082 2238 1163 2270 pro-

181 2293 366 2342 positionis
382 2294 521 2332 sumpta
547 2291 597 2318 est
621 2296 661 2316 ex
683 2280 845 2315 honesto.
897 2279 1014 2310 Altera
1034 2289 1164 2321 propo-

183 2347 263 2381 sitio
281 2351 345 2377 est:
383 2341 418 2374 Si
434 2335 631 2382 respublica
650 2331 740 2367 nihil
754 2330 860 2365 habet
877 2341 962 2373 opus
980 2335 1037 2361 tua
1056 2339 1163 2371 opera

184 2399 222 2430 in
252 2392 455 2439 provincia,
493 2389 644 2422 liberum
676 2383 741 2416 erit
771 2382 924 2414 Romam
954 2378 1092 2417 venire,
1133 2384 1166 2410 et

186 2453 303 2493 petere
323 2448 536 2487 praeturam.
588 2435 678 2468 Huic
693 2431 930 2478 propositioni
945 2430 1097 2463 subiecta
1117 2435 1167 2485 eft

188 2497 361 2543 quaedam
396 2489 564 2524 correctio
597 2488 638 2520 de
665 2483 889 2519 festinatione
917 2480 1103 2514 ambitiosa
1130 2492 1166 2511 1n

191 2579 393 2592 ’,κ-

221 2631 269 2656 5ο)
288 2622 433 2656 petendae]
454 2618 493 2642 sic
512 2617 594 2641 Editt.
616 2617 705 2644 1555.,
734 2615 824 2645 mn„
852 2614 941 2644 1596.;
978 2613 1005 2636 in
1023 2612 1071 2636 Ed.
1094 2610 1166 2635 1556.

256 2662 343 2685 deest.

223 2714 270 2740 51)
290 2711 332 2738 si]
354 2707 402 2732 Ed.
425 2703 497 2728 157¹.
519 2706 612 2725 errore
632 2702 756 2730 typogr.:
777 2700 828 2723 stc.

732 123 852 160 PHIL.
885 119 995 157 MEL.
1030 117 1230 154 SCRIPTA
1264 121 1598 158 PHILOLOGICA.

2114 125 2187 159 364

1200 208 1352 250 petenda
1378 215 1544 253 praetura
1558 235 1567 250 ,
1595 220 1703 254 quam
1727 208 1875 242 omnino
1897 208 2099 252 fugiendam
2121 211 2191 243 exi-

1201 259 1332 293 stimat.
1408 259 1639 293 Confirmatio
1672 266 1812 304 sumpta
1847 265 1898 293 est
1933 260 1975 292 ab
2011 261 2189 304 exemplis.

1201 309 1339 342 Deinde
1360 310 1502 344 additur
1519 309 1849 351 adhortatiuncula,
1876 316 1915 343 ut
1936 310 2076 343 differat
2102 311 2191 354 peti-

1203 360 1337 393 tionem
1369 368 1558 405 praeturae
1588 374 1699 406 usqne
1730 363 1775 394 ad
1808 361 2030 394 consulatum
2055 361 2191 395 Planci.

1202 411 1373 455 Epilogus
1405 410 1512 445 habet
1541 413 1726 446 consilium
1753 411 1928 446 scribendi
1953 417 1988 444 et
2012 412 2192 455 repetitio-

1204 474 1286 495 nem
1305 473 1387 495 suae
1405 463 1598 496 sententiae
1618 464 1660 497 de
1679 463 1848 507 petitione
1865 468 2065 506 praeturae.

1431 546 1568 580 Aliud
1593 547 1975 594 argumentu111,⁵2).

1309 613 1515 647 Hortatoria
1534 621 1583 648 est
1602 615 1760 659 epistola.
1813 615 1986 647 Hortatur
2001 613 2094 647 enim
2104 613 2193 647 Fur-

1207 663 1326 704 nium,
1354 664 1415 709 qui
1430 666 1474 697 ad
1495 665 1636 697 comitia
1662 672 1915 709 properaturus
1939 671 2032 704 erat,
2066 671 2105 697 ut
2131 677 2193 708 po-

1209 715 1276 748 tins
1294 715 1330 747 in
1355 716 1538 759 provincia
1562 715 1775 759 reipublicae
1799 727 1943 759 operam
1968 727 2066 748 suam
2092 727 2194 758 prae-

1208 771 1294 805 stet,
1331 778 1437 810 quam
1462 773 1501 799 ut
1523 778 1586 810 per
1609 766 1840 799 ambitionem
1859 766 1953 797 illam
1974 765 2193 799 occasionem

1207 817 1296 849 bene
1316 817 1475 849 merendi
1493 818 1534 849 de
1559 816 1674 861 patria
1701 816 1851 849 amittat.
1913 814 2034 848 Utitur
2057 816 2194 849 duobus

1209 867 1444 910 argumentis,
1480 868 1590 900 altero
1608 868 1651 899 ab
1672 865 1842 905 honesto,
1877 865 1987 898 altero
2010 866 2053 898 ab
2080 877 2194 898 exem-

1210 918 1295 961 plis,
1333 919 1429 963 quod
1454 918 1645 961 amplificat
1667 929 1685 950 a
1714 916 1977 950 circui'nstantia
2010 916 2192 960 temporis,

1210 979 1310 1012 posse
1326 980 1407 1001 eum
1423 968 1585 1014 sequenti
1602 980 1696 1000 anno
1713 974 1917 1012 praeturam
1935 966 2081 1000 ambire.

1452 1053 1592 1087 Aliud
1620 1058 1941 1097 argumentum.

1310 1119 1483 1160 Furnius,
1512 1121 1573 1166 qui
1596 1121 1690 1164 apud
1715 1120 1887 1152 Plancum
1912 1119 1948 1150 in
1969 1118 2084 1151 Gallia
2107 1125 2195 1158 erat,

1210 1171 1352 1203 volebat
1375 1170 1529 1204 Romam
1554 1171 1669 1203 redire
1695 1171 1738 1202 ad
1760 1175 1947 1214 praeturae
1976 1168 2194 1212 petitionem.

1210 1221 1262 1254 De
1282 1234 1322 1254 eo
1343 1221 1451 1265 ipsius
1470 1222 1615 1255 consilio
1634 1221 1756 1254 Cicero
1774 1220 1895 1253 scribit
1917 1219 1948 1251 ei
1964 1217 2029 1252 hac
2046 1218 2195 1262 epistola

1210 1285 1308 1305 suam
1326 1273 1548 1305 sententiam.
1600 1272 1663 1304 Est
1680 1271 1786 1313 igitur
1809 1268 1896 1302 haec
1920 1269 2066 1313 epistola
2093 1281 2196 1312 gene-

1210 1322 1257 1355 ris
1282 1322 1522 1361 deliberativi,
1563 1321 1796 1359 dissuasoria,
1835 1327 1869 1352 et
1901 1325 2038 1352 constat
2069 1319 2194 1352 dilem-

1214 1378 1316 1406 mate.
1369 1371 1431 1406 Est
1446 1373 1539 1405 enim
1558 1373 1685 1416 duplex
1702 1370 1916 1416 propositio:
1946 1370 1982 1403 si
1999 1371 2195 1413 respublica

1211 1423 1286 1456 istic
1301 1421 1406 1455 habet
1424 1435 1511 1467 opus
1529 1429 1586 1455 tua
1605 1434 1733 1466 opera,
1760 1421 1833 1453 noli
1857 1420 2022 1454 festinare
2038 1420 2194 1453 Romam

1211 1475 1255 1506 ad
1272 1473 1477 1517 petitionem
1494 1480 1693 1517 praeturae.
1727 1472 1789 1505 Sin
1805 1477 1922 1504 autem
1940 1470 2144 1505 satisfecisse
2161 1478 2195 1504 te

1211 1531 1312 1567 putas
1327 1524 1561 1568 reipublicae,
1584 1535 1648 1555 nec
1665 1523 1716 1555 tui
1738 1533 1953 1565 magnopere
1978 1533 2060 1554 usus
2084 1528 2135 1555 est
2158 1522 2195 1554 in

1212 1574 1412 1618 provincia,
1440 1575 1589 1613 suadeo,
1616 1579 1655 1606 ut
1673 1579 1809 1605 mature
1828 1571 1965 1611 venias,
1994 1571 2076 1615 quia
2094 1572 2194 1605 brevi

1211 1626 1327 1658 sutura
1352 1631 1435 1658 sunt
1461 1625 1615 1657 comitia.
1680 1623 1727 1656 Et
1757 1622 1867 1666 magis
1895 1628 2014 1654 tamen
2036 1622 2194 1666 priorem

1212 1676 1493 1720 propositionem
1510 1681 1629 1718 urget,
1656 1686 1700 1706 ne
1717 1673 1870 1705 Romam
1887 1672 2001 1705 redire
2017 1679 2195 1718 properet,

1212 1726 1241 1760 si
1257 1726 1366 1770 possit
1382 1726 1596 1769 reipublicae
1613 1724 1699 1758 foris
1716 1735 1847 1756 navare
1867 1734 2024 1767 operam.

1366 1824 1548 1859 Scholia
1584 1825 1626 1858 in
1653 1824 1895 1868 epistolam
1924 1821 2043 1857 XXVI.

1317 1901 1347 1946 ἓ,
1368 1903 1399 1936 1.
1427 1904 1539 1936 Lectis
1554 1899 1642 1947 tuis]
1670 1899 1914 1934 Narrationes.

1317 1952 1346 1996 ἓ.
1369 1955 1404 1988 2.
1441 1955 1518 1986 Non
1543 1948 1772 1996 a›·bitn·or⁵³)]
1815 1949 1932 1982 Mollis
1955 1948 2193 1993 reprehensio.

1217 2007 1263 2038 Te
1284 2005 1489 2047 adipiscendi
1500 2001 1572 2049 5‘'‘)]
1600 2001 1706 2034 Ratio
1724 2002 1766 2033 ab
1784 1998 1943 2033 honesto.

1504 2087 1828 2130 Argumentum
1846 2083 1904 2129 ⁵⁵).

1317 2155 1437 2189 Simile
1454 2152 1561 2187 habet
1582 2158 1829 2196 argumentum
1857 2163 1934 2183 cnm
1963 2154 2196 2195 praecedenti.

1217 2207 1348 2240 Suadet
1373 2206 1487 2244 enim,
1519 2216 1562 2236 ne
1586 2203 1714 2235 bellum
1740 2203 1875 2234 deserat
1893 2208 2038 2246 propter
2056 2204 2195 2247 petitio-

1216 2270 1295 2290 nem
1313 2263 1511 2303 praeturae.
1564 2253 1630 2286 Sed
1652 2251 1732 2285 huic
1761 2252 1878 2284 addita
1902 2259 1952 2286 est
1974 2253 2115 2296 gravior
2137 2256 2197 2288 ob—

1216 2308 1369 2352 iurgatio
1385 2311 1523 2349 sumpta
1542 2303 1722 2337 occasione
1747 2315 1786 2336 ex
1809 2303 1933 2336 litteris
1950 2303 2093 2345 Furnii,
2121 2306 2197 2350 qui-

1250 2434 1299 2461 52)
1318 2433 1376 2456 Hoc
1394 2431 1581 2462 argumentum
1604 2431 1629 2453 et
1654 2436 1770 2460 sequens
1795 2430 1824 2453 in
1843 2429 1926 2453 Editt.
1945 2430 2135 2456 1565—1596.
2154 2434 2196 2458 tn-

1286 2467 1438 2490 veniuntur.

1252 2510 1299 2538 53)
1318 2509 1371 2532 Pro
1394 2507 1436 2530 his
1456 2507 1511 2531 Cic.
1536 2505 1627 2529 verbis
1659 2506 1686 2528 in
1705 2506 1787 2529 Editt.
1812 2506 1906 2535 1543»,
1934 2507 2006 2531 1560.
2031 2508 2091 2532 huic
2117 2512 2197 2536 notae

1287 2543 1407 2573 praefixa
1425 2543 1487 2564 sunt
1506 2541 1708 2563 antecedentia:
1734 2542 1754 2565 0
1773 2541 1811 2564 mi
1829 2540 1931 2564 Furni.

1251 2587 1300 2613 54)
1320 2585 1350 2608 In
1368 2584 1463 2607 iisdem
1481 2583 1498 2606 2
1511 2582 1594 2605 Editt.
1614 2583 1674 2605 huic
1693 2583 1774 2605 notae
1793 2587 1841 2611 pro
1859 2582 1900 2604 his
1915 2583 2052 2613 adscripta
2066 2589 2129 2609 sunt
2143 2588 2197 2612 cic,

1287 2620 1370 2642 verba
1388 2617 1591 2641 antecedentia:
1619 2617 1718 2641 Omnes
1740 2617 1814 2640 enim
1832 2617 1905 2640 tuos.

1253 2661 1301 2688 55)
1327 2659 1383 2683 Hoc
1402 2660 1589 2688 argumentum
1610 2659 1637 2681 et
1656 2658 1707 2682 duo
1728 2656 1869 2687 sequeutia
1888 2657 1914 2680 in
1929 2657 2003 2681 Editt
2029 2659 2112 2687 1556„
2135 2662 2199 2687 1565

1288 2693 1404 2718 -1596,
1427 2693 1546 2717 exstant.
