2351 2990
195 139 268 175 747

196 231 323 269 potest,
354 221 534 255 meretur?
587 220 655 254 Sed
683 232 762 253 cum
788 217 874 251 haec
899 215 989 250 nihil
1016 216 1184 250 adiiciant

195 288 257 308 vos
276 275 396 311 inodo,
420 279 454 305 et
469 279 606 305 tantum
624 282 696 303 non
715 268 900 302 colludatis
916 281 996 301 cum
1015 279 1069 307 e0,
1087 273 1183 311 post-

194 324 259 358 hac
290 325 326 358 in
358 325 446 357 alios
477 323 615 366 culpam
647 320 739 353 male
773 325 890 362 gestae
921 318 974 351 rei
1004 317 1182 351 consertis.

192 376 307 410 Nemo
322 375 387 410 sibi
400 379 598 411 succenset,
626 372 660 403 id
680 371 776 416 quod
801 369 885 404 satis
906 369 999 406 scio;
1034 381 1118 402 nam
1144 375 1183 402 ut

193 427 229 460 in
249 427 321 460 acie
339 439 416 459 cum
434 426 512 467 suga
530 424 586 461 fit,
621 433 727 454 nemo
741 433 884 461 eorum,
910 420 973 466 qui
989 426 1087 464 terga
1104 432 1182 452 ver-

192 485 292 515 tunt,
318 489 392 510 non
412 474 558 518 ignoscit
575 473 663 513 sibi,
689 473 814 512 duces,
841 471 1017 516 proximi,
1045 477 1182 515 postre-

191 541 251 561 mo
267 528 467 573 quicunque
486 524 545 557 alii
562 523 679 568 potius
696 529 927 562 accusantur,
951 535 1031 556 cum
1055 534 1122 566 pro
1146 533 1181 555 se

191 579 338 624 quisque
369 577 405 609 in
437 575 538 619 culpa
570 575 633 615 sit,
675 586 739 608 cur
770 574 808 607 in
831 575 952 618 fugam
978 579 1180 611 vertantur:

191 629 378 673 oportebat
404 626 499 660 enim
525 638 585 659 eos
609 626 646 659 in
673 625 767 666 acie,
809 626 894 658 dum
924 636 1052 658 vacare
1077 624 1179 668 culpa

189 680 334 718 volunt,
375 678 582 722 perdurare.
653 676 761 721 Quod
791 675 822 710 si
850 675 1013 710 fecissent
1039 675 1181 719 singuli,

186 730 324 764 felicius
340 728 570 763 successisset.
616 727 666 761 Ita
685 727 715 762 si
731 727 809 773 quis
826 727 934 760 modo
953 739 1027 760 non
1044 726 1180 771 optima

188 781 357 820 suaserit,
384 780 447 813 alii
461 792 535 812 non
552 785 717 813 accusent
733 777 847 816 hunc;
873 779 933 812 sed
959 778 1079 811 dicant
1101 789 1181 811 sen-

188 833 336 865 tentiam
363 838 396 864 et
418 831 497 875 ipsi.
565 830 673 875 Quod
697 830 726 864 si
748 829 898 863 meliora
928 829 1098 868 suaserit,
1139 840 1180 862 ea

187 889 364 916 maturate
389 883 504 915 facere
523 881 601 916 Diis
624 880 876 925 aspirantibus.
934 879 1069 914 Verum
1094 877 1181 912 haec

187 934 380 978 peracerba
407 932 564 978 suntffl),
609 944 698 977 quae
734 932 886 969 suadeo:
926 931 1018 978 idn)
1046 943 1120 964 non
1143 931 1182 963 fit

187 983 342 1018 rhetoris
368 984 476 1023 vitio,
510 983 579 1017 nisi
601 983 640 1015 in
667 981 735 1016 hoc
758 988 881 1027 peccat
905 980 1046 1022 rhetor,
1083 982 1180 1026 quod

187 1047 262 1068 non
277 1035 368 1069 votis
384 1035 491 1068 etiam
508 1046 550 1067 ex
565 1033 739 1068 sententia
756 1033 857 1066 vobis
882 1033 1003 1066 omnia
1030 1032 1181 1066 conficit.

186 1086 304 1120 Facile
331 1086 490 1131 profecto
526 1091 577 1118 est
608 1091 733 1128 optare
765 1084 971 1118 summatim
999 1084 1180 1117 bonorum

187 1137 348 1170 omnium
377 1136 578 1173 cumulum;
623 1135 774 1180 deligere
807 1147 892 1168 vero
929 1135 967 1168 in
1004 1135 1181 1168 consulta-

187 1188 304 1228 tione,
348 1187 434 1233 quid
456 1187 611 1220 maxime
637 1187 831 1226 conducat,
872 1186 909 1219 id
934 1198 1009 1219 non
1032 1186 1180 1231 perinde

185 1239 286 1272 facile
304 1239 397 1272 factu
416 1244 477 1271 est.
517 1238 633 1271 Porro
647 1237 749 1271 utilia
766 1237 929 1272 iucundis
944 1238 1179 1282 praeferenda

185 1296 286 1329 sunt,
313 1302 391 1323 cum
411 1289 565 1322 obtineri
582 1295 775 1335 utrumque
795 1301 869 1322 non
886 1295 1015 1333 potest.
1073 1289 1181 1333 Quod

187 1342 217 1375 si
238 1347 380 1385 praeter
404 1338 615 1373 theatralem
649 1340 839 1384 pecuniam
871 1339 1015 1373 aliunde
1048 1340 1181 1383 stipen-

188 1392 287 1425 dium
305 1392 459 1425 conflare
483 1403 584 1436 posse
608 1391 771 1424 docuerit
793 1390 939 1434 aliquis,
976 1390 1050 1424 eius
1074 1390 1181 1422 nimi-

187 1455 267 1477 rum
283 1442 478 1476 sententiae
498 1441 746 1481 subscribetis,
781 1440 954 1474 assentiar
978 1445 1012 1472 et
1034 1440 1127 1484 ipse,
1152 1440 1181 1473 si

186 1495 295 1527 modo
320 1499 484 1537 suppetet
505 1492 648 1525 aliunde
667 1490 832 1536 pecunia.
902 1490 1018 1523 Miror
1049 1497 1180 1530 autem,

187 1545 249 1590 qui
264 1544 341 1578 fieri
358 1543 489 1588 possit,
515 1543 545 1576 si
561 1549 723 1587 paratam
743 1541 930 1586 pecuniam
949 1542 987 1574 in
1005 1554 1088 1575 usus
1105 1553 1179 1574 non

186 1595 402 1629 necessarios
418 1593 634 1634 effuderitis,
660 1600 701 1628 ut
713 1599 878 1637 suppetat
899 1592 937 1625 in
958 1605 1041 1626 usus
1062 1604 1181 1626 neces-

187 1646 301 1680 sarios
331 1646 465 1679 incerta
489 1645 652 1690 pecunia.
720 1644 854 1677 Verum
881 1644 1034 1677 multum
1060 1644 1180 1683 refert,

188 1697 370 1743 quomodo
390 1696 507 1730 affecti
524 1695 599 1730 sitis
615 1696 652 1728 in
672 1695 736 1728 tali
752 1707 855 1729 causa
873 1694 1062 1728 iudicanda
1074 1721 1083 1735 ,
1105 1707 1180 1728 sae-

186 1761 301 1794 peque
318 1749 374 1787 fit,
401 1754 440 1780 ut
454 1747 522 1792 ipsi
538 1759 603 1780 nos
619 1746 783 1780 fallamus
795 1773 803 1786 ,
832 1758 911 1779 curn
931 1746 979 1779 ita
995 1747 1069 1779 fere
1086 1746 1180 1791 quis-

187 1811 255 1844 que
281 1798 431 1838 iudicet,
464 1805 503 1831 ut
527 1798 682 1832 adfectus
706 1804 775 1837 est,
810 1797 952 1831 tametsi
974 1795 1073 1831 haud
1096 1809 1179 1830 raro

186 1850 390 1893 longissime
422 1861 477 1883 res
506 1849 692 1893 discrepet.
759 1848 918 1882 Proinde
941 1848 990 1881 ita
1011 1849 1054 1882 de
1079 1860 1180 1893 prae-

186 1901 276 1935 senti
293 1900 456 1944 negotio‚
483 1907 523 1933 ut
538 1912 594 1934 res
609 1901 697 1940 fert,
724 1899 887 1939 statuite,
922 1906 962 1933 ut
979 1906 1013 1933 et
1031 1900 1067 1932 in
1087 1900 1180 1932 mili-

187 1952 272 1985 tiam
298 1951 474 1996 proficisci
496 1951 658 1996 possitis,
701 1957 734 1984 et
760 1951 961 1984 mercedem
982 1951 1179 1995 accipiatis;

185 2015 301 2048 neque
324 2003 418 2036 enim
445 2014 615 2036 sanorum
640 2000 850 2042 hominum,
889 2014 1006 2048 neque
1032 2014 1180 2047 genero-

186 2066 307 2088 sorum
325 2060 376 2088 est
390 2054 521 2098 privati
538 2053 719 2086 commodi
737 2065 840 2087 causa
858 2053 991 2087 bellum
1016 2066 1095 2087 cum
1120 2055 1180 2087 de-

187 2106 313 2138 decore
338 2104 515 2138 omittere.
573 2103 647 2137 Iam
673 2110 708 2137 et
730 2110 833 2149 turpe
860 2110 931 2144 est,
965 2117 1045 2138 cum
1068 2105 1179 2149 raptis

188 2156 296 2190 armis
318 2156 355 2188 in
379 2153 585 2189 Corinthios
607 2162 668 2188 aut
685 2155 910 2199 Megarenses
934 2155 1107 2200 impetum
1131 2157 1180 2189 fe—

187 2207 325 2247 ceritis,
366 2207 589 2241 dissimulare
613 2206 782 2239 iniuriam
804 2218 823 2239 a
846 2204 1015 2251 Philippo
1038 2208 1179 2248 factam,

187 2259 249 2304 qui
263 2259 418 2292 Graecas
435 2258 540 2292 urbes
563 2257 601 2290 in
622 2257 789 2291 miseram
812 2258 1016 2291 servitutem
1039 2259 1180 2303 redigit,

187 2311 273 2342 dum
297 2321 360 2342 vos
382 2309 492 2354 copiis
513 2308 638 2343 vestris
663 2308 878 2354 stipendium
905 2309 1002 2353 piget
1026 2310 1179 2345 mittere.

188 2359 312 2404 Neque
340 2372 424 2393 vero
457 2358 543 2393 haec
574 2366 707 2393 temere
734 2360 851 2394 visum
879 2366 931 2394 est
963 2373 1179 2395 commemo-

187 2423 269 2443 rare
286 2411 321 2442 in
338 2408 405 2444 hoc
424 2418 582 2451 tantum,
608 2418 649 2445 ut
666 2411 801 2444 invidia
825 2423 880 2444 me
908 2424 1074 2452 onerem,
1105 2425 1178 2446 non

189 2473 300 2506 usque
315 2462 402 2494 adeo
422 2463 477 2495 vel
494 2475 615 2496 amens
633 2463 687 2495 vel
706 2462 827 2496 infelix
843 2475 933 2503 sum,
950 2470 1002 2503 ut,
1027 2464 1055 2498 si
1072 2465 1179 2508 prod-

189 2524 263 2545 esse
295 2524 487 2556 nequeam,
531 2513 567 2546 in
597 2514 731 2547 invidia
766 2527 838 2548 esse
870 2514 977 2548 iuvet,
1044 2515 1177 2549 Verum

224 2669 274 2697 43)
295 2669 326 2692 Η.
347 2669 363 2692 l.
385 2669 410 2691 in
432 2669 482 2692 Ed.
503 2669 609 2699 nagan.
628 2676 650 2693 ⁵.
669 2676 693 2694 a.
714 2673 779 2695 nota
800 2671 934 2702 margin.:
963 2672 1126 2703 castigatio.

225 2730 272 2755 4²)
292 2729 332 2756 id]
353 2728 392 2750 sic
413 2729 458 2752 Ed.
482 2729 587 2759 nagan.
608 2736 629 2752 s.
651 2734 691 2759 a.;
715 2730 763 2754 Ed.
786 2731 859 2755 1562.
879 2732 927 2754 sed
947 2731 980 2754 id.

769 131 892 168 PHIL.
926 130 1040 166 MEL.
1074 129 1276 165 SCRIPTA
1315 129 1654 167 PHILOLOGICA.

2152 130 2227 167 748

1236 216 1340 260 probi
1360 216 1445 251 civis
1462 218 1616 252 officium
1634 230 1707 252 esse
1732 216 1849 250 iudico
1873 222 1954 261 post
1975 215 2154 261 publicam
2175 228 2230 251 sa·

1236 268 1344 300 lutem
1366 268 1542 312 privatam
1559 269 1710 313 gratiam
1728 267 1858 302 habore
1869 268 1928 314 ⁴⁵).

1335 327 1482 371 Accipio
1499 328 1607 368 enim,
1628 341 1692 361 nec
1712 327 1811 361 vobis
1828 339 1883 361 res
1901 327 2049 360 obscura
2067 332 2129 366 est,
2151 338 2227 359 ma-

1236 376 1329 410 iores
1351 384 1486 412 vestros
1495 377 1560 424 ⁴⁶),
1596 391 1676 412 cum
1698 379 1875 418 dicerent,
1915 377 2023 412 simili
2045 389 2128 411 usos
2153 388 2227 411 esse

1234 427 1419 469 libertate,
1453 428 1613 470 Niciam,
1647 427 1925 463 Demosthenem
1938 429 2006 474 ⁴⁷),
2040 427 2227 462 Periclem.

1235 478 1335 523 Quos
1364 479 1501 513 utinam
1529 480 1754 514 imitarentur
1786 479 1841 521 hi,
1885 480 1948 526 qui
1978 477 2035 512 hic
2064 479 2137 512 fere
2167 489 2228 513 eos

1234 530 1455 573 praedicant.
1497 530 1565 564 Sed
1583 537 1815 577 posteaquam
1832 530 1901 565 hoc
1915 542 2025 575 genus
2039 528 2227 564 rhetorum

1235 587 1353 614 ortum
1374 588 1444 621 est,
1480 582 1543 627 qui
1567 582 1809 626 interrogant,
1843 583 1928 629 quid
1951 581 2084 615 vultis?
2119 592 2228 626 quam

1234 632 1459 676 rogationem
1481 632 1620 666 feram?
1661 645 1771 679 quare
1798 631 2049 678 gratificabor?
2090 632 2228 676 Respu-

1234 683 1324 716 blica
1340 684 1482 728 prodita
1502 691 1574 724 est,
1599 684 1684 717 dum
1703 696 1870 729 praesens
1885 684 2049 728 voluptas
2064 689 2099 717 et
2113 682 2228 728 gratia

1235 741 1416 778 captatur,
1444 741 1478 768 et
1493 735 1577 768 talia
1596 735 1772 770 accidunt.
1823 735 1944 781 Quare
1966 735 2033 768 illis
2055 733 2228 779 tempori-

1233 785 1299 818 bus
1314 785 1565 820 florentissima
1581 792 1658 820 erat
1672 786 1885 831 respublica,
1907 785 2032 820 vestris
2047 797 2134 818 vero
2149 796 2228 829 pes—

1233 849 1312 869 sum
1329 837 1368 871 it.
1423 837 1654 871 Considerate
1671 850 1803 883 quaeso
1819 837 2047 877 summatim,
2079 842 2120 870 ut
2145 847 2229 869 con-

1234 887 1355 921 veniat
1379 886 1436 922 hic
1458 895 1569 923 status
1596 889 1748 923 civitatis
1772 901 1852 922 cum
1869 886 2049 934 veteri⁴⁸).
2100 885 2229 920 Dicam

1234 944 1353 971 autem
1377 945 1411 972 et
1431 939 1554 983 paucis
1579 945 1613 972 et
1635 940 1856 983 pervulgata.
1923 939 2016 974 Nam
2048 937 2229 971 civitatem

1235 989 1368 1033 optime
1400 989 1585 1023 instituere
1616 990 1800 1034 poteritis,
1842 1002 1917 1023 non
1949 1002 1990 1023 ex
2018 988 2229 1033 peregrinis,

1234 1041 1293 1073 sed
1312 1052 1353 1073 ex
1369 1041 1549 1074 maiorum
1567 1047 1769 1076 vestrorum
1795 1041 1975 1086 exemplis.
2033 1039 2152 1086 Atque
2175 1039 2228 1072 illi

1234 1104 1313 1124 cum
1330 1103 1404 1124 non
1420 1092 1706 1136 gratificarentur
1723 1092 1772 1126 eis
1786 1091 1961 1133 rhetores,
1986 1103 2137 1137 cumque
2152 1102 2228 1123 non

1233 1143 1422 1187 palparent
1448 1155 1508 1177 eos
1538 1144 1582 1176 ad
1611 1155 1692 1177 eum
1715 1145 1884 1186 modum,
1925 1142 2230 1189 quemadmodum

1234 1206 1297 1227 vos
1319 1194 1459 1235 soletis,
1487 1194 1645 1240 quinque
1669 1201 1703 1228 et
1725 1194 1960 1240 quadraginta
1986 1193 2090 1227 annis
2116 1193 2230 1238 impe-

1233 1244 1328 1278 rium
1353 1251 1564 1285 tenuerunt,
1591 1257 1656 1278 nec
1679 1246 1854 1290 parebant
1878 1245 2008 1279 Graeci
2029 1243 2155 1285 inviti,
2189 1243 2228 1276 in

1235 1307 1351 1329 arcem
1377 1297 1456 1340 plus
1483 1308 1591 1341 quam
1615 1297 1737 1329 decem
1760 1296 1873 1329 millia
1893 1296 2111 1329 talentorum
2127 1295 2228 1328 rede·

1234 1353 1374 1389 gerunt.
1409 1346 1626 1390 vectigalem
1644 1347 1751 1381 fuisse
1766 1353 1904 1381 constat
1921 1353 1955 1380 et
1971 1358 2090 1391 regem
2109 1346 2228 1379 Mace-

1234 1396 1402 1429 donicum
1420 1396 1742 1442 (quemadmodum
1766 1397 1884 1430 decuit
1905 1398 2101 1430 barbarum
2116 1396 2229 1430 Grae-

1235 1446 1300 1492 cis)
1316 1445 1434 1480 hostes
1450 1459 1553 1491 saepe
1573 1454 1607 1480 et
1622 1447 1844 1491 pedestribus
1860 1448 1971 1492 copiis
1989 1453 2024 1480 et
2045 1447 2152 1481 classe
2175 1447 2230 1481 fu·

1234 1498 1374 1532 derunt.
1428 1498 1633 1531 Militabant
1653 1498 1722 1542 ipsi
1744 1511 1809 1543 per
1831 1511 1924 1539 sese,
1954 1498 2129 1531 invidiam
2153 1498 2229 1542 glo-

1233 1548 1287 1581 ria
1305 1549 1489 1589 vicerunt,
1525 1556 1559 1583 et
1574 1549 1661 1583 foris
1680 1550 1823 1595 quidem
1841 1550 1929 1584 tales
1952 1556 2066 1583 erant.
2117 1548 2230 1582 Domi

1234 1611 1319 1632 vero
1333 1600 1468 1640 videte,
1495 1601 1617 1646 quales
1631 1601 1765 1634 fuerint
1778 1600 1947 1645 privatim
1965 1613 2006 1634 ac
2020 1600 2160 1645 publice
2168 1600 2229 1647 ⁴⁹).

1233 1651 1379 1684 Publice
1397 1652 1529 1696 templa
1549 1664 1590 1685 ac
1607 1652 1759 1685 donaria
1778 1658 1853 1685 tam
1870 1652 2055 1696 splendida
2075 1651 2229 1697 relique-

1233 1708 1336 1742 runt,
1377 1709 1418 1736 ut
1442 1715 1461 1736 a
1489 1703 1641 1747 posteris
1670 1703 1766 1736 vinci
1794 1710 1986 1748 nequeant.
2051 1702 2230 1736 Privatim

1233 1753 1386 1787 modesti
1403 1761 1524 1794 erant,
1552 1761 1586 1787 et
1610 1766 1754 1788 morum
1779 1755 1877 1788 urbis
1900 1761 2052 1788 tenaces.
2103 1752 2228 1799 Itaque

1233 1804 1263 1838 si
1280 1805 1358 1850 quis
1376 1805 1479 1838 novit
1495 1807 1598 1839 aedes
1606 1805 1798 1847 Aristidae,
1826 1805 2023 1846 Miltiadae,
2051 1811 2113 1838 aut
2131 1804 2229 1838 simi—

1232 1856 1340 1895 lium,
1381 1856 1512 1890 viderit
1543 1855 1657 1890 nihilo
1691 1869 1764 1891 esse
1797 1856 2056 1901 splendidiores
2080 1856 2227 1890 aedibus

1232 1907 1342 1940 vicini
1366 1907 1452 1941 eius.
1510 1907 1635 1954 Neque
1661 1908 1757 1941 enim
1779 1908 1828 1941 ita
1848 1907 2105 1952 rempublicam
2128 1919 2228 1951 gere-

1232 1959 1338 1999 bant,
1365 1965 1404 1992 ut
1422 1958 1580 2003 privatas
1601 1972 1705 2004 opes,
1731 1960 1793 1993 sed
1805 1964 1845 1992 ut
1857 1958 2018 2003 publicas
2040 1964 2226 2002 augerent.

1232 2009 1348 2042 Porro
1366 2010 1449 2055 quia
1465 2011 1552 2045 foris
1569 2010 1606 2043 in
1621 2011 1775 2054 gerenda
1793 2010 1974 2054 republica
1990 2021 2120 2054 magna
2144 2021 2226 2043 cum

1232 2061 1300 2094 fide
1316 2061 1570 2102 versabantur,
1598 2061 1698 2095 domi
1717 2061 1879 2105 religiose
1895 2061 2098 2095 tractabant
2112 2072 2226 2102 sacra,

1233 2118 1267 2145 et
1289 2112 1542 2158 aequabilitate
1566 2113 1659 2146 inter
1679 2125 1716 2146 se
1739 2113 1951 2153 utebantur,
1991 2124 2158 2157 magnam
2175 2110 2224 2159 ⁵⁰)

1232 2163 1436 2196 felicitatem
1457 2163 1636 2198 consecuti
1651 2170 1744 2198 sunt.
1802 2163 1847 2196 Et
1862 2170 1937 2197 tum
1954 2163 2098 2209 quidem
2113 2169 2226 2197 status

1233 2227 1354 2248 rerum
1380 2215 1459 2249 talis
1481 2216 1568 2256 fuit,
1608 2227 1687 2249 cum
1716 2222 1790 2248 tam
1814 2215 2010 2249 moderatis
2039 2220 2226 2249 uterentur

1274 2347 1323 2375 45)
1344 2348 1407 2377 post
1433 2346 1566 2377 publicam
1592 2347 1710 2371 satutem
1737 2348 1872 2378 privatam
1897 2348 2015 2379 gratiam
2038 2349 2162 2378 habere]
2186 2348 2227 2373 sic

1305 2382 1354 2406 Ed.
1370 2382 1477 2412 nagan.
1496 2388 1517 2405 s,
1532 2387 1574 2411 a.;
1599 2382 1648 2406 Ed.
1664 2383 1738 2408 1562.
1757 2383 1880 2414 publicae
1898 2384 1983 2407 saluti
2000 2383 2138 2414 privatam
2154 2389 2223 2414 gra-

1302 2416 1367 2439 tiam
1385 2417 1448 2446 post
1466 2416 1575 2441 habere.

1268 2467 1316 2495 46)
1335 2467 1368 2491 Η.
1388 2467 1404 2490 1.
1430 2467 1455 2489 in
1476 2466 1525 2489 Ed.
1545 2467 1650 2497 nagan.
1669 2473 1693 2491 s.
1712 2472 1738 2493 a.
1758 2468 1824 2491 nota
1842 2467 1974 2499 margia:
2005 2467 2124 2492 collatio
2142 2468 2222 2491 vete-

1302 2501 1341 2524 ris
1361 2501 1528 2530 reipublicae
1548 2507 1607 2524 cum
1626 2502 1789 2525 recentiore.

1266 2545 1314 2573 4⁷)
1335 2545 1375 2568 De
1388 2545 1437 2568 hoc
1451 2544 1540 2568 attero
1554 2545 1738 2569 Demosthene
1755 2545 1818 2569 vide
1837 2550 1922 2575 supra
1941 2544 2032 2574 p.7³9.
2053 2545 2145 2568 notam
2160 2544 2220 2569 1:³³.

1266 2597 1313 2625 48)
1334 2597 1365 2620 Η.
1384 2596 1402 2619 l.
1421 2596 1449 2619 in
1467 2596 1516 2620 Ed.
1535 2597 1642 2627 nagan.
1661 2603 1684 2620 s.
1703 2602 1729 2623 a.
1747 2598 1813 2621 nota
1831 2596 1963 2627 margin.:
1991 2595 2092 2624 Quales
2112 2595 2194 2619 toris.

1265 2647 1313 2675 49)
1335 2647 1367 2671 Η.
1385 2646 1405 2672 1.
1424 2646 1451 2670 in
1475 2647 1523 2671 Ed.
1543 2648 1649 2679 nagan.
1670 2654 1692 2673 s.
1711 2654 1736 2673 a.
1756 2650 1822 2672 nota
1839 2647 1972 2677 margin:
2000 2646 2102 2675 Quales
2121 2646 2203 2673 domi.

1265 2699 1313 2727 50)
1332 2698 1473 2728 magnam]
1499 2698 1539 2722 sic
1559 2699 1609 2725 Ed.
1632 2700 1738 2730 nagan.
1757 2705 1782 2723 S.
1801 2704 1842 2729 a.;
1878 2697 1927 2720 Ed.
1949 2697 2023 2721 1562.
2050 2703 2135 2727 quare
2159 2703 2219 2723 ma-

1300 2737 1390 2762 gnam.
