2294 2975
99 136 172 170 177

92 222 151 255 lib.
161 221 196 256 4.
220 221 320 266 epist.
331 221 383 256 6.:
411 220 622 265 Epistolam,
648 219 800 253 Lucceio
811 219 856 266 ¹¹)
870 231 976 265 quam
994 219 1088 259 misi,

93 286 184 318 qua,
206 285 262 306 res
284 285 381 307 meas
405 278 445 305 ut
465 271 614 312 scribat,
638 283 748 316 rog0‚
781 271 837 304 sac
852 277 892 304 ut
910 272 953 304 ab
973 283 1014 304 eo
1031 284 1088 305 su-

92 336 179 358 mas.
251 324 363 357 Valde
388 323 479 357 bella
504 329 572 362 est,
606 335 758 368 eumque
795 329 834 356 ut
857 329 1086 367 approperet,

90 373 309 416 adhorteris,
336 381 370 408 et
391 375 488 420 quod
510 371 600 407 mihi
624 386 659 407 se
685 374 732 406 ita
758 375 935 407 facturum
962 374 1086 407 rescri-

90 427 178 471 psit,
206 439 289 471 agas
305 425 530 471 gratiasfla).
570 425 634 458 Est
651 432 767 458 autem
784 426 963 469 petitoria.
995 425 1086 459 Luc-

90 478 236 524 ceiusss)
253 478 346 511 enim
373 490 452 511 cum
476 477 559 510 belli
575 475 688 509 Italici
707 489 746 510 ac
770 477 881 510 civilis
896 475 1082 510 historiam

89 530 241 563 scribere
270 528 531 574 incepissetm),
567 535 601 561 et
624 528 788 562 Ciceroni
813 541 909 573 spem
936 529 1083 567 fecisset,

89 593 125 614 se
149 580 243 614 illius
271 593 413 626 quoque
441 592 496 613 res
522 586 635 623 gestas
659 580 693 612 iu
716 578 864 613 historia
890 581 1085 613 celebratu-

87 644 189 672 rum,
231 631 354 665 Cicero
390 644 512 664 morae
539 632 729 675 impatiens
763 629 828 664 liac
861 632 1006 676 epistola
1040 631 1083 663 ab

88 683 165 727 ipso
192 683 298 727 petit,
326 690 365 716 ut
388 683 529 715 interim
559 683 717 727 deposita
744 683 801 715 illa
826 684 973 715 materia
1002 695 1082 716 suas

87 746 144 768 res
164 741 277 778 gestas
300 735 469 778 peculiari
487 734 618 778 scripto
639 735 800 767 celebret.
855 735 943 767 Sunt
964 740 1082 766 autem

88 786 179 818 duae
205 792 324 830 partes
350 786 531 829 epistolae.
584 785 623 818 In
647 786 767 830 priore
787 792 908 828 rogat,
936 791 1009 817 uta
1029 797 1083 817 re-

85 837 182 882 liqua
208 835 355 870 historia
383 837 566 880 seiungere
589 850 643 869 res
666 849 682 869 a
710 850 745 870 se
771 843 884 879 gestas
910 836 1014 873 velit,
1050 842 1083 867 et

85 894 125 921 ut
148 888 371 933 aliquantum
404 889 585 931 indulgeat
620 888 784 922 laudibus
813 887 895 920 suis.
961 886 999 919 ln
1031 899 1082 920 se-

89 940 205 972 cunda
236 947 337 984 parte
360 940 518 973 rationes
552 939 730 982 congerit,
769 939 896 983 quibus
928 951 1007 971 eum
1037 940 1080 970 ad

85 990 350 1035 suscipiendum
381 990 557 1024 scribendi
583 991 742 1023 laborem
772 988 949 1023 hortatur.
1014 989 1082 1022 Ex-

88 1042 229 1075 ordium
253 1048 434 1086 sumptum
460 1048 510 1075 est
534 1054 552 1074 a
580 1054 682 1075 causa
708 1041 896 1075 scribendi.
957 1041 1081 1086 Sequi-

86 1099 145 1126 tur
170 1093 288 1127 brevis
312 1093 474 1126 narratio
500 1093 686 1126 continens
709 1093 933 1137 petitionem.
985 1092 1081 1125 Haec

84 1144 242 1189 primum
269 1145 507 1189 amplificatur
530 1156 549 1176 a
574 1156 696 1182 causa,
732 1156 794 1177 cur
821 1145 864 1177 ab
889 1144 965 1188 ipso
993 1144 1082 1176 cele-

84 1195 184 1229 brari
207 1196 303 1230 velit.
356 1195 493 1228 Deinde
517 1200 568 1228 est
591 1194 855 1228 circumstantia
882 1194 1081 1234 continens,

87 1248 271 1292 quomodo
305 1246 390 1279 velit
420 1246 525 1280 scribi
545 1257 626 1279 suas
656 1258 710 1278 res
741 1252 873 1289 gestas,
917 1246 1082 1277 videlicet

84 1304 125 1332 ut
147 1299 192 1332 sit
213 1298 390 1343 peculiare
416 1310 504 1342 opus
537 1296 736 1330 seiunctum
761 1309 780 1329 a
806 1296 964 1342 reliquis.
1025 1295 1081 1329 ln·

86 1355 233 1383 terserta
266 1356 318 1384 est
348 1348 534 1394 occupatio
575 1349 617 1381 de
656 1348 750 1381 illius
783 1347 1080 1382 excusationibus.

84 1401 272 1435 Postremo
304 1401 435 1434 iterum
475 1399 623 1445 ponItur
659 1399 943 1439 circumstantia,
984 1400 1079 1444 quod

86 1459 184 1497 optet
201 1464 280 1486 suas
301 1465 356 1485 res
382 1458 494 1496 gestas
514 1451 619 1485 scribi
636 1463 713 1485 cum
732 1451 1081 1495 amplificationibus,

85 1510 275 1548 propterea
298 1506 394 1549 quod
420 1503 713 1548 amplificationes
731 1503 915 1536 variorum
935 1515 1080 1536 casuum

85 1553 314 1588 veliementer
338 1555 523 1588 delectent.
594 1553 703 1600 quue
738 1555 869 1598 probat
894 1555 937 1587 ab
966 1567 1080 1587 exem-

85 1606 164 1650 plis.
223 1606 351 1640 Postea
381 1606 608 1650 subinngitur
634 1606 859 1639 confirmatio
886 1606 1081 1650 petitionis,

86 1669 177 1703 quae
209 1657 366 1690 continet
392 1658 457 1690 tria
491 1664 713 1701 argumenta.
782 1657 944 1690 Primum
978 1670 1081 1701 argu-

85 1715 245 1742 mentum
276 1709 428 1742 sumitur
461 1721 502 1742 ex
530 1708 671 1742 Lucceii
686 1709 731 1755 13)
763 1709 938 1749 utilitate,
980 1709 1081 1754 quasi

86 1760 197 1793 dicat:
234 1760 316 1793 Tibi
341 1772 485 1806 quoque
509 1757 747 1793 honorificum
772 1767 823 1793 est
847 1760 999 1793 scribere
1025 1773 1080 1793 res

84 1823 182 1845 meas
201 1818 326 1855 gestas.
366 1810 594 1844 interseritur
611 1811 752 1855 elegans
771 1811 999 1854 amplificatio
1018 1824 1082 1856 per

85 1863 330 1896 collationem:
360 1862 662 1896 Honorificentiiis
686 1868 736 1895 est
759 1862 927 1894 celebrari
954 1874 972 1894 a
990 1862 1081 1895 Luc-

86 1914 183 1955 ceio,
210 1926 317 1960 quam
352 1914 475 1947 ornari
497 1914 641 1953 statuis,
670 1913 758 1947 sicut
789 1911 1081 1947 honorificentius

83 1966 249 2010 Agesilao
284 1966 405 1999 ornari
432 1978 450 1999 a
478 1964 728 2010 Xenophonte.
797 1965 998 1998 Secundum
1026 1977 1081 1997 ar-

83 2024 291 2062 gumentum
321 2030 339 2051 a
365 2029 426 2051 sua
450 2030 623 2062 persona,
650 2017 746 2062 quod
767 2022 799 2049 et
820 2016 886 2049 sibi
910 2014 1081 2049 honorifi-

86 2082 164 2102 cum
197 2069 241 2102 sit
274 2069 396 2102 ornari
427 2082 445 2101 a
471 2076 570 2102 tanto
602 2068 693 2102 viro.
767 2067 942 2101 Ultimum
978 2080 1081 2111 argu-

84 2127 245 2154 mentum
271 2128 322 2154 est
347 2127 526 2165 sumptum
553 2134 569 2153 a
591 2133 654 2153 suo
673 2120 903 2152 incommodo
922 2120 1081 2159 vitando,

86 2178 207 2218 estque
233 2170 319 2205 haec
335 2185 472 2206 summa
490 2172 709 2216 argumenti:
738 2172 773 2204 Si
791 2179 827 2204 tu
845 2184 917 2203 non
935 2171 1082 2215 scripse-

84 2224 133 2258 ris
149 2236 266 2257 meam
283 2222 483 2264 historiam,
502 2231 577 2257 tum
597 2223 777 2268 oportebit
796 2236 851 2256 me
866 2223 979 2267 ipsum
998 2222 1081 2256 scri-

85 2276 190 2315 bere,
220 2288 309 2321 quae
333 2288 388 2308 res
406 2276 515 2308 multa
533 2274 640 2308 habet
664 2275 905 2308 incommoda.
958 2273 1081 2318 Epilo-

88 2339 152 2371 gus
175 2327 333 2360 continet
366 2327 614 2371 repetitionem
648 2339 792 2367 causae,
827 2338 937 2372 quare
965 2332 1081 2359 tanto-

87 2390 172 2423 pere
191 2385 288 2422 petat
310 2376 496 2412 historiam
524 2380 566 2412 de
587 2378 657 2413 suis
681 2379 786 2412 rebus
810 2378 915 2423 gestis
938 2390 1083 2422 compa-

88 2442 174 2463 rari.

124 2550 171 2577 11)
190 2547 306 2573 Lucceio
326 2566 331 2571 .
354 2565 359 2571 .
380 2565 387 2571 .
412 2546 559 2577 Lucceius]
589 2547 655 2571 iliae
678 2547 762 2572 Editt.
788 2548 813 2573 h.
839 2547 857 2571 1.
883 2547 910 2570 et
936 2546 964 2569 in
989 2552 1081 2577 seqq.:

158 2583 260 2608 Luccio
279 2601 286 2608 ,
306 2599 312 2604 .
332 2582 458 2604 Lot-eius.
707 2594 710 2595 γ

124 2619 154 2642 11
166 2620 196 2659 ἢ)
210 2617 362 2647 Epistotam
381 2629 415 2633 —-
434 2615 566 2646 gratias]
585 2617 653 2641 liaeo
671 2618 735 2641 sunt
759 2617 845 2640 vei-ha
863 2616 921 2641 Cic.
947 2616 983 2639 ad
1000 2615 1082 2639 Attio.

127 2653 356 2743 ιεῗῑῖιξέρξξεει]
383 2684 423 2709 sic
441 2684 524 2709 Editt.
548 2685 633 2714 1565..
653 2686 740 2717 151111,
761 2686 853 2718 i592.;
873 2686 922 2711 Ed.
944 2684 1019 2709 1556.
1039 2684 1083 2708 in-

161 2727 286 2750 coepisse
302 2737 307 2743 .

126 2756 173 2784 13)
191 2755 316 2784 Lucceii]
335 2754 402 2779 illae
418 2754 518 2778 Euat:
536 2754 629 2779 Lucci.

90 2799 273 2829 Mmaxm.
298 2796 407 2829 Opim.
433 2796 519 2827 Von.
544 2796 654 2827 XVII.

292 134 413 170 XXIII.
455 132 765 168 ARGUMENTA
794 132 860 168 ET
888 132 1092 167 SCHOLIA
1117 131 1166 167 IN
1192 131 1340 169 EPIST.
1366 133 1479 168 FAM.
1509 134 1593 169 ClC.
1621 135 1709 170 Llss.
1728 136 1769 170 V.
1796 136 1868 172 ΕΡ.
1888 138 1946 174 12.

2067 142 2139 177 178

1394 219 1527 254 Aliud
1556 229 1886 265 argumentum.

1241 288 1337 321 Haec
1355 288 1502 333 epistola
1528 301 1598 322 una
1625 297 1675 324 est
1701 303 1742 323 ex
1768 291 1855 332 illis,
1884 305 1971 338 quas
1995 294 2136 340 scripsit

1140 337 1263 372 Cicero
1292 340 1464 383 singulari
1490 341 1606 374 studio
1641 348 1674 374 et
1706 349 1802 382 arte,
1848 357 1955 388 quani
1993 346 2066 390 ipse
2097 347 2134 380 in

1139 389 1172 423 4.
1192 390 1251 424 lib.
1282 391 1316 424 6.
1329 391 1373 437 ¹³)
1401 392 1500 436 epist.
1525 394 1568 425 ad
1587 392 1744 426 Atticum
1769 395 1951 438 praedicat
1978 394 2033 430 his
2057 411 2134 431 ver-

1137 441 1207 474 bis:
1236 442 1446 486 Epistolam,
1465 443 1614 476 Lucceio
1633 457 1739 490 quam
1758 446 1850 485 misi,
1869 458 1951 491 qua,
1967 459 2022 481 res
2038 461 2134 483 ineas

1139 499 1178 525 ut
1195 494 1338 533 scribat,
1363 506 1471 538 rogo,
1498 495 1551 527 sac
1571 502 1609 528 ut
1626 497 1668 528 ab
1687 509 1727 529 eo
1744 509 1873 531 sumas.
1909 497 2021 531 Valde
2039 500 2133 533 enim

1136 544 1225 576 bella
1250 551 1319 584 est,
1356 558 1507 590 eumque
1542 553 1577 579 ut
1601 555 1816 591 approperet
1850 546 2070 591 adhorteris,
2099 558 2132 584 et

1137 596 1233 640 quod
1250 594 1338 628 1111111
1356 609 1391 629 se
1411 596 1455 628 ita
1476 598 1650 630 facturum
1669 599 1859 643 rescripsit,
1888 613 1970 644 agas
1987 602 2133 644 gratias.

1137 646 1231 679 Haec
1254 647 1374 679 brevia
1394 648 1499 679 verba
1519 645 1645 681 harum
1672 650 1870 683 litterarum
1888 652 2028 685 laudeni
2047 666 2130 686 con-

1138 698 1251 729 tinent
1291 705 1325 730 et
1363 706 1611 739 argumentum
1652 703 1854 735 ostendunt.
1934 703 2132 738 Exordium

1135 755 1315 792 sumptum
1342 756 1390 782 est
1411 751 1454 781 ab
1471 750 1716 791 excusatione,
1745 764 1788 785 ne
1807 753 1996 797 impudens
2013 755 2132 789 videa-

1136 806 1194 832 tur
1212 801 1246 832 111
1267 802 1431 844 petendo.
1468 801 1636 846 Sequitur
1652 802 1769 836 brevis
1787 805 1959 845 narratio,
1988 806 2041 839 cui
2063 813 2133 840 sta-

1135 851 1198 883 11111
1216 852 1401 884 subiicitur
1419 852 1561 896 petitio,
1591 855 1686 898 quod
1705 855 1820 898 cupiat
1840 863 1986 900 propter
2002 858 2131 892 multas

1136 914 1256 936 causas
1285 904 1328 935 ab
1354 903 1428 947 ipso
1464 904 1654 944 celebrari,
1690 907 1807 938 addita
1841 908 1980 941 ratione
2005 921 2021 941 a
2046 922 2129 953 pro-

1135 954 1284 998 prietate
1313 961 1346 987 et
1377 955 1549 988 suavitate
1574 956 1750 990 dictionis.
1829 957 1966 992 Deinde
1994 967 2128 1001 monet,

1136 1007 1318 1051 quomodo
1344 1006 1448 1039 scribi
1475 1007 1558 1039 velit
1578 1005 1784 1048 historiam,
1825 1009 1987 1044 videlicet
2013 1012 2130 1046 seiun-

1135 1064 1226 1089 ctam
1253 1069 1272 1090 a
1292 1058 1439 1103 reliquis
1464 1055 1643 1099 historiis,
1677 1066 1715 1092 ut
1740 1061 1800 1092 fiat
1825 1062 2003 1104 peculiare
2029 1075 2130 1107 opus,

1135 1108 1241 1153 idque
1266 1110 1310 1142 ob
1337 1121 1415 1142 eain
1442 1121 1605 1150 causam,
1633 1112 1729 1155 quod
1760 1111 1795 1143 in
1823 1124 1895 1145 uno
1920 1121 2130 1157 argumento

1134 1172 1279 1193 versans
1295 1159 1465 1194 Lucceius
1483 1161 1602 1194 omnia
1620 1161 1691 1194 sint
1705 1163 1821 1195 sutura
1838 1164 2004 1198 uberiora
2023 1172 2130 1211 atque

1135 1211 1331 1244 ornatiora.
1382 1211 1493 1244 Addit
1518 1224 1582 1256 per
1607 1213 1878 1256 occupationem
1902 1217 2045 1249 brevem
2075 1230 2131 1251 ex-

1134 1261 1354 1295 cusationem
1380 1262 1640 1306 impudentiae,
1677 1264 1774 1297 cuius
1801 1278 1944 1311 quoque
1967 1267 2003 1300 in
2030 1280 2131 1302 exor-

1134 1313 1193 1345 dio
1219 1313 1439 1346 mentionem
1471 1314 1572 1353 fecit,
1614 1315 1733 1347 addita
1759 1317 1970 1360 repetitione
1999 1332 2130 1364 propo-

1133 1364 1272 1397 sitionis
1303 1377 1362 1398 seu
1387 1365 1588 1408 petitionis,
1624 1372 1661 1398 ut
1692 1366 1822 1399 scribat
1846 1366 2031 1402 historiam
2058 1384 2132 1404 non

1135 1415 1278 1460 quidem
1303 1417 1458 1455 nudam,
1494 1418 1553 1450 sed
1579 1417 1708 1451 additis
1735 1419 2072 1463 amplificationibus
2100 1429 2134 1456 et

1133 1467 1308 1501 laudibus.
1360 1468 1488 1501 Postea
1514 1475 1711 1514 sequuntur
1735 1475 1768 1502 et
1795 1479 2004 1514 argumenta
2027 1471 2132 1508 huius

1133 1519 1328 1562 petitionis.
1402 1519 1565 1553 Primum
1604 1532 1622 1552 a
1655 1520 1743 1553 serie
1776 1533 1838 1554 seu
1870 1524 1995 1557 ordine
2026 1523 2132 1559 huius

1133 1568 1315 1609 historiae,
1344 1582 1434 1615 quae
1450 1572 1566 1604 sutura
1586 1578 1636 1605 est
1656 1572 1850 1605 admodum
1875 1574 2027 1609 iucunda
2048 1589 2131 1622 pro-

1134 1628 1213 1665 pter
1240 1622 1467 1663 varietatem,
1496 1623 1602 1668 idque
1627 1623 1821 1667 amplificat
1842 1625 1921 1658 loco
1949 1628 2131 1661 communi

1135 1674 1176 1704 de
1202 1673 1372 1706 varietate
1393 1686 1558 1715 casuum,
1586 1675 1647 1720 qui
1665 1676 1857 1709 admodum
1877 1678 2051 1713 delectare
2075 1692 2131 1713 so—

1134 1725 1227 1764 lent,
1254 1731 1287 1757 et
1306 1725 1464 1758 detinere
1482 1726 1651 1759 lectorem
1670 1726 1706 1759 in
1733 1725 1894 1762 historia.
1948 1729 2024 1764 Hoc
2048 1744 2132 1775 pro-

1132 1776 1194 1808 bat
1211 1777 1254 1809 ab
1274 1777 1454 1821 exemplis.
1496 1777 1604 1810 Addit
1624 1784 1657 1810 et
1675 1786 1923 1822 argumentum
1943 1793 1962 1814 a
1978 1782 2128 1816 minori:

1133 1827 1170 1860 Si
1197 1828 1361 1867 annales,
1401 1828 1461 1873 qui
1496 1829 1640 1861 111-018111
1675 1842 1793 1862 rerum
1821 1834 2131 1867 commemoratio-

1134 1891 1215 1911 nem
1235 1879 1437 1919 continent,
1466 1892 1539 1911 non
1558 1881 1632 1913 sine
1650 1882 1831 1924 voluptate
1848 1882 2029 1926 legantur,
2058 1898 2131 1918 cer-

1134 1936 1166 1962 te
1179 1929 1223 1973 15)
1253 1931 1365 1962 inulto
1402 1931 1478 1974 plus
1502 1931 1685 1965 suavitatis
1718 1930 1920 1966 habituram
1948 1936 2128 1981 copiosam

1134 1981 1403 2024 explicationem
1440 1982 1559 2014 variae
1591 1984 1775 2023 fortunae,
1810 1997 1916 2028 quam
1941 1987 2064 2019 Cicero
2094 1988 2130 2021 in

1133 2032 1313 2076 republica
1352 2039 1514 2076 expertus
1555 2039 1616 2066 est.
1701 2034 1902 2067 Secundum
1941 2049 2130 2081 argumen-

1133 2090 1207 2116 tum
1232 2083 1385 2116 sumitur
1412 2095 1429 2115 a
1457 2083 1673 2128 praestantia
1704 2084 1865 2126 artificis,
1901 2093 1934 2119 et
1965 2090 2009 2121 ab
2037 2090 2129 2130 utili,

1134 2135 1255 2167 addita
1280 2135 1468 2167 collatione
1487 2135 1721 2168 eruditissima
1749 2136 1944 2180 imaginum
1970 2138 2131 2174 (11111510-

1134 2186 1268 2219 riarum
1284 2213 1292 2226 ,
1321 2198 1411 2231 quae
1430 2193 1513 2219 suut
1529 2188 1717 2231 diligenter
1732 2187 1895 2232 scriptae,
1923 2189 2029 2237 idque
2047 2205 2130 2236 pro-

1133 2238 1195 2270 bat
1211 2238 1371 2282 exemplo
1389 2238 1543 2280 Agesilai
1559 2238 1649 2282 regis
1667 2237 2046 2282 Lacedaemoniorum,
2072 2256 2131 2277 cu-

1136 2290 1188 2323 ius
1210 2302 1265 2322 res
1289 2296 1401 2334 gestas
1421 2290 1604 2334 descripsit
1621 2288 1820 2335 Xenophon
1830 2291 1888 2338 ¹⁶).
1963 2294 2126 2328 Tertium

1135 2347 1384 2384 argumentum
1412 2354 1432 2374 3
1459 2342 1631 2385 dignitate
1662 2354 1724 2375 seu
1757 2343 1947 2377 autoritate
1969 2346 2128 2380 testimo-

1134 2393 1205 2433 nii,
1233 2399 1421 2437 propterea
1448 2394 1542 2438 quod
1571 2393 1721 2426 multum
1749 2394 1898 2435 referat,
1927 2407 1945 2428 a
1972 2410 2043 2443 quo
2064 2398 2128 2431 ali-

1136 2445 1214 2490 quis
1237 2445 1416 2478 laudetur:
1483 2444 1660 2488 Quartum
1698 2445 1741 2477 ab
1752 2444 1821 2491 16θ’)
1858 2449 2127 2483 enumeratione

1135 2496 1449 2529 incommodorum
1478 2507 1539 2529 seu
1563 2495 1924 2539 impedimentorum,
1959 2512 2050 2545 quae
2074 2513 2127 2535 se-

1136 2554 1295 2593 quuntur
1318 2546 1536 2587 necessario,
1563 2546 1592 2580 si
1618 2547 1691 2591 ipse
1716 2560 1815 2581 suam
1840 2546 2025 2584 historiam
2044 2552 2127 2586 scri-

1174 2650 1220 2677 14)
1239 2649 1276 2678 6.]
1295 2649 1337 2672 hic
1355 2653 1484 2671 numerus
1503 2645 1530 2669 in
1549 2645 1598 2669 Ed.
1619 2646 1694 2673 1558.
1713 2647 1801 2671 deest.

1172 2685 1221 2712 ¹5)
1237 2684 1327 2712 certe]
1347 2682 1388 2706 sic
1404 2682 1488 2706 Editt.
1509 2681 1596 2710 1556„
1618 2681 1704 2708 1565..
1725 2682 1815 2712 1592.;
1834 2682 1884 2707 Ed.
1906 2683 1979 2709 ¹569.
1999 2685 2082 2709 certo.

1173 2719 1219 2746 ¹6)
1239 2718 1301 2742 Vid.
1320 2717 1443 2746 Xenoph.
1463 2715 1551 2739 oratio
1571 2716 1604 2739 de
1622 2716 1753 2747 Agesilao
1773 2722 1847 2749 rege.

1174 2753 1207 2777 16
1217 2754 1244 2781 ⁸)
1262 2753 1311 2781 ab]
1330 2751 1379 2776 Ed.
1394 2750 1469 2775 1569.
1489 2755 1585 2774 errore
1603 2752 1730 2782 typogr.:
1748 2750 1792 2777 ad.

1502 2787 1548 2820 12
