2294 2975
112 131 183 168 165
235 132 356 168 xxm.
406 133 716 169 ARGUMENTA
739 132 805 168 ΕΤ
833 134 1037 169 SCHOLIA
1062 135 1111 172 IN
1136 136 1285 174 EPIST.
1311 139 1425 175 FAM.
1452 139 1536 177 CIC.
1564 141 1652 178 LlB.
1672 144 1712 179 V.
1739 144 1811 181 ΕΡ.
1830 146 1864 181 4.
1884 146 1918 182 5.
1938 149 1971 184 6.
1988 150 2022 185 7.

109 218 280 264 Epilogus
297 217 405 253 habet
420 219 723 261 admonitionem,
750 233 795 255 ne
813 228 938 266 pergat
961 234 1033 257 esse
1052 222 1105 256 in-

109 276 230 313 gratus
249 284 327 306 cum
346 283 477 315 magno
494 284 558 305 suo
573 272 745 317 periculo,
796 271 837 305 In
859 273 929 307 fine
950 280 1002 307 est
1025 275 1105 308 bre-

112 321 164 355 vis
183 323 445 356 commendatio
454 322 716 370 Pomponii⁴⁶)‚
742 329 782 357 ut
797 323 898 358 illum
916 337 1023 370 quam
1039 323 1105 359 hu-

109 373 314 407 manissime
332 380 470 408 tractet.

351 469 492 503 Aliud
531 476 859 514 argumentum.

209 544 420 589 Expostulat
437 545 474 578 in
489 543 556 579 hac
574 545 722 590 epistola
739 559 818 580 cum
831 547 990 581 Antonio
1003 575 1012 587 ,
1041 548 1101 594 qui

107 607 173 640 pro
191 597 342 640 acceptis
359 597 537 630 beneficiis
558 609 632 630 non
657 610 825 642 magnam
847 599 1002 632 reddidit
1023 612 1102 643 gra—

107 647 205 681 tiam.
257 647 453 681 Exordium
472 649 516 681 ab
532 649 715 682 occasione
739 650 915 683 scribendi
938 651 1101 684 sumitur.

106 698 275 744 Sequitur
307 699 565 743 expostulatio,
611 713 701 745 quae
734 701 851 745 primo
883 702 961 734 loco
995 700 1099 734 babet

106 749 410 794 propositionem,
446 752 542 796 quod
568 751 731 785 videficet
759 764 831 785 nou
856 753 1017 785 retulerit
1039 753 1100 785 1ιο-

106 813 191 833 nam
211 802 374 844 gratiam.
428 802 565 836 Deinde
590 804 771 836 adduntur
796 803 1026 847 repetitiones
1044 816 1100 836 ex-

105 852 373 896 postulationis,
410 854 529 886 addita
551 854 797 887 admonitione
822 866 885 898 per
904 855 1100 887 commina-

106 903 254 944 tionem,
282 910 321 937 ut
340 904 441 937 malit
458 911 577 948 gratus
597 911 630 938 et
646 905 780 938 amicus
799 917 883 945 csse,
909 912 1097 950 propterea

106 955 203 999 quod
219 954 378 988 Antonio
396 968 484 999 opus
502 961 597 995 erat,
623 956 668 989 ob
686 956 907 1000 provinciam
929 957 1021 990 male
1040 958 1099 989 ad-

104 1005 343 1039 ministratam
359 1034 368 1047 ,
407 1007 608 1051 patrocinio
632 1013 665 1040 et
688 1008 811 1041 fax-ore
836 1008 1002 1047 illorum,
1038 1009 1098 1054 qui

105 1056 142 1089 in
168 1057 348 1101 republica
374 1063 449 1091 tum
474 1058 690 1092 eminebant.
751 1057 790 1091 In
814 1060 882 1091 fine
908 1066 959 1093 est
982 1060 1099 1093 lirevIs

103 1109 388 1149 commendatio,
415 1121 475 1142 seu
495 1109 632 1153 petitio.

346 1199 481 1233 Aliud
517 1207 842 1244 argumentum.

205 1276 402 1310 Exordium
416 1282 596 1320 sumptum
616 1283 665 1310 est
685 1289 701 1308 a
722 1290 824 1310 causa
843 1289 904 1309 scu
920 1276 1097 1310 scribendi

105 1328 303 1362 occasione.
355 1328 524 1373 Sequitur
539 1327 739 1372 propositio
765 1340 783 1360 a
811 1328 949 1361 debito:
983 1327 1100 1362 Debes

103 1377 172 1413 hoe
189 1379 285 1420 iure,
311 1385 369 1419 ut,
393 1379 562 1425 quicquid
580 1391 599 1412 a
619 1385 652 1412 te
672 1385 790 1423 petam
803 1406 812 1419 ,
838 1379 958 1413 facias.
1010 1379 1100 1413 Pro-

104 1430 277 1475 positioni
307 1430 533 1474 subiungitur
564 1430 820 1475 expostulatio,
871 1443 939 1476 qua
974 1431 1099 1464 ordine

106 1481 316 1526 exponitur,
342 1481 540 1515 Antonium
559 1482 635 1514 veri
650 1481 755 1515 amici
774 1482 928 1515 officium
949 1483 1098 1515 omnino

104 1533 316 1576 neglexisse,
359 1545 437 1565 cum
463 1545 529 1576 pro
554 1533 703 1578 acceptis
729 1533 851 1567 officiis
877 1535 1040 1567 ostendat
1063 1546 1098 1568 se

102 1583 395 1627 ingratissimum.
448 1584 600 1617 Additae
620 1591 702 1617 sunt
718 1585 857 1625 minae,
892 1598 927 1619 se
950 1583 1098 1630 posthac

104 1633 196 1668 nihil
211 1641 342 1668 temere
361 1635 572 1668 collaturum
592 1635 628 1668 in
647 1635 840 1679 ingratum.
868 1635 907 1670 In
922 1637 1005 1677 fine,
1022 1637 1097 1670 vice

106 1685 255 1731 epilogi,
282 1686 430 1731 ponitur
453 1687 730 1721 commendatio.

153 1804 479 1848 Argumentum
513 1810 555 1838 et
590 1801 765 1838 scholia
799 1804 842 1837 in
871 1804 1045 1849 episto-

514 1856 603 1889 lam
630 1854 689 1890 VI.

203 1939 320 1973 Habet
344 1940 431 1974 duas
454 1941 579 1974 breves
602 1939 908 1974 narratiunculas:
945 1941 1096 1974 alteram

104 1994 147 2027 de
169 1991 408 2032 successione,
443 1992 593 2025 alteram
620 1993 662 2025 de
688 1992 885 2036 emptione;
922 1998 956 2025 et
982 1993 1097 2026 obiter

102 2050 185 2079 sunt
202 2042 272 2076 ioci
297 2043 455 2088 quidam.
515 2042 561 2076 Et
583 2041 640 2076 hic
666 2042 798 2077 Sestius
823 2050 892 2084 est,
929 2056 996 2088 pro
1024 2056 1095 2090 quo

101 2101 224 2141 postea
240 2092 366 2128 habuit
383 2095 582 2128 orationem
597 2121 606 2135 ,
634 2095 695 2141 qui
712 2094 818 2128 etiam
843 2107 883 2128 ex
908 2095 1094 2139 provincia

100 2147 242 2181 rediens
265 2146 454 2180 damnatus
472 2153 543 2187 est,
570 2146 660 2179 sicut
675 2145 853 2180 Antonius
863 2146 922 2191 ⁴⁷).

205 2196 235 2242 §-
254 2198 286 2231 1.
315 2199 421 2239 Quum
439 2199 483 2231 ad
498 2195 567 2244 me]
596 2197 776 2232 Narratio.

206 2247 236 2292 {-
259 2251 295 2284 2.
337 2251 406 2293 Eyo
436 2254 495 2282 ina
518 2247 766 2296 mandatione]
808 2248 888 2281 Alia
920 2247 1094 2284 narratio,

103 2302 168 2343 Qui
184 2312 230 2334 ea·
250 2297 438 2347 obsidione]
466 2299 502 2333 id
525 2300 652 2346 est‘ss),
680 2300 743 2346 qui
758 2299 932 2345 effeciw),
966 2312 1010 2334 ne
1030 2300 1095 2334 Ca-

101 2352 203 2385 tilina
223 2351 356 2384 faceret
371 2351 544 2396 impetum
560 2351 598 2385 in
614 2352 798 2387 facultates
813 2351 977 2386 divitum.

133 2486 182 2514 46)
202 2482 358 2514 Pomponii]
377 2481 417 2506 sic
434 2483 510 2507 recte
527 2483 611 2507 Editt.
627 2483 714 2516 1565„
735 2484 821 2517 1569„
842 2484 935 2516 1592.;
953 2485 1002 2508 Ed.
1020 2485 1094 2509 1556.

170 2519 302 2549 Pompeii.

133 2570 183 2599 47)
201 2570 259 2594 Hoc
282 2568 471 2599 argumentum
489 2568 523 2592 ab
542 2568 626 2592 Editt.
641 2569 709 2594 1537
721 2569 862 2600 -1554.‚
888 2569 980 2601 1552,
1006 2570 1093 2601 1560„

170 2603 381 2634 1565—1596.,
406 2602 479 2626 1601.
499 2603 648 2627 exhibetur.

134 2657 182 2685 48)
201 2656 228 2679 id
245 2655 304 2684 est]
326 2654 354 2678 in
372 2653 423 2678 Ed.
443 2654 518 2678 1545.
538 2654 645 2679 desunt.

134 2706 294 2765 ⁴9)siffl·i⁰i]
313 2705 354 2731 sic
371 2705 455 2731 mitt.
477 2704 684 2738 ¹537—1545.‚
704 2707 795 2737 1554„
816 2706 909 2739 155⁷.;
944 2708 993 2733 Ed.
1016 2707 1090 2733 ¹560.

170 2748 184 2765 θ
208 2748 241 2765 {CI
256 2759 261 2765 .

2079 152 2151 188 166

1380 224 1522 260 Aliud
1550 232 1934 280 argumentumffl).

1259 291 1360 327 Duae
1377 301 1460 328 sunt
1476 297 1702 332 narrationes
1719 299 1756 332 in
1774 297 1840 333 hac
1862 302 2022 346 epistola.
2074 306 2153 340 Pri-

1158 354 1214 375 ma
1233 344 1276 377 de
1291 346 1531 388 successione,
1560 349 1596 381 in
1614 362 1682 394 qua
1702 362 1739 383 re
1757 353 1941 395 praedicat
1956 368 2058 390 suum
2080 364 2153 392 stu-

1158 394 1268 429 dium.
1321 395 1458 431 Iudicat
1474 400 1566 433 enim
1581 426 1590 440 ,
1619 400 1703 446 quid
1725 402 1834 446 ipsius
1852 416 1954 439 causa
1973 406 2009 440 in
2027 416 2153 445 senatu

1157 446 1331 487 effecerit,
1362 461 1510 494 nempe,
1545 463 1590 484 ne
1613 452 1644 484 ei
1668 450 1735 486 hoc
1758 453 1918 499 tempore
1944 457 1981 490 in
2006 461 2154 504 provin-

1157 497 1247 530 ciam
1280 498 1482 534 mitteretur
1513 515 1702 537 successor.
1769 505 1890 539 Altera
1922 521 2008 542 vero
2032 518 2083 544 est
2108 514 2151 546 de

1156 548 1336 593 emptione
1361 563 1476 584 novae
1499 553 1637 587 domus.
1698 554 1793 589 Haec
1816 558 1995 601 eleganter
2020 569 2071 595 est
2096 576 2152 596 or-

1156 606 1237 632 nata
1257 601 1470 645 quibusdam
1494 604 1598 644 iocis,
1627 611 1659 637 et
1676 605 1838 650 inprimis
1857 610 1899 642 de
1922 623 1983 644 sua
2008 613 2152 648 fortuna

1157 652 1408 696 conqueritur,
1436 656 1531 698 quod
1548 655 1657 688 multa
1677 658 1821 699 debeat,
1857 668 1889 693 et
1907 660 2021 696 nihilo
2039 665 2084 699 sit
2099 666 2151 699 di-

1157 701 1226 734 tior
1259 703 1371 736 sactus
1401 716 1567 748 oppressa
1592 706 1839 743 coniuratione
1859 712 2044 749 Catilinae.
2110 716 2151 750 Iu

1154 753 1222 785 fine
1242 762 1521 796 commemorat,
1550 758 1633 802 quid
1653 759 1783 793 iudicet
1806 763 1847 794 de
1870 775 1962 797 nova
1989 767 2151 801 aedifica-

1155 803 1250 835 tione
1269 805 1397 838 domus
1414 805 1590 854 Sestii⁵¹);
1627 809 1730 850 item,
1760 812 1913 847 officium
1938 828 2039 851 suum
2068 831 2150 864 erga

1153 854 1350 888 Antonium
1367 854 1550 891 hominem
1569 860 1761 904 ingratum.

1402 940 1539 975 Aliud
1569 954 1897 989 argumentum.

1170 1056 1177 1063 .
1260 1006 1420 1052 Epistola
1440 1011 1648 1046 adSestium
1658 1014 1704 1061 51)
1723 1016 1854 1059 partim
1873 1018 2042 1061 officiosa,
2069 1033 2150 1066 par-

1154 1063 1216 1090 tun
1235 1059 1456 1094 nuntiatoria
1474 1069 1536 1097 est.
1590 1064 1753 1099 Primum
1771 1068 1865 1101 enim
1891 1080 2149 1107 commemorat

1152 1121 1252 1141 suam
1280 1111 1514 1155 diIIgentiam.
1575 1114 1713 1150 Deinde
1740 1119 1823 1151 facit
1848 1121 2035 1156 certiorem
2062 1125 2150 1157 ami-

1153 1171 1232 1192 cum
1250 1161 1292 1194 de
1318 1171 1436 1208 empta
1461 1176 1553 1198 nova
1578 1167 1699 1202 domo.
1761 1170 1850 1203 Sunt
1877 1172 1996 1218 itaque
2022 1175 2060 1207 in
2083 1173 2149 1209 hac

1153 1211 1300 1254 epistola
1327 1214 1417 1248 duae
1443 1217 1688 1259 narrationes,
1730 1233 1882 1266 quarum
1906 1224 2016 1257 altera
2042 1223 2150 1260 habet

1152 1262 1347 1305 simplicem
1364 1266 1622 1310 expositionem
1642 1282 1788 1305 suorum
1815 1274 2013 1308 officiorum
2038 1277 2076 1310 in
2097 1291 2149 1312 se-

1154 1319 1238 1345 natu
1256 1326 1322 1357 pro
1337 1315 1450 1350 Sestio
1462 1344 1470 1357 ,
1499 1330 1543 1351 ne
1559 1319 1625 1352 sibi
1643 1324 1900 1358 succederetur.
1952 1326 2074 1361 Altera
2098 1336 2149 1363 est

1154 1363 1344 1399 iucundior
1361 1374 1394 1400 et
1413 1369 1526 1412 magis
1543 1368 1719 1405 rhetorica
1733 1399 1742 1413 ,
1778 1374 1815 1407 in
1836 1388 1904 1421 qua
1929 1385 2053 1411 narrat
2076 1381 2148 1424 pri-

1152 1427 1250 1448 mum
1285 1417 1460 1459 breviter,
1503 1423 1629 1466 quanti
1663 1425 1789 1458 emerit
1817 1438 1950 1460 novam
1988 1431 2148 1466 domum.

1152 1465 1291 1500 Deinde
1306 1470 1406 1504 addit
1429 1472 1710 1509 confutationem
1733 1488 1878 1519 eorum,
1908 1479 1969 1525 qui
1993 1482 2148 1526 suspica·

1151 1518 1283 1552 bantur
1303 1519 1510 1556 Ciceronem
1529 1533 1757 1561 consecutum
1784 1541 1856 1563 esse
1879 1543 2026 1575 magnas
2052 1546 2149 1578 opes,

1152 1582 1320 1614 oppressa
1347 1568 1807 1615 coniuratione*Catilinae.
1867 1579 1908 1614 In
1933 1583 2002 1617 fine
2027 1592 2150 1619 monet

1151 1621 1193 1654 de
1221 1623 1367 1658 aedibus
1392 1625 1514 1667 Sestii,
1560 1635 1594 1662 et
1617 1630 1660 1663 de
1682 1631 1753 1664 suis
1780 1632 1903 1667 officiis
1933 1647 2014 1679 erga
2038 1636 2150 1670 Anto-

1151 1673 1274 1758 piunll,
1315 1677 1435 1711 addita
1467 1678 1569 1712 brevi
1592 1679 1844 1717 adhortatione
1868 1685 1913 1718 ad
1936 1698 2040 1732 saepe
2066 1688 2151 1722 scri-

1166 1736 1219 1757 ›en
1249 1738 1320 1761 um.

1390 1813 1527 1848 Aliud
1555 1827 1888 1862 argumentum.

1254 1879 1343 1913 Tres
1376 1883 1664 1920 narratiunculas
1689 1885 1776 1922 haec
1803 1890 1951 1934 epistola
1978 1893 2148 1929 contInet.

1149 1928 1272 1963 Prima
1295 1936 1673 1970 commemorationem
1707 1937 1813 1973 habet
1843 1943 1969 1985 officii,
2009 1957 2045 1977 se
2069 1945 2148 1978 dili-

1150 1987 1273 2025 genter
1296 1994 1454 2024 curasse,
1491 1988 1587 2030 quod
1610 1989 1762 2032 petierat
1781 1991 1925 2027 Sestius.
1984 1994 2146 2029 Secunda

1149 2030 1257 2066 habet
1288 2035 1544 2078 expositionem
1577 2040 1619 2072 de
1649 2042 1829 2085 emptione
1854 2044 1994 2079 domus.
2054 2046 2146 2081 Huic

1149 2084 1357 2118 intersertus
1375 2093 1425 2120 est
1441 2087 1557 2128 iocus,
1586 2103 1657 2136 quo
1682 2092 1796 2126 obiter
1823 2095 1977 2129 celebrat
2000 2109 2144 2142 oppres-

1149 2147 1205 2169 sas
1231 2148 1249 2168 a
1273 2148 1308 2169 se
1330 2138 1606 2175 coniurationes.
1637 2153 1651 2166 ⁶¹
1677 2143 1812 2178 Ultima
1836 2147 1998 2180 narratio
2025 2155 2076 2182 est
2100 2150 2143 2183 de

1149 2199 1212 2220 suo
1231 2187 1346 2221 officio
1358 2215 1367 2229 ‚
1395 2196 1428 2222 et
1444 2191 1486 2224 de
1503 2191 1760 2236 ingratitudine
1776 2195 1937 2233 Antonii.

1199 2295 1526 2341 Argumentum
1565 2308 1603 2335 et
1631 2301 1807 2337 scholia
1844 2306 1888 2339 in
1917 2308 2087 2352 episto-

1549 2353 1560 2386 l
1572 2366 1589 2386 a
1601 2367 1635 2387 m
1664 2354 1738 2389 VH.

1250 2432 1458 2468 Verecunda
1476 2438 1711 2481 expostulatio
1728 2446 1789 2474 est.

1147 2495 1166 2516 a
1203 2485 1458 2528 gratulatione;

1843 2440 1993 2477 Orditur
2018 2451 2137 2479 autem

1510 2495 1633 2532 postea
1677 2493 1875 2526 verecunde
1909 2493 2138 2539 reprehendit

1178 2620 1305 2679 {3⁰25ch
1322 2622 1512 2679 aliggssmentum
1531 2623 1558 2646 et
1573 2623 1623 2647 duo
1636 2624 1779 2654 sequentia
1794 2627 1904 2649 exstant
1920 2626 2134 2657 quditt.1556‚,

1265 2663 1321 2678 ί)-
1400 2674 1406 2680 .

1178 2706 1227 2738 5¹)
1248 2707 1332 2731 sestii
1349 2725 1354 2730 .
1370 2726 1375 2732 .
1393 2724 1399 2731 .
1419 2708 1537 2732 Sestium
1557 2710 1624 2738 etc.]
1643 2709 1824 2737 Editt.1556..
1845 2710 1929 2739 1565.,
1951 2712 2035 2740 1569..
2056 2713 2129 2738 1592.

1215 2742 1240 2764 h.
1259 2742 1278 2768 1.
1298 2743 1325 2765 et
1342 2742 1369 2766 in
1390 2743 1580 2773 sequentibus:
1608 2745 1695 2769 sextii
1714 2763 1721 2770 .
1740 2764 1745 2769 .
1768 2763 1774 2770 .
1794 2745 1915 2769 sextium
1935 2747 1986 2769 etc.

1476 2778 1558 2812 11*
