2351 2990
74 123 148 159 809

77 210 260 244 verissima
281 217 315 244 et
333 210 538 251 notissima,
567 217 686 244 tamen
705 223 746 245 eo
771 214 934 256 procedit
958 213 1073 259 impu-

79 262 220 295 dentiae
232 289 241 302 ,
268 269 308 295 ut
326 263 441 295 dicere
460 263 563 303 ausit,
585 276 641 296 me
658 276 732 296 non
749 264 863 297 solum
881 265 976 309 pacis
994 278 1073 299 sua-

76 325 193 348 sorem
214 313 341 354 fuisse,
370 315 430 347 sed
454 314 561 347 etiam
588 315 772 348 exclusisse
795 316 883 349 alias
901 317 1073 357 civitates,

76 377 122 398 ne
140 366 263 398 eadem
282 365 528 409 pacificatione
548 364 949 410 comprehenderentur.
993 368 1072 401 Sce-

77 417 163 449 leste
189 429 269 450 cum
295 423 333 449 tu
350 414 405 450 his
429 417 629 450 actionibus
647 418 852 458 interesses,
881 419 909 452 si
927 419 1072 453 videbas

75 480 133 501 me
159 465 225 500 hac
248 468 415 501 societate
440 468 594 512 spoliare
618 476 778 503 nostram
805 470 1007 511 civitatem,
1033 477 1072 504 ut

76 531 172 552 nunc
189 519 406 559 vociferaris,
424 520 534 552 ullam
552 533 596 553 ne
614 521 833 554 mentionem
848 533 1006 567 unquam
1020 522 1072 555 rei

77 577 198 604 tantae
212 570 348 604 fecisti?
375 570 422 603 At
439 571 467 604 si
484 577 582 605 tanta
602 573 762 616 potentia
781 570 921 606 hostem
938 585 1072 606 armas-

74 634 161 662 sem,
187 634 417 667 nequaquam
436 624 626 656 tacendum
643 624 720 665 fuit,
744 625 804 657 sed
819 624 984 658 maximis
1003 625 1072 657 cla-

73 673 235 707 moribus
245 675 340 707 fraus
353 675 570 708 ostendenda
581 675 713 709 fuisset.
741 675 856 709 Nemo
866 688 951 708 vero
962 676 1071 709 ullam

74 723 142 758 hac
158 726 200 758 de
218 737 256 757 re
273 737 396 757 vocem
416 726 564 760 audivit.
614 727 719 761 Nulla
747 727 841 759 enim
866 733 940 759 erat
965 727 1070 760 missa

74 776 205 820 legatio
226 777 271 809 ad
291 776 470 818 civitates,
497 778 578 823 quia
596 778 757 811 omnium
772 778 972 811 voluntates
992 784 1072 810 ante

77 828 283 872 exploratae
306 829 468 868 fuerant,
494 841 610 874 neque
635 829 826 874 quicquam
851 829 928 862 sani
951 831 992 862 de
1017 827 1072 863 his

75 880 182 913 rebus
198 879 302 919 dicit,
331 886 364 912 et
383 880 559 913 mentiens
582 893 710 924 magna
736 880 864 913 iniuria
893 881 1072 913 civitatem

77 931 195 964 afficit.
249 930 340 964 Nam
361 931 389 964 si
407 944 469 964 vos
487 932 611 964 eodem
631 938 793 975 tempore
810 932 898 965 alios
916 932 1072 966 Graecos

76 981 288 1015 incitassetis
308 982 352 1014 ad
368 982 500 1015 bellum
523 984 717 1027 gerendum
732 1010 740 1023 ,
777 989 809 1016 et
829 983 930 1017 vobis
948 996 1072 1028 pacem

75 1032 284 1078 petiissetis‚
312 1030 381 1066 hoc
406 1032 587 1078 sophisma
609 1034 791 1079 Eurybate
817 1035 963 1078 dignum
990 1035 1074 1069 fuis-

75 1091 146 1125 set,
174 1096 250 1117 non
269 1081 418 1119 honesta
434 1086 616 1130 republica
631 1113 639 1126 ,
665 1086 757 1118 mala
777 1087 844 1119 fide
863 1098 986 1130 pacem
1013 1099 1073 1131 pe-

74 1141 149 1169 tere
167 1135 255 1169 alios
273 1135 462 1171 incitantes
474 1164 482 1177 ,
512 1145 545 1171 et
561 1150 644 1171 suae
661 1137 806 1170 utilitati
825 1138 978 1171 aliorum
993 1150 1074 1182 per-

74 1187 167 1220 nicie
187 1187 384 1221 consulere.
412 1187 550 1222 Deinde
569 1202 675 1234 quam
697 1189 741 1222 ob
760 1201 901 1222 causam
921 1202 1074 1223 accerse-

76 1239 161 1273 retis
179 1238 267 1272 alios
284 1251 325 1271 eo
343 1246 518 1283 tempore,
537 1253 622 1273 num
642 1242 684 1272 ad
705 1240 904 1272 faciendam
922 1240 1073 1285 pacem?

75 1291 124 1324 At
141 1291 208 1335 ipsi
233 1290 378 1334 quidem
399 1292 509 1324 multo
528 1298 610 1323 ante
628 1304 752 1334 pacem
779 1291 1073 1336 impetraverant.

75 1344 134 1377 An
150 1353 237 1375 vero
257 1342 302 1374 ad
317 1342 400 1375 belli
417 1342 647 1376 societatem?
692 1344 739 1376 At
755 1355 818 1376 x‘os
842 1343 909 1387 ipsi
935 1343 1005 1375 iam
1031 1344 1074 1375 de

77 1407 164 1440 pace
194 1394 348 1438 petenda
383 1394 645 1427 deliberabatis.
707 1392 831 1439 Itaque
864 1406 927 1438 ego
958 1406 1073 1439 neque

77 1446 182 1480 initio
209 1457 334 1478 suasor
358 1445 452 1479 illius
477 1445 574 1490 pacis
590 1445 660 1484 fui,
688 1457 804 1490 neque
829 1446 871 1477 ah
897 1458 934 1479 ea
961 1452 1074 1478 caete-

78 1511 139 1533 ros
157 1498 314 1532 Graecos
334 1496 484 1537 exclusi,
512 1503 550 1530 ut
576 1497 776 1541 impudenti
804 1497 991 1530 mendacio
1016 1509 1073 1530 me

75 1550 140 1585 iste
166 1548 389 1582 criminatur.

181 1600 310 1634 Postea
325 1600 459 1639 videte,
484 1612 562 1632 cum
581 1599 761 1632 decretum
781 1599 823 1632 de
840 1612 924 1643 pace
940 1600 1071 1633 sactum

79 1658 189 1693 esset,
225 1651 311 1697 quid
334 1657 484 1696 uterque
511 1650 640 1693 egerit,
676 1663 767 1696 quae
791 1650 891 1684 istius
915 1651 952 1683 in
980 1651 1074 1694 lega-

77 1704 177 1738 tione
200 1703 349 1748 perfidia
373 1702 491 1736 suerit.
544 1700 629 1734 Inde
655 1702 749 1735 enim
774 1702 909 1742 scietis,
945 1702 1074 1747 quibus

79 1754 341 1789 colludentibus
355 1751 516 1798 Philippi
536 1754 697 1798 potentia
717 1753 883 1793 creverit,
913 1759 946 1786 et
970 1765 1074 1786 econ-

78 1813 133 1840 tra
160 1818 316 1852 quorum
341 1806 426 1838 fides
451 1817 533 1849 erga
558 1817 620 1838 vos
647 1804 784 1849 integra
810 1804 928 1838 fuerit.
996 1804 1072 1848 Ego

78 1871 158 1892 cum
186 1863 330 1892 senator
358 1869 490 1896 essem,
525 1857 705 1890 decretum
733 1856 875 1900 scripsi,
903 1862 942 1889 ut
967 1855 1073 1899 legati

77 1916 174 1943 recta
192 1915 226 1942 et
242 1908 425 1942 celerrime
443 1908 488 1940 ad
503 1905 711 1952 Philippum
736 1907 968 1952 navigarent,
996 1907 1073 1940 ubi-

80 1973 219 2007 cunque
237 1972 318 1993 eum
337 1972 411 1994 esse
428 1959 612 1998 audirent,
640 1966 679 1992 ut
697 1959 945 1993 iusiurandum
965 1970 1072 2004 quam

78 2013 236 2057 primum
254 2012 297 2045 de
315 2024 401 2056 pace
420 2012 532 2045 daret.
585 2009 645 2044 Isti
663 2023 748 2044 vero
769 2023 812 2043 ne
832 2011 972 2043 decreto
996 2010 1073 2056 qui-

79 2065 161 2097 dem
176 2069 387 2108 paruerunt.
440 2062 537 2095 Haec
554 2075 655 2095 mora
675 2063 845 2107 proderat
863 2060 975 2101 hosti,
1011 2074 1073 2094 vo-

79 2115 134 2149 bis
157 2115 328 2154 nocebat,
357 2114 440 2160 quia
465 2127 528 2148 vos
552 2127 626 2151 non
654 2115 697 2147 ab
724 2127 764 2147 eo
782 2114 858 2153 die,
887 2126 957 2158 quo
978 2113 1072 2146 iura-

78 2167 160 2209 stis,
188 2168 248 2202 sed
273 2178 345 2211 quo
368 2178 466 2210 spem
484 2163 617 2199 hahere
640 2165 804 2210 coepistis
820 2165 935 2209 pacis,
964 2176 1072 2209 appa-

78 2226 178 2253 ratus
203 2230 326 2252 omnes
349 2217 433 2250 belli
462 2217 640 2251 omisistis.
709 2216 769 2250 [lle
798 2229 882 2250 vero
908 2216 1072 2249 cessatio-

79 2283 162 2304 nem
184 2276 339 2305 vestram
364 2269 518 2302 maxime
543 2269 609 2303 sibi
626 2275 869 2313 opportunam
889 2280 962 2301 csse
979 2267 1071 2300 dice-

78 2323 160 2363 bat,
188 2335 257 2368 qua
283 2320 415 2365 oppida
436 2321 538 2354 vobis
554 2321 656 2365 plura
677 2321 850 2365 eriperet,
879 2326 1070 2364 antequam

78 2373 235 2414 iuraret,
270 2373 353 2418 quia
389 2378 470 2405 ante
502 2372 751 2407 iusiurandum
780 2384 854 2405 non
891 2371 1072 2404 videretur

79 2425 230 2460 violasse
246 2425 382 2458 foedus.
436 2423 533 2457 Haec
559 2436 638 2457 cum
662 2423 924 2469 prospicerem,
953 2424 1072 2455 decre-

80 2483 156 2511 tum
175 2475 321 2521 scripsi,
347 2481 387 2508 ut
402 2481 497 2508 recta
515 2475 609 2508 irent
624 2475 661 2508 in
678 2488 717 2509 ea
738 2476 814 2509 loca
827 2502 836 2516 ,
857 2475 917 2508 ubi
934 2472 1071 2518 Philip-

79 2541 146 2574 pus
168 2534 263 2569 erat,
291 2534 324 2561 et
348 2527 590 2560 iuramentum
608 2540 692 2560 mox
709 2527 928 2571 reciperent,
956 2526 1071 2570 prius-

78 2593 186 2626 quam
203 2577 361 2613 Thraces
378 2579 510 2623 oppida
535 2577 594 2610 illa
622 2579 846 2619 amitterent,
873 2576 1071 2617 Serrhium,

78 2632 253 2678 Myrtium
283 2637 316 2664 et
340 2630 529 2675 Ergiscen,
565 2642 655 2675 quae
683 2631 747 2664 iste
778 2630 935 2670 deridet,
971 2636 1005 2663 et
1025 2642 1070 2662 ne

77 2684 177 2728 prius
209 2682 389 2728 occupatis
421 2681 632 2727 opportunis
668 2682 754 2716 locis
784 2680 961 2715 Thraciae
988 2687 1069 2714 ante

78 2735 327 2770 iusiurandum
349 2733 538 2768 universae
558 2731 734 2767 Thraciae
760 2734 912 2778 imperio
938 2733 1069 2778 potire-

305 124 443 160 XXXV.
484 124 882 160 INTERPRETATIO
915 125 1177 162 ORATIONIS
1203 128 1546 166 DEMOSTHEMS
1574 131 1637 165 DE
1663 132 1873 169 CORONA.

2045 138 2119 172 810

1129 221 1207 254 tur,
1234 228 1299 249 nec
1316 217 1513 251 accessione
1531 224 1627 251 tanta
1655 218 1844 254 instructus
1869 221 2022 262 viribus,
2051 224 2120 257 alia

1127 265 1323 302 invaderet.
1385 268 1461 302 Hoc
1489 270 1667 302 decretum
1692 283 1766 303 non
1793 272 1955 306 recitavit
1975 272 2120 307 Aeschi-

1127 329 1209 357 nes,
1245 320 1306 352 sed
1337 320 1554 354 calumniose
1581 322 1753 365 exagitat,
1795 325 1891 367 quod
1924 325 2057 368 legatos
2083 326 2121 359 in

1127 369 1334 402 concionem
1363 372 1506 406 adduxi.
1572 373 1668 417 Quid
1694 374 1871 407 facerem?
1914 375 1992 409 ideo
2016 389 2121 410 vene-

1126 426 1231 460 runt,
1257 427 1297 454 ut
1325 423 1492 455 mandata
1518 424 1658 467 publice
1676 432 1915 469 exponerent,
1944 434 1977 460 et
2003 440 2120 461 emere

1125 471 1243 504 locum
1263 473 1401 506 duobus
1419 474 1532 508 obolis
1550 481 1715 518 poterant
1727 503 1736 516 ,
1764 477 1791 510 si
1810 489 1873 521 ego
1890 490 1964 511 non
1980 478 2122 513 tribuis-

1126 535 1211 556 sem.
1272 522 1312 555 In
1336 524 1454 568 parvis
1485 527 1589 559 rebus
1615 527 1689 559 vult
1712 541 1768 560 me
1793 529 2018 563 adversatum
2048 543 2121 564 esse

1125 572 1316 618 Philippo,
1353 582 1385 608 et
1412 575 1546 609 interea
1575 577 1605 609 ei
1631 579 1837 612 universam
1862 581 2120 625 rempublicam

1126 626 1342 664 vendidissm
1372 639 1613 673 nequaquam.
1657 629 1781 663 Recita
1801 632 2000 673 decretum,
2025 633 2121 678 quod

1127 677 1199 721 ipse
1216 677 1328 711 sciens
1349 678 1479 712 omisit.
1534 678 1668 714 Recita.

1451 774 1799 819 Decretnm⁴).

1229 843 1390 874 praetore
1413 842 1621 884 Mnesipleilo
1654 845 1779 875 mensis
1804 845 1897 877 Iunii
1922 846 1975 877 die
1997 848 2120 888 primo,

1125 894 1334 935 praesidente
1364 892 1455 925 tribu
1479 894 1689 926 Pandioniae
1717 896 1957 929 Demosthenes
1981 899 2122 937 censuit,

1124 950 1297 989 postquam
1318 944 1495 986 Philippus
1516 944 1639 987 leyntos
1664 947 1757 978 misit
1780 947 1819 978 (Ie
1839 959 1920 989 pace
1947 949 1990 980 ad
2014 949 2123 981 Athe-

1128 998 1277 1036 nienses,
1305 1001 1337 1029 et
1351 998 1390 1029 ele
1407 996 1652 1029 conditionibus
1672 998 1739 1030 iam
1753 1000 1921 1038 convenit,
1951 1001 2057 1032 risum
2074 1004 2124 1033 est

1126 1050 1270 1081 Senatui
1300 1053 1331 1081 et
1357 1047 1493 1090 popule,
1537 1052 1571 1080 ut
1592 1059 1666 1090 pax·
1688 1047 1886 1090 perficiatur
1913 1051 2123 1093 comprobata

1127 1099 1302 1144 suffrayiis
1321 1101 1454 1142 primae
1472 1100 1659 1138 concionis,
1687 1100 1808 1143 eliyere
1824 1101 1948 1144 Ieyutos
1965 1104 2122 1148 (licitique,

1127 1152 1242 1184 electos
1266 1163 1340 1184 vero
1368 1152 1443 1183 sine
1476 1161 1570 1183 mora
1597 1150 1764 1192 proficisci
1798 1153 1842 1184 ad
1873 1164 1912 1185 ea
1937 1153 2026 1192 loca,
2066 1154 2122 1187 ubi

1127 1203 1319 1245 Philippum
1335 1214 1404 1234 esse
1421 1202 1579 1241 audient,
1608 1207 1640 1235 et
1654 1214 1734 1234 mox
1752 1205 1897 1245 recipere
1913 1209 1945 1237 et
1959 1206 2041 1237 dare
2066 1207 2121 1238 in-

1129 1260 1315 1288 ramentum
1353 1254 1469 1286 iisdem
1505 1254 1771 1294 conditionibus,
1814 1255 1933 1299 quibus
1965 1267 2122 1289 convene-

1129 1308 1200 1339 rint
1233 1305 1479 1348 comprehensis
1516 1307 1674 1349 utrinque
1708 1307 1819 1339 sociis.
1882 1308 2004 1349 Leqati
2028 1308 2122 1341 eleon·

1126 1362 1224 1396 sunt,
1258 1357 1406 1390 Eubulus
1426 1357 1683 1398 Anuphlistius,
1713 1358 1896 1390 Aeschines
1922 1359 2122 1403 Cothocides,

1129 1408 1355 1450 Cephisophon
1373 1406 1420 1448 ⁴³)
1450 1408 1700 1447 Rhccmnnsins,
1727 1410 1945 1442 Democrates
1960 1410 2120 1454 Phlyeus,

1129 1460 1227 1493 Cleon
1254 1460 1453 1493 Cothocides.

1231 1511 1307 1543 Hoc
1330 1511 1511 1543 decretum
1527 1536 1536 1549 ,
1575 1510 1671 1553 quod
1696 1510 1739 1541 ad
1763 1509 1953 1544 utilitatem
1983 1512 2122 1556 patriae

1127 1562 1260 1595 factum
1284 1574 1356 1595 esse
1381 1561 1539 1595 sciebant
1566 1560 1692 1604 legati,
1726 1559 1817 1593 nihil
1840 1569 2023 1603 curantes,
2051 1569 2122 1599 tres

1127 1619 1222 1646 totos
1245 1625 1382 1646 menses
1408 1613 1445 1645 in
1462 1612 1672 1645 Macedonia
1697 1613 1909 1645 commorati
1933 1621 2033 1654 sunt,
2060 1615 2123 1648 do-

1127 1677 1191 1697 nec
1210 1664 1316 1697 rediit
1331 1677 1371 1697 ex
1387 1662 1540 1696 Thracia
1559 1661 1748 1708 Philippus
1760 1691 1769 1704 ,
1798 1665 1950 1699 redactis
1967 1666 2003 1699 in
2020 1679 2120 1699 suam

1127 1722 1337 1760 potestatem
1368 1715 1533 1749 omnibus
1565 1715 1705 1759 oppidis
1734 1716 1807 1749 eius
1830 1716 2006 1760 regionis,
2041 1731 2120 1751 cum

1126 1768 1327 1812 potuissent
1351 1767 1443 1800 intra
1477 1768 1598 1798 decem
1634 1767 1727 1806 dies,
1764 1767 1875 1800 immo
1909 1769 2028 1802 triduo
2060 1776 2121 1803 aut

1128 1820 1320 1864 quatriduo
1348 1820 1392 1851 ad
1412 1818 1682 1861 Hellespontum
1700 1819 1871 1862 navigare
1884 1845 1892 1858 ,
1921 1826 1955 1852 et
1970 1833 2054 1853 mox
2066 1833 2121 1853 re-

1128 1871 1244 1914 cipere
1262 1871 1509 1904 iusiurandum
1522 1896 1530 1909 ,
1560 1869 1770 1915 prinsquam
1790 1871 1849 1903 illa
1867 1871 1999 1915 oppida
2019 1884 2121 1905 occu-

1126 1929 1255 1967 passet.
1308 1923 1399 1956 Nam
1417 1922 1517 1955 vobis
1536 1921 1781 1964 praesentibus
1804 1934 1848 1955 ne
1874 1923 2017 1967 quidem
2044 1929 2120 1957 ten-

1127 1981 1253 2014 tasset,
1291 1980 1352 2007 aut
1387 1985 1455 2018 pax
1489 1985 1562 2005 non
1600 1980 1689 2007 esset
1722 1974 1832 2012 facta3
1871 1985 1988 2020 neque
2025 1975 2119 2009 enim

1125 2032 1319 2071 utrumque
1352 2024 1551 2058 concessuri
1585 2025 1711 2064 eratis,
1752 2026 1884 2070 oppida
1920 2032 1953 2059 et
1983 2039 2119 2071 pacem.

1125 2077 1207 2110 Fuit
1228 2078 1336 2122 igitur
1354 2075 1422 2110 hoc
1443 2076 1479 2108 in
1498 2076 1675 2120 legatione
1693 2076 1850 2120 primum
1870 2075 2029 2122 Philippi
2047 2079 2121 2112 fur-

1125 2136 1219 2167 tum;
1248 2129 1395 2174 perfidia
1415 2134 1533 2160 autem
1550 2128 1749 2171 legatorum
1766 2126 1955 2162 hominum
1972 2130 2121 2163 scelera-

1125 2187 1243 2214 torum
1257 2208 1265 2221 ,
1294 2193 1383 2226 quos
1400 2179 1459 2212 Dii
1478 2192 1621 2225 quoque
1646 2181 1811 2213 oderunt.
1864 2179 2003 2213 Deinde
2022 2181 2119 2214 aliud

1125 2233 1241 2266 maius
1265 2232 1376 2266 scelus
1410 2231 1650 2264 considerate:
1695 2230 1892 2276 Postquam
1929 2229 2118 2276 Philippus

1124 2296 1248 2328 pacem
1279 2283 1445 2329 promisit
1470 2289 1640 2326 occupata
1672 2282 1772 2326 prius
1802 2280 1957 2315 Thracia
1986 2281 2117 2317 horum

1125 2336 1248 2380 culpa,
1284 2336 1345 2381 qui
1368 2337 1510 2369 decreto
1534 2346 1615 2367 meo
1640 2346 1714 2366 non
1744 2341 1959 2377 paruerant,
1994 2347 2118 2369 rursus

1125 2399 1249 2421 eorum
1278 2387 1364 2420 emit
1391 2398 1559 2431 operam,
1586 2398 1631 2418 ne
1655 2397 1696 2418 ex
1721 2384 1933 2418 Macedonia
1963 2385 2118 2420 discede-

1124 2446 1224 2480 rent,
1249 2439 1459 2485 priusquam
1479 2436 1598 2469 omnia
1621 2437 1665 2469 ad
1681 2433 1904 2470 Phocensem
1924 2437 2119 2482 expeditio-

1124 2504 1205 2525 nem
1230 2498 1357 2535 parata
1384 2495 1508 2528 erant,
1535 2500 1580 2521 ne
1606 2500 1645 2521 re
1673 2488 1882 2521 denuntiata
1907 2494 1942 2521 et
1967 2489 2116 2523 consilio

1125 2544 1198 2577 eius
1224 2543 1389 2588 cognito,
1430 2540 1638 2584 navigantes
1666 2539 1760 2572 intra
1784 2539 1911 2585 Pylas,
1945 2546 1986 2574 ut
2012 2547 2116 2574 antea

1159 2670 1188 2697 4)
1215 2669 1294 2693 Couf.
1315 2666 1495 2698 Demosthenes
1514 2666 1582 2692 fflcbc
1607 2665 1650 2698 fiit
1676 2665 1713 2691 bie
1739 2663 1840 2691 stone.
1877 2664 1935 2689 mtit
1957 2663 2064 2690 (ξίηῐιίπ.
2088 2669 2114 2690 ιι.

1192 2702 1310 2731 ὶίιιιηετέ.
1329 2708 1352 2728 υ.
1364 2703 1407 2735 81²
1417 2702 1516 2732 &neotus
1534 2701 1627 2732 (sseim.
1643 2701 1717 2725 1833.
1741 2699 1782 2732 8,)
1799 2701 1883 2732 p.154
1897 2706 1956 2729 sqq.
1975 2699 2042 2723 nota
2053 2698 2096 2723 20.

1158 2749 1207 2776 4³)
1227 2746 1433 2777 Cephisophon]
1447 2745 1496 2771 Ed.
1512 2744 1587 2769 1562.
1602 2744 1800 2776 Cephisiphon3
1820 2741 1995 2773 conf.p.808.
2013 2741 2114 2767 notaa-
