2351 2990
123 116 219 151 1079

118 201 239 239 alteri,
268 200 331 233 etsi
349 199 614 244 prospiciebant
636 198 854 243 periculum,
879 203 999 229 tamen
1022 197 1105 241 quia

119 251 267 285 consilio
287 251 406 295 potius
425 263 532 296 quam
549 250 657 283 armis
676 255 810 282 certare
826 248 1015 287 volebant,
1041 247 1107 280 im-

119 302 236 347 parati
259 301 568 346 opprimebantur.
621 299 786 345 Denique
811 299 895 333 talia
918 299 1030 332 multa
1048 299 1108 332 fie-

117 355 204 386 bant
231 353 301 386 iam
322 352 519 398 Corcyrae,
547 351 666 397 qualia
692 351 827 384 faciunt
847 351 892 391 ii,
921 350 1003 397 qui,
1027 362 1106 384 cum

119 405 322 450 petulanter
348 404 496 438 iniurias
528 402 744 443 intulerunt,
778 409 900 447 postea
923 413 1009 435 vero
1033 414 1110 435 suc-

119 457 342 495 cumbentes,
370 468 405 489 se
428 467 550 488 rursus
574 454 694 488 ulcisci
722 460 917 494 conantur,
944 465 1025 492 seu,
1048 453 1109 499 qui

119 507 287 541 diuturna
313 519 348 539 se
372 506 493 550 inopia
518 505 668 538 liberare
686 505 853 550 cupiunt,
880 517 942 538 seu
965 503 1047 550 qui,
1071 511 1111 537 ut

117 559 290 591 invadant
308 557 344 589 in
364 557 516 590 aliorum
532 557 736 597 facultates,
753 557 883 590 iniusta
903 557 1111 596 decernunt,

704 111 825 146 PHIL.
863 110 975 146 MEL.
1007 109 1209 145 SCRIPTA
1243 108 1582 145 PHILOLOGICA.

2058 108 2157 144 1080

1161 202 1332 241 tanquam
1350 196 1550 228 libertatem
1567 207 1667 230 suam
1684 200 1971 240 propugnantes,
1999 194 2159 228 furenter

1161 247 1197 280 in
1217 246 1355 293 aliquos
1371 247 1543 291 impetum
1558 247 1712 287 faciunt,
1741 253 1774 279 et
1791 245 2037 280 crudelitatem
2059 257 2157 279 exer-

1161 304 1261 338 cent,
1288 309 1353 331 nec
1378 298 1511 342 placari
1534 305 1693 342 possunt.
1755 297 1918 332 Turbato
1944 297 2038 331 enim
2062 303 2158 331 statu

1162 348 1334 389 civitatis,
1362 355 1489 382 natura
1506 346 1694 384 bominum
1716 349 1842 383 victrix
1856 349 1974 393 legum
2002 347 2158 383 ostendit

1163 413 1198 435 se
1222 401 1374 434 libenter
1400 413 1458 434 eas
1483 400 1640 441 violare,
1675 414 1754 434 cum
1782 401 1827 435 sit
1854 400 2045 444 impatiens
2068 399 2157 440 irae,

1163 464 1227 485 nec
1260 458 1467 485 revereatur
1502 451 1694 492 iustitiam,
1721 464 1760 485 ac
1796 452 1840 486 sit
1875 452 2020 485 inimica
2054 462 2158 496 prae-

1163 503 1406 538 stantioribus.
1460 501 1616 548 Ideoque
1641 503 1834 536 vindictam
1857 503 2023 548 religioni
2047 509 2083 536 et
2104 502 2158 536 lu-

1165 567 1262 588 crum
1290 554 1444 590 iustitiae
1475 554 1683 599 anteponit,
1722 561 1755 588 et
1779 556 1960 599 potentiae
1990 553 2158 588 innoxiae

119 621 179 644 seu
204 609 264 655 qui
291 620 364 641 non
390 608 561 649 avaritia,
589 609 648 643 sed
668 608 719 641 ira
739 614 773 641 et
796 608 879 641 odio
896 607 1050 649 incensi,
1078 614 1111 641 et
1136 589 1141 638 l
1165 606 1312 641 invidet.

453 854 491 891 4.
546 851 909 890 ORATIONES
961 849 1193 898 QUARTI
1238 848 1406 887 LIBRI
1456 848 1824 886 THUCYDIDIS

332 920 623 951 CONVERSAE
654 921 702 950 IN
730 919 955 950 LATINUM
984 918 1252 949 SERMONEM
1289 921 1313 948 A
1341 917 1569 948 PHILlPPo
1598 916 1948 947 MELANTHONE.

247 1014 410 1049 Oratio
438 1014 977 1062 Lacedaemoniorumff)

223 1091 398 1126 Miserunt
419 1104 486 1126 nos
509 1091 807 1133 Lacedaemonii,
839 1098 878 1125 ut
899 1092 1112 1125 suadeamus

117 1144 160 1177 de
178 1141 252 1183 his,
278 1144 339 1189 qui
357 1144 394 1177 in
411 1143 524 1178 insula
542 1149 643 1184 sunt,
667 1143 703 1177 id
720 1145 817 1190 quod
831 1143 932 1177 vobis
948 1142 1034 1176 utile
1049 1148 1112 1182 est,

120 1202 153 1228 et
173 1195 269 1241 quod
287 1195 391 1230 nobis
407 1195 443 1227 in
460 1192 527 1228 hac
544 1195 745 1229 calamitate
762 1195 799 1228 in
822 1194 1023 1240 praesentia
1048 1191 1111 1226 ho-

118 1252 257 1280 nestum
276 1247 354 1281 erit.
407 1246 574 1280 Dicemus
591 1252 709 1280 autem
731 1246 904 1292 prolixius
919 1257 993 1279 non
1010 1257 1112 1290 prac-

118 1304 172 1331 ter
196 1297 513 1338 consuetudinem,
546 1298 606 1331 sed
630 1298 788 1343 patrium
816 1297 919 1332 nobis
946 1303 1015 1338 est,
1050 1296 1112 1330 ubi

118 1349 273 1383 brevitas
297 1349 426 1383 sufficit
449 1361 523 1382 non
548 1349 600 1383 uti
625 1349 731 1394 longa
757 1349 941 1389 oratione,
971 1355 1005 1382 et
1028 1360 1112 1393 pro-

119 1400 223 1434 lixius
241 1400 379 1442 dicere,
406 1401 466 1434 ubi
485 1401 636 1434 docendi
650 1407 733 1435 sunt
749 1399 934 1440 homines,
960 1400 996 1432 id
1015 1399 1111 1445 quod

119 1452 233 1485 facere
248 1451 375 1486 melius
394 1458 456 1487 est.
508 1452 667 1497 Accipite
685 1459 803 1486 autem
823 1451 1023 1485 orationem
1047 1462 1112 1483 no-

119 1510 229 1538 stram
256 1516 330 1537 non
356 1501 476 1538 hostili
499 1503 641 1544 animo,
671 1516 735 1537 nec
757 1510 797 1537 ut
814 1501 978 1536 homines
994 1502 1112 1541 rudes,

120 1555 181 1601 qui
203 1555 323 1589 doceri
346 1568 420 1588 non
437 1561 591 1601 queant,
624 1556 684 1589 sed
708 1554 904 1589 existimate
929 1551 1022 1587 hanc
1046 1565 1111 1585 no-

117 1613 228 1641 stram
246 1606 446 1640 orationem
463 1612 601 1640 tantum
617 1605 998 1640 commonefactionem
1016 1604 1110 1649 apud

119 1670 179 1694 eos
197 1671 269 1693 esse
281 1686 290 1700 ,
318 1658 380 1705 qui
397 1658 532 1705 alioqui
548 1657 704 1704 sapiunt.
748 1657 825 1691 Hoc
842 1663 1004 1702 tempore
1020 1657 1111 1690 bene

120 1711 295 1745 collocare
311 1711 457 1756 potestis
474 1717 627 1745 vestram
647 1709 941 1755 prosperitatem,
969 1721 1047 1743 cum
1073 1707 1110 1741 in

120 1770 295 1808 potestate
318 1769 432 1797 vestra
458 1762 529 1797 sint
552 1762 665 1797 nostri
691 1762 801 1801 cives,
829 1760 857 1795 si
881 1773 947 1806 pro
974 1761 1023 1795 eis
1046 1758 1110 1793 ho-

119 1827 244 1848 norem
263 1822 297 1848 et
311 1814 460 1859 gloriam
478 1814 700 1859 receperitis,
726 1826 790 1847 nec
807 1812 925 1854 facite,
948 1813 1046 1859 quod
1060 1811 1111 1844 illi

120 1866 273 1908 faciunt,
297 1866 358 1913 qui
374 1878 446 1900 non
463 1878 566 1912 saepe
584 1865 815 1911 experiuntur
831 1865 1022 1899 secundam
1039 1864 1110 1898 for-

120 1924 257 1953 tunam.
317 1919 465 1964 Semper
490 1918 584 1951 enim
609 1918 712 1964 plura
739 1923 931 1964 appetunt,
966 1916 1049 1963 quia
1073 1916 1111 1949 in

119 1970 320 2016 praesentia
343 1970 392 2006 eis
415 1969 551 2017 aliquid
574 1976 717 2016 praeter
736 1969 944 2015 opinionem
962 1968 1111 2002 feliciter

119 2023 258 2057 accidit.
310 2022 450 2069 Quibus
473 2028 592 2056 autem
617 2022 737 2056 variae
763 2021 856 2056 vices
870 2021 1037 2055 fortunae
1054 2032 1112 2053 ac·

119 2074 281 2108 ciderunt
299 2101 308 2115 ‚
356 2075 521 2108 diffidunt
553 2073 655 2108 laetis
699 2073 927 2109 successibus.
1005 2072 1111 2106 Tales

119 2138 192 2160 esse
217 2138 280 2160 vos
300 2132 334 2160 et
355 2138 441 2167 nos,
468 2131 619 2171 propter
643 2125 898 2171 experientiam
925 2130 1111 2159 consenta-

116 2188 224 2213 neum
250 2183 313 2214 est.

219 2247 271 2281 Ac
304 2245 518 2281 intueamini
552 2252 712 2281 nostram
747 2245 1007 2286 calamitatem,
1049 2243 1111 2290 qui

123 2312 217 2333 nunc
244 2299 405 2332 venimus
429 2299 473 2331 ad
496 2310 578 2339 vos,
614 2309 653 2331 ea
679 2303 859 2342 petentes,
887 2309 978 2344 quae
1005 2302 1110 2329 antea

121 2351 408 2385 existimabamus
434 2361 452 2382 a
478 2350 581 2383 nobis
606 2350 759 2394 petenda
788 2361 872 2383 esse.
929 2348 1003 2384 Nec
1025 2359 1110 2381 vero

120 2400 208 2435 haec
225 2402 328 2436 nobis
344 2401 551 2435 acciderunt
567 2400 718 2446 penuria
737 2400 890 2434 militum
901 2427 910 2441 ‚
941 2401 1038 2446 quod
1054 2412 1111 2434 su-

119 2453 228 2498 perbe
246 2453 381 2498 aliquid
398 2452 604 2493 fecerimus,
631 2464 711 2486 cum
730 2452 821 2486 vires
838 2458 982 2486 nostrae
998 2452 1111 2484 maio-

119 2517 176 2538 res
197 2511 323 2538 essent.
377 2504 445 2538 Sed
470 2516 591 2537 errore
616 2503 706 2548 lapsi
727 2516 867 2545 sumus,
888 2509 929 2537 ut
946 2504 1111 2537 omnibus

117 2554 322 2590 bominibus
333 2555 471 2595 accidit,
489 2567 567 2588 cum
585 2554 728 2601 quidem
746 2567 809 2589 nec
818 2554 977 2600 potentia
989 2561 1109 2589 nostra

117 2607 296 2642 infirmior
312 2613 413 2648 esset,
431 2618 495 2640 nec
512 2619 629 2641 mores
644 2607 772 2641 mutati
788 2613 913 2642 essent.
948 2605 1031 2640 Ideo
1047 2618 1112 2640 nec

154 2744 200 2771 ⁴5]
219 2742 338 2772 Thucyd.
356 2740 404 2771 lv,
424 2739 546 2765 17—20.

1165 1011 1266 1046 vobis
1303 1011 1501 1046 existimate
1533 1012 1715 1046 fortunam
1752 1017 1925 1056 perpetuo
1965 1009 2159 1056 benignam

1164 1064 1260 1104 fore,
1302 1069 1491 1108 propterea
1522 1064 1619 1109 quod
1651 1062 1803 1097 civitatis
1832 1069 1969 1096 vestrae
1996 1061 2159 1107 potentia

1165 1126 1293 1159 magna
1312 1114 1371 1153 sit,
1387 1121 1421 1147 et
1437 1126 1533 1148 nunc
1551 1114 1687 1160 aliquid
1704 1114 1900 1148 accesserit.
1934 1114 2003 1148 Sed
2017 1113 2160 1159 sapien-

1165 1173 1240 1200 tum
1267 1164 1455 1199 hominum
1480 1172 1550 1206 est,
1592 1166 1654 1212 qui
1677 1177 1733 1199 res
1757 1166 1929 1199 secundas
1959 1171 2057 1199 certo
2088 1171 2160 1199 sta-

1164 1224 1270 1251 tuunt
1304 1218 1457 1251 incertas
1487 1229 1582 1258 esse,
1623 1224 1663 1251 ut
1686 1229 1742 1250 res
1769 1217 1934 1251 adversas
1962 1216 2159 1262 sapientius

1164 1270 1300 1310 ferant,
1341 1281 1415 1302 non
1447 1269 1650 1303 existimare
1681 1268 1812 1301 bellum
1838 1269 1885 1301 ita
1913 1279 2157 1302 successurum

1165 1333 1258 1360 esse,
1291 1320 1381 1353 sicut
1407 1320 1504 1353 volet
1531 1319 1660 1366 aliquis
1682 1331 1826 1363 regere,
1866 1319 1927 1353 sed
1949 1325 1990 1352 ut
2011 1320 2158 1353 fortuna

1165 1372 1281 1405 ducet.
1335 1371 1442 1404 Tales
1463 1370 1580 1405 rarius
1605 1371 1793 1410 labuntur,
1822 1370 1904 1415 quia
1928 1381 2004 1403 non
2026 1370 2160 1404 tollunt

1165 1422 1304 1456 animos
1329 1422 1451 1455 confisi
1475 1422 1691 1455 successibus
1717 1421 1753 1453 in
1783 1421 1899 1461 hello,
1936 1427 1971 1454 et
1991 1420 2030 1454 in
2051 1421 2158 1456 rebus

1165 1473 1326 1508 secundis
1344 1473 1497 1506 maxime
1512 1473 1690 1507 desinunt.
1744 1471 1842 1506 Idem
1858 1472 1887 1506 si
1905 1485 1969 1507 vos
1985 1470 2053 1506 hoc
2069 1478 2159 1506 tem-

1165 1537 1253 1570 pore
1270 1536 1352 1568 erga
1369 1536 1435 1558 nos
1452 1524 1599 1565 facietis,
1627 1523 1807 1569 sapienter
1824 1523 1947 1569 agetis,
1973 1536 2039 1558 nec
2057 1530 2155 1569 post-

1164 1589 1223 1618 ea,
1257 1576 1287 1611 si
1310 1576 1396 1622 quid
1429 1576 1568 1610 adversi
1598 1575 1785 1616 acciderit,
1819 1581 1859 1610 ut
1889 1575 2058 1621 possibile
2092 1581 2157 1617 est,

1163 1628 1294 1674 putetis
1316 1640 1380 1662 vos
1404 1639 1487 1661 casu
1512 1633 1714 1661 retenturos
1737 1639 1811 1661 esse
1831 1638 1891 1668 ea,
1918 1639 2009 1673 quae
2035 1627 2157 1672 adepti

1163 1680 1256 1715 estis.
1322 1679 1369 1712 At
1391 1691 1487 1712 nunc
1509 1679 1585 1713 sine
1616 1678 1774 1724 periculo
1796 1678 1951 1712 retinere
1973 1685 2008 1712 et
2031 1684 2160 1723 poten-

1163 1732 1234 1766 tiae
1260 1738 1295 1766 et
1316 1731 1511 1776 sapientiae
1535 1730 1744 1777 opinionem
1767 1729 1927 1775 potestis.
1979 1729 2160 1764 Lacedae-

1164 1782 1278 1817 monii
1294 1783 1396 1817 vobis
1414 1783 1570 1816 offerunt
1586 1782 1742 1823 foedera,
1766 1783 1873 1815 finem
1889 1781 1992 1824 belli,
2018 1794 2158 1827 pacem,

1163 1835 1366 1871 societatem
1378 1862 1388 1877 ,
1416 1834 1610 1868 amicitiam
1628 1841 1662 1868 et
1676 1833 1969 1869 familiaritatem.

1265 1896 1317 1931 Ac
1345 1894 1496 1930 dicimus
1520 1894 1680 1941 utrisque
1711 1891 1780 1928 hoc
1803 1893 1931 1928 melius
1956 1904 2050 1934 esse,
2080 1904 2156 1927 non

1164 1948 1340 1982 adducere
1363 1960 1439 1981 rem
1465 1947 1510 1980 ad
1533 1952 1730 1980 extremum
1758 1945 1978 1990 periculum,
2009 1950 2050 1979 ut
2071 1944 2161 1979 effu-

1164 2000 1263 2045 giant
1277 2012 1360 2034 casu
1377 1999 1499 2045 aliquo
1517 1998 1629 2033 salute
1652 1997 1791 2038 oblata,
1817 2002 1879 2030 aut
1903 1995 2097 2042 expugnati
2121 1995 2160 2030 vi

1164 2051 1365 2097 capiantur.
1423 2050 1480 2084 Sic
1503 2049 1599 2083 enim
1627 2047 1787 2083 stabilius
1812 2048 2057 2082 dissolvuntur
2079 2059 2158 2082 ma-

1163 2115 1253 2149 gnae
1269 2101 1499 2142 inimicitiae,
1524 2114 1604 2135 cum
1629 2099 1794 2146 aequales
1814 2097 1931 2134 adhuc
1952 2111 2077 2145 pacem
2101 2100 2155 2133 fa-

1164 2155 1282 2196 ciunt,
1315 2166 1390 2188 non
1412 2166 1492 2188 cum
1518 2153 1628 2186 altera
1653 2163 1736 2197 pars
1753 2164 1788 2186 se
1808 2151 1880 2185 ulta
1902 2157 1972 2192 est,
1999 2157 2035 2185 et
2049 2151 2155 2196 plura

1165 2206 1330 2241 obtinens
1355 2206 1505 2239 alteram
1531 2204 1625 2249 cogit
1656 2202 1753 2248 pacis
1780 2202 2004 2237 conditiones
2031 2209 2155 2248 petere

1164 2265 1226 2292 aut
1241 2258 1419 2303 accipere;
1445 2257 1506 2291 sed
1529 2268 1608 2289 cum
1624 2255 1783 2289 modeste
1803 2254 1907 2288 offert
1920 2266 2065 2300 pacem,
2091 2254 2156 2288 do-

1164 2322 1228 2344 nec
1258 2315 1376 2354 potest
1407 2319 1592 2353 pugnare,
1635 2313 1670 2340 et
1696 2306 1808 2340 vincit
1836 2305 2087 2340 moderatione
2119 2311 2155 2340 et

1163 2360 1437 2395 mansuetudine
1459 2364 1602 2404 praeter
1626 2357 1921 2402 expectationem.
1986 2356 2080 2392 Nam
2105 2356 2158 2390 al-

1163 2420 1237 2447 tera
1259 2425 1343 2458 pars
1377 2424 1456 2445 cum
1482 2409 1643 2454 agnoscit
1665 2422 1701 2443 se
1729 2422 1804 2443 non
1834 2409 1962 2443 debere
1993 2419 2156 2454 pugnare

1164 2471 1336 2511 tanquam
1363 2463 1398 2496 vi
1429 2467 1606 2501 coactam,
1646 2462 1707 2495 sed
1734 2467 1894 2496 mutuam
1920 2459 2072 2505 gratiam
2095 2460 2158 2493 de·

1163 2517 1267 2556 bere,
1291 2516 1428 2560 pudore
1451 2519 1637 2552 movetur,
1665 2519 1705 2545 ut
1722 2513 1959 2547 constantiam
1986 2511 2024 2544 in
2047 2517 2154 2556 pacto

1164 2573 1331 2613 praestet.
1396 2565 1447 2598 Ac
1475 2564 1587 2608 magis
1618 2561 1686 2597 hoc
1714 2563 1849 2598 faciunt
1881 2562 2045 2597 homines
2071 2573 2156 2607 erga

1165 2618 1319 2652 maiores
1343 2615 1583 2656 adversarios,
1610 2627 1716 2661 quam
1742 2615 1911 2650 minores.
1969 2612 2159 2649 Libentius

1163 2671 1257 2703 enim
1280 2670 1408 2703 cedunt
1431 2667 1526 2701 ultro
1551 2667 1775 2708 cedentibus,
1802 2668 1862 2702 sed
1885 2671 2008 2700 contra
2032 2676 2155 2710 super-

1162 2722 1226 2756 bos
1250 2721 1423 2756 sustinent
1448 2718 1604 2764 pericula
1630 2718 1736 2752 etiam
1768 2725 1910 2764 praeter
1932 2717 2158 2762 opinionem.
