2294 2975
77 132 149 169 241

69 220 165 264 quod
186 219 269 253 vicit
285 231 415 264 magno
434 231 512 253 cum
529 216 667 252 honore
685 231 788 252 suum
806 219 1062 261 adversarium,

67 282 179 303 unum
203 283 220 304 e
237 270 437 310 Clodianis,
470 282 489 303 a
510 283 581 316 quo
598 270 660 303 diu
676 271 899 316 multumque
916 278 1061 306 vexatus

69 327 157 355 erat.
212 321 332 367 Quare
350 322 440 355 duae
456 327 539 355 sunt
554 321 790 355 narrationes.
851 322 972 355 Prima
998 320 1061 356 ha-

66 372 126 405 bet
143 373 287 406 brevem
304 372 598 417 pollicitationem
615 373 885 406 benevolentiae
903 380 936 407 et
954 374 1059 407 officii

66 423 103 456 in
119 425 265 457 emenda
283 425 410 464 domo,
439 423 560 456 addito
577 423 801 457 festivissimo
827 425 906 458 ioco
932 426 973 458 de
995 438 1057 459 sua

66 486 217 518 persona
244 481 278 508 et
299 476 342 508 de
365 474 480 519 pretio
506 475 577 507 iam
604 475 815 516 constituto,
858 476 1058 520 significans

66 537 101 558 se
125 525 298 569 plurimos
321 526 513 559 licitatores
543 526 802 567 admissurum,
844 534 883 561 ut
910 534 1057 572 cogatur

63 575 200 610 Marius
223 577 301 620 plus
324 589 512 610 numerare
543 589 610 621 pro
644 578 808 618 aedibus,
850 590 957 624 quam
990 591 1055 611 un-

62 638 169 672 quam
194 626 231 660 in
254 628 374 661 animo
399 626 575 662 habuerit.
640 628 761 662 Altera
787 629 947 662 narratio
972 641 1054 662 con-

62 677 151 711 tinet
174 677 347 712 illustrem
374 673 629 723 expositionem
657 693 740 714 suae
765 680 956 720 victoriae,
983 692 1052 726 qua

62 729 286 763 adversarius
319 730 356 763 in
390 730 521 764 iudicio
557 732 741 765 succubuit
775 738 810 764 et
843 732 954 765 victus
991 737 1052 764 est.

60 778 161 812 Hanc
187 781 379 825 amplificat
405 794 422 813 a
450 781 633 814 voluntate
657 789 690 815 et
722 782 838 815 studio
872 783 1049 814 bonorum

60 828 269 871 hominum,
294 833 414 865 addita
441 832 630 865 collatione
655 833 806 865 duorum
830 832 1051 865 adversario-

60 893 141 914 rum
167 882 282 915 Clodii
306 889 339 916 et
361 884 508 916 Bursae.
563 883 750 916 Conclusio
775 881 881 916 habet
904 884 1048 915 brevem

61 931 349 966 adhortationem
373 941 406 967 et
432 933 705 977 gratulationem
736 932 839 967 liuius
868 934 1048 967 victoriae.

60 982 100 1016 In
126 984 194 1017 fine
216 985 371 1017 breviter
395 990 518 1017 monet
543 985 584 1016 de
602 984 673 1018 suis
689 985 980 1029 occupationibus
998 986 1049 1017 so-

60 1035 240 1075 rensibus,
269 1042 301 1068 et
317 1035 510 1079 significat,
537 1047 571 1068 se
592 1035 682 1068 nihil
697 1043 768 1069 tam
794 1043 918 1080 optare
941 1048 1047 1081 quam

58 1091 97 1118 ut
127 1085 195 1119 illis
224 1086 343 1131 aliquo
378 1087 487 1119 modo
518 1086 687 1120 liberatus
710 1087 927 1133 >amicissime
953 1087 1049 1119 vivat

60 1148 138 1169 cum
157 1137 287 1171 Mario.

307 1254 445 1287 Aliud
474 1261 801 1299 argumentum.

159 1337 243 1371 Sine
259 1339 404 1371 exordio
420 1338 569 1383 simplex
587 1346 636 1373 est
654 1339 873 1384 propositio,
908 1339 964 1372 cui
989 1339 1049 1371 ad-

60 1388 156 1421 ditur
175 1389 290 1429 iocus,
327 1402 397 1434 quo
414 1390 587 1434 significat
602 1390 758 1424 Marium
777 1391 854 1434 plus
872 1390 985 1423 nimio
1004 1390 1047 1422 ad

58 1451 133 1472 rcm
151 1446 323 1473 attentum
343 1454 414 1474 esse
432 1447 464 1474 ct
481 1442 683 1476 sollicitum.
736 1442 874 1474 Deinde
891 1441 1050 1487 scquitur

59 1491 168 1523 altera
209 1491 407 1535 propositio
438 1493 480 1525 de
515 1493 752 1535 gratulatione
786 1493 913 1532 Marii,
959 1490 1049 1524 hanc

59 1541 213 1575 ostendit
236 1542 395 1575 debuisse
414 1554 487 1576 esse
513 1544 685 1576 maiorem
709 1556 783 1576 non
808 1544 854 1576 ita
880 1555 1050 1576 verecun-

58 1593 153 1626 dam.
222 1592 393 1626 Rationes
415 1593 573 1634 additae,
614 1595 705 1628 duae
731 1594 867 1639 priores
889 1601 1049 1638 sumptae

57 1649 139 1676 sunt
155 1643 198 1676 ab
214 1641 364 1676 honesto
383 1651 416 1677 et
431 1645 520 1678 utili.
574 1645 694 1678 Tertia
713 1646 804 1678 ratio
821 1644 927 1678 habet
945 1646 1050 1678 colla-

58 1695 192 1727 tionem
217 1706 452 1738 personarum
471 1696 585 1729 Clodii
609 1703 643 1729 et
656 1697 804 1730 Bursae.
860 1696 1049 1730 Conclusio

58 1752 196 1778 constat
223 1745 374 1789 simplici
404 1746 629 1790 repetitione.
699 1747 738 1780 In
758 1749 826 1780 fme
851 1754 902 1781 est
930 1747 1049 1780 addita

58 1797 212 1830 clausula
231 1798 273 1830 de
291 1796 467 1830 desiderio
485 1797 630 1831 videndi
648 1798 817 1832 Marium.

262 1913 399 1948 Aliud
429 1922 743 1959 argumentum
762 1915 842 1961 ¹³¹³).

158 1998 265 2032 Prior
293 2011 375 2043 pars
398 1998 567 2044 epistolae
589 2006 640 2033 est
666 1999 784 2040 iocus,
816 2012 887 2046 quo
905 2011 1051 2044 respon-

60 2050 118 2082 det
151 2051 196 2082 ad
228 2049 413 2094 epistolam
440 2050 559 2084 Marii.
628 2050 796 2084 Continet
826 2052 1050 2085 narrationes

58 2102 250 2146 quasdam,
293 2114 445 2147 quarum
478 2102 593 2146 prima
624 2108 676 2136 est
704 2102 802 2136 iocus
838 2103 879 2135 de
902 2103 1048 2146 praedio

59 2153 236 2197 quodam,
265 2153 361 2186 cuins
389 2151 513 2187 haeres
537 2166 607 2186 una
632 2166 711 2187 cum
735 2154 811 2187 aliis
837 2155 1048 2199 quibusdam

61 2203 184 2236 Cicero
209 2204 358 2247 scriptus
383 2210 469 2238 erat.
529 2204 665 2239 Marius
691 2212 808 2239 autem
835 2205 1010 2249 petiverat
1031 2217 1049 2237 a

61 2254 251 2295 Cicerone,
278 2261 317 2288 ut
332 2255 397 2288 sibi
415 2256 450 2288 id
470 2256 657 2300 praedium
675 2263 826 2295 emeret,
855 2262 888 2289 et
914 2263 1047 2290 certum

58 2306 234 2350 pretium,
263 2306 386 2350 quanti
403 2306 470 2340 sihi
487 2307 557 2339 emi
573 2308 696 2347 vellet,
722 2308 960 2352 praefinierat.
994 2306 1049 2340 Io-

59 2363 158 2390 catur
176 2357 283 2400 igitur
300 2357 335 2389 in
356 2369 435 2390 eum
455 2358 577 2391 Cicero
603 2359 640 2391 in
665 2359 722 2391 illa
747 2359 937 2404 emptione.
989 2358 1049 2391 Al-

60 2414 134 2440 tera
167 2414 215 2441 est
248 2409 430 2452 responsio
463 2410 507 2442 ad
541 2410 814 2453 gratulationem
847 2412 890 2443 de
922 2410 1048 2449 Bursa,

60 2471 164 2504 quem
201 2459 324 2492 Cicero
358 2460 488 2493 iudicio
520 2461 662 2495 vicerat.

58 2511 243 2554 magnifice
264 2510 418 2549 extollit,
452 2517 485 2544 et
507 2513 733 2559 subincrepat
748 2514 923 2553 Marium,
952 2514 1047 2558 quod

60 2573 134 2594 non
150 2562 287 2606 plenius
306 2562 501 2605 gratulatus
520 2562 575 2598 sit.

738 2461 825 2495 Eam
863 2461 1047 2494 xictorialn

99 2728 165 2758 ub)
185 2730 241 2754 Hoc
259 2732 449 2761 argumentum
466 2731 564 2755 liabent
584 2732 666 2756 Editt.
689 2733 753 2757 1565
765 2734 877 2758 -1596.

70 2773 251 2802 MmAx'ru.
269 2772 373 2804 Oeta.
406 2773 490 2804 Vox..
507 2775 612 2804 XVII.

217 133 336 170 XXIII.
387 131 695 168 ARGUMENTA
720 132 785 168 ET
812 131 1013 168 SCHOLIA
1040 130 1089 167 IN
1115 132 1262 170 EPIST.
1290 134 1402 171 FAM.
1432 136 1515 172 CIC.
1542 137 1629 173 LIB.
1646 139 1718 175 vll.
1746 141 1818 178 ΕΡ.
1838 144 1870 179 1.
1887 147 1923 181 2.
1944 146 1978 181 3.

2039 148 2114 186 242

1167 219 1496 265 Argumentum
1526 230 1567 257 et
1593 223 1773 260 scholia
1806 228 1850 262 in
1878 231 2060 275 episto-

1523 276 1608 309 lam
1636 275 1693 311 ΙΙΙ.

1216 346 1327 381 Valde
1347 349 1458 384 dulcis
1475 358 1507 384 et
1524 364 1611 396 pura
1626 351 1669 399 ¹⁵)
1689 359 1739 386 est
1756 356 1936 397 narratio,
1971 358 2008 392 in
2032 372 2104 405 qua

1113 399 1277 441 exponit,
1306 413 1416 445 quare
1434 402 1630 436 discesserit
1647 416 1664 436 a
1683 405 1790 440 bello.
1843 406 1959 442 Altius
1982 416 2102 444 autem

1112 449 1250 482 orditur
1270 462 1287 482 a
1306 455 1666 494 commemor-‘itione‚
1695 469 1766 501 quo
1792 458 1939 491 consilio
1963 461 2005 492 ad
2029 461 2103 494 bel-

1110 499 1181 532 lum
1201 502 1379 544 profectus
1397 503 1452 537 sit.
1499 504 1561 538 Est
1579 512 1696 539 autem
1715 507 1751 540 in
1770 514 1924 542 extrema
1941 517 2041 554 parte
2055 511 2100 558 16)

1110 552 1248 595 egregia
1268 554 1501 588 enumeratio.
1552 555 1637 589 Inde
1655 558 1816 603 sequitur
1833 560 2059 607 epilogus¹⁷).

1212 600 1240 645 ξ.
1260 603 1291 636 1.
1318 606 1484 648 Persuepe
1499 606 1602 654 mihi]
1629 608 1815 649 Narratio,
1850 611 1887 643 in
1904 624 1972 656 qua
1992 624 2099 657 expo-

1106 651 1170 691 nit,
1200 666 1270 697 quo
1288 655 1436 688 consilio
1455 659 1632 700 profectus
1649 659 1693 692 sit
1710 659 1746 692 in
1763 660 1908 702 bellum,
1936 668 1970 696 et
1986 675 2096 709 quare

1106 714 1124 734 a
1144 703 1236 735 bello
1253 704 1460 739 discesserit.

1208 752 1238 797 §-
1257 755 1290 787 3.
1319 758 1472 790 Disce-ssi
1487 759 1527 791 ab
1548 771 1583 791 eo
1599 758 1761 808 bello¹⁸)]
1782 760 2030 805 Enumeratio,
2058 764 2095 799 in

1104 815 1172 848 qua
1193 805 1328 838 collatis
1345 807 1509 840 omnibus
1529 809 1711 852 periculis,
1741 814 1894 846 ostendit
1911 827 1946 847 se
1968 815 2003 848 id
2028 816 2097 849 ele-

1103 854 1211 897 gisse,
1241 858 1336 901 quod
1355 858 1543 891 minimum
1564 857 1710 893 haberet
1727 864 1958 907 turpitudinis
1979 872 2013 899 et
2035 879 2094 911 pe-

1101 905 1216 940 riculi.

1206 956 1235 1001 ἓ.
1262 956 1297 991 5.
1331 961 1423 993 Ilaec
1447 961 1491 992 ad
1511 964 1542 993 te
1563 961 1770 1011 scrilvsi¹⁹)]
1806 963 1997 1010 Epilogus,
2032 968 2095 1013 qui

1103 1009 1261 1041 continet
1283 1021 1405 1043 causas
1436 1010 1586 1054 scriptae
1623 1014 1811 1057 epistolae,
1845 1017 1977 1051 scilicet
2010 1019 2094 1064 quia

1101 1060 1244 1092 suerunt
1266 1060 1380 1093 amico
1408 1061 1552 1094 consilia
1579 1063 1652 1097 eius
1681 1068 1911 1110 exponenda,
1952 1075 1986 1102 et
2009 1070 2094 1115 quia

1103 1111 1187 1143 velit
1202 1112 1296 1155 apud
1315 1111 1414 1144 illum
1435 1124 1507 1145 esse
1523 1113 1738 1151 defensionis
1763 1130 1847 1152 suae
1872 1127 2094 1164 argumenta.

1316 1186 1449 1221 Aliud
1479 1192 1868 1240 argumentumw).

1203 1252 1361 1298 Epistola
1389 1261 1438 1288 est
1462 1256 1599 1299 generis
1625 1259 1915 1302 demonstrativi,
1956 1262 1991 1295 in
2023 1276 2093 1308 qua

1103 1303 1202 1346 gravi
1220 1311 1253 1337 ct
1270 1306 1406 1338 erudita
1427 1307 1588 1340 oratione
1607 1311 1752 1354 exponit
1767 1311 1884 1345 Mario
1902 1325 2023 1347 causas
2038 1315 2093 1347 sui

1103 1354 1260 1394 consilii,
1289 1368 1350 1389 cur
1366 1357 1521 1401 primum
1547 1366 1684 1394 secutus
1707 1362 1751 1395 sit
1766 1362 1976 1407 Pompeium
1991 1391 2000 1404 ‚
2035 1366 2094 1397 ‹le-

1103 1405 1185 1437 inde
1210 1418 1250 1438 eo
1281 1407 1374 1440 victo
1398 1408 1573 1442 destiterit
1595 1412 1639 1443 ab
1661 1413 1770 1447 anuis
1795 1420 1829 1447 et
1852 1415 1998 1448 redierit
2021 1416 2094 1448 Ro-

1103 1468 1212 1489 mam.
1254 1457 1345 1490 Nam
1364 1465 1397 1491 et
1414 1459 1450 1491 in
1470 1460 1592 1493 castris
1608 1461 1773 1506 Pompeii
1790 1471 1823 1497 et
1840 1472 1918 1509 post
1936 1478 2094 1511 pugnam

1102 1519 1240 1551 semper
1267 1508 1304 1539 in
1328 1521 1458 1552 magno
1485 1511 1566 1543 odio
1592 1512 1659 1545 fuit
1682 1514 1805 1548 Cicero
1831 1518 1926 1560 apud
1952 1518 2096 1558 multos,

1104 1559 1199 1603 quod
1216 1570 1337 1602 pacem
1357 1561 1528 1593 suadebat
1544 1562 1680 1605 potius,
1706 1578 1813 1610 quam
1828 1567 1971 1601 bellum.
2026 1568 2096 1602 Or-

1105 1609 1199 1641 ‹litur
1223 1616 1339 1643 autem
1366 1624 1383 1643 a
1408 1612 1634 1654 narratione,
1672 1629 1763 1661 quae
1795 1618 1953 1651 continet
1981 1619 2096 1653 consi-

1104 1660 1189 1693 linm
1207 1672 1268 1693 seu
1287 1674 1448 1703 causam,
1482 1676 1592 1707 quare
1618 1668 1795 1708 profectus
1818 1670 1863 1702 sit
1887 1669 1923 1702 in
1948 1670 2096 1711 bellum,

1104 1717 1137 1743 et
1160 1723 1269 1756 quare
1292 1712 1420 1746 iterum
1445 1714 1652 1750 discesserit.
1713 1717 1799 1752 Item
1824 1720 1968 1761 recitat,
2003 1734 2095 1767 quae

1104 1762 1214 1805 egerit
1237 1763 1273 1795 in
1298 1765 1438 1804 castris,
1473 1771 1506 1798 et
1531 1779 1636 1811 quam
1663 1771 1772 1802 multa
1797 1770 1940 1815 indigna
1968 1772 2097 1806 viderit

1104 1813 1192 1859 et'·'¹)
1213 1814 1375 1848 audierit.
1434 1816 1588 1849 Additur
1611 1825 1645 1850 et
1674 1822 1896 1855 enumeratio
1921 1824 2097 1866 periculo-

1103 1877 1182 1898 rum
1199 1865 1301 1905 belli,
1338 1866 1373 1898 in
1393 1867 1520 1911 quibus
1538 1868 1570 1900 id
1588 1869 1749 1913 elegerit,
1784 1875 1880 1917 quod
1905 1875 2095 1908 minimum

1103 1915 1335 1958 turpitudinis
1351 1924 1383 1949 et
1409 1918 1556 1961 periculi
1580 1917 1714 1955 habuit.
1777 1923 1966 1957 Conclusio
1988 1923 2096 1958 hahet

1105 1966 1339 2007 occasionem,
1365 1975 1398 2000 et
1413 1981 1547 2009 causas,
1575 1983 1684 2015 quare
1701 1971 1792 2007 hanc
1810 1975 1994 2018 epistolam
2011 1977 2095 2009 scri-

1103 2023 1224 2062 pserit.

1352 2085 1484 2118 Aliud
1519 2095 1845 2130 argumentum.

1205 2151 1353 2185 Occasio
1372 2151 1476 2187 huitis
1493 2155 1662 2198 epistolae
1680 2157 1832 2190 sumitur
1855 2170 1874 2190 a
1901 2158 2032 2192 iudicio
2061 2167 2095 2194 et

1103 2215 1265 2236 sermone
1284 2203 1448 2245 illorum,
1477 2205 1635 2250 quiante
1659 2214 1692 2240 et
1718 2214 1797 2252 post
1820 2221 1976 2253 pugnam
2002 2210 2093 2244 vitu-

1138 2305 1183 2333 15)
1202 2306 1285 2334 pura]
1305 2304 1345 2328 sic
1363 2304 1445 2328 Editt.
1468 2305 1553 2335 1537,
1574 2306 1659 2338 1540„
1681 2307 1765 2339 1511,
1786 2308 1872 2339 1554„
1893 2309 1979 2342 155⁷.,
2000 2310 2093 2342 1560.;

1170 2340 1253 2363 Editt.
1274 2339 1364 2368 1545..
1387 2340 1479 2369 1546.‚
1501 2340 1573 2365 1601.
1593 2347 1688 2370 parva.
1980 2351 1985 2354 ’

1137 2383 1183 2410 16)
1201 2383 1294 2412 parte]
1315 2382 1341 2405 in
1361 2382 1444 2405 Editt.
1462 2383 1552 2411 1545..
1574 2383 1663 2411 1546..
1685 2384 1759 2409 1601.
1779 2384 1864 2410 deest.

1137 2425 1183 2453 17)
1202 2426 1259 2449 Hoc
1282 2426 1471 2455 argumentum
1491 2425 1523 2448 ab
1542 2425 1623 2449 Editt.
1646 2425 1712 2450 1537
1727 2427 1868 2459 -1554.,
1894 2428 1985 2459 1552,
2006 2429 2092 2462 1560„

1172 2460 1246 2483 1601.
1266 2461 1420 2490 praebetur.

1136 2503 1182 2530 18)
1202 2502 1254 2526 Pro
1272 2502 1316 2525 his
1336 2502 1390 2526 Cic.
1410 2500 1501 2525 verbis
1520 2500 1547 2525 in
1560 2501 1644 2527 Edttt.
1662 2503 1746 2533 1545..
1766 2503 1841 2528 1560.
1860 2503 1922 2529 huic
1939 2506 2022 2529 notae
2039 2511 2090 2537 ap-

1169 2537 1258 2566 posita
1276 2538 1340 2559 sunt
1360 2536 1565 2560 antecedentia:
1591 2538 1639 2561 Ex
1657 2544 1688 2562 eo
1708 2539 1842 2569 tempore.

1137 2581 1183 2608 19)
1203 2580 1231 2602 ln
1251 2579 1345 2601 iisdem
1364 2579 1380 2602 2
1399 2578 1481 2601 Editt.
1507 2578 1566 2601 hnic
1591 2580 1672 2602 notae
1697 2581 1818 2610 praefixa
1844 2581 1908 2603 sunt
1928 2581 1983 2605 C1'c.
2004 2583 2089 2606 verba

1170 2613 1373 2638 antecedentia:
1399 2613 1454 2636 Sed
1471 2613 1566 2636 tamen
1585 2620 1700 2637 vacare.

1134 2656 1181 2685 20)
1202 2657 1259 2680 Hoc
1277 2657 1463 2683 argumentum
1484 2658 1511 2677 ct
1530 2655 1581 2678 (tuo
1600 2657 1743 2686 sequentia
1764 2657 1790 2680 in
1808 2656 1891 2682 Editt.
1909 2657 1998 2683 1556..
2021 2659 2086 2681 1565

1168 2691 1285 2714 —1596.
1306 2690 1490 2712 inveniuntur.

1135 2735 1182 2761 21)
1202 2734 1243 2762 et]
1263 2732 1303 2755 sic
1322 2732 1405 2756 Editt.
1427 2732 1628 2799 155.ἰ.ὀ1559.,
1651 2733 1740 2761 1592.;

1766 2733 1814 2757 Ed.
1833 2733 1905 2756 1556.
1926 2739 1965 2756 nc..
