2294 2975
83 123 159 161 253
218 123 338 159 XXIII.
374 122 684 159 ARGUMENTA
708 123 773 158 ET
801 122 1002 159 SCHOLIA
1029 123 1077 160 IN
1104 124 1250 161 EPIST.
1274 126 1387 163 FAM.
1415 127 1498 164 CIC.
1524 129 1697 168 LIB.VII.
1722 132 1794 169 ΕΡ.
1814 136 1986 172 10-13.

90 222 214 244 01111165
252 216 451 244 contractus
481 209 597 243 bonae
626 209 729 250 fidei,
771 216 805 243 et
827 222 1014 254 possumus
1041 223 1080 244 ea

85 261 138 293 uti
157 274 260 306 saepe
278 262 315 295 in
334 259 500 306 epistolis.
554 258 679 294 Monet
700 267 819 294 autem
844 261 939 295 viros
966 262 1080 296 bonos

84 312 197 345 multa
212 313 340 346 debere
357 317 557 357 praestare,
584 319 674 357 quae
694 311 801 345 etiam
825 324 899 344 non
918 319 999 346 sunt
1012 312 1080 346 lin-

85 375 154 407 gua
180 370 396 408 nuncupata.
473 363 598 405 Populo
630 361 819 410 Ulubrano]
847 363 1006 397 Ulubrae
1029 370 1079 398 est

86 414 257 458 oppidum
275 426 439 458 parvum,
466 413 647 457 frigidum,
675 413 711 446 in
732 414 857 447 ultima
874 413 986 450 ltalia.
1022 415 1078 449 Sic

84 464 255 499 Horatius
264 465 328 511 61);

128 524 284 562 Quadrigis
308 524 434 562 petimus
457 524 535 552 bene
558 523 673 559 vivere3
696 523 774 561 quod
796 524 888 561 petis,
911 524 957 553 hic
979 530 1034 563 est,

127 566 179 593 Est
202 566 339 603 Ulubris,
362 566 474 594 animus
497 567 521 594 si
544 571 573 594 te
596 571 656 594 non
679 566 777 594 deficit
800 575 919 604 aequus.

82 616 276 650 Possumus
300 617 352 650 uti
377 617 681 651 ad‘consolandos
700 629 780 657 eos,
808 617 969 663 quisunt
993 630 1076 663 que-

82 667 153 700 ruli
171 668 212 701 de
229 668 472 712 praesentibus
490 669 768 709 conditionibus,
785 675 819 702 et
837 669 879 702 de
897 670 1076 713 praesenti

84 724 189 753 statu.

309 803 444 837 Aliud
473 803 856 850 argumentumffl).

186 879 392 914 Admodum
415 880 538 914 festive
562 880 599 913 in
622 878 687 913 hac
709 879 878 924 epistola,
906 890 997 925 quae
1026 885 1077 912 est

82 931 186 975 plena
209 931 437 971 eruditionis,
466 943 546 964 cum
563 930 734 964 Trebatio
751 931 907 970 iocatur,
935 936 1075 974 sumpta

85 982 269 1016 occasione
293 994 312 1014 a
336 981 561 1021 rumoribus,
604 982 664 1027 qui
687 982 908 1015 testabantur
940 981 1076 1014 Treba-

83 1033 173 1066 tium
199 1033 399 1076 amplexum
419 1044 491 1066 esse
513 1033 641 1076 dogma
657 1032 822 1076 Epicuri,
851 1032 946 1077 quod
962 1032 1077 1065 omni-

81 1095 129 1116 no
151 1096 225 1117 non
248 1083 436 1116 conveniat
454 1096 532 1116 cum
554 1084 672 1117 studio
699 1083 797 1117 iuris.
850 1083 989 1116 Recitat
1015 1096 1077 1116 au-

79 1141 151 1168 tem
180 1135 354 1180 quaedam
382 1134 496 1179 capita
530 1140 644 1168 sectae
668 1134 946 1178 Epicureorum,
989 1147 1076 1180 quo-

80 1197 160 1219 rum
182 1183 269 1218 haec
292 1197 430 1218 summa
450 1191 521 1226 est,
549 1186 645 1230 quod
668 1185 717 1226 is,
746 1186 807 1231 qui
831 1185 953 1219 statuit
975 1186 1075 1218 volu-

80 1242 214 1281 ptatem
240 1248 311 1270 esse
335 1249 514 1269 summum
537 1236 692 1276 bonum,
717 1248 833 1282 neque
859 1237 931 1276 ius,
958 1249 1074 1282 neque

81 1299 234 1332 aequum
247 1313 256 1327 ,
285 1299 349 1319 nec
364 1288 467 1319 fidem
487 1299 628 1320 servare
648 1287 777 1331 possit,
804 1288 943 1332 etquod
963 1288 1074 1320 maxi-

80 1351 160 1372 mus
188 1338 233 1372 sit
256 1337 536 1383 contemptorffi)
563 1344 596 1370 et
618 1336 728 1371 hostis
751 1338 933 1382 religionis
953 1350 992 1371 ac
1011 1351 1073 1382 po-

77 1389 186 1423 litiae.
237 1388 434 1422 Exordium
452 1395 629 1432 sumptum
650 1395 700 1423 est
717 1390 760 1422 ab
778 1390 920 1429 ess'ectu,
951 1390 1072 1422 addito

79 1452 245 1480 rumore,
274 1452 379 1485 quem
399 1452 439 1472 ex
451 1440 566 1473 Pansa
587 1440 758 1474 audierat.
811 1441 978 1486 Sequitur
993 1440 1073 1473 irri-

78 1491 130 1525 sio
155 1491 331 1534 dogmatis
347 1489 505 1534 Epicuri.
557 1489 604 1523 Et
622 1490 703 1524 huic
719 1491 876 1525 irrisioni
893 1492 1074 1525 adduntur

78 1547 306 1586 argumenta,
330 1541 456 1586 quibus
480 1542 633 1575 ostendit
661 1554 762 1582 eum,
790 1542 851 1588 qui
873 1543 982 1576 semel
999 1554 1073 1575 am-

76 1593 200 1637 plexus
222 1592 267 1626 sit
283 1592 428 1636 Epicuri
457 1593 606 1636 dogma,
634 1606 707 1626 11011
726 1606 827 1637 posse
844 1606 917 1627 esse
935 1594 1070 1627 bonum

76 1644 193 1678 virum
222 1649 257 1676 et
281 1643 571 1678 iureconsultum.
641 1644 811 1689 Epilogus
840 1645 984 1678 brevem
1012 1646 1072 1678 ad—

75 1693 319 1728 hortationem
347 1695 523 1735 continet,
550 1701 590 1728 ut
605 1692 673 1728 hoc
692 1708 801 1740 genus
817 1696 1000 1730 doctrinae
1018 1698 1072 1730 fu-

76 1746 159 1791 giat.
210 1745 297 1779 Item
315 1743 481 1778 hortatur
504 1746 547 1778 ad
566 1746 705 1790 saepius
723 1747 962 1782 scribendum.

331 1836 466 1870 Aliud
494 1845 821 1882 argumentum.

175 1912 326 1946 Erudita
360 1919 410 1947 est
441 1911 528 1947 haec
560 1914 730 1958 epistola,
767 1914 804 1947 in
831 1926 900 1959 qua
929 1922 1068 1959 sumpta

74 1964 258 1999 occasione
277 1976 317 1997 ex
337 1965 561 1999 sermonibus
577 1967 619 1998 de
636 1965 820 2006 Trebatio,
845 1967 940 2010 quod
956 1967 1068 2001 sactus

74 2015 220 2062 essetffl)
250 2014 472 2060 Epicureus,
506 2016 643 2050 deridet
677 2029 716 2050 ac
747 2016 928 2062 improbat
954 2023 1066 2051 totam

74 2066 275 2100 doctrinam
298 2066 518 2113 Epicuri‘ffi),
548 2081 639 2113 quae
661 2081 679 2101 a
704 2067 952 2101 communibus
975 2067 1067 2102 iudi-

72 2118 134 2152 ciis
165 2117 324 2150 omnium
342 2119 519 2152 bonorum
538 2119 574 2152 in
600 2119 805 2154 universum
825 2117 1005 2160 abhorret,
1033 2126 1066 2153 et

72 2182 151 2203 curn
178 2174 251 2201 tota
279 2175 406 2202 natura
431 2177 577 2214 pugnat.
646 2170 844 2204 Exordium
869 2171 1020 2203 sumitur
1045 2184 1063 2204 a

70 2232 174 2254 causa
204 2219 475 2255 intermissionis
494 2222 707 2256 litterarum.
760 2222 887 2256 Postea
904 2222 1064 2267 sequitur

69 2270 257 2306 salsissima
286 2271 404 2305 irrisio
428 2273 604 2317 dogmatis
618 2273 766 2318 Epicuri
788 2274 831 2307 de
856 2274 924 2306 fine
948 2271 1063 2306 homi-

65 2323 134 2363 nis,
157 2321 213 2355 cui
232 2322 330 2356 addit
350 2324 656 2359 enumerationem
674 2326 818 2359 brevem
834 2325 1060 2371 quorundam

97 2458 147 2486 61)
167 2457 263 2481 Horat.
284 2455 363 2486 epist.
383 2456 404 2487 1,
427 2457 467 2487 11,
485 2456 528 2481 29.
546 2457 588 2482 30.

96 2500 145 2532 62)
166 2501 224 2523 Hoc
239 2500 428 2529 argumentum
442 2500 468 2523 et
482 2500 534 2524 duo
549 2499 691 2531 sequentia
704 2498 729 2523 in
743 2499 827 2525 Editt.
846 2500 930 2531 1556„
951 2500 1058 2525 1565—

133 2534 207 2559 1596.
226 2534 346 2557 exstant.

96 2578 145 2605 63)
164 2576 350 2605 contemptor]
384 2575 425 2599 sic
450 2577 525 2599 recte
550 2576 598 2601 Ed.
620 2577 710 2608 1556.;

132 2611 208 2635 1592.
228 2611 410 2639 contemptus.

90 2654 140 2680 64)
158 2653 247 2676 factus
265 2653 355 2680 esset]
374 2652 414 2675 sic
433 2651 515 2676 Editt.
539 2652 631 2683 1565.,
657 2653 749 2684 1569„
774 2652 868 2684 15⁹2.;

127 2689 203 2710 esset
222 2686 322 2710 factus.

88 2729 137 2757 65)
155 2727 281 2759 Epicuri]
301 2728 350 2754 Ed.
371 2728 445 2753 1569.
464 2728 551 2752 male:
568 2728 704 2759 Epicurei.

745 2575 830 2600 Edttt.
850 2577 925 2602 1565.
936 2593 944 2608 ,
971 2578 1055 2609 1569,

905 2653 952 2678 Ed.
977 2655 1051 2679 1556.

2049 138 2124 174 254

1135 212 1289 256 capitum
1305 212 1502 258 Epicureae
1527 223 1659 258 sectae,
1688 221 1873 255 ostendens
1896 220 1988 255 hanc
2009 229 2120 256 totam

1132 263 1333 298 doctrinam
1368 278 1527 310 pugnare
1560 280 1638 301 cum
1671 268 1747 302 iure
1782 271 1894 312 civili,
1928 280 2117 318 propterea

1133 316 1228 359 quod
1247 316 1349 348 tollat
1367 317 1593 362 aequitatem,
1619 331 1741 353 rerum
1758 322 1987 364 divisionem,
2014 326 2119 357 fidem

1131 378 1190 398 seu
1218 366 1445 410 religionem,
1472 375 1505 401 et
1527 370 1819 413 gubernationem
1847 374 2004 418 politiae.
2057 376 2120 409 His

1131 418 1347 460 argumentis
1380 420 1509 463 probat
1541 433 1621 454 eum
1652 434 1725 455 non
1748 436 1850 467 posse
1883 437 1956 459 esse
1984 426 2119 459 bonum

1132 467 1267 509 virum,
1294 475 1328 502 et
1355 468 1518 514 inprimis
1535 471 1827 515 iureconsultum,
1857 476 1918 521 qui
1933 474 2019 509 haec
2035 476 2119 521 Epi-

1130 518 1205 551 curi
1228 521 1408 563 paradoxa
1434 522 1578 565 indigna
1594 521 1740 558 homine
1761 526 1959 561 admiratur
1979 533 2012 560 et
2029 539 2123 560 com·

1130 569 1305 613 plectitur.
1386 571 1574 606 Conclusio
1600 572 1707 608 habet
1731 577 1874 610 brevem
1899 576 2119 611 adhortatio·

1130 633 1231 661 nem,
1265 628 1303 654 111
1328 622 1527 656 doctrinam
1551 624 1718 669 Epicuri,
1747 635 1920 672 quantum
1943 629 2018 662 fieri
2040 642 2120 673 pos-

1129 670 1191 711 sit,
1219 684 1283 715 per
1310 673 1396 706 alias
1421 674 1543 718 fugiat.
1597 675 1635 708 Iu
1657 677 1725 710 fine
1751 686 1893 719 monet,
1928 686 1967 713 ut
1988 680 2119 714 scribat

1130 722 1172 754 de
1200 723 1271 756 suis
1295 723 1411 758 1611115.

1378 806 1512 841 Aliud
1549 819 1878 854 argumentum.

1232 872 1354 906 Primo
1386 875 1463 907 loco
1502 877 1649 920 ponitur
1673 880 1883 923 propositio.
1954 881 2121 926 Sequitur

1130 923 1339 958 exclamatio
1366 925 1522 967 ironica,
1550 929 1646 972 quod
1674 930 1719 963 sit
1740 931 1858 964 mollis
1884 937 1917 964 et
1934 932 2121 975 voluptua-

1130 974 1202 1007 rius
1212 974 1256 1021 ⁰6)
1276 975 1478 1011 Trebatius.
1531 978 1669 1012 Deinde
1690 994 1753 1025 per
1771 982 2050 1015 confutationem
2066 994 2121 1014 ar-

1129 1033 1296 1068 gumenta
1331 1035 1534 1071 ponuntur,
1579 1031 1706 1076 quibus
1745 1033 1899 1066 ostendit
1933 1046 2013 1066 eum
2045 1045 2118 1065 non

1129 1088 1230 1119 posse
1255 1089 1327 1110 6556
1352 1079 1486 1112 bonum
1513 1080 1812 1124 iureconsultum,
1848 1084 1909 1129 qui
1933 1090 1984 1118 est
2006 1085 2117 1117 sactus

1127 1126 1340 1171 Epicureus,
1369 1137 1557 1174 propterea
1582 1134 1678 1178 quod
1701 1135 1937 1178 professiones
1958 1134 2028 1169 sint
2051 1135 2120 1168 dis-

1128 1178 1341 1213 simillimae.
1415 1181 1586 1226 Epilogus
1610 1184 1793 1230 obliquam
1819 1184 1926 1219 habet
1955 1184 2119 1219 dehorta-

1127 1229 1323 1266 tiunculam
1351 1243 1430 1265 cum
1456 1234 1611 1278 quadam
1636 1237 1873 1271 concessione.

1340 1317 1474 1352 Aliud
1508 1323 1891 1370 argumentumffi).

1229 1391 1324 1425 Haec
1347 1406 1489 1440 quoque
1515 1396 1660 1440 epistola
1685 1405 1735 1433 est
1752 1400 1848 1434 iocus
1865 1401 1902 1433 in
1917 1401 2117 1434 doctrinam

1125 1440 1396 1485 Epicureorum.
1453 1445 1596 1481 locatur
1620 1449 1713 1482 enim
1746 1448 1803 1484 1116
1830 1464 1908 1484 611111
1935 1451 2120 1492 Trebatio,

1127 1493 1223 1537 quod
1250 1493 1396 1538 Epicuri
1424 1497 1552 1541 dogma
1585 1501 1787 1544 complexus
1811 1502 1874 1542 sit,
1901 1509 1935 1535 et
1952 1503 2118 1542 ostendit,

1127 1555 1234 1587 quam
1260 1545 1353 1578 male
1382 1549 1571 1581 conveniat
1592 1550 1832 1586 iureconsullo
1857 1565 1936 1586 cum
1950 1553 2118 1598 Epicuro.

1126 1594 1266 1628 Recitat
1297 1596 1391 1629 enim
1429 1601 1603 1643 quaedam
1637 1603 1751 1647 capita
1782 1611 1895 1637 sectae
1924 1604 2118 1648 Epicureo·

1126 1658 1226 1686 rum,
1270 1648 1366 1692 quod
1394 1648 1558 1693 Epicurei
1600 1654 1819 1698 voluptatem
1854 1661 2011 1688 statuant
2046 1669 2117 1690 6556

1124 1709 1302 1730 summum
1336 1699 1492 1740 bonum,
1536 1704 1632 1748 quod
1664 1705 1858 1739 metiantur
1896 1707 2015 1740 omnia
2045 1707 2116 1742 suis

1125 1749 1347 1790 commodis,
1390 1752 1486 1796 quod
1517 1754 1655 1797 fugiant
1688 1757 2041 1798 administrationes,
2082 1764 2116 1791 et

1125 1800 1221 1844 quod
1249 1812 1322 1832 non
1351 1804 1496 1836 credant
1518 1804 1634 1838 Deum
1670 1819 1794 1841 curare
1822 1821 1877 1841 res
1913 1806 2114 1843 hominum.

1124 1849 1218 1883 Haec
1240 1851 1335 1884 enim
1359 1853 1478 1886 omnia
1506 1863 1667 1899 pugnant
1689 1870 1769 1891 cmn
1793 1859 1908 1892 officio
1932 1867 1965 1893 et
1980 1861 2114 1904 profes·

1121 1900 1221 1934 sione
1242 1901 1493 1938 iurisconsulti.
1546 1908 1696 1942 Orditur
1720 1921 1739 1942 a
1757 1910 1977 1945 narratione.

1255 1992 1442 2047 Scholia
1472 1996 1515 2030 in
1543 1999 1787 2042 epistolam
1816 2001 1978 2049 Xlll.⁰⁸).

1224 2057 1253 2102 ἓ.
1273 2062 1308 2094 2.
1343 2063 1419 2095 Non
1443 2075 1489 2096 ex
1514 2065 1589 2098 iure
1611 2078 1713 2100 manu
1728 2066 1820 2113 65ἃ),
1857 2067 1941 2116 616.]
1970 2069 2109 2114 Optimi

1120 2121 1240 2143 versus
1268 2123 1309 2143 ex
1331 2110 1468 2153 Ennio,
1503 2115 1564 2159 qui
1599 2124 1748 2160 possunt
1771 2120 2036 2154 accommodari
2065 2123 2108 2154 ad

1118 2167 1238 2194 nostra
1260 2168 1365 2195 et1am
1392 2170 1552 2209 tempora
1566 2193 1575 2206 ,

1202 2219 1358 2257 Spernitur
1380 2229 1476 2251 orator
1499 2224 1606 2263 bonus,
1629 2226 1762 2256 horridus
1786 2230 1868 2258 miles
1890 2237 2015 2269 amatur,

1199 2263 1325 2291 Pellitur
1349 2273 1366 2292 e
1388 2266 1485 2294 medio
1508 2269 1667 2306 sapientia,
1692 2272 1718 2298 vi
1741 2273 1854 2309 geritur
1877 2281 1923 2301 res
1934 2272 1992 2313 69).

1150 2353 1197 2384 66)
1216 2354 1422 2385 voluptuarius]
1442 2357 1491 2384 Ed.
1512 2359 1585 2384 1556.
1605 2366 1700 2385 errore
1720 2363 1851 2393 typogr.:
1871 2364 2054 2396 voluptarius.

1147 2397 1194 2425 67)
1215 2398 1273 2422 Hoc
1285 2401 1473 2429 argumentum
1487 2402 1585 2426 hahent
1597 2403 1679 2427 Editt.
1692 2405 1879 2432 1565—1596.

1146 2439 1193 2471 68)
1218 2440 1402 2464 Melanthonis
1428 2446 1589 2470 argumento
1614 2446 1693 2469 liuius
1719 2447 1851 2477 epistolae
1877 2450 1962 2475 Editt.
1993 2451 2104 2476 15³7—

1181 2475 1272 2505 1554„
1292 2475 1381 2503 1557..
1405 2477 1496 2506 1560.,
1518 2479 1591 2503 1601.
1616 2482 1741 2511 carent3‘
1759 2487 1950 2513 argumentum
1974 2485 2000 2509 in
2019 2486 2102 2510 Editt.

1181 2509 1267 2540 1546„
1288 2509 1361 2532 1601.
1383 2510 1442 2534 huic
1461 2512 1593 2541 epistolae
1611 2515 1792 2543 praemissum
1815 2519 1941 2549 Lougolii
1961 2522 2010 2545 est.

1144 2552 1213 2580 681³)
1231 2553 1332 2581 manu]
1351 2552 1390 2575 sic
1408 2552 1472 2576 illae
1489 2555 1571 2578 Editt.
1588 2558 1615 2579 et
1628 2557 1680 2586 al.;
1702 2559 1751 2584 Ed.
1773 2560 1859 2585 Orell.
1877 2568 2001 2588 suanum.

1143 2595 1191 2623 69)
1210 2595 1244 2618 Hi
1264 2601 1363 2618 versus
1382 2601 1415 2618 ex
1436 2596 1507 2620 wll.
1527 2599 1626 2622 Annali
1644 2601 1724 2625 Ennii
1749 2602 1775 2626 in
1802 2603 1860 2627 eius
1887 2604 2049 2632 fragmentis
2068 2608 2101 2630 ab

1176 2630 1252 2653 Rier.
1271 2629 1403 2653 Columna
1422 2632 1583 2660 conquisitis
1604 2636 1654 2660 etc.
1674 2638 1821 2661 accusante
1838 2639 1884 2662 Fr.
1906 2633 2031 2664 hessone
2052 2646 2098 2664 re-

1176 2664 1249 2687 cusis
1268 2670 1292 2693 p.
1307 2663 1341 2687 79
1356 2670 1396 2692 sq,
1418 2664 1458 2687 sic
1476 2666 1642 2692 afferuntur:

1241 2697 1357 2734 Tollitur
1377 2704 1391 2720 e
1413 2699 1500 2723 medio
1521 2702 1673 2731 sapientia,
1699 2704 1743 2728 vei
1763 2705 1869 2736 geritur
1891 2713 1946 2732 res„

1243 2733 1388 2760 asper-intur
1407 2734 1501 2756 orator
1522 2735 1621 2767 bonus;
1640 2737 1762 2762 horridu'
1782 2740 1861 2764 miles
1880 2743 1997 2766 amatur.
