2351 2990
158 114 229 151 541
288 113 408 151 XXIII.
456 114 766 151 ARGUMENTA
792 115 856 150 ET
884 115 1088 150 SCHOLIA
1109 115 1157 152 IN
1180 118 1326 156 EPIST.
1349 120 1462 157 ΕΔΜ.
1487 121 1572 157 CIC.
1596 122 1685 159 LIB.
1705 124 1779 159 XV.
1807 124 1879 159 ΕΡ.
1899 125 2077 163 17—21.
2130 123 2205 160 542

332 199 516 236 Scholia
544 202 588 236 in
618 203 864 248 epistolam
892 203 965 236 XX.

261 276 291 322 ξ.
309 281 344 314 2.
376 281 445 319 Tu,
473 282 521 313 mi
550 277 715 326 Treboni]
743 278 951 323 Propositio
979 292 1040 312 seu
1066 279 1154 323 peti-

156 330 226 363 tio:
263 330 374 374 Saepe
397 331 442 362 ad
468 343 526 363 me
543 331 701 364 scribito.
780 332 954 371 Primum,
983 333 1067 376 quod
1078 329 1153 378 ⁶⁶)]

158 381 329 415 Rationes
345 382 449 415 duae.

458 463 781 509 Argumentum
799 465 859 513 67).

258 533 361 567 Duae
392 538 476 566 sunt
506 538 625 577 partes
654 529 759 566 huius
782 533 963 577 epistolae.
1031 534 1152 567 Altera

156 591 207 618 est
233 584 476 624 nuntiatoria‚
503 596 573 629 qua
596 586 826 617 commendat
843 584 1027 617 Trebonio
1050 599 1153 619 suum

155 637 287 670 librum
312 637 354 669 de
381 636 549 669 Oratore.
612 636 734 669 Altera
761 642 811 669 est
836 636 1046 677 obtestatio,
1083 649 1152 681 qua

154 695 257 732 rogat
273 688 518 727 Trebonium,
546 692 585 719 ut
602 688 647 719 ad
670 700 705 721 se
733 688 865 720 scribat
890 700 930 720 ex
956 688 1153 731 provincia.

152 739 241 772 Erat
271 745 389 773 autem
428 738 631 772 Trebonius
667 751 758 772 unus
792 751 833 771 ex
867 739 1154 772 interfectoribus

154 790 328 825 Caesaris.
395 789 519 835 Itaque
544 795 625 834 post
652 790 805 823 occisum
830 789 1016 823 Caesarem
1048 790 1154 823 simul

154 855 233 876 cum
251 842 365 875 Bruto
383 848 417 874 et
431 841 507 874 aliis
525 841 563 873 iri
588 841 784 885 provinciis
810 847 887 873 erat
908 841 1152 875 vindicaturus

153 894 412 938 rempublicam
438 893 481 925 ab
505 892 687 932 Antonio,
728 892 790 936 qui
819 892 979 925 Caesaris
1007 894 1150 926 caedem

152 945 261 979 armis
280 944 401 978 ulcisci
416 943 541 977 voluit.
594 943 716 987 Quare
740 943 778 975 in
801 943 869 975 fine
897 944 1004 976 etiam
1032 957 1152 978 receu—

151 1003 203 1030 set
220 1008 279 1036 ea,
307 1007 398 1041 quae
416 995 483 1029 sibi
500 1007 541 1028 ex
562 994 748 1038 provincia
763 994 871 1028 scribi
888 995 984 1029 velit.

399 1078 539 1112 Aliud
566 1084 895 1122 argumentum.

252 1149 375 1183 Prima
401 1148 552 1193 epistola
577 1149 623 1181 ad
646 1148 870 1181 Trebonium
899 1148 1151 1192 proconsulem

150 1201 187 1233 in
203 1200 375 1245 Hispania
392 1201 465 1233 fere
484 1206 556 1232 tota
575 1207 627 1233 est
650 1197 898 1232 adhortatoria
925 1200 969 1232 ad
995 1200 1150 1233 scriben-
1176 1232 1178 1234 ,

1179 691 1182 724 ff
1207 686 1315 730 igitur
1332 685 1419 721 haec
1439 695 1512 722 tota
1528 702 1610 734 pars
1635 697 1774 724 tantum
1796 693 2011 726 narratoria.

1505 211 1668 254 Argum
1683 217 1786 244 entu
1797 224 1830 244 m
1846 211 1904 259 ⁷¹).

1312 275 1515 312 Familiaris
1533 285 1583 312 est
1599 279 1746 324 epistola
1765 286 1799 313 et
1815 280 1990 313 luculenta
2003 307 2012 321 ‚
2038 286 2204 314 constans

1209 325 1331 360 itidem
1350 329 1486 364 duabus
1502 331 1682 374 partibus,
1710 332 1819 364 altera
1837 332 2058 372 laudatoria,
2093 331 2202 364 altera

1209 381 1441 414 excusatoria.
1493 382 1618 415 Primo
1645 383 1739 415 enim
1765 382 1970 427 longissima
1994 382 2202 416 narratione

1209 430 1390 473 praedicat
1413 432 1587 466 Trebonii
1612 446 1694 478 erga
1722 447 1758 468 se
1790 435 2098 475 benevolentiam,
2141 434 2201 478 qni

1209 481 1350 526 copiose
1376 495 1415 517 ac
1437 492 1582 518 venuste
1606 485 1738 530 scripto
1764 486 1946 520 Ciceronis
1972 487 2084 519 faceta
2110 484 2201 518 dicta

1208 541 1439 577 expresserat.
1498 536 1643 580 Repetit
1667 543 1786 570 autem
1814 537 1938 571 Cicero
1961 538 1998 570 in
2022 536 2204 582 praedica-

1209 584 1305 617 tione
1320 586 1589 620 henevolentiae
1607 589 1725 621 onmia
1746 589 2064 629 osficiaTrebonii‚
2091 600 2204 633 eaque

1211 636 1346 678 prolixa
1376 639 1646 672 enumeratione
1670 640 1853 683 splendide
1878 641 2081 685 amplificat.
2140 638 2201 672 Est

2063 690 2203 724 Deinde

1209 746 1350 772 excusat
1372 752 1427 780 se,
1457 754 1567 786 quare
1585 741 1732 775 Calvum
1756 749 1898 787 poetam
1924 755 2030 789 supra
2054 743 2202 776 modum

1208 789 1332 823 litteris
1349 791 1420 824 suis
1438 794 1711 834 commendarit,
1738 795 1891 828 recitans
1909 796 1982 829 eius
1999 794 2052 828 rei
2071 806 2204 827 causas.

1179 838 1182 872 ,Ι
1206 840 1308 874 Hanc
1328 849 1465 886 partein
1487 845 1667 878 concludit
1692 846 1904 890 repetitione
1929 847 1981 880 sui
2006 845 2144 879 consilii
2170 852 2201 877 et

1207 892 1329 925 iudicii
1351 895 1393 926 de
1417 894 1538 929 Calvo.
1598 896 1727 929 Postea
1752 898 1796 929 ad
1818 898 1924 930 finem
1952 897 2071 931 adiicit
2097 910 2203 942 quae-

1207 945 1288 977 dam
1306 958 1389 978 suae
1406 946 1677 981 benevolentiae
1697 949 1914 983 testimonia.

1444 1023 1582 1057 Aliud
1613 1031 1943 1068 argumentum.

1306 1089 1466 1133 Epistola
1503 1098 1555 1125 est
1584 1093 1832 1136 responsoria,
1875 1093 1911 1126 in
1944 1105 2012 1139 qua
2043 1093 2199 1137 primum

1204 1142 1387 1184 praedicat
1413 1142 1527 1175 officia
1555 1143 1748 1185 Trebonii,
1792 1157 2006 1178 enumerans
2034 1146 2134 1188 signa
2167 1152 2201 1177 et

1205 1192 1406 1226 testimonia
1434 1194 1509 1226 veri
1535 1195 1679 1229 amoris.
1748 1195 1886 1230 Deinde
1919 1208 2040 1230 causas
2063 1196 2201 1235 recitat,

150 1254 247 1286 dum.
301 1252 461 1285 Tantum
477 1251 571 1284 enim
590 1251 834 1295 praemittitur
850 1251 968 1284 brevis
987 1251 1148 1284 narratio
1176 1235 1179 1286 l
1205 1244 1332 1289 quihus
1356 1246 1527 1279 adductus
1545 1246 1692 1280 Calvum
1710 1246 1889 1281 Licinium
1916 1255 2061 1292 poetam
2085 1248 2145 1281 lib.
2165 1247 2198 1280 7.

149 1305 192 1337 de
210 1303 342 1336 tradito
359 1303 451 1336 libro
477 1303 616 1336 cuidam
635 1303 781 1336 Sabino.
842 1301 882 1335 ln
907 1303 976 1335 fine
1002 1303 1150 1346 ponitur

149 1355 315 1389 salutatio
334 1361 369 1388 et
386 1354 525 1399 petitio.

389 1438 528 1472 Aliud
558 1445 890 1483 argumentum.

250 1506 400 1540 Exordii
420 1507 500 1540 Ioco
524 1507 674 1552 ponitur
696 1508 814 1541 brevis
847 1508 1021 1542 narratio.
1088 1507 1147 1541 Se—

147 1559 270 1604 quitur
292 1556 517 1599 adhortatio,
552 1565 591 1592 ut
614 1559 754 1603 saepius
778 1559 920 1593 scribat.
974 1559 1146 1594 Rationes

147 1616 309 1654 sumptae
325 1616 408 1644 sunt
423 1622 443 1643 a
459 1610 552 1643 iusto
570 1622 609 1643 ac
627 1611 760 1645 debito.
806 1611 939 1644 Addita
958 1618 1009 1645 est
1028 1612 1146 1645 brevis

147 1662 369 1695 enumeratio
403 1673 548 1702 eorum,
589 1674 681 1707 quae
715 1662 868 1696 scribere
892 1660 960 1696 hoc
984 1669 1145 1707 tempore

147 1713 284 1747 debeat.
338 1711 379 1745 In
395 1713 463 1746 fine
482 1719 533 1747 est
549 1713 731 1748 salutatio.

313 1821 504 1858 Scholia
536 1822 582 1856 in
611 1822 855 1867 epistolam
883 1822 972 1857 XXI.

249 1899 279 1946 ἓ.
307 1902 340 1936 1.
383 1904 428 1936 Et
448 1902 621 1945 ep5stolam
644 1899 758 1948 factm]
793 1899 951 1945 Exponit
982 1901 1143 1935 dolorem

146 1966 247 2002 suum
259 1980 269 1994 ‚
294 1965 401 1999 quem
418 1965 460 1986 ex
475 1952 651 1986 Trebonii
668 1953 821 1986 discessu
839 1952 1041 1999 ceperit⁶⁸).

248 2012 279 2057 ξ.
293 2016 330 2049 2.
364 2015 475 2054 Nam,
511 2018 547 2047 ut
570 2014 629 2047 illa
651 2010 885 2060 omittumffiss
920 2013 1140 2046 Testimonia

147 2066 280 2099 amoris
296 2065 472 2098 Trebonii
490 2077 572 2109 erga
584 2065 629 2110 ⁷⁰)
646 2064 868 2098 Ciceronem.

177 2200 226 2228 66)
246 2199 300 2223 Pro
317 2198 359 2222 his
374 2197 429 2223 Cic,
444 2197 537 2221 verbis
557 2197 584 2220 in
601 2197 686 2221 Editt.
709 2197 795 2228 1545„
817 2198 891 2222 1560.
912 2197 971 2221 huic
991 2199 1072 2222 notae
1090 2199 1141 2222 ad-
1167 2212 1169 2217 ν

214 2234 318 2264 scripta
337 2235 401 2256 sunt
419 2232 621 2262 praecedentia:
641 2233 823 2263 Quamquam
842 2234 924 2257 ιίιιιιε.

175 2286 224 2315 67)
244 2286 302 2309 Hoc
320 2285 512 2315 argumentum
531 2284 558 2307 et
577 2283 630 2307 duo
649 2284 795 2314 sequentia
814 2284 840 2308 in
859 2285 942 2309 Editt.
966 2284 1051 2314 1556..
1073 2285 1141 2308 1565
1167 2302 1168 2305 ,
1196 2305 1210 2314 .-
1378 2307 1385 2313 ,
1487 2309 1494 2315 ⁸
1673 2311 1681 2317 Ι

1165 2307 1169 2361 l
1194 2315 1261 2338 nne
1285 2307 1402 2340 reddlt
1427 2315 1604 2342 rationem
1628 2324 1683 2345 sul
1706 2312 1748 2344 de
1773 2312 1883 2346 Calvo
1906 2313 2046 2354 iudicii,
2082 2327 2188 2360 quem

213 2333 245 2337 —
258 2320 332 2343 1596.
351 2320 491 2350 leguntur.

1205 1296 1352 1339 epistola
1374 1295 1432 1330 15.
1453 1298 1614 1340 pluribus
1632 1299 1798 1334 laudarit.
1854 1299 2043 1333 Conclusio
2063 1305 2201 1333 constat

1203 1347 1303 1380 brevi
1319 1348 1544 1392 repetitione.

1449 1424 1584 1459 Aliud
1613 1435 1943 1471 argumentum.

1302 1490 1452 1525 Exordii
1486 1493 1564 1526 loco
1600 1495 1748 1539 ponitur
1781 1497 1999 1541 propositio:
2047 1497 2198 1530 Gratum

1201 1541 1284 1582 snit,
1321 1544 1419 1588 quod
1444 1544 1572 1578 misisti
1597 1546 1728 1580 librum
1757 1554 1790 1581 et
1814 1548 1961 1583 litteras.
2030 1548 2200 1594 Sequitur

1200 1594 1441 1628 adversativa:
1470 1596 1517 1629 At
1532 1598 1643 1638 dolui,
1666 1600 1762 1644 quod
1777 1600 1918 1644 longius
1935 1612 1955 1633 a
1972 1612 2029 1633 me
2050 1601 2199 1634 abesses.

1199 1645 1355 1679 Additur
1390 1649 1563 1681 correctio
1601 1650 1768 1683 desiderii
1800 1663 1820 1684 a
1854 1653 1950 1685 bono
1982 1652 2198 1691 litterarum,

1200 1698 1296 1742 quod
1314 1698 1445 1732 scilicet
1462 1712 1622 1734 amorem
1638 1703 1771 1736 mutuis
1791 1703 1917 1737 litteris
1943 1704 2197 1737 declarandum

1200 1749 1385 1784 existimet.
1434 1750 1634 1786 Enumerat
1651 1753 1771 1799 itaque
1787 1755 1887 1799 signa
1912 1755 2036 1800 magni
2062 1762 2096 1789 et
2120 1755 2196 1788 veri

1199 1801 1344 1835 amoris.
1397 1801 1537 1836 Deinde
1556 1811 1607 1837 est
1622 1806 1786 1839 transitio
1804 1818 1823 1839 a
1840 1807 1967 1840 litteris
1984 1808 2029 1840 ad
2046 1806 2195 1840 Calmm

1200 1851 1333 1892 missis,
1368 1853 1498 1888 additis
1520 1855 1740 1897 rationibus,
1774 1870 1885 1902 quare
1907 1864 2095 1903 tantopere
2120 1858 2196 1891 lau-

1198 1903 1338 1936 daverit
1360 1901 1456 1937 hunc
1474 1905 1637 1942 Calvum.
1689 1907 1860 1952 Epilogus
1883 1907 1992 1942 habet
2017 1909 2194 1955 pollicita-

1199 1953 1333 1987 tionem
1350 1956 1456 1989 officii
1468 1983 1477 1997 ‚
1505 1958 1626 1991 addita
1644 1959 1746 1992 brevi
1764 1958 2029 1995 adhortatione.

1446 2032 1586 2068 Aliud
1616 2044 1942 2080 argumentum.

1299 2099 1363 2134 Est
1381 2101 1521 2146 elegans
1541 2104 1702 2148 epistola.
1756 2104 1863 2139 Initio
1883 2108 2111 2141 commendat
2135 2108 2192 2141 lit-

1196 2157 1288 2184 teras
1313 2152 1508 2195 Trebonii,
1553 2162 1586 2188 et
1615 2156 1807 2200 significat,
1848 2170 1956 2204 quam
1984 2171 2088 2203 aegre
2118 2160 2192 2195 eius

1195 2204 1450 2238 consuetudine
1469 2213 1600 2240 careat.
1654 2207 1793 2242 Deinde
1809 2209 1953 2254 longam
1971 2223 2190 2245 commemo-

1195 2254 1370 2288 rationem
1390 2256 1544 2291 instituit
1561 2259 1759 2293 officiorum
1771 2261 1946 2294 Trebonii
1963 2274 2043 2306 erga
2062 2275 2109 2297 se.
2148 2262 2189 2297 In

176 2373 224 2400 68)
243 2370 362 2401 ceperit]
378 2370 419 2393 sic
431 2369 516 2392 Editt.
533 2368 739 2402 1540—1545.,
756 2370 845 2400 1554.‚
868 2370 954 2399 1557..
976 2371 1068 2401 1560.;
1086 2371 1138 2396 Ed.
1163 2367 1166 2388 a
1193 2357 1271 2390 ideo
1290 2370 1325 2391 se
1342 2359 1503 2394 laudasse
1521 2361 1625 2403 dicit,
1654 2364 1751 2408 quod
1767 2363 1858 2397 bene
1875 2371 2036 2409 speraret
2051 2366 2095 2399 de
2113 2366 2187 2401 eius

213 2406 289 2431 1537.
309 2405 390 2435 cepit.

172 2458 220 2486 69)
240 2458 293 2482 Pro
313 2457 355 2480 his
375 2455 430 2479 Cic.
449 2453 542 2478 verbis
559 2453 587 2477 in
599 2454 685 2479 Editt.
703 2454 789 2483 1545..
810 2457 884 2482 ¹560.
905 2457 964 2481 huic
984 2459 1065 2481 notae
1082 2458 1133 2481 ad-

209 2493 315 2523 scripta
333 2492 398 2515 suut
416 2488 625 2521 praecedentia:
650 2489 774 2514 Nullum
792 2492 876 2516 enim.

174 2544 224 2573 70)
245 2545 328 2576 erga]
344 2543 395 2569 Ed.
417 2542 492 2567 1544.
513 2546 612 2566 errore
630 2542 759 2572 typognz
785 2549 861 2574 ergo.

1192 2408 1345 2453 ingenio.

1157 2466 1163 2549 Ι
1220 2510 1267 2542 71)
1287 2511 1345 2534 Hoc
1363 2513 1552 2541 argumentum
1573 2514 1600 2536 et
1618 2513 1673 2538 tria
1692 2515 1838 2544 sequentia
1857 2515 1884 2540 iu
1902 2517 1986 2543 Editt.
2005 2518 2097 2549 1556„
2119 2519 2186 2543 1565

1253 2545 1373 2570 -1596,
1393 2547 1514 2569 exstant.
