2351 2990
104 106 179 141 697

102 194 189 240 quid
218 195 379 228 meditati
393 194 423 241 8)
449 193 692 234 attulerimus,
735 197 832 240 quod
868 196 904 228 in
932 208 1005 229 rem
1039 208 1096 229 ve-

103 253 212 280 stram
230 246 285 280 sit.
339 246 407 279 Sed
425 245 509 278 facit
525 246 622 279 urbis
639 246 786 280 felicitas
799 274 808 286 ,
836 253 874 280 ut
894 248 1003 281 multa
1028 248 1095 280 uti-

100 297 182 330 liter
210 297 247 330 in
272 310 309 330 re
334 297 513 341 praesenti
536 297 682 331 dicturis
708 297 744 330 in
767 305 920 331 mentem
940 299 1096 333 veniant.

102 349 259 383 Proinde
277 349 377 381 facile
402 348 508 381 suerit
524 348 555 395 ⁹)
581 349 753 393 deligere,
790 356 896 396 atque
923 364 963 384 ex
989 350 1097 384 variis

102 401 298 434 multorum
334 400 516 434 sententiis
556 412 768 445 excerpere,
811 403 907 447 quod
942 402 1096 435 maxime

102 453 227 496 prosit.
287 452 403 485 Porro
427 449 494 484 boc
520 458 680 497 tempore
698 451 743 498 ¹⁰)
778 459 916 486 tantum
942 466 1016 486 non
1041 466 1096 486 res

102 503 177 548 ipsa
206 504 383 549 loquitur,
420 509 586 547 oportere
611 517 673 537 vos
698 502 790 536 lianc
822 517 963 538 causam
989 504 1097 538 susci-

103 567 206 599 pere,
229 555 257 588 si
276 567 384 600 quam
402 556 510 587 modo
527 555 650 589 salutis
668 562 805 589 vestrae
829 556 1006 589 rationem
1035 554 1097 588 ha-

102 607 203 640 betis.
263 605 396 639 Verum
425 606 461 639 in
489 607 597 640 tantis
628 608 731 641 rebus
754 607 917 651 gerendis
942 608 987 652 ¹¹)
1023 618 1097 639 non

102 657 187 691 satis
212 663 355 691 strenue
379 657 625 702 advigilamus.
686 658 763 702 Ego
788 659 932 704 quidem
950 659 999 692 sic
1017 669 1097 690 cen-

101 721 161 743 seo
171 709 231 756 ¹⁹³),
248 709 418 742 auxilium
436 710 578 742 decerni
598 710 739 750 debere,
766 716 798 743 et
818 709 1021 754 comparari
1039 721 1096 741 co-

100 760 178 805 pias
193 760 310 805 primo
330 774 473 806 quoque
491 767 672 806 tempore,
699 768 738 795 ut
758 761 874 794 dubiis
892 762 998 794 rebus
1023 772 1097 792 me-

102 812 272 851 deamini,
290 824 334 845 ne
348 811 391 858 ¹³)
409 825 530 846 rursus
541 813 694 847 desimus
711 813 777 856 ipsi
794 813 908 852 nobis,
928 812 1097 857 quemad-

102 865 249 897 modum
267 863 311 908 ¹¹)
337 870 440 896 antea
463 876 578 908 saepe.
650 864 817 896 Mittendi
844 863 951 896 etiam
977 863 1097 906 legati,

101 915 164 961 qui
190 915 425 959 polliceantur
455 916 646 954 auxilium,
690 921 724 948 et
755 927 875 948 coram
905 912 1097 960 Olynthios

100 967 330 1005 confirment,
357 978 400 999 ne
420 964 606 1011 Philippus
630 967 699 1012 (est
717 966 811 999 enim
829 973 1009 1000 veterator
1032 966 1097 998 mi-

100 1018 198 1050 nime
221 1017 376 1061 vulgaris
395 1017 440 1062 ¹⁵)
471 1024 505 1050 et
539 1018 591 1051 uti
616 1019 695 1051 foro
720 1018 837 1064 novit)
867 1016 1002 1051 teclmis
1026 1017 1097 1051 suis

101 1067 168 1102 hos
204 1081 221 1100 a
260 1068 363 1102 nobis
399 1069 548 1109 alienet,
589 1082 629 1102 ac
671 1069 927 1102 circumveniat
949 1068 993 1115 16)
1035 1068 1097 1101 ali-

102 1120 182 1154 cubi
205 1132 268 1164 per
287 1119 509 1153 occasionem
529 1121 707 1161 cedendo,
736 1121 865 1154 alicubi
882 1120 1097 1160 minitando,

99 1184 188 1205 neve
218 1171 414 1205 absentiam
449 1178 602 1205 vestram
634 1172 892 1212 calumnietur,
933 1178 966 1205 et
992 1173 1096 1205 fidem

99 1229 252 1257 vestram
276 1223 312 1255 in
335 1222 573 1267 suspicionem
601 1224 771 1263 adducat,
801 1230 840 1256 ut
865 1230 899 1256 et
921 1224 1099 1256 convellat

103 1275 222 1308 omnia
242 1273 307 1321 ¹⁷),
336 1280 369 1306 et
384 1274 435 1306 rei
451 1286 627 1307 summam
648 1276 690 1307 ad
715 1287 750 1308 se
774 1273 944 1308 retrahat.
1000 1274 1098 1319 Quin

103 1326 209 1359 etiam
234 1324 302 1359 hoe
319 1326 550 1370 spectandum
571 1332 641 1365 est,
668 1326 765 1372 quod
790 1326 915 1359 vestris
938 1338 1097 1358 commo-

100 1379 155 1411 dis
180 1377 216 1410 id
238 1389 334 1410 nunc
356 1376 510 1409 maxime
534 1383 777 1422 opportunum
799 1383 868 1417 est,
896 1378 993 1423 quod
1011 1377 1097 1410 alias

100 1428 266 1473 inprimis
289 1429 409 1461 obesse
434 1429 534 1462 solet.
601 1429 692 1463 Nam
718 1430 814 1474 quod
844 1441 952 1473 penes
984 1441 1095 1462 unum

100 1479 309 1525 Philippum
350 1491 489 1512 summa
531 1479 760 1513 consiliorum
802 1480 1028 1525 publicorum
1064 1486 1097 1513 et

101 1544 315 1565 arcanorum
336 1537 405 1571 est,
435 1532 602 1576 quodque
620 1530 665 1577 ¹⁸)
682 1532 777 1576 apud
794 1532 985 1565 exercitum
1004 1544 1097 1565 unus

135 1684 167 1712 8)
193 1681 331 1711 meditati]
359 1681 399 1705 sic
424 1688 519 1705 omnes
538 1681 642 1712 Editt.‚
666 1684 779 1713 excepta
805 1683 853 1707 Ed.
874 1684 979 1715 Ragau,
1011 1691 1033 1707 s.
1059 1690 1096 1716 ει,

172 1723 242 1748 qnae
259 1718 355 1741 habet:
375 1722 426 1740 nos
445 1716 576 1740 meditati.

134 1762 165 1790 9)
184 1761 283 1789 fuerit]
304 1760 331 1783 in
350 1760 435 1784 Editt.
457 1760 530 1784 1524.
551 1760 578 1783 et
597 1760 702 1790 nagan.
722 1766 743 1782 ει.
765 1766 790 1785 a.
811 1760 907 1784 omiss.

137 1806 185 1834 10)
204 1805 233 1829 ln
253 1805 338 1828 Editt.
356 1803 448 1831 ¹52⁴„
477 1803 552 1827 1547.
573 1804 600 1825 et
618 1803 703 1827 Basil.
727 1803 788 1826 huic
806 1803 866 1828 loco
887 1803 914 1827 in
934 1810 1024 1835 marg,
1044 1806 1095 1829 aa..

168 1840 273 1869 scripta
292 1841 334 1862 est
354 1844 423 1862 vox:
449 1838 667 1868 προςωποποιία.

138 1884 185 1913 11)
205 1883 288 1906 Editt.
309 1882 399 1907 1524..
431 1880 503 1904 1547.
524 1882 551 1904 et
569 1881 654 1904 Basil.
675 1881 699 1906 h.
719 1881 738 1907 l.
757 1882 857 1905 habent
876 1883 970 1906 notam
990 1883 1095 1913 margi-

170 1918 276 1942 nalem:
303 1917 468 1947 castigatio.

135 1961 183 1990 12)
206 1961 235 1984 ln
254 1960 338 1984 Editt.
360 1959 451 1990 1524„
480 1958 555 1983 1547.
578 1960 604 1982 et
624 1959 708 1984 nasil.
728 1959 788 1983 huic
807 1960 867 1984 loco
888 1960 916 1983 in
935 1967 1022 1991 marg.
1042 1961 1094 1985 ad-

170 1995 274 2025 scripta
291 1995 429 2018 estilota:
450 1993 606 2024 propositio
626 1993 751 2024 consilii;
771 1994 798 2018 in
813 1995 860 2018 Ed.
881 1996 988 2026 Ragau.
1008 2002 1031 2019 S.
1051 2002 1093 2021 a.:

168 2029 334 2059 Propositlo.

139 2072 183 2101 13]
210 2073 258 2100 ne]
283 2072 323 2095 sic
347 2071 430 2095 Editt.
456 2071 651 2095 1547—1587.
677 2073 705 2095 et
730 2072 832 2102 Basil.;
858 2073 943 2097 Editt.
966 2074 1040 2099 1524.
1067 2077 1094 2097 et

172 2108 278 2137 flagan.
299 2113 322 2131 s.
341 2112 384 2136 a.‚
403 2106 447 2129 ubi
465 2106 585 2137 legitur:
605 2113 664 2131 nec.

138 2151 185 2179 14)
210 2149 448 2180 quemadmodum]
476 2149 515 2172 sic
540 2155 635 2173 onmes
663 2150 747 2174 Editt.
774 2151 886 2180 praeter
915 2150 964 2173 Ed.
984 2151 1093 2182 Hagan.

173 2192 196 2208 s.
216 2191 258 2215 a.‚
279 2190 347 2214 quae
365 2185 459 2207 habet:
480 2185 517 2207 ut.

137 2228 185 2255 15)
211 2229 353 2251 veterator
373 2227 480 2250 minime
499 2227 638 2258 vulgaris]
669 2227 710 2251 sic
729 2234 824 2252 omnes
851 2228 953 2258 Editt.,
979 2231 1095 2259 excepta

171 2263 219 2287 Ed.
243 2264 347 2293 nagan.
366 2268 387 2286 S.
408 2267 449 2292 a.‚
469 2268 539 2292 quae
557 2263 654 2286 hahet:
675 2269 729 2286 non
749 2263 884 2294 vulgaris.

140 2306 187 2334 16)
207 2306 236 2329 ln
257 2305 341 2330 Editt.
364 2305 455 2334 1524.‚
481 2305 555 2329 1547.
577 2306 604 2328 et
625 2305 708 2329 Basil.
728 2306 790 2330 liuic
809 2307 868 2330 loco
889 2306 915 2330 in
935 2313 1022 2337 marg.
1043 2308 1093 2330 ad-

172 2341 277 2370 scripta
297 2341 339 2363 est
358 2341 439 2363 nota:
464 2340 505 2362 Ab
529 2340 741 2370 occasionibu53
767 2341 793 2364 in
814 2342 861 2365 Ed.
882 2342 988 2372 nagan.
1010 2348 1032 2364 s.
1052 2347 1093 2367 a.:

172 2377 213 2399 Ab
232 2374 395 2402 occasione;
415 2374 443 2397 in
462 2374 545 2399 Editt.
563 2375 654 2406 1559.‚
676 2376 762 2408 ¹564„
781 2376 867 2405 1570.,
891 2376 965 2401 1557.
985 2378 1093 2401 autem:

171 2410 287 2440 Philippi
309 2411 417 2434 natura.

139 2453 185 2482 ¹7)
204 2452 309 2476 technis
323 2452 382 2475 suis
400 2464 433 2469 —-
453 2452 594 2475 convellat
607 2452 722 2482 omnia‚]
743 2452 783 2476 sic
797 2453 880 2476 Editt.
903 2454 1094 2478 ¹524—1587.

173 2489 201 2512 et
226 2487 328 2517 Basil.;
354 2486 403 2510 Ed.
430 2487 536 2516 flagan-
557 2493 580 2511 ε.
600 2492 641 2511 a.:
676 2488 781 2511 technis
807 2488 865 2511 suis
892 2488 956 2511 illos
981 2494 997 2512 a
1016 2490 1094 2513 nohis

173 2523 336 2551 abalienet,
368 2521 565 2544 circumveniet
596 2521 666 2544 enim
698 2522 799 2546 callide
831 2523 963 2552 quaedam
994 2524 1095 2547 alicubi

171 2557 359 2585 concedendo,
378 2555 476 2579 alicubi
496 2555 642 2579 minitando
663 2562 712 2586 per
731 2556 921 2584 occasionem,
941 2558 1095 2582 calumnia-

174 2592 245 2616 bitur
278 2593 304 2614 et
330 2591 498 2621 absentiam,
538 2591 672 2620 fidemque
700 2593 825 2615 nostram
856 2592 883 2615 in
914 2593 1095 2623 suspicionem

170 2626 304 2655 adducet,
329 2625 391 2649 dum
409 2626 551 2655 pervertat
569 2625 667 2649 omnia.

141 2668 187 2695 18)
206 2673 311 2691 summa
329 2667 508 2691 consiliorum
527 2679 561 2684 —·
580 2667 718 2697 quodque]
737 2667 778 2691 sic
797 2674 892 2692 omnes
907 2669 990 2693 Editt.
1012 2675 1095 2699 prae-

175 2704 216 2725 ter
233 2702 282 2726 Ed.
302 2703 405 2734 Ragau.
427 2708 450 2725 s,
468 2707 510 2731 a.‚
536 2702 579 2725 ubi
597 2702 664 2725 haec
689 2702 834 2733 leguntur:
859 2709 953 2727 rerum
976 2704 1095 2728 omnium

173 2743 275 2761 summa
287 2753 295 2769 ,
314 2736 428 2761 consilia
447 2737 552 2766 publica
571 2737 599 2760 et
617 2742 722 2761 arcana
740 2738 820 2768 sunt,
839 2739 866 2761 et
885 2739 963 2768 quod.

250 106 386 142 XXXII.
418 110 449 141 1.
494 106 893 142 lnTERPnETATIO
921 107 1183 144 ORATIOMS
1210 109 1553 146 OLYNTHIACAE
1582 113 1606 147 1.
1640 114 1992 152 DEMOSTHEMS.

2065 117 2138 151 698

1151 196 1271 229 omnia
1289 203 1385 231 tenet
1401 210 1439 231 ac
1456 198 1500 245 l⁹)
1521 201 1750 241 moderatur,
1776 208 1807 234 et
1822 229 1830 241 ,
1859 216 2000 249 quaqua
2017 210 2051 236 te
2067 216 2145 236 ver-

1150 247 1233 281 teris
1248 248 1314 293 2⁰),
1343 250 1386 281 ab
1411 262 1484 283 uno
1510 252 1667 295 pendent
1690 254 1807 285 onmia
1823 280 1831 293 ,
1861 256 1904 286 ad
1930 255 2061 288 bellum
2088 267 2146 298 ge-

1149 300 1320 340 rendum,
1359 307 1392 333 et
1411 302 1455 333 ad
1483 303 1661 345 urgendas
1685 304 1768 336 belli
1796 306 2018 349 temporibus
2046 318 2145 338 occa-

1149 350 1286 391 siones,
1323 364 1491 395 maguum
1522 352 1588 387 lioc
1603 354 1649 399 ²¹)
1679 362 1900 389 momentum
1930 355 2048 390 habet.
2076 356 2144 389 Ve-

1150 414 1229 435 rum
1261 400 1317 435 hic
1352 404 1468 436 obstat
1500 405 1655 450 cupienti
1690 419 1768 439 cum
1793 405 1974 452 Olynthiis
2003 408 2037 440 in
2068 420 2146 452 gra-

1150 453 1235 485 tiam
1255 453 1383 487 redire.
1425 456 1539 499 Aegre
1557 457 1649 489 enim
1670 456 1834 503 Olynthii
1851 459 1914 492 uni
1932 472 1967 492 se
1985 459 2032 505 ⁴22)
2051 472 2147 491 com-

1150 504 1316 543 mittunt;
1345 506 1504 539 sentiunt
1527 508 1621 540 enim
1647 521 1681 542 se
1704 521 1778 542 non
1804 511 1846 542 de
1871 510 2002 554 gloria,
2030 523 2146 556 neque

1150 556 1193 587 de
1210 555 1338 589 finibus
1362 557 1551 599 dimicare,
1579 561 1639 592 sed
1664 560 1859 604 periclitari
1882 562 1980 595 urbis
2004 562 2147 594 liberta-

1151 612 1221 638 tem
1249 618 1288 639 ac
1311 608 1480 648 salutem,
1509 616 1542 642 et
1568 612 1736 656 exemplis
1756 611 2085 657 Amphipolitarum
2113 619 2147 646 et

1150 657 1403 702 Pydnaeorum
1422 668 1717 703 commoventur,
1746 676 1899 709 quorum
1928 664 2063 698 neutris
2087 665 2147 697 de-

1151 709 1239 741 ditio
1266 709 1416 743 feliciter
1436 712 1557 752 cessit,
1600 719 1633 745 et
1660 713 1696 745 in
1721 728 1880 755 summa,
1916 717 2075 749 sentiunt
2099 716 2148 756 id,

1151 761 1249 805 quod
1273 772 1327 793 res
1353 768 1423 800 est,
1467 763 1594 797 infidos
1624 765 1772 799 urbibus
1802 772 1974 811 tyrannos
2002 780 2074 801 esse
2098 766 2146 813 28)

1151 812 1361 856 praesertim
1383 813 1520 848 vicinis.

1265 914 1360 948 Haec
1387 928 1464 949 cum
1491 916 1575 950 satis
1601 924 1782 962 comperta
1810 919 1910 952 vobis
1927 919 2016 959 siut,
2044 919 2148 959 cives,

1152 978 1304 1012 cumque
1322 967 1492 1013 pleraque
1511 969 1578 1000 alia
1593 995 1601 1009 ‚
1630 982 1721 1014 quae
1739 971 1905 1010 deceant,
1930 983 1994 1016 per
2011 984 2074 1004 vos
2091 984 2147 1003 co-

1151 1017 1263 1060 gitare
1274 1018 1428 1062 possitis,
1449 1032 1574 1053 censeo
1594 1021 1722 1054 debere
1739 1034 1801 1055 vos
1816 1023 1960 1055 tandem
1981 1034 2147 1066 experge-

1152 1069 1247 1109 fieri,
1273 1076 1307 1102 et
1324 1070 1488 1111 accendi,
1514 1077 1549 1104 et
1573 1073 1616 1104 ad
1635 1073 1787 1113 bellum,
1816 1073 1842 1107 si
1861 1086 2021 1119 unquam
2049 1074 2148 1114 alias,

1151 1132 1246 1153 nunc
1263 1121 1417 1154 maxime
1434 1123 1629 1166 gerendum
1656 1124 1816 1158 animum
1844 1125 2018 1164 adiicere,
2043 1138 2147 1169 pecu-

1151 1171 1228 1205 nias
1256 1172 1450 1206 liberaliter
1475 1175 1655 1214 conserre,
1699 1176 1829 1209 civium
1854 1177 2009 1210 delectus
2031 1189 2148 1220 agere,

1152 1236 1267 1268 neque
1285 1237 1436 1269 usquam
1455 1238 1602 1259 cessare.
1657 1227 1781 1272 Neque
1809 1227 1903 1260 enim
1931 1228 2068 1273 reliqua
2097 1235 2148 1261 est

1151 1275 1223 1307 ulla
1243 1275 1357 1315 ratio,
1386 1289 1478 1321 quae
1503 1277 1721 1312 cessantibus
1740 1280 1997 1323 patrocinetur.
2043 1279 2148 1313 Nunc

1152 1326 1246 1358 enim
1274 1327 1369 1359 ultro
1396 1327 1523 1360 accidit
1547 1328 1603 1368 id,
1638 1331 1735 1374 quod
1753 1331 1859 1374 vulgo
1880 1330 2080 1375 optabatis,
2108 1337 2145 1363 ut

1151 1375 1320 1422 Philippo
1347 1378 1479 1411 bellum
1504 1378 1667 1425 Olynthii
1691 1382 1848 1415 facerent
1863 1382 1929 1428 ⁸²⁴²),
1967 1388 1999 1415 et
2023 1395 2079 1416 res
2098 1382 2146 1415 ita

1151 1435 1310 1473 suscepta
1328 1436 1397 1469 est,
1428 1433 1732 1475 quemadmodum
1754 1433 1908 1466 maxime
1938 1433 2038 1467 vobis
2063 1434 2147 1466 con—

1150 1481 1313 1515 ducebat.
1365 1481 1458 1515 Nam
1483 1482 1512 1515 si
1536 1495 1554 1515 a
1580 1483 1681 1516 vobis
1700 1483 1864 1529 impulsi,
1890 1485 2022 1518 bellum
2040 1485 2147 1519 susci-

1151 1538 1290 1576 perent,
1315 1544 1443 1576 parum
1463 1534 1586 1567 firmos
1603 1535 1737 1575 socios,
1765 1542 1799 1569 et
1814 1537 1856 1569 ad
1875 1536 2074 1581 periculum
2090 1549 2147 1570 us-

1151 1596 1219 1629 qne
1243 1584 1332 1617 fidos
1353 1584 1492 1618 futuros
1514 1585 1619 1619 fuisse
1644 1586 1854 1631 suspicarer.
1906 1587 2039 1620 Verum
2066 1601 2145 1621 cum

1150 1635 1217 1679 ipsi
1242 1647 1306 1679 per
1329 1648 1403 1668 sese
1423 1637 1585 1678 oderint,
1612 1638 1751 1682 privata
1770 1639 1985 1672 contumelia
2004 1639 2148 1680 irritati,

1150 1693 1429 1719 consentaneum
1450 1694 1500 1721 est
1519 1689 1615 1729 sore,
1643 1695 1682 1722 ut
1699 1697 1886 1723 exerceant
1912 1703 1990 1724 cum
2020 1703 2061 1723 eo
2089 1692 2147 1723 fir-

1149 1751 1245 1770 mam
1262 1738 1487 1771 inimicitiam
1500 1740 1547 1784 ⁴²⁵)
1559 1767 1568 1779 ,
1597 1752 1675 1773 cum
1693 1747 1726 1774 et
1743 1742 1987 1786 indignissime
2006 1742 2147 1775 tractati

1149 1789 1238 1829 sint,
1274 1796 1308 1822 et
1332 1796 1466 1823 certum
1499 1791 1642 1825 exitium
1669 1792 1735 1826 sibi
1768 1793 1974 1838 impendere
1994 1793 2040 1839 2⁶)
2069 1805 2146 1827 sen-

1149 1841 1257 1881 tiant,
1284 1840 1313 1874 si
1330 1841 1389 1874 ille
1408 1842 1541 1876 vicerit.

1185 1996 1230 2054 19¹)
1253 1998 1301 2055 {gc}
1328 1996 1368 2055 sict:
1387 2003 1481 2021 omnes
1502 1998 1604 2030 Editt.,
1626 2000 1742 2029 excepta
1769 2000 1819 2024 Ed.
1840 2000 1946 2030 nagan.
1967 2007 1988 2023 s,
2008 2006 2050 2024 a..
2077 2006 2146 2031 quae

1226 2037 1251 2054 ia
1272 2038 1285 2054 e
1307 2039 1313 2055 :
1340 2038 1374 2056 e.

1181 2083 1229 2111 20)
1250 2084 1386 2113 verteris]
1407 2085 1454 2108 Ed.
1473 2085 1558 2110 Basil.
1579 2092 1675 2110 errore
1695 2088 1823 2116 typogr.:
1852 2086 1966 2110 veteris.

1181 2135 1315 2193 2l)¹¹ligc]
1335 2136 1375 2159 sic
1393 2136 1476 2160 Editt.
1495 2137 1687 2163 1524-1587.
1709 2140 1734 2161 et
1750 2139 1849 2168 Basil.;
1868 2138 1917 2163 Ed.
1936 2139 2042 2169 uagati.
2063 2145 2088 2163 s.
2103 2144 2145 2161 a.:

1216 2176 1224 2193 1
1249 2177 1264 2193 u
1286 2187 1292 2193 .

1180 2221 1228 2249 22)
1248 2221 1292 2244 nni
1313 2222 1358 2250 se]
1379 2221 1420 2245 sic
1439 2228 1533 2245 omnes
1551 2222 1633 2247 Editt.
1651 2224 1763 2253 praeter
1780 2223 1828 2248 Ed.
1845 2225 1951 2254 nagan.
1971 2230 1992 2248 S.
2012 2230 2054 2254 ει,
2075 2230 2144 2255 quae

1216 2257 1313 2280 hahet:
1333 2263 1363 2280 se
1382 2257 1437 2282 uni.

1181 2308 1229 2337 23)
1255 2308 1354 2331 infidos
1379 2309 1490 2332 urbibus
1511 2310 1648 2339 tyrannos
1676 2311 1753 2338 esse]
1781 2309 1822 2333 sic
1841 2309 1924 2333 Editt.
1951 2310 2145 2336 1524-1587.

1217 2344 1244 2366 ct
1265 2343 1366 2371 Basil.;
1393 2344 1441 2368 Ed.
1462 2345 1569 2374 Ragau.
1590 2351 1614 2370 s.
1633 2350 1679 2368 a.:
1709 2344 1806 2367 infidos
1826 2351 1890 2367 esse
1909 2344 2021 2367 urbibus
2041 2346 2143 2374 tyran-

1215 2383 1276 2402 nos,
1295 2389 1330 2395 --
1354 2378 1422 2401 Huic
1442 2379 1501 2401 loco
1517 2379 1542 2401 in
1558 2379 1642 2403 Editt.
1663 2379 1748 2407 1524„
1771 2379 1856 2407 1522,
1883 2378 1966 2404 Basil.
1987 2381 2014 2402 et
2030 2380 2139 2410 Ragau.

1217 2419 1240 2436 s.
1259 2417 1285 2437 a.
1305 2412 1331 2435 in
1351 2412 1476 2443 margine
1494 2413 1638 2443 adscripta
1658 2414 1700 2436 est
1720 2414 1800 2436 nota:
1821 2410 1927 2445 γνώμη.

1183 2464 1231 2491 24)
1257 2464 1326 2487 Huic
1350 2465 1411 2488 loco
1430 2464 1457 2488 in
1477 2465 1561 2488 Editt.
1583 2465 1659 2489 1524.
1672 2481 1679 2493 ,
1709 2465 1782 2489 1547.
1809 2466 1836 2488 et
1854 2465 1937 2490 Basil.
1956 2464 2083 2495 apposita
2102 2467 2143 2489 est

1218 2500 1284 2522 nota
1301 2499 1478 2530 marginalis:
1500 2499 1617 2524 occasio
1636 2505 1653 2522 a
1674 2500 1817 2523 voluntate
1837 2499 2042 2530 Olynthiorum.

1182 2550 1231 2578 25)
1256 2551 1333 2581 fore,
1359 2552 1388 2574 ut
1412 2553 1560 2575 exerceant
1585 2557 1644 2574 cum
1675 2557 1708 2575 eo
1733 2551 1838 2575 firmam
1862 2551 2065 2579 inimicitiam]
2103 2551 2144 2575 sic

1217 2591 1314 2608 omnes
1333 2585 1417 2610 Editt.
1438 2587 1549 2615 praeter
1567 2586 1617 2611 Ed.
1638 2586 1744 2616 Ragau.
1762 2593 1785 2611 ε.
1806 2592 1849 2618 a.‚
1880 2592 1949 2617 quae
1969 2586 2064 2609 habet:
2092 2586 2143 2609 fir-

1218 2625 1288 2643 mam
1308 2620 1476 2644 inimicitiam
1497 2622 1628 2651 gesturos
1648 2627 1720 2644 esse.

1182 2670 1231 2699 26)
1256 2671 1361 2693 certum
1387 2670 1499 2694 exitium
1523 2671 1573 2695 sibi
1596 2672 1768 2702 impendere]
1793 2671 1832 2695 sic
1851 2678 1944 2695 omnes
1962 2671 2065 2701 Eunt„
2092 2678 2142 2695 ex-

1218 2706 1297 2734 cepta
1315 2705 1365 2728 Ed.
1386 2706 1492 2735 Ragau.
1513 2713 1536 2730 s.
1556 2712 1598 2737 a.‚
1618 2712 1687 2737 quae
1706 2707 1802 2731 habet:
1823 2706 2009 2730 certissimum
2030 2706 2141 2730 exitium

1219 2739 1270 2763 sibi
1289 2738 1439 2766 imminere.
