2351 2990
86 735 344 780 XXXVIII.
387 739 487 781 PH.
522 740 680 782 MEL.
716 738 1307 782 INTERPRETATIO
1341 739 1731 783 ORATIONIS
1762 739 2142 786 AESCHINIS

665 822 954 867 CONTRA
987 822 1564 867 CTESIPHONTEM.

84 976 137 1031 Α
157 1005 357 1034 Demosthene
382 1007 611 1045 transgredimur
635 1008 673 1036 ad
697 1009 758 1036 eius
781 1008 1002 1043 adversarium,
1024 1007 1270 1046 Aeschinem,
1300 1010 1381 1037 cuius
1411 1010 1502 1036 oratio
1532 1013 1633 1036 contra
1656 1008 1880 1046 Ctesiphontem
1909 1017 1925 1037 a
1948 1008 2141 1038 Melanthone

85 1048 116 1076 in
140 1048 262 1076 latinum
286 1058 452 1077 sermonem
476 1056 520 1078 est
543 1059 696 1080 conversa.
739 1051 822 1079 Haec
844 1052 1049 1090 interpretatio
1073 1061 1131 1079 non
1154 1053 1273 1081 seorsim
1297 1052 1424 1090 prodiit,
1454 1051 1508 1080 sed
1532 1056 1645 1079 tantum
1668 1051 1818 1079 invenitur
1848 1052 1877 1079 in
1907 1052 1959 1079 illo
1989 1052 2062 1080 libro
2092 1061 2142 1081 su-

85 1100 140 1129 pra
163 1100 192 1129 p.
214 1090 276 1120 691
301 1102 346 1130 sq.
368 1092 533 1131 descripto:

216 1148 393 1179 Orationes
416 1160 463 1179 ex
487 1149 631 1179 historia
656 1148 881 1191 Thucydidis,
903 1156 935 1180 et
958 1153 1165 1190 insigniores
1188 1152 1317 1190 aliquot
1339 1148 1572 1181 Demosthenis
1596 1155 1627 1179 et
1657 1150 1803 1180 aliorum
1827 1149 2009 1181 oratorum
2033 1148 2139 1181 Grae-

256 1202 389 1228 corum,
426 1202 609 1222 conuersae
638 1191 674 1223 in
705 1194 851 1223 latinum
878 1203 1061 1225 sermonem
1090 1205 1111 1225 a
1143 1193 1304 1234 Philippo
1332 1192 1559 1223 Melanthone.
1605 1193 1731 1223 Edae'tae
1764 1203 1786 1223 α
1810 1193 1955 1233 Caspai-o
1978 1194 2139 1224 Peucero.

266 1233 484 1275 Witebergae
506 1235 554 1266 M.
578 1236 624 1266 D.
648 1235 770 1266 LXII.
794 1237 827 1267 8.

288 1415 678 1454 AESCHINIS
721 1415 995 1454 ORATIO
1039 1414 1326 1454 CONTRA
1369 1414 1935 1453 CTESIPHONTEM

644 1484 871 1515 1³111L1r1>o
893 1483 1233 1515 MELANTHONE
1255 1482 1584 1513 INTERPRETE.

416 1579 755 1623 Argumentum.

84 1643 234 1699 Oratio
249 1660 435 1698 Aeschinis
458 1670 510 1698 est
533 1663 671 1708 generis
694 1662 884 1697 iudicialis.
935 1663 1089 1696 Accusat

86 1715 183 1750 enim
202 1713 490 1760 Ctesiphontem,
519 1717 616 1761 quod
639 1716 821 1749 decretum
847 1720 971 1748 contra
994 1714 1087 1758 leges

86 1766 289 1811 scripserit,
316 1779 407 1813 quae
424 1767 515 1800 actio
532 1768 629 1811 apud
646 1767 803 1801 Graecos
820 1766 999 1811 peculiare
1022 1777 1087 1798 no-

86 1830 172 1852 men
203 1816 312 1851 habet
337 1816 467 1867 γραφὴ
490 1816 593 1865 παρὰ
616 1815 748 1863 νόμων
762 1818 806 1865 ¹).
865 1816 988 1851 Latini
1011 1829 1087 1850 non

85 1868 223 1904 habent
243 1869 422 1903 actionem
443 1870 499 1903 vel
525 1870 789 1904 accusationem
813 1882 961 1914 prorsus
989 1869 1086 1903 simi-

88 1922 178 1961 lem;
212 1922 275 1955 sed
290 1928 409 1966 potest
435 1920 523 1955 haec
548 1921 640 1955 actio
666 1921 934 1955 accommodari
960 1921 1005 1954 ad
1030 1933 1086 1953 ac-

88 1973 309 2008 cusationem
322 2000 332 2014 ,
360 1985 451 2019 quae
469 1973 606 2006 crimen
620 1974 701 2008 falsi
725 1979 879 2007 accusat.
931 1972 1087 2006 Conten-

86 2025 140 2058 dit
170 2025 266 2058 enim
293 2022 564 2069 Ctesiphontem
593 2025 772 2070 scripsisse
806 2025 954 2065 salsum,
990 2025 1087 2070 quod

88 2088 261 2110 coronam
277 2074 515 2110 Demostheni
537 2076 755 2117 decreverit,
783 2083 818 2110 et
839 2082 988 2121 propter
1010 2088 1089 2109 mu-

87 2140 214 2161 rorum
246 2128 522 2162 exstructionem
547 2135 582 2161 et
604 2135 755 2173 propter
777 2134 988 2173 perpetuam
1013 2127 1088 2161 eius

86 2179 379 2213 benevolentiam
413 2185 448 2213 et
480 2181 587 2213 fidem
622 2192 705 2224 erga
739 2179 1019 2224 rempublicam,
1053 2185 1088 2212 et

85 2231 243 2276 plurima
262 2231 403 2265 merita.
441 2230 576 2265 Callide
595 2238 714 2265 autern
733 2231 895 2266 instituta
915 2237 967 2265 est
986 2242 1089 2264 accu-

87 2283 178 2317 satio
190 2310 200 2323 ,
224 2289 265 2316 ut
282 2295 361 2317 cum
379 2281 610 2328 Ctesiphonte
626 2295 787 2328 pugnare
805 2283 989 2323 videatur,
1007 2295 1087 2316 cum

87 2341 211 2368 tamen
227 2347 265 2368 re
280 2347 364 2368 vera
380 2341 487 2380 caput
507 2341 608 2380 petat
622 2333 876 2369 Demosthenis
887 2361 896 2375 ‚
924 2335 1022 2380 quod
1045 2347 1087 2368 eo

87 2385 190 2426 fecit,
227 2398 272 2419 ne
296 2385 558 2421 Demosthenes
580 2386 654 2431 ipse
678 2400 745 2432 pro
767 2399 840 2421 sese
867 2386 1020 2427 diceret,
1055 2393 1089 2420 et

89 2443 213 2471 tamen
229 2438 400 2471 damnato
419 2439 561 2472 decreto
580 2437 842 2484 Ctesiphontis,
876 2436 1088 2472 Demosthe-

88 2501 153 2523 nes
172 2501 213 2522 eo
232 2489 454 2534 praeiudicio
470 2489 669 2534 iugulatus,
703 2498 827 2536 postea
852 2490 976 2525 fuisset
998 2490 1088 2524 infa-

90 2541 181 2581 mis,
216 2547 250 2574 et
278 2540 380 2574 facile
407 2541 530 2575 fuisset
560 2542 704 2576 cuilibet
729 2556 811 2577 eum
834 2554 1018 2583 accusare,
1055 2549 1089 2576 et

89 2599 234 2638 petere,
261 2597 310 2633 ssut
341 2605 382 2626 ex
411 2592 553 2626 civitate
577 2593 776 2630 eiiceretur.
836 2594 909 2629 Alii
929 2594 1089 2629 fortassis

128 2711 158 2738 1)
177 2709 256 2734 Conf.
276 2709 461 2734 Melanthonis
480 2709 592 2734 collatio
612 2710 749 2735 actionum
768 2711 920 2735 Atticarum
939 2712 967 2735 et
985 2711 1089 2736 Roma-

162 2749 275 2775 narum,
295 2744 323 2768 in
339 2745 420 2769 huius
440 2745 521 2775 Corp.
540 2745 662 2770 Reform.
685 2746 749 2771 Vol.
769 2746 843 2771 XVI.
864 2753 889 2777 1».
909 2745 969 2770 613.

93 2785 278 2817 Manum.
303 2785 410 2816 Ormi.
433 2785 519 2816 Vos.
543 2786 651 2816 xvn.

1141 1577 1253 1622 magis
1270 1578 1448 1622 putabunt
1464 1588 1661 1621 congruere
1678 1574 1770 1610 hanc
1785 1576 1964 1610 actionem
1983 1589 2063 1611 cum
2085 1589 2141 1610 ac-

1141 1629 1323 1663 cusatione
1347 1628 1506 1663 criminis
1528 1629 1644 1662 laesae
1669 1628 1883 1669 maiestatis,
1917 1629 1977 1663 sed
2002 1629 2142 1663 Graeca

1141 1680 1233 1714 actio
1250 1678 1353 1728 παρὰ
1369 1677 1500 1726 νόμων
1515 1680 1582 1714 suit
1598 1679 1732 1715 mitior.

1246 1732 1366 1766 Status
1399 1738 1519 1766 autem
1551 1731 1726 1766 orationis
1751 1737 1803 1765 est
1826 1730 2056 1771 iuridicialis,
2083 1729 2143 1766 δι-

1139 1782 1392 1832 καιολογικὸς,
1420 1784 1604 1817 affirmans
1621 1784 1804 1816 decretum
1823 1781 2066 1828 Ctesiphontis
2088 1782 2144 1815 in-

1140 1835 1271 1869 iustum
1296 1841 1331 1869 et
1347 1835 1476 1869 falsum
1502 1847 1594 1876 esse,
1629 1841 1664 1868 et
1687 1834 1911 1880 syllogismus
1934 1834 2144 1879 principalis

1139 1884 1197 1920 hic
1214 1893 1282 1921 est:

1191 1946 1363 1993 Quisquis
1386 1946 1509 1980 scribit
1533 1945 1705 1980 iniustum
1731 1952 1765 1980 et
1791 1945 1919 1980 falsum
1944 1947 2142 1987 decretum,

1354 1998 1581 2032 damnandus
1599 2004 1662 2032 est.

1196 2047 1365 2095 Ctesipho
1382 2050 1523 2095 scripsit
1544 2049 1717 2084 iniustum
1743 2055 1777 2082 et
1797 2048 1927 2083 falsum
1949 2049 2144 2085 decretum.

1345 2100 1442 2146 Ergo
1462 2102 1689 2135 damnandus
1705 2107 1768 2136 est.

1241 2160 1424 2195 Minorem
1448 2163 1581 2207 probat
1603 2163 1796 2208 praecipue
1819 2163 1933 2198 tribus
1958 2166 2143 2208 membris,

1139 2224 1295 2259 quorum
1313 2214 1385 2247 duo
1404 2214 1528 2259 priora
1545 2221 1628 2248 sunt
1644 2215 1777 2249 tenuia.
1807 2215 1902 2249 Citat
1917 2216 2029 2261 leges,
2050 2231 2142 2264 quae

1139 2270 1264 2298 vetant
1280 2277 1455 2300 coronare
1473 2265 1587 2299 civem
1604 2267 1768 2300 nondum
1787 2267 1910 2301 relatis
1920 2268 2140 2310 rationibus;

1138 2316 1224 2349 item
1244 2328 1335 2362 quae
1351 2323 1474 2351 vetant
1495 2318 1573 2351 fieri
1596 2317 1901 2352 renuntiationem
1926 2318 1965 2352 in
1986 2318 2143 2358 theatro.

1138 2367 1215 2402 Hae
1239 2368 1330 2402 duae
1354 2376 1474 2414 partes
1502 2376 1585 2404 sunt
1609 2367 1762 2416 νομικαὶ
1786 2376 1821 2403 et
1844 2369 1986 2405 ieiunae
2013 2373 2142 2407 recita-

1139 2420 1255 2455 tiones
1290 2421 1422 2466 legum.
1483 2422 1553 2456 Sed
1584 2421 1622 2455 in
1656 2422 1761 2456 tertio
1786 2422 1950 2456 membro
1974 2423 2082 2470 longa
2106 2432 2142 2460 et

1139 2472 1327 2517 splendida
1343 2473 1517 2518 expositio
1537 2480 1589 2507 est
1607 2474 1840 2508 consiliorum
1856 2481 1891 2508 et
1910 2476 2142 2520 gubernatio-

1138 2523 1194 2559 nis
1202 2523 1514 2567 Demosthenicae,
1532 2525 1593 2559 ubi
1601 2532 1739 2567 narrat,
1753 2524 2036 2562 Demosthenem
2046 2530 2142 2563 mul-

1139 2582 1175 2609 ta
1198 2577 1388 2621 perfidiose
1412 2577 1554 2617 fecisse,
1597 2583 1631 2610 et
1657 2579 1844 2612 ostendere
1861 2585 2012 2614 conatur
2028 2580 2140 2625 ipsius

1141 2627 1341 2662 actionibus
1362 2628 1544 2663 irritatum
1569 2641 1641 2663 esse
1658 2627 1888 2675 Philippum,
1916 2637 1950 2664 et
1974 2631 2011 2664 in
2028 2632 2141 2666 Grae-

1142 2678 1235 2712 ciam
1259 2686 1383 2714 contra
1407 2679 1642 2715 Athenienses
1668 2688 1872 2716 attractum.
1932 2682 2029 2716 Haec
2061 2696 2143 2718 ora-

1140 2729 1250 2766 tionis
1274 2744 1357 2777 pars
1382 2744 1457 2766 non
1479 2739 1531 2768 est
1552 2731 1686 2780 νομικὴ
1710 2746 1772 2768 seu
1792 2734 1911 2779 legum
1931 2733 2141 2780 disputatio,

1572 2782 1622 2819 56
