2351 2990
204 123 277 157 807

204 207 306 245 tasti,
333 219 386 239 1110
404 206 531 240 omissa
549 207 756 239 narratione
781 204 1010 238 consiliorum
1038 203 1195 247 publico-

206 271 284 292 rum
312 258 552 301 ingressurum
585 270 656 291 esse
684 259 718 289 iu
749 255 1126 288 commememtionem
1153 255 1195 287 110

207 310 278 341 11111
300 309 456 353 111’11’11111;
485 321 558 342 111111
577 309 722 345 faciam,
755 318 827 339 11011
847 319 923 340 50111
949 308 1038 339 adeo
1057 317 1195 341 111110115;

205 361 265 396 sed
291 360 388 404 prius
413 373 586 404 exponam
613 370 781 391 1051110115
805 364 936 401 gestas,
965 364 998 390 et
1023 363 1080 390 tua
1099 368 1196 389 111011-

817 408 870 441 De
888 409 1077 447 conviciis,
1106 420 1196 452 quac

206 465 243 497 111
273 476 328 496 1110
355 462 575 505 congessisti,
619 467 761 505 postea,
801 460 829 493 si
852 466 972 493 tamen
996 459 1052 493 isti
1074 458 1197 491 audire

206 516 346 550 volent,
376 515 502 546 dicam.

312 565 423 598 Multa
451 570 567 597 autem
590 569 622 595 ct
639 562 845 605 gravissima
866 561 1013 593 crimina
1027 587 1035 601 ,
1058 561 1101 593 de
1121 559 1198 605 qui-

208 619 273 651 bus
291 617 435 649 ultimae
455 626 588 659 poenae
609 620 641 646 01
659 613 867 656 gravissima
885 612 1057 656 supplicia
1074 624 1091 644 a
1114 611 1199 654 legi-

207 670 272 702 bus
292 667 480 700 constituta
500 671 598 704 suut,
627 663 715 697 1111111
735 665 875 702 01111011;
904 670 937 696 01
955 664 1120 697 voluntas
1139 664 1199 695 ad-

208 719 356 753 versarii
379 724 428 750 051
451 716 695 756 infestissima,
723 716 827 760 plena
851 715 943 754 odii,
981 714 1199 747 crudelitatis

209 778 241 805 et
260 769 497 815 petulantiae,
525 780 651 813 meque
672 767 837 800 omuibus
854 765 996 811 probris
1011 771 1198 799 oneratum

210 829 243 855 01
261 819 484 854 001111111101115
502 820 650 863 perdere
668 825 828 852 conatur.
883 818 999 850 Tanta
1022 829 1106 849 vero
1135 815 1200 848 cri-

209 873 306 907 mina
333 884 411 905 cum
445 868 532 903 mihi
559 870 746 909 obiecerit,
784 876 823 902 ut
853 881 896 902 ne
925 868 1068 914 quidem
1097 879 1201 912 pares

211 923 365 957 inveniri
390 934 525 966 poenae
551 927 702 966 queant,
743 921 849 953 audet
874 927 1015 964 petere,
1043 932 1086 952 ne
1112 916 1201 951 mihi

211 975 351 1009 dicendi
378 980 533 1018 potestas
559 973 783 1005 coucedatur.
851 969 1125 1004 Iniustissimuxn
1152 976 1203 1003 est

211 1033 328 1060 autem
342 1053 350 1065 ,
385 1031 417 1058 01
436 1036 664 1070 nequaquam
684 1022 779 1055 civili
795 1022 955 1055 societati
975 1021 1202 1060 conveniens,

212 1078 295 1111 odio
328 1083 361 1109 et
388 1075 606 1120 petulantiae
637 1073 845 1118 cuiusquam
874 1073 1017 1117 largiri,
1053 1085 1097 1105 ne
1123 1085 1203 1105 reus

211 1129 389 1162 audiatur.
449 1127 484 1159 Si
513 1132 630 1159 autem
654 1125 859 1157 labefactari
887 1137 905 1156 a
927 1137 983 1157 me
1009 1123 1203 1168 rempubli-

212 1192 287 1213 cam
312 1179 349 1211 iu
370 1178 477 1212 tantis
502 1178 626 1217 rebus,
654 1183 694 1210 ut
716 1188 811 1209 1111110
838 1176 1074 1215 100110111101,
1102 1175 1204 1214 vidit,

213 1244 274 1265 cur
292 1242 365 1263 uon
384 1229 438 1263 his
457 1228 540 1274 ipsis
557 1227 778 1272 temporibus
795 1239 852 1260 me
870 1227 984 1271 ipsum
1002 1226 1203 1260 accusavit?

213 1295 274 1316 cur
297 1294 371 1315 non
398 1281 479 1314 secit
501 1292 557 1312 me
582 1292 681 1312 reum
699 1279 813 1312 laesae
831 1278 1044 1318 maiestatis,
1071 1277 1203 1323 siquid

213 1334 267 1378 egi
286 1339 408 1366 contra
426 1329 707 1376 rempublicam?
742 1330 779 1363 Si
794 1330 859 1363 feci
877 1331 1057 1363 decretum
1079 1335 1201 1361 contra

211 1385 324 1429 leges,
352 1396 413 1417 cur
429 1396 503 1416 non
521 1382 688 1427 opposuit
703 1379 791 1414 mihi
815 1381 983 1414 usitatam
1011 1379 1202 1412 accusatio-

212 1436 319 1470 nem?
370 1434 543 1468 Iniustum
575 1440 626 1466 est
658 1445 737 1466 eum
760 1430 1026 1476 Ctesiphontem
1056 1436 1204 1474 propter

213 1500 269 1521 me
296 1487 331 1519 in
348 1486 519 1519 iudicium
537 1496 684 1524 vocare,
713 1495 819 1528 quem
843 1483 986 1527 quidem
1009 1494 1084 1514 non
1104 1493 1204 1514 accu-

213 1545 340 1577 sasset,
366 1537 394 1570 si
420 1542 594 1580 sperasset
618 1546 675 1567 me
699 1534 794 1566 vinci
816 1546 929 1578 posse.
984 1533 1057 1566 Scit
1080 1532 1116 1564 in
1138 1530 1205 1564 hac

212 1589 394 1633 republica
412 1587 546 1630 legibus
561 1598 680 1621 severe
705 1586 894 1618 constituta
922 1597 993 1618 esse
1018 1583 1146 1616 iudicia
1172 1589 1206 1616 01

215 1653 376 1686 poenas,
428 1639 556 1683 quibus
588 1638 756 1670 adversus
791 1648 846 1668 me
879 1636 931 1668 uti
962 1634 1206 1679 multipliciter

216 1698 368 1736 poterat.
430 1690 510 1733 Quo
538 1689 567 1722 51
592 1690 741 1727 faceret,
775 1687 910 1720 abesset
936 1686 1137 1726 simulatio,
1173 1691 1206 1718 01

216 1743 349 1776 directa
373 1740 549 1773 accusatio
574 1752 654 1773 cum
677 1739 750 1771 eius
773 1738 957 1771 voluntate
983 1743 1205 1781 congrueret.

215 1794 319 1829 Nunc
340 1792 462 1825 relicta
486 1797 581 1824 recta
612 1796 772 1823 metuens
797 1789 997 1822 evidentem
1022 1789 1205 1822 refutatio-

216 1858 297 1878 nem
318 1871 326 1885 ,
368 1842 526 1876 convicia
565 1848 599 1875 et
627 1841 804 1875 virulenta
837 1840 949 1880 dicta,
995 1847 1029 1873 01
1061 1840 1203 1885 quidem

216 1903 297 1941 post
313 1901 367 1928 tot
385 1906 517 1933 annos,
546 1893 647 1939 quasi
665 1893 701 1925 in
725 1904 828 1925 scena
854 1891 990 1925 recitat.
1044 1891 1103 1924 Me
1129 1891 1205 1936 qui-

216 1949 297 1981 dem
321 1958 402 1979 vere
427 1951 570 1990 petens,
604 1945 664 1978 sed
690 1956 768 1977 cum
793 1943 862 1976 alio
886 1943 923 1975 in
947 1943 1098 1987 speciem
1123 1954 1207 1976 con-

218 1998 389 2043 greditur.
459 1995 505 2028 Et
531 2008 610 2029 cum
641 1996 686 2029 sit
710 2007 792 2027 vere
818 2007 916 2027 meus
942 1992 1072 2034 hostis,
1108 2000 1147 2027 ut
1169 1993 1206 2025 in

218 2057 294 2083 tota
315 2047 538 2082 accusatione
557 2052 716 2090 apparet,
736 2052 857 2078 tamen
875 2058 1014 2078 mecum
1034 2058 1108 2078 non
1125 2057 1207 2078 con-

218 2101 396 2145 greditur,
422 2099 482 2132 sed
500 2098 640 2143 quaerit
657 2097 779 2137 alium,
808 2110 912 2142 quem
931 2109 1046 2140 poena
1066 2097 1208 2136 afficiat,

220 2159 253 2185 et
279 2151 450 2196 dignitate
478 2156 511 2182 et
534 2149 628 2181 fama
646 2148 784 2192 spoliet.
837 2147 960 2193 Itaque
978 2155 1120 2192 praeter
1138 2147 1206 2180 alia

218 2204 350 2243 multa,
386 2213 476 2246 quae
502 2212 566 2244 pro
591 2197 820 2243 Ctesiphonte
854 2199 922 2231 dici
951 2199 1107 2243 possint,
1141 2196 1209 2232 1100

219 2255 326 2288 etiam
359 2253 469 2286 modo
501 2251 643 2284 defendi
676 2247 836 2289 videtur,
869 2250 1001 2284 iustum
1033 2264 1107 2284 esse
1143 2262 1210 2284 nos

219 2306 315 2350 ipsos
340 2303 526 2348 congredi,
553 2303 582 2336 si
599 2302 742 2348 quidem
762 2307 896 2335 certare
921 2302 1108 2342 vellemus,
1136 2314 1208 2334 non

220 2356 325 2400 plecti
350 2355 457 2388 alium
484 2360 632 2399 propter
655 2365 732 2387 nos.
786 2352 882 2386 Haec
909 2359 960 2387 est
984 2353 1078 2387 enim
1101 2354 1210 2387 excel-

219 2408 295 2441 lens
318 2405 501 2440 iniustitia.

326 2457 414 2491 Cum
450 2457 558 2501 igitur
592 2454 660 2489 hoc
694 2456 803 2489 modo
838 2455 1053 2489 veteratorie
1088 2462 1123 2488 01
1157 2467 1211 2488 011-

222 2509 398 2544 lumniose
415 2508 574 2541 instituta
602 2508 646 2541 sit
662 2507 838 2541 accusatio
851 2533 860 2548 ,
885 2519 959 2540 non
975 2513 1026 2541 est
1042 2507 1116 2540 eius
1133 2518 1211 2539 ora-

223 2560 315 2595 tioni
330 2558 493 2593 habenda
511 2560 614 2599 fides,
642 2564 675 2591 et
692 2565 812 2592 tamen
829 2559 873 2592 ad
890 2558 1027 2602 singula
1050 2558 1210 2591 membra

224 2622 459 2657 responsurus
476 2622 565 2643 sum.
618 2609 663 2642 Et
679 2610 835 2654 primum
854 2610 1015 2643 refutabo
1033 2621 1071 2642 ea
1083 2635 1092 2649 ,
1121 2622 1211 2655 quae

225 2664 267 2697 de
292 2661 469 2706 legatione
495 2662 538 2693 ad
561 2659 767 2704 Philippum
792 2661 889 2706 pacis
907 2661 1087 2694 faciendae
1106 2672 1208 2694 causa

224 2714 261 2748 in
286 2714 404 2759 primo
426 2712 519 2746 bello
543 2712 647 2746 missa
675 2713 761 2746 falso
784 2712 820 2745 in
843 2724 900 2746 me
927 2711 1097 2752 contulit,
1132 2724 1211 2745 cum

206 412 305 446 dacia
326 418 358 443 et
376 411 570 444 calumnias
590 410 763 443 refutabo.

781 119 901 154 pull..
938 118 1050 153 Mhi.
1085 115 1288 152 SCRIPTA
1322 114 1658 152 PHILOLOGICA.

2162 120 2236 155 808

1253 202 1396 247 quidem
1416 203 1508 237 illius
1527 202 1660 236 decreti
1679 208 1713 235 et
1733 201 1921 246 legationis
1942 204 2071 237 scelera
2098 205 2242 249 proprie

1251 254 1293 285 ad
1310 251 1550 287 Philocratem
1568 260 1602 287 01
1616 254 1730 297 ipsum
1752 254 1965 297 pertineant.
2017 254 2165 290 Necesse
2189 261 2241 290 est

1252 311 1369 337 autem
1392 305 1493 338 vobis
1531 304 1567 337 iu
1599 304 1809 337 memoriam
1834 305 1947 349 redigi
1972 305 2046 339 eius
2070 306 2242 351 temporis

1251 361 1403 395 statum,
1436 362 1475 389 ut
1499 356 1636 399 singula
1669 356 1798 389 rectius
1823 356 1972 390 iudicari
1998 357 2153 401 possint,
2189 357 2244 392 sui

1252 406 1424 451 temporis
1438 407 1629 440 momentis
1647 407 1887 441 consideratis.

1348 457 1437 490 Cum
1455 454 1638 490 Phocense
1654 458 1783 491 bellum
1802 465 1937 492 motum
1957 465 2045 492 esset
2062 471 2136 493 non
2153 458 2242 492 meis

1253 509 1408 542 consiliis
1433 507 1610 552 (nondum
1630 508 1723 541 euim
1742 511 1785 541 ad
1810 510 2065 560 remppblicam
2092 522 2242 544 accesse-

1253 560 1361 606 ram),
1370 571 1432 593 vos
1442 559 1585 604 quidem
1596 556 1795 593 Phocenses
1803 561 1913 594 deleri
1923 561 2108 601 nolebatis,
2118 573 2243 607 quam-

1253 610 1304 644 vis
1322 622 1464 644 causam
1482 610 1565 643 belli
1582 622 1656 642 non
1672 610 1797 643 iustam
1819 609 2010 652 habebant,
2028 614 2089 646 sed
2100 611 2242 646 Theba-

1254 674 1384 695 norum
1405 661 1608 705 superbiam
1628 661 1779 705 reprimi
1795 663 1985 703 maluistis,
2013 664 2142 708 quibus
2158 663 2246 697 iuste

1254 712 1513 747 irascebamini.
1567 711 1802 757 Nequaquam
1829 713 1923 746 enim
1950 714 1986 746 in
2003 715 2164 748 secundis
2188 726 2244 747 re-

1254 766 1318 799 bus
1343 770 1423 809 post
1436 762 1659 796 Leuctricam
1689 763 1875 797 victoriam
1897 765 2073 798 moderati
2090 767 2245 800 suerunt.

1256 816 1393 849 Deinde
1419 814 1637 848 dissidebant
1665 826 1789 848 omnes
1817 815 1976 849 civitates
2004 816 2040 848 in
2067 816 2246 860 Pelopon-

1255 880 1359 907 neso,
1387 878 1501 911 neque
1519 870 1617 898 tanta
1635 866 1793 908 potentia
1820 873 1896 899 erat
1921 879 2064 906 eorum,
2092 868 2154 912 qui
2178 867 2247 900 La-

1257 917 1505 952 cedaemonios
1523 917 1691 956 oderant,
1718 923 1758 949 ut
1781 917 1898 950 delere
1917 929 1976 951 eos
1993 925 2157 962 possent,
2184 930 2245 951 ne-

1257 982 1325 1016 que
1346 967 1451 1001 amici
1468 967 1835 1001 Lacedaemoniorum
1853 968 1936 1002 satis
1955 969 2157 1003 autoritatis
2184 975 2246 1003 aut

1257 1021 1388 1054 virium
1414 1019 1451 1051 in
1476 1017 1676 1051 civitatibus
1700 1016 1897 1059 habebant,
1925 1020 1986 1053 sed
2012 1020 2107 1064 apud
2123 1019 2189 1055 hos
2212 1027 2247 1054 et

1258 1073 1347 1105 alios
1363 1082 1491 1114 magna
1510 1069 1687 1102 discordia
1710 1076 1744 1102 et
1762 1070 1920 1104 confusio
1938 1077 2025 1105 erat.

1359 1122 1456 1154 Haec
1487 1133 1567 1154 cum
1598 1120 1735 1153 videret
1761 1119 1949 1166 Philippus
1985 1121 2116 1167 (neque
2149 1122 2245 1155 enim

1260 1180 1361 1207 erant
1385 1171 1572 1217 obscura),
1600 1172 1782 1206 conductis
1806 1174 1967 1206 mercede
1992 1173 2250 1217 proditoribus,

1258 1225 1378 1259 omnia
1395 1224 1488 1256 inter
1506 1235 1577 1255 sese
1596 1223 1850 1257 committebat.
1904 1224 2043 1258 Deinde
2066 1236 2107 1258 ex
2122 1225 2248 1259 erratis

1258 1277 1411 1310 aliorum
1438 1273 1622 1307 occasione
1643 1280 1782 1318 sumpta
1802 1274 1875 1318 ipse
1893 1276 2134 1318 languefactos
2161 1276 2248 1309 ado-

1257 1328 1426 1361 riebatur.
1495 1324 1583 1357 Cum
1621 1324 1728 1367 igitur
1761 1332 1909 1369 apparet
1937 1324 2130 1360 Thebanos
2167 1327 2247 1372 (qui

1258 1385 1362 1411 antea
1385 1375 1577 1409 insolentes
1600 1376 1762 1415 fuerunt,
1790 1389 1884 1409 nunc
1906 1377 2026 1410 miseri
2043 1378 2142 1422 sunt)
2171 1377 2248 1411 diu-

1257 1429 1428 1463 turnitate
1452 1426 1536 1459 belli
1551 1423 1744 1460 Phocensis
1762 1425 1951 1461 exhaustos
1976 1440 1995 1460 a
2020 1428 2122 1462 vobis
2143 1439 2248 1472 opem

1258 1480 1513 1524 imploraturos
1531 1488 1625 1516 esse,
1653 1488 1697 1509 ne
1714 1477 1750 1509 id
1772 1478 1891 1518 fieret,
1920 1475 2107 1522 Philippus
2124 1490 2249 1523 pacem

1258 1531 1378 1569 vobis,
1407 1527 1589 1561 Thebanis
1606 1528 1777 1561 auxilium
1797 1529 2045 1573 promittebat,
2073 1541 2117 1563 ne
2136 1530 2248 1564 Grae—

1259 1583 1332 1615 ciae
1359 1580 1517 1613 civitates
1541 1579 1854 1623 coniungerentur.
1930 1580 2033 1625 Quae
2057 1592 2113 1614 res
2139 1581 2248 1625 igitur

1260 1633 1396 1667 adiuvit
1420 1642 1521 1670 eum,
1554 1636 1593 1662 ut
1616 1643 1679 1664 vos
1703 1631 1828 1664 fraude
1851 1631 2111 1665 circumventos
2134 1644 2248 1677 paene

1258 1686 1417 1718 volentes
1429 1681 1594 1725 caperet?
1621 1681 1783 1715 Aliorum
1795 1682 2015 1716 Graecorum
2031 1695 2093 1717 seu
2103 1683 2246 1727 ignavia

1259 1749 1320 1770 seu
1337 1732 1559 1778 impudentia
1576 1745 1637 1765 seu
1653 1739 1859 1778 utrumque,
1876 1733 1951 1779 qui,
1973 1746 2051 1768 cum
2068 1746 2135 1778 pro
2152 1747 2247 1768 com-

1260 1787 1360 1821 muni
1377 1785 1489 1820 salute
1504 1784 1650 1827 longum
1669 1790 1704 1817 et
1724 1785 1903 1818 assiduum
1920 1785 2051 1818 bellum
2069 1785 2248 1829 gereretis,

1259 1852 1323 1872 nec
1340 1836 1513 1883 pecunia,
1540 1847 1605 1868 nec
1626 1835 1707 1868 ullis
1734 1836 1873 1870 auxiliis
1899 1849 1963 1870 vos
1987 1836 2109 1870 iuvare
2128 1837 2248 1870 volue-

1260 1896 1355 1923 runt.
1408 1887 1471 1920 His
1497 1885 1604 1929 igitur
1630 1885 1719 1920 iuste
1744 1887 1954 1928 irascentes,
1981 1885 2149 1932 Philippo
2177 1900 2247 1922 ces-

1260 1941 1364 1975 sistis.
1418 1938 1514 1971 Haec
1530 1937 1599 1970 fuit
1621 1949 1723 1971 causa
1737 1965 1746 1978 ,
1774 1950 1836 1971 cur
1855 1937 1967 1971 animi
1987 1939 2031 1971 ad
2046 1938 2246 1972 faciendam

1260 2004 1382 2037 pacem
1412 1997 1496 2023 tunc
1526 1987 1686 2021 inclinati
1716 1989 1866 2028 fuerint,
1908 1989 2006 2023 cuius
2036 2001 2101 2033 ego
2124 2001 2250 2024 suasor

1262 2053 1489 2089 nequaquam
1506 2039 1556 2073 fui
1568 2066 1578 2079 ‚
1602 2045 1641 2072 01
1656 2039 1719 2073 iste
1736 2039 1986 2074 calumniatur.
2031 2040 2100 2073 Sed
2116 2039 2247 2074 horum

1262 2093 1502 2140 praesentium
1519 2091 1696 2123 malorum
1714 2091 1742 2123 si
1759 2091 1837 2136 quis
1850 2103 1932 2124 vere
1950 2091 2150 2125 consideret
2167 2104 2248 2126 cau-

1262 2158 1338 2182 sas,
1373 2143 1508 2178 semina
1534 2148 1617 2175 tunc
1643 2143 1787 2175 suerunt
1809 2140 1994 2177 Aeschinis
2019 2149 2053 2176 et
2077 2143 2247 2177 similium

1263 2196 1431 2242 perfidia,
1459 2200 1494 2227 et
1517 2193 1628 2226 multa
1654 2193 1785 2226 scelera
1812 2193 1886 2227 eius
1908 2194 2114 2238 legationis,
2150 2194 2249 2229 cuius

1263 2260 1359 2282 nunc
1384 2245 1602 2279 mentionem
1627 2244 1738 2284 facio,
1766 2242 1858 2277 hanc
1882 2244 1996 2289 ipsam
2024 2245 2069 2278 ob
2092 2257 2248 2286 causam,

1263 2306 1302 2334 ut
1319 2298 1449 2332 veritas
1464 2301 1549 2328 nota
1567 2293 1623 2327 sit.
1676 2294 1712 2327 Si
1737 2295 1823 2340 quid
1846 2296 1938 2329 enim
1962 2296 2097 2330 fraudis
2120 2296 2189 2330 suit
2210 2296 2249 2329 in

1265 2351 1324 2384 illa
1342 2349 1457 2395 prima
1474 2343 1731 2391 pacificatione,
1746 2344 1836 2379 nihil
1852 2348 1895 2380 ad
1915 2359 1972 2380 me
1988 2348 2125 2381 attinet.
2155 2347 2249 2382 Nam

1265 2402 1338 2436 eius
1355 2400 1451 2446 pacis
1467 2403 1571 2431 autor
1588 2396 1655 2430 suit
1668 2397 1913 2432 Aristodemus
1929 2396 2054 2432 histrio
2065 2425 2075 2440 ,
2097 2398 2251 2443 scriptor

1264 2466 1350 2487 vero
1366 2450 1599 2488 Philocrates,
1614 2448 1730 2483 socius
1749 2455 1893 2483 tuorum
1913 2449 2158 2489 consiliorum,
2173 2460 2249 2482 non

1264 2516 1446 2542 meorum,
1479 2511 1596 2545 neque
1623 2499 1652 2533 si
1673 2501 1848 2534 mentiens
1875 2500 2065 2545 rumpatis.
2118 2499 2253 2533 Suffra-

1265 2562 1404 2601 gatores
1436 2564 1522 2585 vero
1550 2550 1610 2596 (de
1635 2564 1704 2597 qua
1730 2564 1834 2586 causa
1859 2551 2003 2598 omitto)
2031 2550 2191 2584 Eubulus
2217 2557 2253 2584 et

1265 2601 1517 2652 Cephisophon
1532 2602 1587 2649 ³),
1618 2614 1681 2647 ego
1708 2615 1898 2649 nusquam.
1957 2602 2053 2635 Haec
2077 2614 2156 2635 cum
2179 2601 2251 2636 sint

1297 2693 1328 2720 3)
1356 2688 1562 2720 cephisophon]
1587 2687 1626 2713 sic
1652 2687 1811 2719 scripsimus
1828 2695 1862 2709 =
1879 2683 2077 2718 Κηφισοφῶν;
2104 2684 2155 2710 Ed.
2173 2683 2250 2711 1562.

1333 2723 1523 2756 Ceplusiphon.
