2351 2990
194 713 422 768 Melanthonis
444 736 676 765 enarrationibus
699 735 838 762 librorum
862 734 964 761 summi
988 734 1185 762 Romanorum
1208 733 1349 767 oratoris,
1378 731 1501 760 duorum
1524 731 1744 771 historicorum,
1776 733 1916 760 naturalis
1938 732 2075 761 historiae
2097 731 2222 760 auctoris

194 787 284 819 atque
308 780 427 808 maximi
451 779 611 807 rhetorices
636 777 835 815 praeceptoris
857 777 995 804 absolutis
1017 776 1222 815 progredimur
1243 775 1281 803 ad

258 874 356 915 ΡΗ.
398 872 557 913 ΜΕΙΑ.
603 866 1332 911 INTERPRETA'HONES
1378 866 1691 909 LATINAS
1741 866 2163 909 ORATIONUM

561 950 1005 994 GRAECARUM
1042 949 1424 992 VARIORUM
1461 949 1862 993 AUCTORUM.

325 1060 436 1092 Primo
460 1062 523 1089 loco
545 1062 623 1088 inter
645 1059 697 1087 bas
720 1060 853 1097 ponimus
877 1060 1023 1087 orationes
1046 1059 1150 1087 summi
1173 1058 1353 1086 Graecorum
1376 1059 1514 1096 oratoris,
1548 1058 1837 1095 Demosthenis,
1874 1067 1912 1087 ex
1941 1059 2021 1087 cuius
2051 1058 2163 1087 duabus
2192 1064 2223 1088 et

193 1105 346 1143 sexaginta
369 1104 541 1133 orationibus
564 1101 737 1131 Melanthon
761 1111 814 1130 sex
838 1103 966 1140 integras
988 1107 1019 1130 et
1041 1101 1164 1129 duarum
1185 1101 1264 1129 locos
1287 1100 1426 1139 quosdam
1443 1101 1471 1129 in
1487 1101 1611 1130 latinum
1625 1109 1790 1130 sermonem
1805 1101 1969 1137 transtulit,
1991 1110 2101 1140 nempe
2116 1100 2222 1131 hasce:

452 1154 486 1191 l)
510 1153 703 1190 Olynthiacas
726 1158 804 1186 tres,

449 1195 486 1234 2)
509 1196 702 1233 Philippicam
726 1195 867 1232 primam,

449 1237 485 1277 3)
511 1245 613 1267 contra
635 1238 862 1275 Aristogitonem
886 1237 1048 1265 orationem
1071 1236 1214 1274 primam,

449 1281 486 1319 4)
510 1281 672 1309 orationem
695 1280 733 1308 de
756 1289 880 1316 corona,

449 1322 484 1360 5)
508 1324 580 1352 duos
603 1323 681 1350 locos
704 1322 843 1349 orationis
867 1322 905 1349 de
927 1321 1095 1358 corruptela
1119 1321 1149 1348 iu
1172 1321 1338 1359 legatione,

450 1365 487 1406 6)
513 1367 610 1393 locum
632 1365 769 1392 orationis
793 1370 894 1392 contra
917 1364 1124 1391 Timocratem.

323 1424 475 1457 Secundo
500 1426 562 1454 loco
584 1430 712 1463 ponetur
734 1423 936 1453 Aeschinis
959 1424 1049 1452 oratio
1071 1428 1171 1451 contra
1193 1423 1423 1462 Ctesiphontem.

325 1485 438 1517 Terh'o
462 1487 525 1514 loco
547 1485 717 1523 Lycurgi
739 1485 830 1513 oratio
854 1490 954 1512 contra
976 1483 1162 1512 Leocratem.

322 1545 454 1585 Quarto
477 1548 540 1574 loco
562 1543 731 1573 Lucianu
743 1554 771 1580 s,
801 1544 880 1572 cuius
903 1543 990 1571 hasce
1012 1543 1158 1570 orationes
1182 1542 1353 1571 Melanthon
1376 1543 1405 1570 in
1429 1543 1552 1571 latinum
1574 1550 1738 1570 sermonem
1762 1541 1920 1570 convertit:

453 1596 488 1635 1)
510 1596 681 1624 Calumniae
704 1603 763 1623 non
787 1604 851 1623 esse
874 1598 988 1622 temere
1009 1593 1211 1629 credendum,

451 1639 490 1676 2)
514 1639 682 1666 Encomium
702 1637 920 1666 Demosthenis.

324 1696 451 1736 Quinto
474 1699 536 1726 loco
559 1697 722 1725 afferentur
744 1698 890 1726 orationes
917 1704 934 1724 e
957 1700 1073 1733 septem
1095 1696 1177 1723 libris
1200 1694 1453 1732 Thucydidis.

321 1756 428 1787 Sexto
452 1758 514 1785 loco
539 1757 629 1784 oratio
652 1762 742 1794 atque
764 1756 893 1783 narratio
918 1764 956 1783 ex
979 1755 1257 1792 Xenophonte:

455 1807 486 1846 l)
512 1808 623 1836 Critiae
647 1809 737 1835 oratio
761 1813 861 1835 contra
884 1805 1124 1843 Theramenem,

451 1849 488 1889 2)
511 1850 626 1879 Prodici
649 1850 686 1878 de
709 1850 839 1878 Hercule
864 1849 1002 1877 narratio.

321 1911 371 1938 His
393 1910 570 1938 orationibus
592 1908 815 1937 aMelanthone
838 1918 876 1937 ex
899 1916 1004 1946 graeco
1026 1917 1161 1936 sermone
1184 1909 1214 1936 in
1237 1908 1359 1936 latinum
1385 1907 1531 1935 conversis
1554 1907 1694 1945 deinceps
1717 1906 1858 1935 addemus
1880 1907 1936 1934 alia
1960 1906 2102 1935 nonnulla
2125 1905 2226 1934 itidem

194 1963 234 1981 ex
258 1962 362 1991 graeco
388 1954 478 1981 latine
502 1952 537 1980 ab
562 1960 597 1979 eo
621 1951 759 1989 reddita,
789 1961 865 1990 quae
887 1961 953 1979 cum
976 1951 1152 1979 orationibus
1175 1951 1260 1979 modo
1282 1951 1514 1978 commemoratis
1538 1951 1568 1977 in
1592 1949 1762 1988 quibusdam
1794 1950 1967 1978 editionibus
1997 1950 2150 1978 coniuncta
2178 1949 2225 1976 in-

196 2002 372 2024 veniuntur:

453 2045 489 2087 a)
511 2047 556 2075 Ex
579 2046 781 2075 Plutarchi
803 2046 995 2074 convivalium
1019 2046 1223 2084 quaestionum
1245 2045 1319 2073 libro
1341 2044 1436 2074 V111.:
1466 2044 1511 2072 De
1533 2044 1612 2073 Nota
1631 2042 1842 2081 Pythagorica,
1872 2052 1928 2081 qua
1950 2043 2095 2082 hospitem
2118 2045 2228 2073 Hirun-

537 2090 636 2117 dinem
660 2090 750 2127 recipi
773 2088 924 2118 nolebant.

451 2137 486 2181 b)
512 2141 556 2168 Ex
577 2140 756 2168 Aeliano:
785 2141 830 2168 De
854 2140 936 2177 filiis,
959 2140 1007 2178 qui
1032 2145 1132 2178 patres
1153 2148 1191 2167 ex
1214 2138 1348 2167 incendio
1371 2143 1534 2176 gestarunt.

451 2190 484 2230 c)
507 2191 661 2229 Lysidis
685 2191 808 2229 epistola
831 2190 869 2219 ad
894 2190 1106 2230 Hipparchum.
