2351 2990
194 131 260 163 551

194 214 331 247 modius
364 213 405 244 ad
440 210 718 256 propositionem
749 210 929 247 deveniat,
971 222 1014 243 ne
1042 209 1171 244 scilicet

193 264 374 298 dissentiat
400 263 443 295 ab
467 260 540 301 liis,
564 261 623 306 qui
651 261 902 305 rempublicam
927 260 1075 293 liberam
1099 272 1172 294 esse

195 316 312 348 xelint.
363 313 512 346 Additao
530 312 713 345 suntduae
738 312 913 349 rationes,
947 312 1055 344 altera
1080 323 1099 344 a
1122 311 1173 344 sa-

193 367 339 400 eultate,
363 364 462 409 quasi
480 364 624 396 diceret:
654 362 754 396 Nunc
774 374 808 395 es
823 361 1023 405 designatus
1041 361 1174 401 consul,

196 418 300 460 igitur
323 416 454 459 poteris
474 421 505 446 te
532 424 710 455 opponere
728 411 903 449 Antonio3
934 419 1058 453 autea,
1094 425 1171 445 cmn

195 480 266 500 uon
285 479 374 499 esses
392 466 426 497 in
451 465 506 496 illa
525 462 713 505 dignitate,
750 463 896 496 stultitia
916 463 1056 503 fuisset,
1089 463 1118 497 si
1142 469 1174 496 te

194 517 414 562 opposuisses
430 513 616 557 superiori.
668 513 787 546 Altera
806 526 889 546 vero
910 515 953 547 ab
972 515 1121 547 utilitate
1142 520 1175 546 et

194 569 322 610 gloria:
358 565 562 599 Gloriosum
587 569 637 596 est
663 565 917 608 rempublicam
942 565 978 597 in
1003 564 1175 610 tranquil-

194 622 263 651 lum
285 623 412 650 statum
430 614 625 648 restituere.
677 614 846 659 Epilogus
864 617 1031 659 figuratus
1048 622 1098 649 est
1119 628 1175 648 oc-

193 668 395 713 cupatione:
424 666 505 700 Non
522 663 608 697 haec
623 677 662 697 eo
681 666 814 705 scribo,
842 668 935 711 quod
956 673 987 698 te
1012 680 1088 699 mea
1115 668 1174 699 ad-

193 719 394 752 hortatione
418 727 632 759 magnopere
650 728 737 760 opus
754 715 883 750 habere
901 724 1034 761 putem.
1085 717 1175 750 Scri-

193 778 250 815 pta
280 775 397 802 autem
430 773 481 801 est
514 766 660 810 epistola
694 768 876 812 aliquanto
912 774 991 812 post
1022 768 1174 801 occisum

192 823 398 857 Caesarem,
440 830 510 862 quo
543 823 701 861 tempore
726 819 920 858 Antonius,
955 819 1010 852 cui
1037 820 1173 851 decreta

193 878 266 904 erat
291 869 471 914 provincia
500 867 729 907 Macedonia,
770 876 891 902 contra
916 870 1007 914 leges
1034 869 1175 913 Longo—

191 922 351 955 bardiam
370 925 616 963 occuparerat.

439 1003 573 1036 Aliud
598 1008 921 1046 argumentum.

292 1069 451 1115 Epistola
477 1075 527 1101 est
544 1066 801 1102 adliortatoria.
860 1067 1054 1102 Exordium
1081 1081 1175 1102 sum-

193 1131 291 1168 ptum
317 1127 368 1155 est
391 1132 408 1152 a
432 1131 580 1163 persona
598 1118 741 1157 Furuii‚
770 1118 866 1152 cuius
883 1120 1078 1163 praesentia
1098 1121 1175 1163 plu-

194 1175 323 1207 rimum
344 1171 533 1204 delectatus
551 1169 665 1202 suerit.
718 1169 804 1202 Post
825 1170 1007 1202 exordium
1030 1171 1175 1213 ponitur

193 1223 369 1258 narratio,
397 1233 486 1265 quae
509 1220 665 1252 continet
689 1221 1066 1253 commemorationem
1083 1227 1175 1254 vete-

192 1276 239 1309 ris
265 1280 298 1307 et
321 1273 478 1317 privatae
503 1270 780 1304 necessitudinis.
848 1271 1099 1305 Narrationem
1124 1284 1175 1305 se-

192 1326 311 1372 quitur
329 1321 545 1367 propositio,
573 1333 662 1365 quae
679 1327 729 1353 est
745 1327 854 1355 status
872 1320 975 1355 huius
995 1322 1175 1365 epistolae,

192 1384 231 1410 ut
251 1374 349 1409 omni
365 1372 480 1406 studio
498 1372 662 1405 defendat
677 1372 944 1415 rempublicam.
1006 1372 1175 1416 Epilogus

193 1426 297 1460 habet
320 1424 494 1458 rationem
521 1422 702 1455 institutae
728 1421 1008 1462 adhortationis,
1044 1423 1177 1456 scilicet

194 1478 288 1524 quod
323 1475 455 1508 amoris
489 1485 591 1506 causa
628 1472 824 1515 scripserit,
859 1486 933 1506 non
955 1474 1051 1518 quod
1075 1486 1176 1517 prae—

193 1528 301 1572 septis
324 1525 404 1559 ullis
430 1536 517 1568 opus
546 1521 676 1556 babeat
700 1523 869 1563 Plancus,
910 1531 948 1557 ut
970 1524 1030 1569 qui
1054 1537 1117 1568 per
1141 1537 1176 1558 se

194 1579 326 1623 optime
358 1576 494 1613 xideat,
537 1574 621 1618 quid
652 1574 851 1607 faciendum
881 1575 925 1608 sit
956 1575 992 1607 in
1026 1575 1176 1608 admini-

194 1630 336 1662 stranda
360 1625 550 1670 republica.

375 1716 560 1752 Scholia
589 1717 633 1749 in
667 1717 906 1761 epistolam
934 1717 990 1751 IV.

297 1794 326 1839 ξ.
348 1796 379 1828 1.
418 1795 639 1828 Gratissimae
661 1790 764 1839 mihi]
802 1792 996 1826 Exordium
1021 1794 1177 1826 continet

196 1846 475 1883 excusationem,
518 1856 579 1876 cur
608 1855 682 1875 non
715 1843 904 1887 scripserit.
1018 1847 1086 1888 Eyo
1115 1857 1177 1878 cm-

194 1895 339 1943 {em2')]
368 1895 485 1928 Ratio.

298 1947 327 1991 ξ.
343 1949 377 1981 2.
407 1947 527 1980 Omnia
544 1942 668 1991 iyiinr]
698 1944 900 1988 Propositio
913 1971 921 1984 ‚
950 1957 1018 1990 qua
1035 1946 1120 1978 dicit
1143 1958 1178 1979 se

197 2000 347 2043 probare
366 1997 439 2029 eius
462 1995 619 2028 consilia.
698 1998 798 2028 Nune
820 2008 896 2029 vero
918 1994 1016 2042 quid]
1044 1997 1179 2029 Confir-

199 2050 305 2082 matio
323 2046 456 2081 consilii
472 2046 651 2078 Ciceronis
670 2058 686 2077 a
705 2046 902 2089 praeteritis
918 2047 1022 2080 rebus
1040 2048 1154 2091 gestis.

299 2099 327 2137 ξ’.
345 2099 378 2131 5.
407 2100 516 2138 Quare
533 2098 591 2129 hoc
607 2109 705 2129 totum
723 2097 784 2129 tibi
798 2096 980 2144 persuade]
1001 2098 1179 2142 Repetitio

201 2166 207 2195 1
226 2148 462 2194 impositionis.
516 2149 591 2179 Non
609 2153 656 2180 est
675 2146 823 2193 iynotus]
851 2147 905 2179 Ab
922 2149 1112 2181 autoritate
1122 2149 1180 2194 ²⁵).

302 2199 331 2243 ξ.
349 2200 383 2233 4,
408 2201 491 2232 Sum
510 2200 545 2230 in
564 2200 792 2239 espectulione
816 2201 961 2232 onmium
983 2212 1097 2233 rerum
1106 2198 1179 2246 26)]

200 2253 249 2283 lle
278 2263 337 2283 sua
363 2247 597 2283 sollicitudine
621 2255 654 2280 et
685 2249 812 2282 studio.
923 2252 1015 2290 Quod
1044 2253 1074 2283 si
1101 2263 1180 2293 per—

201 2299 354 2347 i›1‹{e‘-'⁷)]
382 2298 606 2332 pollicitatio.

234 2408 281 2434 2⁴)
302 2407 352 2429 Pro
373 2407 412 2428 his
430 2406 484 2429 Cic.
504 2405 597 2428 verbis
617 2404 643 2428 iu
657 2404 739 2428 Editt.
755 2405 839 2432 ¹545..
861 2405 935 2429 ¹560.
955 2405 1015 2429 huic
1033 2406 1114 2429 notae
1132 2412 1182 2436 ap-

270 2441 357 2469 posita
376 2442 437 2462 sunt
455 2440 611 2469 sequentia:
639 2439 759 2463 Nullum
777 2440 860 2464 enim.

236 2484 282 2509 25)
304 2483 375 2505 Haec
399 2483 462 2504 nota
491 2482 517 2504 in
543 2482 624 2504 Editt.
645 2483 734 2507 1545..
762 2483 836 2506 1560.
867 2482 1012 2505 secundum
1036 2482 1086 2505 Ed.
1109 2483 1181 2507 1537.

269 2524 283 2539 a
307 2515 475 2544 praecedenti
495 2515 633 2543 seiuncta,
654 2516 678 2538 in
694 2517 774 2540 Editt.
792 2516 874 2546 1540„
896 2516 981 2544 154t.,
1004 2516 1087 2544 1554..
1109 2517 1182 2541 1557.

270 2557 327 2572 :uin
355 2550 401 2571 iiia
425 2549 450 2571 in
477 2555 554 2571 unani
580 2550 618 2571 sis:
644 2553 684 2572 est
709 2551 866 2574 coniuncta:
906 2552 1002 2579 Quare
1026 2551 1078 2573 lim·
1099 2557 1184 2574 unum

269 2585 322 2608 tihi
339 2582 494 2612 persuade]
514 2583 648 2611 Repetitio
668 2585 862 2613 propositionis
880 2586 913 2607 at)
932 2584 1089 2608 autoritate.

237 2627 283 2653 26)
304 2626 331 2648 lu
353 2625 436 2647 Editt.
460 2625 544 2654 1545„
566 2626 638 2648 1560.
658 2627 718 2649 huie
737 2630 816 2650 notae
837 2633 884 2656 pro
904 2627 944 2649 liis
964 2626 1101 2656 adscripta
1122 2629 1183 2650 sunt

272 2658 460 2682 antecedentia
480 2658 534 2683 cic.
556 2660 653 2682 verba:
679 2659 737 2685 Nec
755 2668 829 2685 nnnc
848 2661 1032 2685 comminata.

236 2702 282 2729 27)
303 2701 434 2731 perinde]
454 2700 494 2724 sic
513 2701 577 2724 illae
597 2701 679 2725 Editt.
700 2709 810 2727 onmes:
838 2704 883 2727 Ed.
906 2704 992 2728 Oretl.
1010 2703 1138 2734 proinde.

761 123 881 160 Ptin..
916 123 1027 159 MEL.
1062 121 1261 159 SCRIPTA
1299 123 1631 162 PHILOLOGICA.

2134 128 2207 164 332

1517 211 1677 256 Argum
1689 217 1759 245 ent
1771 224 1837 245 um
1851 212 1910 260 28).

1326 277 1563 323 Responsoria
1580 286 1632 314 est
1644 307 1653 321 ‚
1680 279 1717 313 in
1736 292 1803 326 qua
1821 280 1991 324 significat
2003 292 2038 314 se
2056 280 2206 325 probare

1226 332 1260 359 ct
1282 335 1482 363 secuturum
1507 343 1648 376 quoque
1675 331 1819 365 consilia
1848 331 2039 365 Ciceronis.
2097 330 2208 364 Exor-

1227 377 1324 411 dium
1339 380 1531 414 admodum
1551 382 1656 414 breve
1670 388 1738 421 est,
1767 383 1862 427 quod
1877 387 2013 415 constat
2029 393 2206 414 commen-

1227 429 1369 462 datione
1398 430 1618 473 litterarum,
1657 439 1691 465 et
1715 433 1957 471 excusatione,
1999 444 2109 477 quare
2133 444 2206 465 non

1227 480 1423 524 scripserit,
1454 482 1572 515 addita
1596 483 1755 523 ratione,
1783 496 1893 528 quare
1919 483 1991 517 eius
2014 482 2207 516 amicitiam

1228 530 1318 563 tueri
1340 531 1475 566 debeat.
1542 532 1709 578 Sequitur
1732 533 1948 578 propositio,
1989 545 2058 579 qua
2080 534 2209 578 probat

1228 581 1301 615 eius
1318 582 1503 615 consilium
1528 584 1646 616 addita
1672 585 1939 618 confirmatione
1964 596 1983 617 a
2009 584 2208 628 praeteritis

1228 633 1331 665 rebus
1355 633 1457 676 gestis
1480 646 1618 667 summa
1641 634 1840 678 prudentia.
1894 635 2080 668 Conclusio
2103 633 2209 668 habet

1229 683 1474 727 repetitionem
1493 684 1766 728 propositionis,
1791 685 1910 718 addito
1929 691 2137 729 argumento
2163 686 2207 718 ab

1229 734 1436 774 autoritate,
1479 736 1575 780 quod
1605 735 1766 768 x‘idelicet
1796 735 1868 769 eius
1899 736 2043 770 consilia
2070 748 2208 781 semper

1229 785 1372 829 plurimi
1400 786 1532 820 fecerit.
1600 784 1639 818 In
1670 787 1737 818 fme
1766 786 1864 819 addit
1884 787 1926 818 de
1949 799 2010 819 sua
2041 787 2207 821 sollicitu-

1229 836 1309 868 dine
1329 842 1362 868 et
1379 836 1508 870 studio.
1561 835 1648 869 Item
1668 837 1779 869 defert
1796 849 1896 870 suum
1919 836 2085 871 studium.

1474 920 1607 954 Aliud
1635 927 1961 965 argumentum.

1330 988 1571 1032 Responsoria
1600 995 1650 1022 est
1678 990 1722 1021 ad
1751 990 1915 1033 epistolas
1940 988 2139 1028 Ciceronis,
2170 1000 2208 1021 ac

1228 1039 1381 1083 primum
1400 1039 1542 1083 quidem
1564 1040 1754 1083 respondet
1775 1041 1819 1072 ad
1842 1039 2019 1083 privatum
2045 1039 2211 1079 officium,

1228 1102 1299 1135 quo
1324 1089 1503 1123 Ciceronis
1527 1090 1719 1122 amicitiam
1748 1090 1838 1122 tueri
1868 1090 2004 1123 debeat.
2071 1089 2210 1122 Deinde

1227 1153 1262 1174 se
1288 1141 1361 1173 eius
1389 1139 1542 1173 consiliis
1568 1140 1808 1173 defendendae
1836 1139 2050 1184 reipublicae
2076 1140 2210 1172 obtem-

1228 1198 1433 1234 peraturum
1458 1190 1655 1234 pollicetur.
1721 1190 1917 1223 Exordium
1945 1196 2080 1222 constat
2109 1190 2210 1223 fami-

1227 1242 1307 1273 liari
1341 1241 1469 1273 affectu
1503 1247 1537 1273 et
1568 1241 1790 1273 excusatione
1821 1241 1970 1284 neglecti
1996 1240 2101 1273 officii
2128 1241 2210 1274 scri-

1227 1292 1344 1325 bendi.
1404 1291 1540 1323 Deinde
1567 1291 1711 1334 exponit
1735 1303 1855 1324 causas
1880 1291 2083 1334 praestandi
2106 1291 2211 1324 officii

1228 1349 1262 1375 et
1283 1342 1433 1375 tuendae
1459 1341 1652 1381 amicitiae,
1687 1341 1846 1386 sequitur
1866 1341 2084 1385 propositio,
2115 1342 2211 1386 quod

1228 1393 1311 1426 velit
1342 1393 1587 1436 obtemperare
1620 1392 1693 1425 eius
1722 1391 1875 1425 consiliis
1900 1398 1933 1424 et
1955 1392 2210 1435 rempublicam

1228 1444 1426 1476 defendere.
1477 1442 1584 1474 Ratio
1604 1448 1739 1475 constat
1754 1440 1821 1475 hoc
1839 1442 2058 1486 syllogismo:
2084 1442 2122 1476 Si
2136 1454 2210 1475 non

1228 1500 1320 1527 recte
1337 1493 1504 1526 sentirem
1522 1493 1564 1525 de
1583 1492 1781 1537 republica,
1805 1493 1998 1525 abducerer
2014 1493 2131 1538 aliqua
2150 1505 2210 1537 spe

1228 1544 1375 1578 maioris
1392 1543 1587 1581 commodi;
1615 1543 1675 1577 sed
1691 1543 1787 1575 nulla
1803 1555 1880 1586 spes
1894 1549 1943 1576 est
1959 1543 2105 1576 maioris
2116 1555 2210 1576 com-

1230 1595 1342 1628 modi:
1373 1606 1454 1637 ergo
1479 1594 1628 1626 defendo
1646 1593 1913 1637 rempublicam.
1964 1592 2134 1636 Epilogus
2149 1591 2211 1627 ha-

1228 1648 1286 1679 bet
1303 1645 1550 1689 repetitionem
1570 1651 1603 1676 et
1618 1643 1929 1687 amplificationem
1946 1643 2210 1687 propositionis.

1228 1697 1337 1730 Addit
1360 1695 1464 1728 etiam
1489 1696 1633 1728 brevem
1661 1693 1953 1738 significationem
1978 1705 2059 1728 suae
2085 1694 2212 1727 sollici-

1230 1747 1372 1782 tudinis.

1470 1820 1604 1855 Aliud
1641 1827 1968 1864 argumentum.

1331 1889 1524 1922 Pollicetur
1548 1887 1711 1921 Ciceroni
1734 1887 1885 1920 Plancus
1910 1899 1946 1920 se
1971 1886 2044 1920 eius
2066 1886 2210 1920 consilia

1232 1942 1268 1973 in
1294 1940 1573 1973 administranda
1596 1938 1774 1982 republica
1798 1943 2010 1971 secuturum.
2063 1936 2212 1971 Orditur

1232 2005 1250 2024 a
1279 1990 1586 2024 commendatione
1609 1989 1806 2021 litterarum
1830 1986 2020 2022 Ciceronis.
2073 1987 2210 2021 Deinde

1233 2049 1371 2075 excusat
1410 2041 1606 2084 neglectum
1636 2039 1811 2073 scribendi
1842 2038 1994 2071 officium
2026 2044 2059 2070 et
2092 2050 2213 2072 causas

1233 2098 1484 2126 commemorat
1500 2118 1509 2131 ,
1535 2103 1597 2124 cur
1612 2089 1773 2123 Ciceroni
1790 2089 1824 2121 in
1844 2089 2008 2123 omnibus
2023 2089 2213 2132 gratificari

1234 2145 1367 2177 debeat.
1422 2143 1581 2175 Tandem
1601 2140 1769 2185 proponit
1786 2152 1820 2173 se
1839 2140 1889 2172 illi
1906 2140 2056 2173 libenter
2080 2140 2213 2183 paritu—

1233 2208 1324 2229 rum.
1387 2193 1507 2226 Utitur
1531 2204 1602 2225 uno
1632 2197 1860 2234 argumento,
1896 2192 1990 2235 quod
2014 2190 2084 2223 iam
2109 2197 2212 2224 antea

1234 2247 1270 2278 in
1286 2258 1325 2279 ea
1343 2246 1485 2277 fortuna
1503 2243 1566 2282 sit,
1592 2248 1631 2275 ut
1655 2242 1784 2274 nullius
1809 2242 1986 2275 commodi
2009 2254 2070 2285 spe
2093 2253 2213 2286 passu-

1234 2310 1293 2330 rus
1310 2297 1353 2330 sit
1370 2308 1404 2329 se
1424 2307 1442 2327 a
1460 2292 1638 2338 republica
1656 2292 1793 2326 abduci.

1479 2377 1611 2410 Aliud
1645 2382 1968 2420 argumentum.

1334 2446 1491 2491 Epistola
1511 2451 1560 2478 est
1576 2444 1818 2488 responsoria,
1851 2455 1940 2489 quae
1966 2440 2071 2475 habet
2095 2441 2210 2486 primo

1237 2500 1311 2531 loco
1328 2497 1511 2530 exordium
1535 2495 1717 2527 continens
1741 2494 2020 2532 excusationem,
2055 2503 2116 2525 cur
2138 2503 2211 2524 non

1235 2548 1421 2593 scripserit.
1475 2546 1640 2591 Sequitur
1662 2544 1876 2589 propositio,
1912 2555 2000 2589 quae
2024 2540 2130 2575 habet
2152 2554 2211 2586 ap-

1268 2667 1315 2693 28)
1335 2666 1391 2688 Hoc
1409 2664 1595 2693 argumentum
1615 2664 1639 2686 et
1660 2661 1713 2686 trIa
1732 2660 1873 2692 sequentia
1892 2659 1917 2683 in
1936 2657 2019 2683 Editt.
2042 2657 2125 2687 ¹556.,
2148 2657 2213 2681 1555

1303 2699 1419 2722 -1596,
1439 2699 1554 2721 txstunt.
