2351 2990
105 113 184 149 937

210 198 446 233 Conferamus
478 198 533 239 id,
576 199 673 245 quod
697 211 792 232 nunc
814 199 912 233 dico:
957 199 1104 240 Orator,

107 249 170 295 qui
185 251 365 284 malorum
384 250 544 284 omnium
563 262 668 284 causa
692 250 828 290 extitit,
863 251 925 296 qui
948 251 1104 284 deseruit

107 300 239 341 aciem,
268 302 329 347 qui
345 302 433 346 fugit
450 314 492 334 ex
508 302 614 340 urbe,
643 300 699 334 hic
719 303 902 335 contendit
918 302 985 336 sibi
1003 314 1104 335 coro-

104 363 190 385 nam
210 359 244 386 et
259 353 492 398 praeconium
510 353 671 393 decerni,
698 365 773 386 non
789 353 1023 398 deportabitis
1040 351 1104 386 ho-

104 403 241 437 minem
260 411 431 451 tanquam
450 405 689 438 calamitatem
709 405 896 438 universae
908 404 1104 438 Graeciae?

106 461 170 489 aut
189 454 517 501 comprehendetis,
551 463 590 490 ut
605 456 648 489 de
667 468 708 489 eo
726 456 938 500 supplicium
956 455 1104 489 sumatis

105 511 279 553 tanquam
296 509 339 541 de
358 507 473 552 pirata
493 507 722 541 latrocinium
747 508 784 540 in
808 508 894 540 urbe
918 513 1104 552 praetextu

104 558 322 603 reipublicae
343 559 552 592 exercente?
607 559 770 604 Quaeso,
799 559 919 591 veniat
942 559 979 590 in
1004 570 1104 591 men-

104 615 177 643 tem
210 617 370 655 tempus,
412 623 483 656 quo
510 610 663 644 calculos
691 611 827 643 feretis:
868 610 969 643 brevi
999 615 1104 643 erunt

104 658 257 706 Pythia,
300 662 337 695 in
367 662 497 707 quibus
526 662 693 695 universa
719 662 869 695 Graecia
904 660 1102 694 conveniet.

103 711 222 746 Porro
247 714 339 747 male
365 713 465 746 audit
492 714 575 747 urbs
598 720 721 748 nostra
743 711 812 746 hoc
835 720 996 756 tempore
1020 724 1103 756 pro-

104 770 185 809 pter
218 766 392 810 quasdam
415 763 668 798 Demosthenis
697 765 867 798 actiones.
924 764 1046 808 Quare
1075 763 1104 796 si

103 817 323 850 coronabitis
341 829 420 849 eum
433 843 441 856 ,
475 816 685 849 videbimini
704 816 857 860 probare
876 826 1000 848 eorum
1021 827 1104 847 con-

103 866 203 908 silia,
231 868 293 913 qui
308 880 432 913 pacem
451 867 599 902 violant.
653 868 691 901 Si
710 874 829 901 autem
858 873 982 900 contra
1007 864 1103 899 hunc

104 919 286 959 statuetis,
314 919 511 964 purgabitis
529 917 592 953 has
609 919 838 964 suspiciones.

205 996 260 1031 Ne
277 996 386 1040 igitur
400 996 602 1031 deliberetis
620 1004 793 1042 tanquam
812 998 855 1030 de
871 996 986 1029 aliena
1003 995 1104 1036 urbe,

105 1047 166 1081 sed
185 1054 357 1093 tanquam
373 1049 415 1081 de
434 1056 570 1088 vestra,
594 1061 658 1082 nec
683 1049 831 1081 dividite
858 1045 1016 1081 honores
1039 1059 1104 1080 ceu

103 1100 296 1144 praedam,
324 1101 385 1133 sed
404 1100 615 1141 diiudicate,
653 1113 783 1145 eosque
810 1100 980 1133 collocate
1008 1098 1104 1142 apud

103 1151 272 1184 meliores
289 1151 386 1185 viros
402 1157 435 1184 et
452 1151 651 1195 digniores;
689 1158 723 1184 et
739 1164 812 1184 non
832 1157 971 1184 tantum
988 1162 1103 1188 aures,

103 1203 166 1235 sed
183 1202 291 1235 etiam
310 1203 432 1236 oculos
449 1202 634 1243 adhibete,
667 1210 700 1236 et
718 1202 880 1247 inspicite
898 1214 960 1235 vos
980 1200 1047 1244 ipsi
1065 1200 1103 1232 in

103 1250 171 1286 hac
187 1253 466 1293 deliberatione,
493 1255 555 1299 qui
571 1254 642 1288 sint
664 1255 821 1287 fautores
837 1251 1103 1292 Demosthenis,

102 1311 225 1339 utrum
253 1305 306 1338 illi
332 1305 422 1346 sint,
465 1305 527 1351 qui
558 1318 630 1339 una
660 1304 844 1338 venationi
870 1316 1017 1348 operam
1042 1304 1104 1335 de-

103 1357 254 1397 derunt,
282 1357 398 1390 autin
414 1357 609 1401 gymnasiis
628 1357 664 1389 in
688 1355 926 1390 adolescentia
950 1368 1021 1389 una
1049 1354 1103 1386 in-

102 1408 218 1442 stituti
240 1407 346 1443 sunt?
412 1407 496 1442 Non
518 1421 581 1453 per
604 1407 741 1447 lovem3
785 1420 860 1441 non
886 1407 981 1440 enim
1005 1406 1104 1440 dedit

102 1472 252 1506 operam
283 1460 486 1500 venationi,
530 1472 595 1493 nec
620 1460 795 1494 exercitiis
820 1461 1000 1504 corporis,
1042 1459 1103 1492 sed

103 1512 261 1546 exercuit
288 1519 401 1553 artes,
441 1512 570 1557 quibus
592 1511 739 1546 insidias
765 1518 918 1545 strueret
944 1511 1102 1555 locuple-

101 1564 210 1598 tibus.

208 1641 490 1679 Considerabitis
508 1640 615 1674 etiam
632 1641 707 1674 eius
730 1640 936 1673 iactantiam
950 1667 959 1681 ,
989 1652 1102 1687 quan-

103 1698 150 1731 do
176 1697 269 1730 dicet
292 1710 328 1732 se
352 1698 508 1742 legatum
536 1693 702 1726 liberasse
718 1691 934 1738 Byzantium
959 1699 993 1725 et
1015 1690 1102 1725 Phi·

101 1749 202 1794 lippo
218 1762 236 1783 e
253 1749 419 1783 manibus
437 1745 620 1790 eripuisse,
646 1746 856 1778 Acarnanos
871 1746 916 1778 ad
934 1744 1102 1778 defectio-

101 1814 186 1836 nem
220 1801 434 1839 concitasse,
479 1795 673 1831 Thebanos
704 1795 855 1829 dicendo
890 1797 1101 1841 perterrefe-

104 1853 202 1888 cisse.
255 1853 365 1887 Putat
382 1850 477 1885 enim
493 1862 556 1883 vos
573 1861 614 1882 eo
630 1848 866 1893 simplicitatis
892 1860 1099 1893 progressos

103 1918 199 1947 esse,
240 1912 280 1940 ut
311 1903 399 1939 haec
431 1902 639 1948 persuaderi
667 1901 766 1935 vobis
786 1900 909 1934 sinatis
934 1901 977 1934 ab
1001 1901 1097 1946 ipso;

303 112 490 149 XXXVIII.
532 111 757 149 INTERPR.
785 111 1048 149 ORATIONIS
1073 112 1319 151 AESCHINIS
1345 114 1544 151 CONTRA
1571 115 1958 154 CTESIPHONTEM.

1126 227 1132 464 l

2075 120 2150 157 938

1157 201 1354 236 arbitratur
1371 203 1464 237 enim
1488 216 1524 238 se
1547 216 1613 250 pro
1638 203 1781 238 suadela
1805 204 1951 247 haberi,
1983 218 2058 240 non
2083 218 2150 252 pro

1156 251 1391 298 sycophanta.

1260 305 1416 349 Quando
1447 312 1565 340 autem
1596 307 1634 340 in
1665 308 1734 341 fine
1762 308 1936 343 orationis
1960 310 2153 346 advocatos

1157 367 1239 389 suos
1280 356 1489 401 implorabit
1523 358 1638 393 socios
1672 372 1818 394 suarum
1853 362 2152 405 corruptelarum,

1157 407 1352 441 existimate
1371 421 1452 449 vos,
1487 417 1610 443 contra
1628 411 1702 445 eius
1718 412 1952 457 petulantiam
1970 413 2153 456 praeclare

1158 458 1304 492 meritos
1328 459 1421 493 cives
1452 467 1545 494 stare
1573 462 1784 503 instructos,
1818 475 1946 507 nempe
1970 463 2153 506 Solonem,

1157 510 1219 555 qui
1241 509 1386 554 optimis
1414 512 1550 555 legibus
1573 514 1757 548 constituit
1778 514 2000 555 libertatem,
2034 515 2150 549 virum

1156 561 1352 605 sapientem
1377 568 1411 595 et
1432 563 1702 608 legumlatorem
1733 566 1911 606 modeste,
1949 573 1989 599 ut
2011 572 2152 601 tantum

1156 612 1273 646 virum
1292 613 1412 653 decet,
1438 622 1625 658 rogantem
1642 629 1722 658 vos,
1750 630 1794 650 ne
1806 615 2059 652 Demosthenis
2073 631 2155 652 ora-

1157 664 1290 697 tionem
1308 665 1420 709 pluris
1435 666 1572 701 faciatis
1589 680 1697 713 quam
1724 668 1972 702 iusiurandum
1992 676 2027 702 et
2043 670 2154 715 leges;

1156 715 1242 748 item
1277 716 1494 757 Aristidem,
1534 719 1596 764 qui
1632 731 1771 753 annuos
1806 733 1929 754 census
1964 721 2154 756 universae

1157 767 1329 801 Graeciae
1355 769 1555 810 ordinavit,
1589 783 1660 816 quo
1684 778 1828 805 mortuo
1854 772 1943 805 filias
1970 772 2045 807 eius
2069 774 2154 806 civi-

1157 826 1210 853 tas
1229 820 1401 861 eloeavit,
1430 821 1676 866 indignantem
1696 829 1794 855 tanta
1823 824 2037 856 contumelia
2062 825 2152 858 asfici

1157 871 1350 911 iustitiam,
1392 879 1427 904 et
1459 872 1742 917 interrogantem
1767 887 1846 908 cum
1872 875 2027 909 maiores
2047 874 2155 909 Arth-

1158 923 1268 956 mium
1287 923 1424 956 Zeliten
1440 924 1646 958 afferentem
1666 938 1793 959 aurum
1812 939 1853 959 ex
1865 926 1980 960 Medis
1997 927 2034 959 in
2044 928 2155 961 Grae-

1158 974 1269 1015 ciam,
1303 981 1337 1008 et
1361 973 1538 1020 hospitem
1556 975 1848 1018 Atheniensium,
1884 989 1996 1021 paene
2021 979 2155 1012 occide-

1157 1026 1248 1067 rint,
1276 1033 1311 1060 et
1323 1026 1490 1060 iusserint
1506 1028 1592 1061 urbe
1611 1035 1644 1062 et
1659 1029 1736 1062 solo
1749 1027 1959 1062 Atheniensi
1977 1032 2156 1071 excedere,

1157 1089 1244 1111 num
1263 1079 1395 1122 pudeat
1411 1091 1474 1112 vos
1492 1091 1666 1113 coronare
1676 1078 1975 1121 Demosthenem,
2003 1082 2065 1126 qui
2081 1094 2155 1115 non

1158 1129 1275 1163 attulit
1306 1127 1375 1163 huc
1408 1142 1534 1164 aurum
1567 1126 1735 1176 peregre,
1770 1132 1831 1165 sed
1855 1132 1898 1164 ab
1924 1133 2050 1166 exteris
2073 1146 2155 1167 con-

1157 1182 1282 1214 ductus
1302 1188 1364 1215 est.

1260 1232 1344 1266 Non
1369 1232 1502 1277 putatis
1525 1234 1707 1274 futurum,
1746 1240 1787 1268 ut
1808 1232 2087 1276 Themistocles,
2122 1243 2157 1269 et

1156 1283 1227 1323 illi,
1264 1284 1326 1329 qui
1350 1284 1388 1316 in
1412 1283 1629 1318 Marathone
1654 1291 1689 1318 et
1712 1285 1868 1319 Plataeis
1899 1288 2156 1328 occubuerunt,

1157 1340 1191 1367 et
1214 1334 1290 1378 ipsa
1314 1335 1494 1369 maiorum
1520 1343 1721 1371 vestrorum
1746 1345 1979 1371 monumenta
2006 1338 2156 1382 ingemi-

1156 1392 1274 1427 scant,
1301 1386 1331 1420 si
1348 1388 1580 1422 coronabitur
1599 1388 1684 1429 iste,
1718 1389 1780 1434 qui
1804 1401 1884 1422 cum
1908 1390 2070 1424 barbaris
2095 1391 2156 1423 ad-

1156 1449 1280 1472 versus
1301 1437 1457 1473 Graecos
1484 1441 1618 1474 sensit?
1676 1440 1753 1485 Ego
1779 1440 1944 1485 quidem,
1981 1454 2002 1475 o
2027 1441 2155 1483 Terra,

1157 1502 1177 1522 o
1196 1489 1277 1531 Sol,
1312 1502 1332 1523 o
1356 1489 1489 1531 virtus,
1521 1493 1731 1536 prudentia,
1759 1491 1968 1536 disciplina,
1996 1505 2064 1540 qua
2090 1491 2157 1527 ho-

1156 1547 1255 1575 nesta
1292 1548 1327 1574 et
1362 1542 1481 1587 turpia
1519 1544 1773 1584 discernimus,
1816 1551 1990 1589 quantum
2026 1546 2063 1578 in
2096 1558 2155 1579 me

1155 1592 1240 1632 fuit,
1268 1592 1366 1626 volui
1382 1593 1505 1628 iuvare
1523 1597 1780 1641 rempublicam
1795 1621 1805 1635 ‚
1842 1602 1876 1629 et
1892 1609 1956 1630 vos
1982 1594 2050 1630 hac
2074 1609 2155 1630 ora-

1155 1643 1252 1677 tione
1281 1646 1549 1681 commoneseci.
1612 1648 1720 1693 Quod
1743 1649 1773 1682 si
1796 1659 1863 1692 pro
1889 1648 2061 1693 dignitate
2088 1649 2154 1682 cri·-

1155 1708 1238 1728 men
1266 1697 1446 1738 accusavi,
1486 1698 1577 1739 dixi,
1619 1706 1659 1733 ut
1680 1699 1795 1738 volui;
1850 1699 2045 1735 sinautem
2073 1713 2154 1733 ora-

1154 1747 1205 1780 tio
1231 1760 1306 1780 non
1329 1747 1397 1781 fuit
1422 1760 1488 1793 par
1512 1751 1754 1794 magnitudini
1777 1752 1850 1792 rei,
1889 1751 1983 1792 dixi,
2024 1758 2063 1784 ut
2087 1765 2152 1797 po-

1154 1799 1217 1833 tui.
1276 1798 1350 1832 Vos
1367 1806 1486 1833 autem
1503 1814 1545 1834 ex
1559 1799 1634 1843 his,
1662 1815 1753 1848 quae
1771 1803 1865 1843 dixi,
1893 1809 1927 1836 et
1943 1815 1984 1836 ex
1999 1803 2095 1844 aliis,
2123 1805 2151 1837 si

1154 1850 1239 1896 quid
1256 1852 1492 1895 praetermisi,
1520 1855 1616 1900 quod
1634 1854 1765 1888 iustum
1786 1861 1836 1889 est
1852 1861 1886 1888 et
1900 1867 1940 1888 ex
1957 1856 2151 1900 republica,

1153 1902 1344 1937 decernite.
