2351 2990
102 137 202 175 1093
352 135 458 171 XLII.

99 237 202 265 mur,
237 223 410 257 exercitus
433 221 566 257 habeat
591 230 823 258 commeatus.
888 223 978 256 Cum
1008 222 1103 256 enim

99 277 146 312 sit
168 287 337 320 magnus,
379 274 478 309 nulla
509 287 590 309 eum
615 286 688 308 una
716 275 839 309 civitas
863 275 997 319 poterit
1016 274 1105 308 reci-

98 340 197 373 pere,
258 327 448 372 Apparare
474 332 618 371 oportet
643 333 678 360 et
700 327 790 368 alia,
827 333 1002 373 quantum
1025 326 1103 360 fieri

98 385 235 425 potest,
262 391 329 413 nec
345 379 502 424 pendere
520 390 562 411 ex
579 378 670 413 aliis.

201 430 269 465 Sed
287 442 374 475 prae
391 429 558 464 omnibus
575 429 764 475 pecuniam
780 442 846 465 nos
863 428 947 464 hinc
970 428 1102 464 hahere

99 489 255 528 oportet.
308 481 398 516 Eam
408 481 455 528 54)
473 481 589 522 enim,
616 494 708 528 quae
728 483 824 528 apud
836 482 1033 527 Egestanos
1048 493 1102 515 re-

97 534 215 580 posita
239 546 312 569 esse
337 532 487 575 dicitur,
530 533 727 568 existimate
758 534 875 569 verbis
905 534 1101 580 repositam

98 599 184 621 esse.
235 584 401 631 Denique
418 584 448 619 si
463 585 733 627 accesserimus,
759 599 834 620 non
855 586 971 621 solum
996 598 1101 631 pares

95 635 278 679 hostibus,
321 637 446 671 saltem
478 644 654 683 quantum
685 639 730 671 ad
759 638 997 683 legionarios,
1040 638 1101 672 sed

97 689 206 723 etiam
225 689 328 723 omni
349 696 528 734 apparatu
551 690 771 735 superiores:
807 697 926 723 tamen
953 690 1012 723 vix
1038 702 1100 733 po-

94 741 244 775 terimus
260 740 372 786 potiri
389 740 587 786 aliquibus,
616 748 650 775 et
666 742 784 788 aliqua
804 742 971 776 retinere.
1031 740 1101 774 Ve-

94 793 173 826 niat
191 800 225 827 et
243 791 313 826 hoc
329 793 368 825 in
384 799 542 826 mentem
554 820 564 834 ,
593 795 690 839 quod
709 793 980 838 proficiscamur
999 791 1100 826 habi-

97 844 263 891 taturis‘s‘)
286 844 381 878 inter
406 844 616 889 peregrinos
641 852 675 879 et
698 843 838 886 hostes,
872 852 907 879 et
932 851 1099 890 oportere

96 909 163 930 nos
181 896 299 942 prima
323 895 444 930 statim
470 896 547 937 die,
582 897 787 943 ubicunque
809 909 918 931 naves
943 897 1100 942 applica-

93 949 203 989 bunt,
248 954 385 981 terram
409 947 568 994 aliquam
594 961 789 994 occupare,
831 955 892 983 aut
920 949 1029 989 scire,
1071 948 1100 983 si

93 1000 322 1040 frustremur,
351 1000 449 1045 quod
463 997 660 1034 habitaturi
676 1001 786 1036 simus
803 999 947 1035 hostilia
964 999 1099 1034 omnia.

95 1051 205 1097 Quod
235 1063 300 1096 ego
334 1053 415 1087 curn
448 1058 626 1093 metuam,
667 1060 702 1086 et
725 1053 834 1086 sciam
858 1053 895 1085 in
920 1052 1099 1098 plerisque

93 1109 193 1137 recto
219 1102 389 1143 consilio,
433 1103 471 1144 in
493 1104 608 1137 multo
631 1104 794 1149 pluribus
824 1105 919 1138 bona
954 1105 1098 1138 fortuna

96 1167 188 1200 opus
216 1167 308 1196 esse,
350 1167 507 1200 quorum
532 1161 726 1202 utrumque
748 1156 889 1190 difficile
916 1162 985 1196 est,
1019 1168 1099 1189 cum

94 1205 262 1240 homines
281 1207 402 1241 simus.
454 1206 639 1240 Fortunae
664 1208 727 1241 etsi
751 1221 807 1241 me
831 1207 981 1241 minime
1005 1220 1100 1240 com-

96 1259 221 1292 mitto:
250 1265 372 1291 tamen
390 1258 473 1291 volo
491 1259 661 1303 navigare
680 1266 857 1304 apparatu
872 1259 1099 1293 convenienti

95 1310 260 1344 navibus.
314 1309 411 1342 Haec
429 1309 525 1342 enim
544 1310 707 1343 existimo
723 1310 919 1350 tutissima,
948 1317 981 1343 et
997 1310 1101 1344 nobis

95 1361 268 1396 salutaria
292 1373 378 1396 esse.
440 1360 477 1394 Si
502 1361 557 1394 cui
586 1361 688 1395 aliter
712 1362 873 1401 videtur,
907 1360 990 1395 huic
1014 1363 1100 1395 cedo

96 1413 303 1459 imperium.

306 1489 472 1524 Oratio
501 1488 895 1537 Hermocratisffi).

201 1557 429 1593 Incredibilia
446 1557 607 1591 fortassis
619 1583 628 1598 ,
655 1564 695 1591 ut
709 1557 770 1590 alii
788 1557 934 1604 quidam
947 1585 956 1599 ,
985 1557 1102 1591 dicere

99 1612 202 1646 vobis
228 1611 401 1651 videbor,
443 1610 626 1643 affirmans
652 1622 775 1642 veram
802 1622 875 1643 esse
900 1610 1034 1643 famam
1059 1610 1102 1643 de

98 1665 257 1699 adventu
274 1661 411 1703 classis,
438 1668 473 1695 et
490 1661 563 1696 scio
581 1673 660 1703 eos,
687 1661 749 1707 qui
765 1661 888 1695 dicunt
900 1688 909 1703 ,
935 1673 1028 1707 quae
1047 1674 1104 1696 su-

98 1729 165 1762 pra
180 1715 287 1749 fidem
303 1720 407 1755 sunt,
433 1726 509 1747 non
530 1714 647 1748 solum
673 1726 749 1747 non
771 1714 1007 1759 persuadere,
1043 1714 1103 1748 sed

99 1768 209 1802 etiam
228 1767 411 1801 dementes
427 1765 561 1799 videri:
590 1778 665 1798 non
683 1772 805 1799 tamen
828 1766 1018 1799 deterritus
1043 1767 1103 1799 (le-

99 1820 236 1860 sinam,
260 1831 341 1853 cum
356 1817 574 1863 reipublicae
590 1824 731 1851 tantum
748 1817 946 1863 periculum
964 1817 1103 1862 impen-

101 1873 202 1913 deat,
230 1883 311 1904 cum
329 1870 481 1904 certiora
499 1869 608 1903 sciam
625 1882 733 1915 quam
753 1869 826 1904 alii,

203 1921 442 1956 Athenienses
467 1928 593 1955 contra
615 1934 698 1962 vos,
741 1922 839 1968 quod
867 1921 969 1954 valde
994 1921 1103 1954 mira-

100 1974 210 2017 mini,
238 1987 320 2009 cum
337 1986 469 2018 magno
488 1973 645 2007 exer-citu
666 1973 787 2006 navali
810 1980 844 2007 et
870 1972 1027 2018 pedestri
1046 1985 1105 2006 ve-

100 2027 227 2068 niunt,
255 2032 442 2071 praetextu
458 2026 603 2071 quidem
618 2024 816 2070 Egestanae
837 2025 1035 2066 societatis,
1071 2031 1105 2058 et

100 2078 322 2113 reductionis
344 2078 628 2115 Leontinorum;
682 2078 743 2111 sed
765 2090 803 2111 re
828 2077 925 2122 ipsa,
966 2084 1006 2111 ut
1026 2076 1104 2111 uni-

100 2143 204 2165 versa
221 2129 342 2165 Sicilia
359 2130 546 2175 potiantur
557 2156 566 2170 ,
594 2142 633 2162 ae
650 2129 841 2175 praecipue
864 2135 987 2164 nostra
1003 2129 1104 2170 urbe,

101 2183 365 2222 existimantes,
397 2179 466 2215 hac
490 2182 578 2216 urbe
602 2188 793 2227 occupata,
837 2187 974 2215 caetera
1002 2181 1103 2215 facile

101 2235 142 2268 in
162 2234 326 2280 ipsorum
348 2239 562 2278 potestatem
587 2233 701 2278 redigi
718 2245 833 2279 posse.
888 2233 978 2267 Cum
995 2233 1105 2278 igitur

102 2286 206 2321 brevi
229 2284 390 2320 adfuturi
410 2285 501 2327 sint,
540 2285 589 2320 sic
616 2299 679 2320 vos
703 2298 770 2331 pro
793 2285 975 2330 praesenti
1000 2285 1103 2331 copia

102 2343 228 2384 parate
239 2364 249 2378 ,
276 2344 316 2371 ut
331 2337 466 2382 optime
483 2349 543 2372 eos
558 2338 736 2383 depellere
751 2337 893 2383 possitis
904 2365 913 2379 ,
940 2349 1006 2372 nec
1021 2350 1104 2372 con-

103 2390 300 2425 temnendo
318 2386 479 2431 hostem,
512 2388 834 2435 deprehendamini
849 2402 924 2423 non
939 2402 1105 2436 praemu-

102 2442 192 2483 niti,
218 2453 285 2475 nec
298 2453 375 2475 rem
391 2454 466 2475 non
483 2443 682 2484 credendo,
710 2442 832 2476 omnia
849 2442 1048 2488 negligatis.

207 2493 246 2528 Si
263 2493 321 2528 cui
338 2505 423 2527 vero
441 2494 624 2528 credibilia
642 2495 759 2529 dicere
774 2494 899 2529 videor
912 2522 921 2536 ,
942 2495 971 2530 is
988 2507 1105 2542 neque

100 2545 292 2581 audaciam
309 2572 319 2587 ‚
370 2557 487 2592 neque
522 2547 616 2581 vires
650 2545 924 2582 Atheniensium
959 2553 1106 2582 metuat.

139 2662 189 2691 54)
206 2660 290 2690 Eam]
309 2658 358 2684 Ed.
383 2659 456 2683 1562.
478 2660 528 2684 Ea.

140 2705 189 2733 55)
207 2701 372 2732 habitaturi]
397 2703 437 2727 sic
456 2703 507 2728 Ed.
532 2703 606 2728 1562.
634 2703 660 2728 in
684 2699 857 2736 corrigendis
876 2714 910 2727 :-
928 2706 1048 2737 Thucyd.
1068 2706 1108 2732 01-

174 2737 333 2769 κειοῦντας;
359 2738 387 2761 in
407 2738 466 2768 ipsa
488 2738 613 2762 oratione
633 2740 657 2764 h.
673 2739 690 2763 1.
711 2740 828 2771 legitur:
854 2740 980 2765 habituri.

138 2782 188 2811 56)
207 2780 329 2812 Thucyd.
351 2781 405 2813 Vl,
424 2781 468 2806 33.
488 2780 530 2806 34.

514 134 917 171 INTERPRETATIO
944 134 1243 171 ORATIONUM
1270 135 1333 170 EX
1359 135 1654 171 THUCYDIDIS
1682 136 1829 171 LIBRO
1855 136 1913 173 VI.

2063 137 2162 174 1094

1158 223 1241 257 *Non
1259 222 1354 256 enim
1372 222 1485 268 magis
1500 223 1643 257 laedere
1658 235 1723 257 nos
1741 230 1909 268 possunt,
1937 236 2045 270 quam
2064 224 2160 258 laedi

1158 286 1176 307 a
1197 274 1313 308 nobis.
1373 275 1481 320 Quod
1498 287 1584 309 vero
1605 288 1685 309 cum
1700 287 1829 320 magna
1847 276 1954 309 classe
1973 276 2159 316 accedunt,

1156 325 1193 359 id
1210 325 1314 360 nobis
1331 338 1405 359 non
1424 326 1549 360 inutile
1570 333 1640 367 est,
1667 328 1728 360 sed
1744 333 1894 372 propter
1914 328 2001 362 alios
2020 328 2158 363 Siculos

1156 378 1278 412 utilius
1296 383 1358 411 est.
1412 377 1598 413 Libentius
1617 378 1713 412 enim
1732 391 1767 413 se
1782 378 1887 412 nobis
1906 378 1943 411 in
1968 376 2036 412 hoc
2060 392 2157 413 com-

1156 430 1258 463 muni
1281 429 1441 474 periculo
1466 430 1682 475 adiungent,
1716 436 1751 464 et
1775 430 1848 464 sive
1873 442 1932 464 eos
1954 430 2158 473 vicerimus,

1155 481 1229 515 sive
1246 481 1504 525 repulerimus,
1530 489 1571 516 ut
1588 494 1625 515 re
1642 482 1770 515 infecta
1782 509 1790 522 ,
1819 494 1928 528 quam
1946 482 2158 525 moliuntur,

1156 534 1336 567 discedere
1354 539 1545 577 cogantur;
1574 546 1648 567 non
1673 533 1767 567 enim
1794 533 1957 567 existimo
1984 535 2158 578 perfectu-

1154 597 1214 619 ros
1240 596 1334 625 esse,
1379 597 1472 630 quae
1505 592 1711 630 expectant,
1752 585 1933 629 praeclare
1968 586 2154 619 nobiscum

1154 643 1291 681 agetur.
1353 636 1461 681 Quod
1480 643 1519 670 ut
1534 649 1693 681 sperem,
1720 634 1808 670 haec
1826 649 1882 670 me
1899 649 2003 671 causa
2023 644 2156 673 movet.

1153 688 1397 722 Paucissimae
1416 700 1566 732 magnae
1585 689 1711 723 classes
1731 687 1889 722 Graecae
1915 696 1976 722 aut
1993 689 2156 722 barbari-

1154 753 1232 781 cae,
1266 740 1394 785 procul
1420 752 1438 772 a
1464 740 1580 784 patria
1604 740 1805 784 profectae,
1845 738 2049 774 habuerunt
2073 753 2157 786 pro-

1153 804 1276 836 speros
1305 804 1496 826 successus.
1560 791 1645 826 Non
1675 790 1770 824 enim
1805 799 1975 836 superant
2004 805 2156 827 numero

1153 843 1358 878 universam
1377 843 1471 877 illius
1489 843 1646 887 regionis
1663 842 1929 876 multitudinem
1942 870 1951 883 ,
1980 845 2024 877 ad
2048 856 2156 890 quain

1154 896 1347 936 accedunt,
1374 895 1457 941 quia
1482 896 1604 928 onmia
1631 894 1763 939 oppida
1791 895 1973 929 communi
1998 902 2096 929 metu
2120 908 2156 931 se

1154 948 1398 992 coniungunt,
1427 953 1461 980 et
1479 959 1558 980 cum
1577 947 1714 980 defectu
1732 958 1852 980 rerum
1872 947 2156 981 necessariarum

1155 1000 1279 1033 cedere
1310 1005 1498 1043 coguntur.
1566 998 1798 1044 Quamquam
1829 998 1976 1043 proprIa
2002 999 2155 1044 penuria

1152 1052 1220 1085 suit
1243 1063 1346 1085 causa
1366 1051 1490 1094 fugae,
1529 1057 1648 1084 tamen
1672 1050 1823 1095 gloriani
1849 1049 2020 1084 victoriae
2044 1049 2156 1085 hosti-

1153 1104 1219 1138 bus
1234 1103 1460 1148 relinquunt:
1489 1102 1579 1136 sicut
1597 1109 1631 1136 et
1650 1102 1716 1146 ipsi
1733 1099 1970 1136 Athenienses
1986 1102 2071 1136 clari
2093 1116 2158 1148 po-

1153 1162 1338 1201 tentesque
1362 1154 1447 1187 sacti
1472 1160 1573 1195 sunt,
1609 1167 1688 1187 cum
1705 1153 1823 1193 Medi,
1859 1154 1921 1200 qui
1947 1154 2159 1189 dicebantur

1154 1213 1280 1241 contra
1307 1203 1466 1240 Athenas
1503 1205 1643 1240 duxisse
1680 1205 1893 1245 exercitum,
1944 1207 2156 1253 plerumque

1154 1258 1312 1305 propriis
1328 1258 1455 1291 erratis
1471 1257 1661 1291 infeliciter
1677 1263 1939 1302 pugnaverunt.

1257 1310 1331 1345 Nec
1346 1310 1609 1355 desperandum
1628 1316 1678 1344 est
1702 1321 1768 1343 nos
1789 1308 1897 1343 simili
1921 1311 2030 1343 modo
2054 1322 2158 1355 supe-

1155 1361 1269 1396 riores
1302 1363 1391 1396 sore.
1461 1361 1582 1406 Quare
1611 1361 1777 1394 alacriter
1810 1373 2068 1406 praeparemus
2103 1374 2156 1402 ea,

1157 1425 1247 1459 quae
1271 1411 1329 1445 hic
1354 1413 1550 1447 necessaria
1578 1419 1678 1453 sunt,
1719 1419 1751 1446 et
1777 1412 1892 1447 missis
1918 1413 2157 1458 legationibus

1157 1466 1201 1497 ad
1220 1471 1379 1498 caeteros
1398 1465 1554 1505 Siculos,
1587 1465 1701 1498 socios
1718 1465 1988 1506 confirmemus,
2025 1472 2058 1498 et
2080 1467 2159 1511 plu-

1156 1529 1211 1550 res
1229 1517 1333 1550 nobis
1353 1515 1610 1560 adiungamus,
1645 1523 1678 1549 et
1703 1529 1782 1550 cum
1801 1516 1962 1558 Siciliae,
1992 1524 2068 1551 tum
2091 1517 2161 1551 Ita-

1156 1569 1225 1602 liae
1244 1569 1493 1608 ostendamus,
1522 1580 1711 1601 commune
1729 1568 1927 1613 periculum
1947 1581 2032 1604 esse.
2070 1569 2161 1604 Cen-

1156 1633 1215 1654 seo
1249 1618 1505 1664 Carthaginem
1535 1620 1670 1664 legatos
1701 1620 1894 1654 mittendos
1926 1633 2018 1662 esse,
2067 1634 2159 1668 quae

1157 1684 1297 1717 semper
1320 1671 1448 1705 metuit
1463 1669 1739 1705 Atheniensium
1766 1673 1983 1713 adventum,
2020 1686 2061 1707 ac
2086 1674 2157 1708 iam

1156 1723 1413 1758 ratiocinantes
1449 1721 1768 1768 Carthaginenses,
1813 1724 1841 1758 si
1877 1737 1943 1758 nos
1979 1726 2159 1767 deserant,

1157 1789 1230 1810 sese
1250 1776 1287 1809 in
1304 1776 1464 1821 periculo
1481 1776 1620 1810 futuros
1637 1788 1722 1816 esse,
1750 1775 1918 1810 libentius
1933 1777 2038 1812 nobis
2053 1791 2158 1823 opem

1156 1829 1293 1868 ferent,
1333 1834 1394 1861 aut
1421 1827 1512 1860 clam
1536 1834 1597 1861 aut
1619 1827 1760 1872 palam,
1799 1834 1862 1861 aut
1883 1827 2005 1873 aliquo
2029 1832 2158 1871 modo;

1158 1880 1354 1925 plurimum
1383 1878 1479 1912 enim
1504 1879 1584 1912 auri
1609 1885 1643 1912 et
1670 1879 1808 1923 argenti
1833 1879 2035 1924 possident,
2064 1884 2161 1917 unde

1156 1932 1249 1965 bella
1276 1938 1311 1965 et
1335 1930 1404 1965 alia
1432 1929 1575 1975 negotia
1602 1930 1826 1964 commodius
1851 1931 2163 1970 administrantur.

1157 1983 1327 2017 Mittendi
1346 1989 1379 2017 et
1396 1984 1441 2017 ad
1458 1983 1763 2016 Lacedaemonios
1780 1989 1814 2016 et
1832 1982 2046 2019 Corinthum
2058 2014 2068 2027 ,
2099 1987 2163 2033 qui

1158 2034 1369 2076 hortentur,
1396 2041 1435 2069 ut
1453 2032 1522 2069 huc
1540 2034 1671 2068 auxilia
1696 2034 1860 2076 mittant,
1897 2041 1931 2069 et
1958 2036 2062 2072 isthic
2086 2039 2161 2073 hel-

1156 2088 1232 2122 lum
1248 2099 1371 2121 rursus
1386 2093 1558 2121 moveant
1575 2093 1698 2120 contra
1717 2084 1965 2122 Athenienses.

1262 2139 1371 2185 Quod
1402 2145 1520 2173 autem
1551 2138 1706 2172 maxime
1734 2139 1964 2184 profuturum
1996 2140 2159 2177 existimo

1158 2191 1227 2226 hoc
1253 2198 1435 2237 tempore,
1481 2191 1545 2225 etsi
1572 2203 1636 2225 vos
1667 2197 1816 2236 propter
1851 2192 2022 2226 usitatum
2058 2193 2160 2229 vobis

1158 2256 1320 2278 amorem
1344 2243 1409 2277 otii
1432 2242 1609 2288 gravatim
1634 2243 1948 2288 obtemperabitis,
1975 2244 2092 2279 dicam
2110 2252 2163 2280 ta-

1157 2308 1253 2331 men.
1306 2294 1444 2329 Vellem
1466 2295 1654 2329 universos
1670 2294 1807 2329 Siculos
1833 2302 1894 2330 aut
1917 2308 2025 2343 quam
2050 2298 2163 2343 pluri-

1158 2361 1237 2383 mos
1253 2347 1439 2382 nobiscum
1457 2347 1618 2382 deductis
1634 2347 1768 2382 cunctis
1790 2348 1942 2383 navibus
1964 2362 2044 2383 cum
2067 2350 2161 2386 ciba-

1158 2401 1221 2435 riis
1241 2400 1396 2434 duorum
1415 2400 1592 2434 mensium
1612 2412 1799 2435 occurrere
1822 2400 1871 2435 eis
1897 2402 1941 2435 ad
1959 2401 2160 2438 Tarentum

1161 2460 1195 2487 et
1210 2452 1501 2498 promontorium
1514 2451 1713 2498 Iapygium,
1741 2459 1776 2486 et
1793 2454 1980 2487 ostendere
1998 2453 2060 2496 eis,
2086 2468 2163 2491 non

1159 2505 1259 2551 prius
1284 2506 1327 2538 de
1354 2505 1472 2539 Sicilia
1498 2510 1678 2538 certamen
1707 2505 1802 2546 fore,
1840 2517 1950 2552 quam
1982 2507 2024 2539 de
2055 2508 2162 2542 traie-

1161 2557 1277 2591 ctione
1295 2557 1406 2592 maris
1424 2556 1528 2591 Ionii.
1582 2556 1639 2590 Sic
1658 2569 1829 2602 magnum
1847 2556 1896 2591 eis
1915 2564 2090 2592 terrorem
2107 2560 2162 2594 in-

1162 2615 1381 2650 cuteremus,
1421 2615 1456 2643 et
1488 2609 1533 2643 ad
1564 2605 1658 2642 hanc
1689 2608 1943 2654 cogitationem
1969 2610 2162 2646 adducere-

1162 2674 1260 2703 mus,
1284 2661 1408 2695 venire
1424 2673 1491 2696 nos
1509 2674 1526 2695 e
1540 2660 1662 2694 sociali
1677 2667 1786 2702 terra,
1814 2667 1848 2695 et
1863 2661 1900 2694 in
1916 2661 2069 2696 statione
2089 2676 2163 2699 esse

1163 2715 1207 2747 ad
1225 2714 1399 2749 arcendos
1418 2726 1477 2748 eos
1497 2726 1516 2747 a
1539 2712 1678 2753 Sicilia;
1713 2712 1882 2760 (excipiet
1897 2713 1993 2747 enim
2010 2727 2076 2749 nos
2092 2715 2164 2751 Ta-

1162 2766 1337 2811 rentum,)
1365 2766 1432 2801 sibi
1446 2778 1531 2801 vero
1552 2777 1724 2810 magnum
1740 2765 1886 2812 pelagus
1905 2769 2164 2804 transeundum

1556 2815 1640 2852 69*
