2351 2990
169 143 242 178 399

465 216 858 265 Argumentumw).

271 291 442 327 Petitoria
461 296 522 323 est.
564 287 669 331 Cupit
686 285 778 318 enim
796 283 928 316 Brutus
941 307 950 320 ,
977 286 1017 314 ut
1033 279 1156 314 Cicero

171 345 324 388 corrigat
340 355 419 376 suas
440 342 574 374 litteras
593 339 635 369 ad
661 341 821 370 senatum
840 332 999 375 scriptas.
1052 330 1158 363 Ordi-

172 406 228 432 tur
261 396 303 428 ab
335 395 408 438 ipsa
435 388 695 436 propositione,
739 385 792 418 cui
825 383 972 417 subiecit
1003 382 1160 415 rationes

170 445 345 483 scribendi
363 458 380 476 a
402 441 616 475 necessitate.
671 437 770 469 Circa
792 436 897 468 finem
918 440 967 467 est
985 433 1052 466 alia
1071 432 1160 477 peti-

171 501 220 534 tio
244 499 285 530 de
296 493 464 527 Vicetinis
473 491 517 535 77)
541 489 575 521 in
594 494 718 521 senatu
736 485 946 519 adiuvandis
964 491 1086 517 contra
1106 496 1161 516 ac-

173 548 390 583 cusationem
414 552 611 576 servorum.

417 615 555 650 Aliud
582 617 908 657 argumentum.

272 682 520 721 Admonitoria
548 688 600 714 est
622 687 655 713 et
679 678 845 724 petitoria
871 677 1030 721 epistola.
1082 674 1160 709 Pri-

172 751 268 773 mum
304 736 399 769 enim
429 735 599 767 admonet
624 733 666 764 de
692 730 762 764 suis
783 729 906 762 litteris
931 729 976 760 ad
999 733 1160 761 senatum

170 789 327 834 scriptis,
357 797 443 832 quas
461 784 583 818 Cicero
600 795 664 826 pro
682 794 745 815 suo
769 779 916 813 arbitrio
941 784 1079 811 mutare
1104 778 1163 810 de-

173 844 241 874 bet.
319 837 456 870 Deinde
498 834 605 879 petit,
653 839 692 866 ut
729 831 909 864 Vicetinos
924 829 969 876 77)
1000 827 1162 862 homines

172 892 325 936 optimos
347 894 469 921 contra
487 896 670 919 servorum
687 883 860 915 malitiam
879 881 1056 914 defendat.
1095 878 1162 911 Or-

172 944 267 976 ditur
285 941 402 985 itaque
419 950 437 971 a
455 935 661 969 narratione
678 934 721 966 de
742 934 813 967 suis
831 932 956 965 litteris
973 937 1007 963 et
1023 931 1064 963 de
1080 929 1162 962 belli

172 992 387 1027 difficultate.
461 989 589 1021 Postea
624 984 766 1019 subiicit
804 982 1164 1020 commendationem,

174 1044 292 1078 addita
317 1040 506 1086 petitione,
541 1049 584 1070 nc
622 1036 659 1068 in
689 1047 793 1068 causa
825 1033 960 1078 optima
986 1031 1164 1065 Vicetinos

175 1097 323 1129 deserat.

419 1164 555 1199 Aliud
584 1165 911 1206 argumentum.

277 1232 444 1270 Narratio
471 1237 540 1270 est,
575 1241 665 1275 quae
689 1226 847 1260 continet
877 1223 1053 1268 duplicem
1078 1222 1165 1266 peti-

177 1289 323 1322 tionem.
377 1284 495 1318 Altera
515 1287 583 1320 est,
610 1286 650 1313 ut
670 1279 804 1311 litteras
830 1277 874 1309 ad
898 1280 1060 1308 senatum
1082 1273 1166 1306 mis-

175 1352 229 1373 sas
256 1338 353 1382 prius
373 1334 531 1380 perlegat
554 1337 588 1364 et
610 1342 675 1375 pro
699 1340 761 1362 sna
787 1327 970 1359 voluntate
989 1325 1163 1369 quaedam

176 1396 299 1423 mutet.
377 1386 516 1422 Altera,
563 1387 602 1415 ut
636 1380 779 1413 adiuvet
812 1388 953 1410 causam
986 1374 1165 1407 Vicetino-

176 1454 255 1474 rum
273 1440 318 1483 7³³)
356 1435 582 1470 iustissimam
620 1437 743 1464 contra
784 1427 994 1461 domesticos
1035 1437 1164 1459 servos.

176 1493 291 1525 Porro
311 1490 406 1534 quod
424 1488 465 1519 de
485 1484 613 1518 Martia
631 1489 663 1515 et
683 1481 818 1525 Quarta
839 1478 975 1521 legione
994 1477 1095 1515 dicit,
1130 1476 1164 1507 id

177 1543 224 1577 sic
241 1554 275 1575 se.
294 1539 412 1573 habet.
464 1536 620 1569 Fuerant
635 1531 701 1565 hae
718 1533 807 1563 duae
829 1529 984 1572 legiones
1009 1528 1044 1560 in
1070 1538 1166 1559 exer-

179 1594 249 1627 citu
268 1587 519 1625 Macedonico,
548 1596 652 1630 quem
675 1583 711 1615 C.
726 1581 853 1614 Caesar
870 1585 992 1611 contra
1012 1575 1164 1611 Parthos

181 1641 447 1684 conscripserat.
500 1637 614 1669 Erant
631 1640 749 1666 antem
769 1631 922 1674 legiones
940 1641 1008 1662 sex.
1055 1629 1166 1660 Anto-

179 1695 257 1727 nius
275 1692 380 1736 igitur
398 1701 475 1721 cum
494 1700 573 1720 eum
591 1684 782 1718 exercitum
803 1683 845 1713 ad
868 1693 902 1716 se
922 1679 1166 1718 transtulisset,

180 1752 212 1778 et
232 1745 359 1777 Caesar
373 1737 584 1772 defendendi
599 1734 758 1778 corporis
776 1733 830 1766 sui
853 1742 955 1764 causa
982 1731 1026 1762 ob
1050 1730 1167 1762 inimi-

181 1796 278 1829 citias
302 1805 380 1825 cum
398 1789 554 1823 Antonio
576 1788 618 1819 ad
639 1785 761 1819 10000
786 1782 986 1815 inconditae
1009 1781 1167 1814 multitu-

180 1846 272 1880 dinis
299 1842 484 1886 coegisset,
517 1837 647 1871 Martia
672 1843 705 1868 et
723 1836 858 1880 Quarta
883 1832 973 1876 legio
997 1832 1040 1864 ab
1056 1833 1168 1865 Anto-

180 1898 240 1930 nio
270 1896 313 1928 ad
334 1894 521 1926 Caesarem
549 1887 778 1922 transierunt.
840 1884 988 1917 Senatus
1014 1895 1053 1915 ea
1077 1882 1168 1914 mili-

181 1956 254 1981 tum
277 1957 358 1989 erga
378 1943 564 1976 Caesarem
584 1936 831 1971 benevolentia
850 1940 966 1967 motus
985 1946 1064 1966 enm
1087 1945 1168 1966 eon-

180 2006 233 2032 tra
253 1995 448 2031 Antonium
468 1993 719 2035 imperatorem
738 1986 846 2020 mittit
862 1984 928 2018 boc
945 1984 1104 2023 consilio,
1132 1990 1169 2016 ut

182 2049 339 2082 consules
357 2044 492 2078 Hirtius
512 2049 545 2075 et
564 2041 678 2074 Pansa
698 2051 754 2072 eas
773 2039 859 2070 duas
875 2036 1030 2079 legiones
1049 2048 1065 2067 a
1085 2036 1170 2067 Cae-

182 2113 257 2134 sare
282 2098 471 2131 auferrent.
524 2093 592 2126 Sed
607 2091 722 2124 Pansa
749 2088 983 2121 moribundus
1009 2099 1065 2120 eas
1085 2086 1170 2119 Cae-

184 2151 253 2185 sari
280 2147 451 2184 restituit,
491 2156 531 2176 ac
554 2140 783 2186 praemonuit
809 2138 914 2172 simul
939 2138 974 2170 id
998 2137 1053 2180 agi
1079 2149 1096 2169 a
1120 2149 1171 2170 se-

182 2209 287 2239 natu,
314 2206 352 2232 nt
372 2196 557 2229 destitutus
578 2192 689 2225 milite
707 2191 745 2222 in
763 2190 924 2223 ordinem
943 2188 1171 2231 redigeretur.

185 2252 275 2297 Quia
303 2256 419 2282 autem
450 2243 644 2290 postulanti
668 2239 890 2284 triumphum
919 2240 963 2271 oh
986 2238 1172 2271 victoriam

187 2310 306 2335 conti-a
327 2304 468 2333 senatus
485 2297 521 2329 id
539 2299 749 2338 negaverat,
778 2298 811 2324 et
837 2303 915 2322 cnm
940 2302 974 2323 se
994 2289 1172 2324 Antonius

189 2359 221 2385 et
239 2351 391 2395 Lepidus
409 2346 688 2384 coniunxissent,
717 2355 751 2376 se
775 2353 917 2387 quoque
942 2340 1009 2373 illis
1035 2341 1173 2373 additu-

226 2468 273 2494 76)
293 2467 349 2489 Hoc
369 2467 558 2490 argumentum
577 2466 603 2486 et
623 2462 674 2485 duo
694 2459 836 2490 sequentia
855 2458 880 2481 in
901 2457 982 2481 Editt.
1000 2458 1089 2489 1556.‚
1111 2459 1176 2481 1565

259 2500 375 2523 -1596.
394 2499 555 2522 afferuntur.

225 2543 272 2571 77)
291 2541 426 2564 Vicetinis
448 2560 452 2564 .
474 2558 478 2562 .
499 2559 505 2565 ,
526 2539 684 2566 Vicetinos]
705 2537 754 2561 Ed.
776 2536 850 2559 1556.
871 2534 1024 2558 vicentinis
1046 2553 1050 2558 .
1073 2552 1078 2557 .
1099 2552 1104 2557 .
1125 2535 1176 2557 Vi-

259 2576 397 2600 centinos:
425 2574 506 2598 Editt.
530 2574 613 2597 1565..
635 2572 719 2595 mn.
742 2570 816 2594 1596.
836 2569 1004 2592 Veicentinis
1026 2587 1032 2593 .
1053 2586 1059 2591 .
1081 2585 1086 2590 .
1106 2569 1175 2591 Vei-

260 2610 393 2634 centinos.
414 2608 507 2636 (Cous.
528 2606 624 2630 Orcliii
644 2609 670 2629 et
690 2604 792 2628 Baiteri
814 2605 951 2628 Onomast.
967 2603 1083 2626 Tullian.
1102 2603 1129 2626 P.
1145 2603 1176 2625 11.

261 2652 284 2674 p.
300 2643 384 2670 6472).

228 2688 275 2713 78)
294 2683 497 2709 Vicetinorum]
517 2682 556 2706 sie
574 2682 622 2705 Ed.
644 2682 735 2712 1556.;

264 2721 498 2743 x‘eiceiiteiiorum.

770 2680 855 2705 Editt.
878 2680 970 2708 1565.,
991 2679 1081 2710 1571.‚
1103 2680 1176 2705 1596.

747 129 869 165 Pau..
901 127 1015 163 MEL.
1050 124 1250 162 scml’TA
1285 114 1619 180 PfflLoLoochf

2128 131 2202 167 400

1209 224 1289 245 rum
1309 213 1495 247 Caesarem
1513 221 1713 254 vereretur,
1749 214 1848 248 missi
1874 214 1981 258 legati
2005 221 2105 255 sunt,
2141 216 2203 261 qni

1210 264 1358 297 seorsim
1389 277 1467 298 cum
1495 265 1624 299 Martia
1651 272 1684 299 et
1709 265 1847 311 Quarta
1872 265 2011 309 legione
2045 273 2202 309 agerent,

1212 326 1339 359 easque
1358 317 1401 348 ad
1419 315 1571 349 Brutum
1587 317 1803 350 adducerent
1820 329 1880 360 spe
1899 316 2123 360 accipiendae
2142 329 2202 361 pe-

1213 365 1356 405 cuniae,
1384 378 1490 411 quam
1506 374 1647 401 senatus
1664 368 1700 400 in
1728 368 1844 412 prima
1871 367 2094 412 expeditione
2119 380 2202 412 pro-

1212 416 1376 456 miserat,
1403 417 1463 450 sed
1480 418 1608 451 frustra
1625 418 1691 451 fuit
1709 419 1909 452 consilium.
1969 418 2060 452 Nam
2086 431 2202 464 neque

1213 467 1392 511 appellare
1418 468 1563 502 seorsim
1589 481 1646 503 eas
1668 469 1786 510 licuit,
1829 476 1862 502 et
1890 469 2019 503 Caesar
2049 469 2203 504 sentiens

1213 518 1374 551 fraudem
1399 518 1487 551 clam
1506 531 1540 552 se
1564 532 1642 553 cum
1660 521 1839 561 Antonio,
1867 520 2002 564 Lepido
2029 527 2063 554 et
2077 520 2202 554 Asinio

1214 568 1378 602 Pollione
1405 569 1598 604 coniunxit.
1665 571 1793 604 Postea
1816 571 1897 605 urbi
1924 571 2114 605 exercitum
2141 572 2203 604 ad-

1214 632 1361 653 movens
1385 620 1498 653 invito
1517 621 1654 654 senatui
1679 622 1823 655 extorsit
1848 623 2081 656 consulatum.
2133 622 2202 655 De-

1215 671 1296 703 inde
1313 677 1433 714 aperte
1451 671 1630 704 coniuncti
1645 673 1901 717 rempublicam
1920 673 2012 706 inter
2028 685 2063 707 se
2080 673 2202 718 partiti

1215 728 1314 761 sunt,
1342 728 1375 755 et
1396 720 1453 755 hic
1467 723 1535 755 suit
1549 722 1693 756 illorum
1713 723 1942 757 consiliorum
1958 724 2049 759 finis.

1396 819 1583 855 Scholia
1611 822 1657 854 in
1684 821 1926 866 epistolam
1953 822 2027 857 XX.

1318 895 1347 941 ἓ.
1368 899 1400 932 1.
1429 899 1522 939 Quod
1541 911 1602 941 pro
1626 911 1676 932 me
1702 910 1767 932 non
1787 896 1899 946 facio]
1933 895 2056 938 πάθος
2070 898 2136 945 ⁷⁹),
2170 905 2204 932 et

1217 954 1335 992 captat
1366 949 1651 982 benevolentiam
1683 949 1727 981 ab
1759 949 1887 983 officio.
1974 951 2084 993 Saepe
2114 951 2203 983 em'm

1217 997 1381 1046 milzi⁸⁰)]
1408 1000 1597 1040 Narratio,
1629 1000 1666 1032 in
1691 1012 1759 1045 qna
1785 1006 1908 1033 monet
1927 999 2134 1033 Ciceronem
2159 1002 2202 1033 de

1217 1050 1400 1094 periculis,
1445 1051 1540 1095 quod
1572 1051 1729 1083 animum
1763 1050 1921 1084 Caesaris
1950 1057 1983 1083 et
2019 1057 2204 1084 veteranos

1218 1101 1345 1134 milites
1361 1099 1525 1133 nonnihil
1544 1101 1730 1133 offendisse
1747 1101 1920 1134 videatur.

1322 1150 1351 1194 ξ.
1369 1152 1403 1185 3.
1438 1153 1527 1184 Illud
1551 1149 1642 1198 vide]
1680 1151 1897 1190 Consilium,
1933 1152 2114 1196 quomodo
2137 1151 2205 1185 illis

1218 1202 1383 1246 periculis
1398 1203 1508 1247 possit
1526 1214 1723 1235 occurrere.

1321 1251 1350 1296 ξ.
1369 1257 1402 1286 4.
1435 1255 1527 1286 Ilaec
1551 1265 1601 1285 me
1622 1250 1704 1299 ribi]
1739 1251 1923 1296 Epilogus.
2008 1254 2095 1295 Eyo,
2137 1253 2206 1286 m’si

1218 1301 1329 1350 valde]
1357 1303 1410 1335 De
1427 1315 1490 1336 suo
1508 1303 1654 1335 consilio
1674 1310 1707 1335 et
1726 1302 1928 1346 diligentia,
1955 1308 1993 1335 ut
2007 1302 2204 1336 Antonium

1219 1355 1409 1398 opprimat.
1487 1355 1542 1387 Ad
1558 1355 1618 1387 has
1636 1351 1786 1400 litteras]
1814 1353 1956 1386 Petitio.

1517 1436 1836 1480 Argumentum
1855 1436 1913 1483 ⁸¹).

1313 1503 1401 1536 Erat
1413 1503 1535 1536 Cicero
1554 1515 1617 1547 per
1636 1504 1813 1548 quendam
1834 1503 2127 1536 calumniatorem
2138 1503 2205 1537 La-

1218 1557 1370 1588 beonem
1395 1556 1487 1599 apud
1515 1553 1703 1587 Octavium
1731 1554 1919 1587 Caesarem
1955 1560 1989 1586 et
2019 1560 2205 1587 veteranos

1219 1606 1347 1638 milites
1378 1606 1465 1638 salso
1495 1605 1630 1637 delatus
1661 1611 1850 1649 propterea
1880 1605 1995 1649 quod,
2024 1616 2102 1637 cuin
2127 1617 2206 1638 cen-

1219 1657 1342 1690 suisset
1356 1657 1556 1688 ornandum
1574 1667 1645 1688 esse
1661 1655 1849 1688 Octavium
1865 1655 2050 1688 Caesarem
2062 1681 2071 1695 ,
2098 1655 2205 1688 etiam

1220 1707 1346 1740 dixerit
1366 1719 1445 1739 eum
1463 1707 1657 1739 tollendum
1680 1718 1771 1746 esse,
1806 1718 1845 1738 ac
1872 1706 1900 1739 si
1925 1705 2073 1738 tollendi
2098 1707 2205 1739 verbo

1221 1758 1446 1791 intellexisset
1482 1757 1669 1790 Caesarem
1705 1757 1935 1790 occidendum
1979 1768 2067 1794 esse;
2121 1757 2205 1789 item

1221 1811 1315 1854 quod
1332 1809 1369 1841 in
1385 1808 1553 1841 electione
1570 1807 1851 1841 decemvirorum
1864 1834 1874 1847 ,
1909 1807 1970 1852 qui
1989 1809 2032 1839 ad
2050 1807 2207 1840 dividen-

1221 1864 1283 1893 dos
1293 1860 1338 1905 82)
1355 1859 1525 1893 militibus
1542 1870 1644 1903 agros
1662 1860 1889 1898 creabantur,
1916 1858 2031 1891 studio
2049 1859 2205 1903 quodam

1222 1911 1405 1944 excluserit
1415 1910 1602 1944 Caesarem
1620 1916 1653 1942 et
1664 1910 1826 1943 Brutum.
1879 1909 2107 1953 Quapropter
2116 1909 2206 1943 Bru-v

1222 1969 1277 1996 tus
1297 1961 1436 2005 cognita
1453 1974 1492 1994 ex
1509 1961 1585 2004 ipso
1602 1961 1758 1993 delatore
1785 1960 1978 1993 offensione
1996 1960 2154 1993 Caesaris
2174 1967 2207 1994 et

1223 2013 1395 2053 militum,
1437 2018 1560 2045 monet
1582 2011 1807 2051 Ciceronem,
1848 2016 1887 2043 ut
1916 2010 1982 2044 sibi
2003 2011 2046 2043 ab
2071 2011 2207 2045 insidiis

1223 2070 1363 2104 caveat,
1391 2070 1424 2097 et
1441 2063 1588 2096 omnino
1609 2063 1751 2101 suadet,
1778 2068 1817 2095 ut
1841 2061 2014 2094 divisione
2039 2073 2207 2105 agrorum

1223 2116 1376 2148 militnm
1404 2115 1516 2147 animi
1545 2113 1748 2147 excitentur.
1815 2111 2013 2146 Exordium
2044 2120 2094 2146 est
2121 2112 2207 2158 ἠθι-

1223 2164 1365 2210 κὸνεῧ),
1394 2164 1460 2198 hoe
1478 2171 1545 2204 est,
1572 2164 1767 2202 familiare,
1794 2170 1973 2207 sumptum
1996 2177 2015 2196 a
2038 2164 2206 2197 sollicitu-

1225 2218 1307 2250 dine
1331 2229 1391 2250 sua
1419 2229 1500 2260 erga
1526 2216 1745 2248 Ciceronem.
1814 2214 2005 2248 Subiicitur
2036 2215 2207 2255 narratio,

1227 2281 1295 2313 qua
1321 2268 1465 2312 exponit
1492 2265 1709 2299 occasionem
1740 2265 1838 2299 istius
1871 2265 2134 2305 sollicitudinis,
2176 2273 2209 2299 et

1228 2331 1369 2352 omnem
1386 2331 1460 2351 rem
1477 2323 1742 2350 commemorat.
1803 2317 2006 2361 Propositio
2032 2317 2206 2350 narratio-

1262 2436 1307 2466 79)
1328 2433 1432 2463 πάθος]
1452 2434 1535 2458 Editt.
1556 2434 1649 2458 15⁴5..
1674 2434 1746 2457 1560.
1769 2434 1877 2457 Pathos.

1261 2481 1309 2507 80)
1329 2480 1381 2502 Pro
1401 2478 1442 2501 his
1462 2477 1516 2501 Cic.
1537 2477 1627 2499 verbis
1649 2476 1674 2499 in
1693 2477 1788 2499 iisdem
1808 2477 1824 2500 2
1837 2476 1919 2500 Editt.
1944 2475 2003 2498 huic
2026 2476 2107 2499 notae
2126 2481 2208 2505 prae-

1298 2515 1351 2537 fixa
1369 2514 1433 2536 sunt
1457 2512 1613 2541 sequentia:
1651 2511 1747 2541 Ipsum
1767 2511 1920 2535 Caesarem
1943 2510 2027 2533 milti.
2061 2510 2155 2539 quibus
2181 2511 2208 2533 in

1296 2549 1344 2571 Ed.
1366 2547 1437 2570 15³7.
1458 2546 1485 2568 in
1505 2551 1626 2575 margine
1644 2545 1767 2574 apposita
1785 2548 1835 2568 est.

1262 2592 1311 2619 81)
1332 2591 1388 2613 Hoc
1406 2590 1594 2618 argumentum
1616 2590 1643 2611 et
1662 2588 1713 2611 duo
1731 2587 1873 2617 sequentia
1891 2586 1916 2609 in
1936 2586 2018 2610 Editt.
2036 2585 2124 2613 155⁶„
2146 2587 2212 2610 1565

1298 2623 1412 2647 —1596.
1437 2624 1554 2646 exstant.

1263 2668 1311 2695 82)
1330 2666 1505 2693 dividendos]
1523 2665 1570 2688 Ed.
1596 2665 1668 2688 1571.
1689 2670 1785 2688 errore
1804 2665 1930 2693 typogr.:
1957 2663 2116 2686 dividendis.

1263 2711 1310 2737 83)
1330 2707 1440 2739 ἠθικόν]
1461 2709 1500 2732 sic
1518 2708 1699 2737 E‹titt.1565.‚
1720 2707 1804 2737 157¹„
1825 2706 1914 2736 1596.;
1934 2706 2067 2730 Ed.1556.
2089 2707 2212 2730 ethicum-
