2351 2990
103 85 178 120 909

103 172 248 217 quidem
270 169 360 205 mihi
386 171 547 213 videtur,
575 172 746 207 divinitus
769 173 955 215 incitatus,
983 174 1101 220 erupit

102 223 141 256 in
164 221 258 256 hanc
279 236 422 257 vocem:
466 223 504 257 Si
527 224 698 269 saperetis
727 224 875 266 Graeci,
915 238 960 260 ne
983 226 1101 260 nomi-

100 275 182 308 nari
200 274 345 320 quidem
372 275 546 320 populum
566 274 820 310 Atheniensem
845 275 914 311 hoc
937 285 1099 322 tempore

100 326 374 371 permitteretis,
402 327 463 361 sed
485 327 658 361 eiiceretis
682 340 759 368 eos,
787 335 960 375 tanquam
984 330 1100 374 pollu-

99 383 177 422 tos,
206 393 247 415 ex
260 378 407 426 templo.
463 378 589 425 Coepit
606 379 828 415 mentionem
848 381 965 416 facere
989 381 1099 417 socie-

100 432 203 473 tatis,
237 444 329 480 quae
354 433 439 466 olim
463 433 566 467 nobis
589 445 669 466 cum
698 431 943 468 Phocensibus
964 435 1099 475 fuisset,

100 489 136 517 et
168 484 238 517 alia
265 484 376 517 multa
414 484 549 517 atrocia
584 486 754 519 adversus
781 486 906 519 urbem
935 492 1096 520 nostram

98 535 415 576 commemoravit,
443 548 535 581 quae
553 548 617 580 ego
636 549 753 582 neque
770 543 855 570 tunc
880 537 1004 571 audire
1024 550 1098 571 sus-

99 586 213 627 tinui,
247 599 364 632 neque
395 599 492 620 nunc
520 588 672 622 libenter
694 588 861 627 rnemini;
897 601 1021 622 verum
1048 588 1097 621 ita

98 644 300 672 commotus
330 651 409 672 sum
444 638 539 673 illius
570 639 755 680 oratione,
795 646 835 673 ut
862 652 927 684 per
953 651 1097 673 omnem

98 689 211 722 vitam
228 701 303 723 non
319 690 448 723 fuerim
465 690 615 735 perinde
631 691 755 725 iratus.
808 690 999 736 Reliquam
1018 702 1097 724 ora-

98 740 234 774 tionem
253 741 327 775 eius
342 742 604 786 praetermitto.
643 742 709 775 Hic
727 739 815 775 mihi
833 743 930 776 venit
946 743 983 775 in
1000 754 1098 775 men—

99 798 172 825 tem
191 799 309 826 terrae
330 805 395 837 per
410 793 636 837 sacrilegium
657 800 851 838 occupatae
870 795 914 827 ab
931 791 1098 839 Amphis-

98 844 258 878 sensibus
270 870 280 884 ‚
308 844 415 890 idque
433 844 482 877 ibi
499 851 595 879 stans
619 845 806 878 ostendere
823 843 1099 890 Amphictyoni-

96 895 164 929 bus
189 895 302 939 coepi.
364 894 459 929 Iacet
485 896 579 929 enim
604 908 687 940 ager
708 894 899 930 Cirrhaeus
925 897 989 930 sub
1010 903 1098 930 tem-

98 947 183 991 plo,
209 946 280 986 ita,
316 952 356 980 ut
382 946 466 980 inde
495 947 652 992 conspici
677 948 801 992 possit.
860 948 1016 988 Videtis,
1045 948 1098 980 in-

99 1010 227 1044 quam,
263 997 417 1039 iudices,
452 1010 579 1043 agrum
603 999 671 1032 coli
700 999 744 1032 ab
772 997 1098 1044 Amphissensibus,

99 1055 134 1083 et
159 1048 319 1083 officinas
347 1049 398 1083 ibi
421 1050 624 1084 aedificatas
649 1063 722 1084 esse
747 1057 781 1084 et
806 1051 926 1089 villas;
970 1050 1098 1084 videtis

99 1099 210 1135 oculis
246 1100 373 1135 vestris
405 1102 581 1136 nefastum
619 1108 764 1146 portum
800 1103 971 1136 refectum
1012 1114 1098 1142 esse,

97 1153 211 1186 nostis
244 1152 313 1197 ipsi
344 1159 509 1193 autores,
542 1165 607 1187 nec
632 1166 721 1198 opus
745 1159 797 1187 est
828 1155 872 1187 ad
897 1152 990 1187 hanc
1021 1166 1096 1186 rem

98 1204 179 1238 ullis
204 1203 362 1238 testibus.
425 1204 634 1238 Portorium
659 1211 870 1248 exegerunt,
906 1205 1096 1249 pecuniam

99 1261 313 1300 acceperunt
336 1267 377 1287 ex
406 1266 507 1288 sacro
535 1261 654 1300 portu.
722 1255 767 1288 Et
784 1255 815 1302 ⁹)
840 1256 925 1290 iussi
947 1256 1098 1289 recitare

98 1307 284 1340 oraculum
302 1305 480 1350 Apollinis
497 1312 531 1339 et
554 1306 804 1340 iusiurandum
825 1308 1007 1340 maiorum
1033 1320 1098 1340 no-

99 1364 278 1398 strorum,
297 1364 332 1390 et
347 1357 562 1402 descriptam
580 1359 855 1392 execrationem.
892 1358 968 1402 Ego
989 1358 1098 1402 igitur

96 1409 368 1448 iusiurandum,
410 1408 579 1454 inquam,
616 1422 683 1454 pro
715 1410 851 1454 populo
875 1408 1098 1450 Atheniensi,

97 1472 165 1506 pro
192 1471 273 1493 meo
306 1460 442 1505 capite,
478 1472 544 1504 pro
571 1460 660 1494 meis
683 1461 803 1494 liberis
828 1473 868 1494 ac
893 1462 1002 1494 domo
1027 1473 1098 1495 ser-

99 1523 184 1545 vare
202 1511 364 1552 decrevi,
390 1517 424 1544 et
438 1510 517 1544 Deo
538 1523 578 1544 ac
595 1523 716 1545 sacrae
735 1518 852 1545 terrae
872 1525 976 1557 opem
1005 1513 1098 1546 ferre

98 1563 285 1603 manibus,
327 1562 497 1607 pedibus,
540 1575 626 1595 voce
665 1569 699 1596 et
741 1563 907 1597 omnibus
950 1563 1098 1604 viribus,

99 1621 274 1660 quantum
290 1626 449 1659 possum.
503 1613 635 1647 Libero
654 1614 774 1660 itaque
794 1615 918 1648 urbem
936 1622 1096 1649 nostram

98 1666 286 1710 religione.
339 1667 412 1699 Vos
436 1677 523 1698 vero
547 1666 590 1698 de
615 1671 731 1699 vestra
756 1666 869 1700 salute
893 1666 1098 1707 deliberate,

100 1729 233 1758 sacrae,
253 1729 344 1763 quae
361 1718 405 1750 de
422 1729 523 1750 more
540 1718 641 1757 fiunt,
662 1715 829 1750 inchoata
847 1724 941 1758 sunt,
960 1716 1098 1751 hostiae

100 1770 146 1802 ad
171 1781 250 1802 aras
278 1768 453 1802 adductae
477 1775 580 1808 sunt,
607 1769 756 1803 orabitis
780 1770 873 1802 bona
896 1781 914 1801 a
930 1769 1008 1803 Diis
1025 1769 1098 1814 pri-

98 1820 211 1854 vatim
238 1826 272 1853 et
294 1820 453 1864 publice;
481 1820 771 1861 considerabitis,
799 1833 869 1866 qua
894 1833 998 1861 voce,
1027 1833 1095 1866 qua

28 1893 29 1897 =
76 1906 80 1907 ⁷
98 1873 216 1906 fronte
237 1872 439 1916 supplicare
457 1871 535 1905 Diis
560 1871 637 1905 ausi
660 1872 754 1913 sitis,
780 1872 809 1905 si
828 1870 893 1906 hos
909 1872 1098 1916 sacrilegos

99 1923 298 1969 impunitos
317 1923 535 1957 dimiseritis.
582 1923 707 1968 Neque
726 1923 820 1957 enim
841 1924 1010 1964 obscure,
1038 1925 1099 1957 sed

99 1976 193 2009 clare
208 1975 407 2020 perscripta
426 1981 477 2009 est
495 1975 670 2008 execratio
682 2002 691 2015 ,
720 1975 806 2021 quid
824 1975 899 2020 pati
922 1981 1098 2020 oporteat,

99 2033 134 2061 et
156 2026 346 2071 sacrilegos
375 2026 495 2071 ipsos,
538 2033 572 2060 et
604 2039 682 2067 eos,
718 2027 779 2072 qui
805 2028 850 2060 ad
873 2027 1097 2072 sacrilegium

100 2078 305 2112 connivent.
359 2079 415 2112 Ad
441 2085 638 2112 extremum
663 2079 769 2111 etiam
799 2079 1015 2123 adscriptum
1036 2085 1099 2118 est,

98 2131 168 2165 nisi
203 2130 476 2170 ulciscerentur,
517 2142 591 2163 non
634 2142 707 2164 esse
744 2131 802 2174 pie
838 2130 1099 2164 sacrificaturos

98 2182 280 2227 Apollini,
315 2194 380 2215 nec
403 2181 499 2215 Deos
522 2182 691 2216 sacrificia
726 2194 851 2215 eorum
881 2183 1099 2227 approbatu-

100 2247 160 2269 ros
179 2246 264 2268 esse.

202 2285 299 2318 Haec
323 2291 430 2330 atque
456 2284 525 2317 alia
550 2285 662 2318 multa
689 2297 769 2318 cum
798 2284 974 2324 dicerem,
1002 2290 1099 2328 post-

99 2349 208 2384 quam
233 2350 274 2370 ex
296 2336 447 2370 concilio
475 2336 634 2376 discessi,
679 2337 815 2369 clamor
850 2348 889 2368 ac
925 2335 1098 2369 tumultus

100 2396 199 2424 ortus
218 2395 289 2429 est,
306 2401 371 2421 nec
387 2388 457 2421 iam
477 2387 611 2421 mentio
629 2389 668 2421 fit
683 2389 755 2422 ulla
774 2389 816 2421 de
833 2387 1011 2432 suspensis
1028 2387 1098 2432 cly-

97 2441 194 2486 peis,
223 2441 283 2474 sed
305 2440 348 2474 de
367 2439 497 2474 scelere
523 2452 562 2472 ac
582 2440 756 2484 supplicio
776 2437 1097 2484 Amphissensium.

99 2492 146 2526 Et
183 2491 355 2539 quoniam
397 2503 526 2535 magna
563 2491 634 2524 diei
671 2504 754 2536 pars
791 2497 970 2525 transacta
1010 2497 1098 2531 erat,

98 2557 229 2589 praeco
247 2543 367 2584 edixit,
393 2549 433 2577 ut
447 2541 579 2587 Delphi
597 2555 721 2577 omnes
737 2544 908 2588 puberes,
938 2542 998 2588 qui
1016 2543 1097 2575 ade-

98 2603 199 2637 rant,
235 2595 339 2629 liberi
363 2607 402 2628 ac
424 2595 537 2636 servi,
571 2606 677 2628 mane
704 2595 868 2629 venirent
894 2607 973 2628 cum
1000 2594 1096 2627 falci-

132 2712 161 2745 9)
180 2714 230 2744 Et]
249 2714 298 2739 Ed.
315 2714 391 2741 1562.
411 2719 508 2739 errore
526 2714 655 2745 typogr.:
674 2714 696 2738 Ε
716 2713 859 2744 (Aeschin.
880 2709 939 2746 ἅμα
959 2710 1015 2742 δὲ).

293 84 480 121 XXXVlII.
525 84 752 121 INTERPR.
780 86 1042 123 ORATIONIS
1067 86 1313 124 AESCHINIS
1342 87 1542 124 CONTRA
1570 86 1961 123 CTESIPHONTEM.

2079 87 2153 122 910

1153 175 1218 209 bus
1252 187 1292 208 ac
1321 174 1501 219 ligonibus
1532 174 1577 207 ad
1612 174 1812 208 delubrum.
1892 172 1988 207 Idem
2022 185 2152 218 praeco

1153 226 1281 267 edixit,
1308 232 1348 260 ut
1366 226 1502 260 scribae
1525 231 1559 258 et
1583 225 1716 259 iudices
1743 224 1907 258 venirent
1933 225 1970 258 in
1999 225 2152 259 eundem

1153 278 1291 317 locum,
1329 277 1542 322 opitulaturi
1567 276 1645 310 Deo
1672 289 1712 310 ac
1740 288 1861 310 sacrae
1892 283 2029 316 terrae,
2065 283 2099 309 et
2124 277 2153 310 si

1153 342 1223 375 qua
1251 329 1374 363 civitas
1398 341 1473 363 non
1499 329 1655 369 adesset,
1691 328 1938 362 excluderetur
1960 340 1979 360 a
2004 328 2152 372 templo,

1153 387 1186 415 et
1210 379 1403 415 haberetur
1426 393 1493 426 pro
1519 381 1758 415 conscelerata
1783 386 1818 413 et
1839 379 1991 412 abnoxia
2011 391 2151 412 execra-

1152 433 1256 467 tioni.
1325 432 1504 466 Postridie
1531 444 1635 465 mane
1670 431 1833 465 venimus
1860 430 1896 463 in
1924 431 2039 463 locum
2069 442 2152 463 con-

1152 485 1314 519 stitutum
1326 511 1335 525 ,
1363 491 1397 518 et
1415 484 1661 518 descendimus
1678 483 1714 515 in
1733 495 1899 527 campum
1917 479 2152 527 Cyn-haeum,

1152 548 1192 569 ac
1214 542 1360 581 portum
1388 535 1601 576 evertimus,
1628 541 1662 568 et
1686 534 1837 568 incensis
1861 533 2007 567 aedibus
2026 533 2154 567 disces-

1151 587 1273 621 simus.
1326 587 1422 620 Haec
1441 599 1519 620 cum
1543 598 1747 630 ageremus,
1774 582 2063 630 Amphissenses,
2093 583 2154 630 qui

1151 645 1290 672 tantum
1310 638 1490 682 sexaginta
1510 638 1707 671 stadiorum
1725 637 1840 681 spatio
1860 649 1877 669 a
1898 634 2047 681 Delphis
2071 636 2153 669 abe-

1151 696 1253 731 rant,
1282 696 1477 733 erumpunt
1495 701 1575 722 cum
1600 688 1729 728 armis,
1759 701 1838 722 cum
1867 688 1965 721 omni
1992 687 2154 721 multitu-

1152 741 1256 779 dine;
1302 748 1335 774 et
1360 741 1429 775 nisi
1454 742 1534 784 fuga
1565 740 1669 774 nobis
1702 739 2020 780 consuluissemus,
2062 738 2154 783 peri—

1152 793 1270 827 culum
1290 799 1385 833 erat,
1413 804 1457 825 ne
1474 793 1518 825 ad
1535 804 1647 825 unum
1667 803 1791 824 omnes
1811 791 2068 824 occideremur.

1254 867 1404 902 Postero
1423 867 1479 901 die
1499 864 1698 912 Cottyphus
1709 865 1753 913 l⁰)
1766 893 1774 905 ‚
1803 866 1901 900 cuius
1918 878 2056 900 summa
2077 872 2153 898 erat

1153 919 1346 960 autoritas,
1382 917 1490 953 habet
1518 918 1740 952 concionem.
1808 917 2008 952 Nominant
2032 923 2152 950 autem

1153 970 1362 1004 concionem
1374 998 1383 1012 ,
1412 971 1558 1017 quando
1576 982 1650 1003 non
1668 970 1785 1004 solum
1802 975 2004 1002 convocant
2022 968 2153 1002 scribas

1153 1028 1187 1055 et
1214 1022 1366 1063 iudices,
1391 1023 1452 1056 sed
1482 1034 1625 1061 omnes,
1660 1021 1789 1067 quibus
1815 1028 1866 1055 est
1896 1020 2153 1054 sacrificiorum

1152 1074 1314 1108 societas.
1357 1073 1409 1107 Ibi
1429 1073 1586 1118 graviter
1603 1073 1756 1107 accusati
1772 1079 1854 1106 sunt
1871 1070 2155 1117 Amphissenses‚

1153 1131 1186 1158 et
1204 1131 1327 1159 nostra
1354 1126 1438 1159 urbs
1467 1123 1664 1158 honorifice
1687 1124 1845 1158 laudata.
1900 1124 2089 1157 Postremo
2115 1123 2153 1155 fit

1152 1178 1355 1217 decretum,
1394 1184 1434 1211 ut
1465 1189 1590 1211 omnes
1619 1182 1801 1210 senatores
1835 1181 1917 1208 ante
1947 1175 2153 1219 proximum

1153 1235 1368 1262 conventum
1396 1234 1491 1262 certo
1512 1235 1674 1273 tempore
1699 1228 1846 1260 veniant
1868 1228 1913 1260 ad
1935 1227 2042 1272 Pylas
2073 1238 2152 1259 cum

1153 1281 1295 1312 decreto
1328 1280 1371 1312 de
1404 1279 1596 1325 puniendis
1631 1285 1780 1324 propter
1814 1278 2039 1322 sacrilegium
2069 1278 2155 1310 Am-

1152 1328 1407 1374 phissensibus.
1479 1331 1586 1376 Quod
1612 1337 1731 1364 autem
1754 1342 1837 1364 vera
1863 1330 1999 1369 dicam,
2043 1329 2152 1362 recita

1153 1383 1349 1415 decretum.

1255 1456 1333 1489 Hoc
1349 1457 1530 1490 decretum
1543 1483 1551 1497 ‚
1581 1469 1659 1490 cum
1678 1456 1781 1491 istinc
1800 1456 1966 1496 allatum,
1994 1455 2152 1500 primum

1152 1507 1312 1548 senatui,
1352 1507 1481 1541 deinde
1517 1508 1651 1552 populo
1682 1521 1747 1553 pro
1777 1507 1947 1541 concione
1973 1507 2154 1540 recitasse-

1152 1570 1253 1598 mus,
1281 1560 1620 1605 comprobassetque
1644 1566 1784 1594 nostras
1807 1559 1964 1592 actiones
1986 1558 2153 1603 populus,

1153 1616 1186 1642 et
1204 1610 1310 1643 vellet
1331 1611 1415 1645 urbs
1440 1611 1689 1645 iusiurandum
1709 1623 1872 1651 servare,
1900 1622 1940 1644 ac
1964 1610 2154 1654 religiones

1152 1661 1361 1702 defendere,
1397 1674 1489 1696 unus
1515 1661 1795 1702 Demosthenes,
1834 1668 2024 1707 corruptus
2050 1673 2154 1705 pecu-

1152 1712 1211 1745 nia
1235 1711 1565 1758 Amphissensium‚
1593 1714 1823 1747 reclamabat.
1886 1713 1995 1747 Cuius
2021 1713 2155 1746 oratio-

1152 1776 1234 1797 nem
1259 1777 1338 1798 cum
1372 1765 1493 1810 palam
1519 1766 1748 1805 refutassem,
1791 1771 1983 1810 postquam
2013 1764 2153 1808 publice

1152 1816 1278 1849 urbem
1311 1829 1385 1849 non
1418 1816 1536 1861 potuit
1558 1828 1576 1849 a
1602 1816 1777 1850 sententia
1808 1816 1956 1856 ducere,
1992 1815 2089 1848 venit
2116 1815 2153 1847 in

1152 1874 1335 1908 senatum,
1365 1874 1399 1901 et
1425 1868 1501 1901 sine
1528 1868 1678 1901 consilio
1702 1868 1927 1913 privatorum
1953 1866 2083 1900 civium
2101 1878 2153 1900 se-

1152 1920 1461 1953 natusconsultum
1489 1932 1507 1952 a
1531 1921 1688 1965 quodam
1712 1919 1880 1963 imperito
1906 1918 2011 1953 scribi
2041 1924 2152 1951 curat.

1152 1969 1191 2003 Id
1208 1970 1245 2003 in
1263 1971 1473 2004 concionem
1492 1972 1625 2011 adfert,
1652 1983 1691 2004 ac
1717 1970 1840 2010 efficit,
1868 1976 1907 2004 ut
1931 1970 2057 2014 populi
2083 1970 2153 2003 suf-

1152 2022 1274 2066 fragiis
1300 2023 1573 2068 comprobetur,
1614 2035 1693 2056 cum
1719 2021 1863 2056 dimissa
1890 2021 2062 2054 concione
2088 2033 2152 2064 ego

1153 2074 1225 2106 iam
1244 2074 1427 2113 abiissem3
1463 2086 1580 2120 neque
1605 2074 1700 2107 enim
1728 2085 1895 2119 praesens
1922 2085 2152 2106 concessurus

1153 2125 1185 2158 ei
1215 2126 1366 2160 fueram.
1432 2125 1576 2159 Decreti
1600 2138 1738 2159 summa
1768 2125 1856 2165 suit,
1890 2132 1930 2159 ut
1956 2122 2154 2158 Athenien-

1153 2177 1243 2211 sium
1267 2177 1394 2221 legati,
1431 2177 1492 2222 qui
1516 2183 1690 2222 perpetuo
1718 2178 1763 2210 ad
1785 2177 1973 2210 concilium
2000 2173 2152 2220 Amphi-

1153 2229 1358 2274 ctyonicum
1381 2229 1476 2262 mitti
1497 2229 1632 2269 solent,
1661 2228 2019 2273 proficiscerenturad
2045 2227 2152 2272 Pylas

1153 2293 1193 2313 ac
1217 2279 1396 2325 Delphos,
1431 2293 1532 2313 more
1560 2280 1742 2317 maiorum
1771 2286 1940 2313 consueto
1976 2285 2151 2323 tempore.

1153 2331 1193 2364 In
1211 2332 1362 2377 speciem
1382 2332 1523 2365 videtur
1539 2329 1688 2365 honesta
1707 2331 1902 2371 sententia,
1930 2331 1991 2364 sed
2014 2343 2052 2363 re
2074 2331 2150 2374 ipsa

1153 2390 1204 2418 est
1220 2384 1437 2429 turpissima.
1484 2383 1590 2417 Vetat
1608 2383 1702 2417 enim
1726 2384 1771 2416 ad
1788 2383 1894 2428 Pylas
1923 2383 1966 2415 ad
1995 2393 2150 2415 conven-

1152 2442 1226 2469 tum
1245 2436 1433 2480 proficisci,
1460 2435 1521 2481 qui
1542 2441 1691 2480 propter
1707 2434 1950 2468 necessitatem
1967 2440 2048 2466 ante
2070 2445 2152 2466 con—

1151 2494 1290 2521 suetum
1308 2494 1448 2532 tempus
1465 2487 1618 2520 indictus
1637 2492 1724 2520 erat.
1777 2485 1906 2519 Scribit
1923 2485 2020 2519 aliud
2047 2490 2151 2529 caput

1151 2539 1188 2572 in
1206 2540 1348 2573 decreto
1375 2539 1504 2573 clarius
1529 2545 1562 2571 et
1586 2537 1788 2582 indignius,
1814 2550 1860 2571 ne
1875 2535 2149 2571 Atheniensium

1185 2677 1239 2737 ¹⁰2:
1260 2676 1434 2736 t(goul-typhus]
1471 2675 1521 2701 Ed.
1543 2674 1620 2700 1562.
1653 2675 1678 2700 h.
1698 2675 1716 2700 1.
1746 2676 1827 2701 habet
1860 2675 1977 2700 formam
2007 2677 2151 2706 graecam:

1242 2718 1256 2737 o
1284 2718 1321 2743 sp
1332 2717 1382 2736 105.
