2294 2975
99 121 150 158 57
188 120 309 157 XXIII.
336 119 524 157 ARGUM.
550 119 615 155 ET
643 119 848 156 SCHOLIA
873 119 923 156 IN
947 119 1098 158 EPIST.
1125 121 1239 160 FAM.
1266 123 1350 161 CIC.
1377 124 1502 162 L1B.I.
1529 126 1743 168 EP.10.11.
1770 131 1858 169 LIB.
1868 132 1910 170 11.
1937 133 2055 172 ΕΡ.1.
2095 137 2144 174 58

100 215 222 242 tamen
238 219 314 242 non
327 219 496 252 magnam
520 207 762 252 cognitionem
786 208 905 252 legum
931 205 1098 250 habebat,

101 265 137 293 et
151 259 189 292 in
207 259 321 294 causis
339 258 483 303 agendis
502 260 698 293 admodum
718 266 795 293 erat
817 259 950 294 infelix.
1003 259 1096 294 Nam

100 322 204 356 saepe
239 316 387 355 propter
423 310 641 355 imperitiam
676 311 762 345 iuris
796 312 927 345 multas
962 322 1096 353 causas,

100 374 188 408 quas
205 362 443 395 defendendas
460 368 682 406 susceperat,
710 362 846 403 amisit,
868 362 958 396 sicut
973 363 1096 396 scribit

96 414 140 446 de
164 424 205 447 eo
229 413 353 447 Cicero
377 412 468 446 libro
495 413 530 448 3.
558 413 790 458 epistolarum
806 413 853 460 86)
884 414 1032 459 epistola
1060 415 1093 450 1.

96 462 238 498 locatur
254 464 394 510 itaque,
422 471 461 498 ut
478 477 558 498 cum
577 477 640 499 suo
656 465 845 506 familiari,
873 466 970 511 quod
990 465 1092 499 iuris-

97 516 296 549 consultum
325 528 400 549 non
430 516 566 550 malum
599 529 634 550 se
662 517 790 564 essem)
822 516 1016 557 existimet,
1058 524 1092 550 ct

97 566 203 601 simul
215 564 445 611 reprehendit
463 567 560 601 illam
577 568 762 601 audaciam
785 569 824 601 in
849 568 961 602 causis
983 568 1090 601 susci-

97 618 258 662 piendis,
285 630 355 664 qua
372 619 444 652 suis
467 618 653 653 clientibus
675 632 780 664 saepe
803 620 895 653 male
917 620 1088 653 consulat.

95 669 293 703 Exordium
316 670 423 703 breve
451 677 708 721 estxsumptum
734 683 753 704 a
780 683 903 711 causa,
940 682 1001 704 cur
1027 670 1088 703 tri-

130 805 180 834 86)
198 804 391 862 οῃίἓτοῐᾶῒηιω]
411 803 451 829 sic
469 804 518 828 Ed.
535 803 626 835 1556.;
651 803 679 828 111
701 803 784 828 Editt.
806 803 914 828 1565—
926 802 1002 827 1577.
1020 803 1088 827 haec

165 846 220 864 vox
258 845 304 863 ees
320 857 326 863 .

131 891 179 920 8⁴7)
200 890 279 919 esse]
298 888 338 914 sic
355 889 406 915 Ed.
426 888 499 914 1556.
509 871 519 920 3⁴
543 888 571 913 in
589 888 673 912 mitt.
693 888 760 912 1565
777 888 883 913 -1577.
904 888 990 914 deest.

1150 211 1237 244 buat
1254 211 1305 245 illi
1319 209 1495 247 honorem
1513 220 1547 248 et
1564 215 1707 251 titulum
1724 218 1976 257 iurisconsulti.
2004 222 2143 258 Deinde

1150 263 1332 298 adduntur
1346 265 1614 300 narratiuncula
1633 275 1667 302 et
1684 268 1900 314 adhortatio,
1926 285 2016 320 quae
2034 272 2143 309 habet

1150 325 1311 359 aspersos
1325 315 1442 358 iocos,
1469 324 1509 351 ut
1529 331 1636 364 quam
1662 321 1819 365 primum
1847 325 1969 359 redeat
1984 325 2141 359 Romam

1149 377 1190 398 ex
1208 366 1330 400 Cilicia
1342 394 1351 407 ,
1379 380 1423 401 ne
1442 370 1537 403 solus
1555 370 1604 403 ibi
1621 383 1693 406 esse
1709 374 1812 415 velit,
1837 376 1899 409 ubi
1924 377 2063 421 sapiens
2086 377 2139 411 in-

1147 422 1200 450 ter
1216 417 1422 463 insipientes
1441 421 1616 457 videatur.

1363 509 1504 545 Aliud
1532 515 1918 563 argumentum⁸⁸).

1245 575 1404 620 Epistola
1424 585 1475 612 est
1496 579 1634 621 iocosa,
1667 581 1705 614 in
1731 594 1800 627 qua
1825 581 2056 628 reprehendit
2081 597 2138 618 ar-

1143 627 1344 670 rogantiam
1377 634 1410 661 et
1441 642 1609 674 magnam
1639 633 1907 676 persuasionem
1947 636 2136 681 singularis

1143 678 1353 712 eruditionis
1378 678 1524 716 Valerii.
1590 682 1706 716 Habet
1736 691 1854 718 autem
1887 686 1973 721 duas
1996 693 2133 731 partes:

1140 729 1411 773 responsionem
1428 731 1571 773 scilicet,
1596 740 1630 766 et
1646 732 1948 779 adhortationem,
1970 744 2010 772 ut
2025 750 2133 785 quam

1139 779 1296 823 primum
1313 782 1446 817 redeat.

1172 888 1222 918 88)
1242 890 1300 914 Hoc
1317 889 1345 914 in
1363 889 1447 916 Editt.
1467 890 1535 916 1565
1546 904 1571 909 -
1585 891 1660 917 1596.
1678 892 1826 924 reperitur.

969 1086 1171 1116 LIBER
1215 1088 1252 1116 11.

132 1178 456 1222 Argumentum
495 1182 537 1208 et
573 1174 751 1209 scholia
787 1176 834 1221 in
866 1177 1038 1222 episto-

483 1227 567 1260 lam
594 1226 673 1272 l.¹).

189 1314 230 1348 In
244 1312 399 1347 secundo
417 1311 509 1345 libro
532 1312 723 1357 pleraeque
748 1325 872 1347 omnes
895 1320 977 1348 sunt
1000 1313 1080 1349 rhe-

88 1367 240 1406 toricae,
267 1364 303 1397 id
326 1369 395 1403 est,
424 1375 465 1396 ex
482 1363 610 1408 quibus
627 1363 805 1410 multam)
835 1377 975 1399 sumere
998 1379 1080 1410 pos-

87 1431 220 1454 sumus.
279 1415 375 1448 Haec
400 1421 518 1448 autem
542 1414 690 1459 epistola
714 1412 821 1449 habet
846 1422 916 1450 tres
941 1424 1077 1461 partes:

86 1467 349 1504 excusationem
367 1465 517 1506 silentii,
552 1466 828 1509 gratulationem
855 1474 889 1500 et
909 1466 1079 1502 adhorta-

84 1522 232 1555 tionem.
285 1517 399 1551 Totus
420 1523 537 1550 autem
554 1518 651 1551 locus
667 1517 709 1550 de
727 1519 952 1552 excusatione
972 1519 1077 1553 silen-

83 1573 125 1607 tii
143 1578 194 1606 est
214 1569 407 1608 eiusmodi,
434 1575 473 1601 ut
494 1581 572 1602 eum
599 1568 665 1613 ipsi
685 1581 828 1615 quoque
846 1569 979 1603 imitari
996 1584 1076 1615 pos-

83 1624 204 1659 simus.
265 1620 373 1654 Curio
385 1619 416 1665 2)
437 1620 504 1653 suit
525 1626 649 1653 orator
673 1626 707 1652 et
731 1621 902 1665 superbus
924 1621 1074 1663 iuvenis,

81 1676 162 1709 ideo
183 1684 325 1719 quoque
343 1671 492 1715 superbe
511 1673 555 1704 ad
572 1684 652 1705 eum
671 1671 803 1706 scribit.
862 1672 908 1706 Et
925 1680 976 1707 est
1003 1674 1072 1714 ille,

81 1726 144 1773 qui
176 1724 334 1770 primum
364 1722 460 1755 dedit
492 1734 613 1756 causas
641 1723 724 1756 belli
755 1723 886 1764 civilis,
927 1724 964 1757 in
1002 1738 1073 1771 quo

79 1778 186 1811 etiam
210 1774 413 1808 interfectus
431 1779 481 1806 est
491 1772 534 1818 3).

182 1834 213 1880 §-
247 1835 279 1868 1.
333 1834 541 1878 Quamquam
575 1844 626 1865 me
659 1835 792 1866 nomine
831 1834 1071 1883 neylz’yente'ae]

78 1887 238 1924 Suasorii
263 1884 401 1929 generis
427 1890 489 1917 est.
549 1882 746 1916 Exordium
759 1884 789 1929 4)
814 1897 877 1928 per
901 1885 1071 1919 inversio-

77 1953 179 1975 nem:
207 1938 291 1973 Non
313 1941 364 1969 est
386 1934 596 1975 molestum,
624 1947 680 1968 me
701 1935 911 1982 accusari5).
964 1936 1070 1970 Colli-

112 2075 140 2107 1)
159 2075 195 2103 L]
215 2071 265 2096 Hic
283 2076 414 2094 numerus
434 2069 460 2093 in
481 2069 563 2094 Editt.
582 2069 673 2097 1540„
695 2070 787 2097 1544„
811 2070 997 2095 1554—1601.
1022 2072 1067 2096 in-

144 2108 271 2137 venitur3
297 2106 324 2129 in
344 2105 426 2129 Editt.
450 2105 539 2133 1545.,
559 2104 651 2133 1546„
672 2105 745 2128 1601.
766 2105 869 2128 numeri
889 2106 1066 2135 epistolarum

142 2143 206 2167 libri
225 2141 244 2165 1.
263 2139 474 2164 continuantur.
507 2138 545 2162 ita
563 2140 593 2161 nt
611 2139 677 2161 liaeo
697 2138 814 2168 epistola
833 2145 945 2164 numero
967 2141 1005 2166 12.
1025 2142 1066 2164 si-

141 2178 226 2209 gnata
252 2175 304 2206 sit3
335 2174 362 2197 in
381 2173 429 2196 Ed.
451 2173 526 2198 1537.
552 2172 619 2196 nulli
646 2173 780 2202 epistolae
805 2180 934 2198 numerus
956 2177 997 2198 est
1015 2176 1066 2199 ad-

143 2211 281 2240 scriptus,
308 2208 474 2238 quapropter
493 2208 561 2230 hanc
580 2207 724 2231 editionem
744 2207 770 2230 in
789 2209 1011 2233 annotationibus
1030 2211 1066 2234 ad

142 2245 320 2277 epistolarum
338 2248 466 2266 numeros
485 2242 690 2271 spectantibus,
715 2242 793 2265 uncis
812 2243 919 2267 inclusi.

108 2291 156 2317 ιθ)
175 2288 274 2315 multa]
289 2286 328 2309 sie
341 2284 523 2314 Editt.1537.,
544 2285 629 2312 1540.,
650 2285 735 2315 1544„
756 2285 843 2317 1554„
864 2286 950 2318 1557.,
971 2287 1063 2318 1560.;

140 2322 223 2346 Editt.
245 2321 336 2351 ¹545„
356 2319 449 2350 1546„
470 2319 544 2343 1601.
565 2319 686 2344 multum.

105 2368 137 2396 Ξ)
157 2363 366 2390 C.‘Sc1·ii)onius
386 2362 415 2387 C.
436 2362 454 2386 f.
476 2362 575 2392 Curio,
608 2363 641 2386 de
668 2369 719 2392 quo
744 2364 814 2390 conf.
836 2364 933 2390 Oreliii
952 2367 978 2389 et
998 2365 1062 2390 Bai-

138 2401 192 2425 teri
212 2399 352 2424 Onomast.
372 2397 487 2421 Tullian.
508 2397 537 2421 P.
550 2397 583 2421 11.
603 2404 626 2427 p.
643 2397 801 2422 526—528.

101 2446 133 2474 3)
154 2445 212 2467 Hoc
229 2440 418 2472 argumentum
432 2440 531 2464 habent
545 2440 629 2465 Editt.
647 2439 847 2473 1537—1554.,
868 2441 954 2473 1557.,
974 2442 1060 2475 1560.,

100 2478 480 2551 0¹gilissorii-Exordium
500 2518 568 2546 etc.]
588 2517 628 2541 sic
645 2517 730 2543 Editt.
751 2518 953 2547 1537—1544.;
974 2520 1058 2548 1554„

138 2555 231 2583 1557.·‚
266 2553 350 2576 Editt.
373 2551 461 2581 1545„
489 2552 564 2577 1560.
584 2552 712 2582 Epistola
735 2553 778 2576 est
797 2553 919 2577 suasorii
937 2554 1057 2585 generis,

135 2591 164 2614 et
182 2588 322 2612 exordium
343 2587 393 2609 etc.

100 2635 131 2662 5)
150 2633 181 2656 111
200 2631 282 2655 Editt.
304 2630 395 2659 1544„
416 2627 508 2656 1554,
529 2628 603 2652 1557.
629 2629 694 2653 haec
718 2629 807 2659 prima
824 2631 967 2655 annotatio
987 2637 1056 2656 voce

133 2660 370 2698 „inversionem”
391 2662 500 2689 finitur,
521 2663 548 2685 et
563 2664 647 2686 verba
668 2664 754 2693 „Non
775 2666 818 2688 est
836 2665 993 2693 molestum,
1013 2672 1055 2689 me

131 2696 280 2724 accusari'’
303 2699 432 2727 tanquam
451 2696 592 2720 Ciceronis
610 2698 694 2721 verba
714 2699 939 2729 subsequentibus
959 2700 1053 2730 „Coi-

131 2734 193 2766 ligit
212 2738 310 2758 novam
328 2743 362 2750 —
380 2727 537 2755 amorem.”
556 2732 621 2754 sunt
639 2732 770 2762 praefixa.

1136 1181 1186 1225 git
1201 1194 1332 1215 novam
1352 1194 1493 1216 causam
1521 1184 1672 1219 accusati
1700 1184 1850 1225 silentii,
1885 1185 2016 1219 scilicet
2037 1185 2127 1219 desi-

1136 1233 1273 1266 derium
1300 1240 1331 1265 et
1359 1246 1518 1267 amorem
1528 1235 1572 1281 6).
1659 1238 1701 1269 In
1724 1248 1787 1281 ([ιιο
1808 1241 1918 1270 antem
1941 1242 1973 1270 ie
1996 1239 2127 1270 deside-

1134 1283 1280 1331 rare⁷)]
1315 1285 1533 1329 Propositio.
1613 1288 1776 1332 Equidem
1799 1285 1983 1334 neminem]
2012 1286 2127 1320 Excu-

1133 1334 1223 1367 satio
1250 1335 1381 1368 silentii
1403 1348 1467 1380 per
1494 1336 1744 1370 infitiationem
1755 1336 1798 1383 ³).
1896 1340 2031 1372 Etenim
2052 1340 2127 1384 quis

1132 1390 1181 1419 est
1190 1383 1249 1432 ⁹)]
1273 1384 1577 1435 ἇντικατηγορία.

1235 1435 1266 1480 ἓ.
1289 1440 1324 1472 2.
1369 1441 1436 1482 Eyo
1463 1445 1495 1473 te
1523 1439 1670 1483 abficisse
1698 1437 1848 1486 tamdiu]
1883 1438 1970 1473 'Alia
2001 1451 2125 1473 narra-

1131 1485 1181 1519 tio
1193 1485 1250 1532 ¹⁰).
1336 1490 1445 1522 Breve
1468 1495 1535 1530 est,
1569 1492 1654 1535 qzcod
1676 1503 1726 1524 me
1750 1488 1890 1537 tibi¹¹)]
1920 1491 2123 1524 Gratulatio

1131 1544 1164 1570 ct
1182 1536 1400 1573 adhortatio,
1481 1543 1528 1574 Te
1543 1553 1638 1585 royo,
1666 1546 1704 1575 ut
1720 1543 1914 1576 memineris
1923 1540 1994 1589 12)]
2018 1541 2123 1575 Com-

1129 1590 1311 1623 mendatio
1333 1590 1398 1624 sui.

1350 1686 1488 1720 Aliud
1517 1694 1830 1731 argumentum
1847 1688 1904 1735 13).

1229 1753 1305 1787 Hae
1332 1754 1500 1798 epistolae
1526 1755 1568 1787 ad
1595 1755 1787 1789 Curionem
1813 1756 1964 1800 scriptae
1987 1754 2120 1791 habent

1125 1804 1342 1849 singularem
1367 1805 1600 1846 suavitatem,
1628 1813 1662 1839 et
1687 1807 1770 1852 quia
1795 1808 1867 1840 scre
1892 1808 2028 1840 nullam
2054 1821 2118 1852 pu-

1123 1857 1299 1890 blicorum
1316 1857 1543 1901 negotiorum
1570 1859 1949 1891 coimmemorationem
1974 1856 2118 1899 habent,

1124 1914 1206 1941 sunt
1224 1921 1367 1954 quoque
1383 1908 1560 1942 sacillores
1584 1909 1839 1953 superioribus.
1892 1909 1924 1943 Is
1945 1922 2029 1943 vero
2049 1909 2116 1944 Cu-

1154 2024 1186 2052 6)
1206 2023 1319 2053 Colligit
1338 2029 1478 2047 novam—
1490 2025 1517 2047 et
1535 2026 1680 2053 amorem]
1700 2025 1765 2048 haec
1784 2026 1882 2055 verba,
1903 2032 1971 2056 quae
1990 2025 2016 2050 in
2031 2027 2113 2052 Editt.

1193 2058 1278 2089 1537.,
1300 2058 1373 2081 1540.
1393 2058 1482 2080 altera
1495 2063 1559 2087 pars
1574 2059 1677 2087 primae
1691 2059 1877 2083 annotationis
1891 2062 1970 2089 sunt,
1989 2061 2016 2084 in
2029 2062 2110 2086 Editt.

1191 2093 1283 2120 1511,
1305 2091 1398 2119 1515,
1419 2092 1510 2119 1551,
1535 2092 1625 2121 1557.,
1647 2093 1720 2118 1560,
1745 2094 1779 2116 ab
1799 2099 1831 2116 ea
1849 2094 1973 2117 seiuncta
1996 2096 2024 2118 et
2049 2098 2112 2119 tan-

1188 2131 1267 2157 quam
1287 2126 1407 2149 secunda
1425 2126 1566 2149 annotatio
1586 2128 1792 2157 proponuntur,
1813 2128 1856 2151 cui
1874 2128 1900 2151 in
1920 2128 2003 2152 Editt.
2023 2130 2110 2161 1544„

1190 2161 1282 2187 1554..
1303 2159 1376 2184 1557.
1397 2161 1589 2189 praecedentia
1608 2162 1696 2191 „Non
1716 2163 1759 2184 est
1779 2163 1939 2190 molestum,
1968 2169 2009 2186 me
2028 2169 2109 2187 accu-

1187 2192 1270 2218 sari''
1290 2201 1337 2218 ceu
1357 2194 1500 2218 Ciceronis
1520 2196 1619 2226 verba,
1652 2195 1678 2218 in
1698 2196 1782 2220 Editt.
1804 2197 1895 2225 1545.,
1918 2197 1991 2220 1560.
2017 2200 2107 2221 autern

1186 2229 1329 2259 sequentia
1361 2228 1502 2252 Ciceronis
1533 2230 1701 2261 „Equidem
1731 2231 1869 2255 neminem
1896 2232 2084 2262 praetermisi
2092 2230 2109 2243 ’¹

1185 2263 1307 2294 praefixa
1327 2264 1398 2287 sunt.

1149 2304 1180 2337 7)
1200 2307 1228 2330 te
1246 2305 1429 2334 desiderare]
1448 2304 1486 2328 sic
1506 2304 1570 2328 illae
1589 2305 1690 2335 Editt.;
1715 2305 1764 2328 Ed.
1779 2306 1864 2330 Orell.
1884 2306 2052 2334 desiderare
2071 2311 2107 2334 te.

1147 2347 1178 2380 8)
1198 2347 1423 2378 1nEditt.1545.,
1445 2348 1518 2371 1560.
1538 2348 1604 2371 hacc
1622 2349 1687 2371 nota
1706 2354 1764 2371 cum
1784 2350 1961 2374 antecedente
1979 2350 2007 2374 in
2027 2358 2106 2376 unam

1183 2383 1224 2406 sic
1243 2384 1285 2406 est
1303 2382 1462 2406 coniuncta:
1490 2381 1555 2405 Non
1575 2382 1650 2406 enim
1668 2383 1784 2412 vereor]
1803 2383 1957 2414 propositio
1977 2387 2004 2409 et
2022 2391 2105 2410 excu-

1182 2417 1252 2441 satio
1272 2416 1376 2440 silentii
1394 2422 1442 2446 per
1461 2416 1658 2439 infitiationem.

1147 2458 1177 2490 9)
1197 2460 1251 2483 Pro
1269 2459 1312 2483 his
1332 2459 1388 2483 Cic.
1407 2458 1499 2482 verbis
1518 2457 1544 2481 in
1563 2458 1645 2483 Editt.
1668 2459 1759 2490 1545„
1780 2460 1855 2484 1560.
1873 2459 1934 2485 huic
1952 2463 2035 2487 notae
2053 2464 2104 2487 ad-

1181 2494 1285 2524 scripta.
1303 2494 1367 2517 sunt
1385 2494 1469 2516 verba
1489 2493 1677 2522 subsequentis
1698 2495 1759 2525 qu
1778 2495 1807 2520 te
1824 2495 1964 2526 abfuisse.

1146 2536 1191 2568 10)
1213 2538 1286 2561 Haec
1305 2538 1370 2560 nota
1388 2535 1415 2558 111
1433 2535 1515 2558 Editt.
1538 2535 1626 2564 1545,
1648 2536 1724 2561 1560.
1744 2536 1829 2561 deest.

1146 2580 1191 2612 11)
1211 2581 1263 2604 Pro
1283 2581 1324 2604 his
1346 2581 1402 2604 Cic.
1421 2579 1513 2602 verbis
1532 2579 1557 2602 111
1572 2579 1654 2603 Editt.
1670 2580 1755 2606 1515..
1778 2583 1850 2607 1560.
1870 2583 1931 2607 huic
1950 2586 2031 2608 notae
2050 2586 2101 2609 ad-

1178 2616 1283 2645 scripta
1302 2616 1380 2638 sunt:
1411 2615 1505 2638 Tanta
1523 2615 1564 2638 est
1585 2616 1757 2644 empectate'o.

1145 2658 1191 2686 12)
1213 2658 1265 2681 Pro
1290 2658 1332 2680 his
1353 2657 1407 2681 Cic.
1436 2657 1530 2680 verbis
1554 2657 1581 2680 111
1609 2658 1691 2681 Editt.
1714 2660 1806 2689 1545.‚
1834 2660 1909 2685 1560.
1934 2662 1992 2685 huic
2018 2664 2099 2687 notae

1175 2692 1297 2721 praefixa
1316 2693 1395 2715 sunt:
1422 2691 1462 2716 Et
1480 2692 1617 2722 quonium
1637 2699 1736 2717 meam.

1142 2732 1187 2764 ¹3)
1207 2734 1264 2758 Hoc
1281 2734 1472 2765 argumentum
1489 2734 1588 2758 habent
1607 2734 1689 2759 Editt.
1711 2735 1798 2767 1556.,
1819 2736 1885 2760 1565
1897 2749 1920 2753 -
1938 2737 2011 2761 1596.
