2351 2990
235 128 308 163 847

340 214 404 246 llic
430 224 514 245 vero
540 218 572 245 te
597 211 776 255 interrogo
797 209 990 245 Aeschine:
1020 213 1114 245 Haec
1143 226 1221 247 cuin

235 267 377 301 fierent,
405 271 438 296 et
462 264 553 296 cix‘es
578 269 751 295 certarent
770 263 876 305 signis
896 263 1162 306 gratulationis,
1191 271 1221 297 et

236 317 318 349 lacti
346 315 590 359 praedicarent
618 326 671 346 res
694 319 829 355 gestas,
857 327 944 346 nuni
971 321 1004 347 et
1030 321 1067 348 tu
1092 315 1223 348 sacrifi-

236 368 296 401 ciis
315 374 347 399 et
367 366 596 410 gratulationi
612 364 839 397 interfueris?
875 377 920 397 an
947 378 1030 398 vero
1049 366 1146 398 (lomi
1172 379 1224 400 se·

235 419 327 451 deris
347 424 500 450 moestus
513 443 521 454 ,
549 428 691 459 gemens
710 422 743 448 et
761 416 871 449 iratus
888 417 1051 449 fortunae
1078 423 1224 461 propter

234 475 409 504 servatam
429 466 630 501 civitatem?
665 466 701 499 Si
728 467 821 499 enim
847 467 1037 501 interfuisti
1062 474 1122 501 tuo
1147 469 1224 501 loco

234 522 378 556 sedens,
406 531 499 551 nunc
515 518 680 550 scelerate
701 518 784 550 facis
797 545 805 558 ‚
834 519 894 563 qui
914 531 991 551 cuni
1011 525 1112 552 antea
1130 518 1225 553 Deos

237 579 339 605 testes
362 570 492 608 fecisti,
522 575 553 601 te
580 568 736 601 iudicare
764 567 850 601 haec
878 570 1036 614 ipsorum
1054 570 1225 603 beneficia

237 635 328 659 esse,
362 633 456 654 nunc
485 620 576 653 cives
601 626 723 652 contra
750 619 905 653 iudicare
928 621 1104 664 postulas,
1138 634 1226 667 quo-

233 686 312 707 rum
350 671 544 706 sententiae
581 683 659 703 cuin
697 671 898 704 iuramento
927 672 1103 716 obligatae
1132 679 1225 712 sunt,

234 737 313 757 cum
340 722 469 756 divinis
496 721 695 755 consentire
719 722 859 755 debent.
923 723 985 755 Sin
1009 729 1126 756 autem
1151 736 1226 755 non

235 775 438 814 interfuisti,
454 772 627 817 supplicio
646 772 773 815 dignus
793 785 840 812 es,
862 774 958 818 quod
976 774 1012 806 in
1028 774 1225 818 publicu-⁰²⁶)

234 827 369 859 laetitia
391 825 455 858 tibi
475 824 626 857 cix-itatis
651 824 743 857 salus
765 824 926 857 dolorem
956 831 989 857 et
1011 825 1226 870 indignatio-

233 890 317 911 nem
334 877 463 910 attulit.
516 875 640 907 Recita
659 876 797 908 decreta
815 876 858 908 de
875 876 1066 910 sacrificiis.

446 962 634 994 Decreta
667 962 714 993 de
743 959 1007 1003 sacrificiis.

337 1045 460 1090 ltaque
485 1056 550 1078 nos
574 1044 717 1089 quidem
736 1043 813 1077 Deo
835 1051 920 1077 tunc
945 1044 1077 1089 gratias
1101 1045 1227 1088 ageba-

236 1109 332 1135 mus,
370 1095 535 1128 Thebani
561 1108 645 1128 vero
669 1095 791 1135 nobis,
820 1095 882 1141 qui
906 1096 1165 1140 praedicabant
1191 1108 1227 1130 se

236 1161 254 1181 a
272 1147 376 1180 nobis
393 1152 550 1180 servatos
567 1159 653 1181 esse.
705 1146 751 1179 Et
769 1159 847 1179 cum
873 1153 977 1179 antea
1003 1147 1228 1180 existimaba-

234 1212 314 1232 mus
338 1198 442 1231 nobis
470 1210 559 1241 opus
585 1210 656 1231 esse
683 1197 799 1230 alieno
828 1197 961 1231 auxilio
993 1198 1107 1243 (quod
1132 1198 1170 1231 in
1192 1199 1228 1231 id

233 1250 431 1295 periculum
457 1249 655 1293 respublica
679 1246 864 1282 Aeschinis
892 1249 1048 1283 artificiis
1076 1250 1228 1283 adducta

235 1301 352 1347 erat),
393 1306 478 1333 tunc
511 1300 732 1333 contrarium
766 1300 872 1334 nobis
907 1300 1054 1341 accidit,
1088 1307 1128 1333 ut
1163 1313 1228 1333 nos

237 1365 341 1397 opem
365 1352 538 1385 ferremus
562 1351 658 1391 aliis,
684 1356 874 1396 postquam
901 1363 1020 1384 meum
1041 1351 1227 1384 consilium

235 1402 471 1448 approbastis.
532 1401 663 1447 Quales
695 1408 813 1435 autem
843 1409 927 1435 tunc
952 1402 1103 1434 ediderit
1125 1414 1228 1435 voces

235 1467 298 1488 rex
321 1453 592 1493 Macedonicus,
620 1460 655 1486 et
680 1452 716 1485 in
740 1459 873 1497 quanta
895 1453 1003 1485 fuerit
1024 1458 1229 1486 consterna-

236 1507 352 1545 tione,
379 1517 421 1537 ex
446 1504 604 1548 epistolis
630 1504 705 1537 eius
726 1504 926 1547 agnoscite,
954 1515 1041 1549 quas
1064 1504 1101 1536 in
1124 1503 1229 1537 Pelo-

237 1568 438 1602 ponnesum
459 1555 556 1588 misit
571 1554 632 1601 3Ἴ).

339 1606 390 1639 Ac
414 1606 544 1646 recita,
577 1612 617 1639 ut
635 1605 803 1646 videatis,
827 1604 913 1650 ‘luid
933 1616 1011 1637 mea
1031 1604 1230 1645 assiduitas,

239 1658 450 1697 errationes,
473 1656 595 1700 magni
610 1656 750 1690 labores
768 1662 802 1689 ct
819 1657 940 1689 crebra
953 1657 1092 1688 decreta
1109 1656 1230 1689 effece-

238 1709 331 1749 rint,
357 1721 448 1754 quae
471 1720 565 1741 nunc
594 1707 657 1740 iste
682 1707 900 1740 calumniose
923 1706 1088 1751 exagitat.
1138 1706 1231 1740 Fue-

238 1766 324 1794 runt
349 1765 466 1792 autem
491 1759 595 1791 multi
620 1758 656 1790 in
681 1756 748 1791 hac
771 1758 913 1791 civitate
937 1757 1024 1791 clari
1051 1764 1085 1791 et
1108 1758 1230 1801 magni

239 1818 400 1845 oratores
425 1815 526 1849 ante,
555 1809 797 1849 Callistratus,
823 1806 1065 1854 Aristophon,
1093 1806 1231 1853 Cepha-

239 1863 312 1901 lus,
337 1859 583 1905 Thrasybulus
599 1859 646 1907 38)
664 1866 698 1893 et
714 1860 774 1893 alii
791 1860 906 1894 multi.
960 1860 1099 1893 Horum
1123 1872 1231 1893 nemo

240 1920 356 1947 totum
380 1924 414 1945 se
443 1912 492 1944 ita
523 1911 689 1945 omnibus
719 1912 879 1955 partibus
911 1911 1232 1945 administrationis

241 1963 421 2001 oneravit;
452 1963 512 1996 sed
536 1962 625 1996 alius
640 1963 780 1995 decreta
799 1963 955 1996 scribens
970 1963 1116 1996 nolebat
1134 1963 1232 1995 obire

239 2015 459 2059 legationes,
497 2013 587 2047 alius
620 2013 816 2057 legationes
845 2014 968 2047 obiens
1003 2025 1079 2046 non
1103 2013 1233 2046 scribe-

240 2067 302 2099 bat
335 2067 474 2098 dccreta
489 2091 498 2104 ,
541 2065 603 2098 sed
640 2067 885 2110 unusquisque
927 2070 961 2097 et
1004 2064 1232 2097 intervallum

241 2116 391 2160 sumpsit
425 2117 467 2148 ad
497 2115 769 2160 quiescendum,
812 2122 846 2148 et
877 2127 961 2149 suae
996 2115 1234 2148 incolumitati

241 2166 440 2207 consuluit,
473 2166 502 2200 si
525 2166 611 2212 quid
639 2167 739 2200 fieret
764 2166 1027 2200 communicato
1056 2178 1135 2200 cum
1157 2166 1235 2210 plu-

239 2219 339 2253 ribus
358 2217 530 2263 periculo.
585 2217 681 2262 Quid
704 2217 812 2261 igitur
835 2218 929 2250 dicat
951 2217 1099 2263 aliquis,
1130 2218 1236 2251 adeo-

242 2282 288 2303 ne
332 2269 510 2302 antecellis
551 2268 627 2302 aliis
668 2269 879 2302 fortitudine
915 2274 950 2301 et
988 2268 1156 2309 audacia,
1197 2275 1237 2302 ut

244 2322 339 2355 solus
356 2320 514 2364 attigeris
532 2319 679 2352 omnia?
721 2319 804 2354 Non
820 2318 889 2353 hoc
906 2319 985 2353 dico
998 2347 1007 2360 ,
1033 2320 1093 2354 sed
1115 2326 1236 2352 tamen

245 2383 317 2405 esse
341 2371 539 2415 periculum
563 2371 715 2405 civitatis
738 2371 963 2412 iudicabam,
990 2377 1030 2405 ut
1053 2382 1128 2403 non
1153 2382 1237 2404 con-

245 2423 428 2456 cederetur
445 2420 534 2455 mihi
549 2423 704 2467 spatium
722 2423 764 2456 de
782 2423 1027 2456 incolumitate
1042 2434 1121 2455 mea
1141 2422 1235 2466 cogi-

280 2537 330 2565 36)
350 2536 470 2566 publiea]
490 2536 538 2560 Ed.
555 2536 630 2561 1562.
652 2543 750 2562 errore
767 2539 896 2569 typogr.:
916 2537 1050 2568 publicae.

279 2579 329 2608 37)
357 2579 451 2608 ltaque
479 2584 529 2601 nos
559 2578 665 2608 quidem
690 2580 747 2604 Deo
773 2595 808 2600 -
834 2580 862 2603 in
888 2580 1107 2610 Peloponnesum
1137 2579 1236 2609 misit]

315 2615 381 2637 haec
401 2612 482 2636 etiam
500 2612 692 2637 Demosthenis
711 2615 796 2638 verba
819 2614 845 2638 in
865 2615 914 2639 Ed.
932 2614 1006 2638 1562.
1033 2614 1104 2638 maie
1129 2614 1170 2637 sic
1187 2616 1237 2644 ty-

316 2648 360 2678 pis
379 2647 517 2677 exscripta
536 2648 615 2676 sunt,
633 2653 667 2670 ac
689 2649 714 2672 si
732 2649 792 2679 ipsa
811 2649 923 2673 decreta
942 2648 975 2672 iis
995 2649 1202 2679 praeberentur.

281 2690 337 2748 ³8}
351 2689 556 2747 Thrzsjl‘hulus]
577 2688 616 2713 sic
635 2690 794 2720 scripsimus
812 2701 842 2712 z
863 2687 1074 2724 Θρασύβουλος;
1095 2691 1143 2716 Ed.
1161 2691 1235 2716 1562.

341 2729 408 2754 rasy
431 2731 445 2747 u
461 2730 502 2748 uS.

820 126 941 161 PHIL.
977 126 1089 162 MEL.
1122 125 1323 161 SCRIPTA
1355 127 1689 162 PHILOLOGICA.

2200 127 2274 163 848

1277 213 1395 252 tandi,
1427 215 1485 246 sed
1510 214 1593 247 satis
1609 225 1681 247 esse
1699 214 1883 252 ducerem,
1912 212 1941 246 si
1957 210 2047 245 nihil
2066 212 2269 245 omitterem

1276 264 1312 296 in
1338 264 1397 296 illo
1415 277 1541 308 genere
1553 292 1561 305 ‚
1590 265 1685 310 quod
1703 265 1868 308 prodesse
1886 276 1987 307 posse
2004 264 2177 297 videatur.
2225 263 2271 296 Et

1277 316 1319 347 de
1347 327 1402 347 me
1428 316 1532 349 stulte
1555 317 1725 355 sortasse,
1753 316 1813 349 scd
1839 321 1959 347 tamen
1987 313 2054 347 hoc
2074 312 2163 347 milii
2188 326 2268 358 per-

1276 378 1417 400 suasum
1437 373 1532 406 erat,
1559 379 1632 400 non
1652 367 1759 400 alium
1783 366 1995 400 scribentem
2021 367 2159 399 decreta
2180 365 2265 399 scri-

1276 418 1360 450 bere
1383 418 1528 450 utiliora
1554 418 1661 458 ineis,
1695 430 1809 463 neque
1834 424 1995 461 agentem
2022 416 2176 461 aliquid,
2206 427 2268 448 ne-

1278 481 1346 513 que
1369 469 1562 512 legationes
1587 469 1776 502 obeuntem
1799 470 1911 501 facere
1937 466 2023 501 haec
2048 468 2216 501 libentius
2232 473 2266 500 et

1279 519 1414 552 iustius.
1476 519 1556 553 Ideo
1582 517 1646 553 hos
1670 520 1808 553 labores
1835 532 1958 553 omnes
1980 518 2128 563 suscepi.
2192 518 2266 562 Age

1278 570 1352 614 lege
1370 568 1528 615 Philippi
1547 570 1694 604 litteras.

1645 655 1904 688 Litterae.

1380 738 1420 772 In
1443 736 1536 771 hanc
1563 738 1839 783 trepidationem
1863 738 1961 771 venit
1984 735 2095 772 hostis
2118 745 2267 783 propter

1279 802 1376 824 meas
1402 790 1568 823 actiones.
1623 790 1723 822 Hanc
1752 789 1809 822 ille
1837 801 1959 822 vocem
1986 788 2097 822 edidit
2119 796 2268 833 propter

1279 853 1354 882 me,
1382 854 1461 874 cuin
1479 848 1581 874 antea
1599 841 1749 885 superba
1767 840 1878 874 multa
1898 838 1980 873 huic
2006 839 2141 873 civitati
2163 840 2270 873 mini-

1279 899 1372 925 tatus
1395 899 1504 933 esset,
1537 899 1685 937 propter
1709 903 1799 937 quae
1824 903 1957 924 corona
1983 892 2136 925 donatus
2153 903 2231 925 sum
2249 903 2271 925 a

1280 943 1435 983 civibus,
1463 950 1497 976 et
1514 949 1553 977 tu
1568 956 1648 977 cum
1668 944 1825 983 adesses,
1853 954 1927 975 non
1944 941 2210 983 contradixisti,
2235 949 2270 976 et

1280 1000 1465 1028 accusator
1491 994 1652 1028 Diondas
1676 1006 1751 1027 non
1778 994 1913 1038 accepit
1939 994 2102 1039 quintam
2130 999 2270 1038 partem

1281 1045 1511 1079 calculorum.
1564 1045 1688 1079 Recita
1706 1046 1865 1085 decreta,
1893 1057 1984 1090 quae
2006 1050 2091 1078 tunc
2108 1044 2271 1078 absoluta

1281 1103 1315 1130 et
1337 1109 1380 1130 ne
1398 1097 1542 1142 quidem
1560 1098 1604 1130 ab
1618 1094 1792 1130 Aeschine
1812 1102 1973 1129 accusata
1990 1101 2073 1129 sunt
2087 1095 2146 1142 ³⁹).

1645 1183 1884 1215 Decreta.

1383 1265 1584 1311 Agnoscitis
1612 1265 1738 1299 iisdem
1767 1265 1883 1298 verbis
1912 1271 1947 1298 et
1977 1265 2102 1299 iisdem
2129 1265 2273 1310 syllabis

1280 1317 1451 1361 scriptum
1470 1329 1542 1350 esse
1558 1318 1739 1349 decretum
1755 1314 1994 1360 Ctesiphontis
2005 1342 2014 1357 ‚
2039 1316 2168 1362 quibus
2185 1317 2272 1350 olim

1281 1370 1462 1402 decretum
1497 1366 1692 1401 Aristonici
1725 1366 1897 1411 scriptum
1932 1367 2019 1407 suit,
2055 1369 2153 1412 quod
2188 1374 2273 1401 tunc

1280 1417 1472 1453 Aeschines
1495 1431 1569 1451 non
1593 1417 1790 1458 accusavit,
1822 1429 1863 1450 ac
1885 1429 1929 1450 ne
1954 1417 2099 1462 quidem
2120 1418 2273 1452 subscri-

1281 1478 1364 1515 ptor
1384 1470 1470 1510 fuit,
1499 1482 1579 1503 cuni
1602 1474 1809 1502 accusarent
1827 1467 1900 1502 alii.
1954 1468 2050 1502 Tum
2066 1475 2273 1503 vero-auto-

1281 1534 1336 1555 res
1353 1521 1484 1554 decreti
1501 1531 1665 1553 accusare
1681 1517 1865 1553 honestius
1881 1525 1977 1559 erat,
2005 1532 2086 1553 cum
2109 1520 2273 1554 nondum

1282 1572 1502 1617 praeiudicia
1524 1572 1616 1604 facta
1641 1576 1774 1611 essent,
1808 1582 1917 1616 quam
1946 1582 2041 1604 nunc
2063 1569 2274 1616 Ctesiphon-

1282 1630 1373 1664 tem,
1402 1624 1485 1669 quia
1504 1620 1671 1667 Ctesipho
1695 1622 1767 1654 iam
1789 1621 1883 1654 tueri
1897 1634 1932 1655 se
1950 1628 2066 1666 potest
2081 1623 2273 1657 autoritate

1282 1675 1335 1708 rei
1351 1675 1544 1715 iudicatae,
1571 1680 1606 1707 et
1629 1674 1727 1719 quod
1741 1670 1933 1707 Aeschines
1947 1685 2021 1706 non
2043 1674 2274 1714 accusaverit,

1283 1733 1318 1759 et
1333 1727 1430 1771 quod
1446 1726 1539 1770 leges
1561 1737 1636 1758 non
1660 1725 1747 1758 dant
1770 1724 1948 1757 actionem
1967 1725 2009 1758 de
2025 1736 2063 1757 re
2078 1724 2204 1758 ordine
2220 1725 2274 1759 iu-

1283 1777 1400 1811 dicata
1416 1776 1476 1823 ¹¹⁰).

1385 1828 1509 1861 Potest
1531 1833 1566 1859 et
1591 1826 1661 1859 alia
1685 1825 1797 1859 multa
1822 1837 2017 1870 opponere.
2082 1825 2274 1859 Praeterea

1284 1885 1368 1912 tunc
1391 1890 1495 1912 causa
1521 1878 1618 1911 nuda
1643 1877 1837 1910 secundum
1861 1889 1935 1910 sese
1957 1876 2181 1910 indicabatur
2198 1876 2274 1911 sine

1284 1929 1529 1974 praeiudiciis,
1552 1929 1613 1962 sed
1630 1934 1714 1962 tunc
1730 1928 1768 1960 in
1781 1927 1960 1972 praesenti
1979 1939 2016 1960 re
2035 1939 2111 1960 non
2132 1934 2275 1972 poterat

1285 1979 1350 2015 has
1372 1980 1581 2025 praestigias
1604 1977 1792 2019 adhibere,
1819 1985 1853 2012 et
1879 1978 2064 2012 offundere
2087 1979 2275 2023 caliginem

1287 2032 1415 2072 oculis,
1431 2039 1470 2066 ut
1487 2031 1603 2065 dicere
1623 2030 1751 2076 aliquis
1768 2029 1910 2063 videtur
1928 2042 2117 2074 excerpens
2133 2030 2274 2064 decreta

1287 2095 1328 2116 ex
1361 2083 1469 2128 longo
1506 2081 1693 2116 intervallo
1721 2082 1832 2121 facta,
1873 2087 1907 2114 et
1934 2093 1974 2114 ea
2003 2081 2190 2115 artificiose
2219 2093 2277 2115 ca-

1286 2134 1485 2175 lumnians,
1518 2140 1553 2167 et
1573 2140 1734 2177 tempora
1759 2132 1995 2172 transferens,
2023 2138 2057 2165 et
2076 2132 2277 2168 occasiones

1286 2186 1391 2220 falsas
1414 2186 1596 2230 affingens.
1659 2183 1729 2216 Sed
1753 2188 1836 2216 tunc
1861 2183 2060 2228 praestigiis
2081 2183 2180 2218 locus
2200 2196 2276 2218 non

1286 2237 1429 2278 fuisset,
1458 2237 1541 2282 quia
1558 2248 1613 2269 res
1631 2232 1746 2268 adhuc
1763 2241 1797 2267 et
1812 2234 1849 2267 in
1867 2235 2031 2269 manibus
2048 2241 2143 2276 erat,
2169 2241 2204 2268 et
2217 2247 2277 2269 ve-

1287 2288 1374 2323 ritas
1397 2300 1509 2334 prope
1538 2286 1840 2330 conspiciebatur,
1876 2292 1910 2319 et
1941 2284 2033 2319 nihil
2058 2285 2097 2319 in
2125 2286 2277 2320 oblivio-

1287 2352 1370 2373 nem
1396 2344 1555 2373 venerat.
1606 2337 1761 2382 Fugiens
1783 2337 1891 2382 igitur
1911 2336 2181 2383 inquisitionem
2204 2338 2277 2372 col-

1320 2477 1369 2506 39)
1395 2477 1424 2500 ln
1454 2475 1523 2499 hanc
1547 2471 1758 2503 trepidationem
1782 2471 1859 2496 venit
1875 2483 1910 2488 —
1927 2472 1961 2496 ah
1986 2470 2121 2496 Aeschine
2143 2473 2275 2497 accusata

1356 2511 1445 2539 sunt]
1463 2509 1529 2533 haec
1542 2507 1734 2531 Demosthenis
1753 2507 1839 2530 verba
1857 2505 1884 2529 in
1903 2506 1953 2531 Ed.
1968 2506 2042 2530 ¹562.
2061 2506 2101 2530 ita
2120 2506 2196 2536 typis
2209 2507 2276 2530 sunt

1357 2544 1516 2575 exscripta,
1543 2542 1622 2573 quasi
1645 2541 1756 2566 litteras
1775 2541 1852 2565 iussu
1874 2540 1994 2565 oratoris
2013 2541 2168 2571 praelectas
2185 2541 2277 2566 conti-

1356 2579 1465 2603 nerent.

1322 2622 1370 2650 40)
1388 2618 1548 2651 Agnoscitis
1566 2619 1662 2643 iisdem
1680 2618 1774 2643 verbis
1793 2631 1827 2636 —
1846 2617 1880 2642 de
1897 2623 1929 2642 re
1944 2616 2038 2641 ordine
2051 2616 2194 2647 iudicata]
2209 2618 2278 2642 haec

1356 2661 1463 2686 quoque
1482 2653 1676 2678 Demosthenis
1695 2654 1779 2677 verba
1797 2653 1825 2676 in
1841 2653 1890 2676 Ed.
1913 2651 1987 2675 1562.
2010 2652 2086 2682 typis
2115 2652 2159 2676 sie
2176 2658 2279 2677 excusa

1358 2690 1440 2720 sunt,
1466 2696 1497 2712 ae
1515 2688 1538 2712 si
1558 2689 1617 2719 ipsa
1635 2688 1766 2720 decreta,
1791 2693 1904 2718 quorum
1923 2685 2080 2711 testimonio
2101 2687 2197 2711 orator
2213 2687 2239 2711 h.
2257 2687 2279 2713 Ι.

1355 2724 1441 2748 utitur
1453 2740 1462 2755 ,
1483 2723 1652 2747 exhiberent.
