2351 2990
104 113 178 151 429
231 113 352 150 XXIII.

104 207 159 233 ret
175 200 282 234 etiam
299 213 365 246 pro
385 202 576 242 militibus,
603 208 642 235 ut
663 202 769 246 digua
792 203 951 246 praemia
976 215 1096 237 conse-

105 258 281 296 quantur,
323 259 356 285 et
381 253 544 297 inprimis
569 254 837 287 commendatos
860 252 990 287 habeat
1015 255 1096 287 reli-

104 315 193 347 quos
212 304 299 337 duos
319 303 562 347 imperatores.
626 304 816 338 Conclusio
843 302 949 337 habet
973 317 1095 339 causas

102 351 206 387 huius
232 354 423 398 petitionis.
485 353 525 387 In
553 355 620 387 fine
641 355 796 389 breviter
818 362 941 389 monet
963 357 1006 389 (le
1031 368 1093 390 sua

103 404 334 448 profectione.

354 479 489 514 Aliud
518 489 846 525 argumentum.

203 548 325 581 Primo
359 548 541 592 praedicat
564 550 719 583 studium
756 557 789 583 et
817 550 1091 583 sollicitudinem

102 599 293 633 Ciceronis.
358 599 496 632 Deinde
519 600 660 633 subiicit
682 602 925 634 narrationem
951 603 993 634 de
1020 601 1091 635 suis

100 650 229 694 copiis,
257 650 361 684 rebus
380 651 483 694 gestis
500 657 532 684 et
550 657 643 684 statu
659 664 779 685 rerum
796 653 830 684 in
847 652 960 697 Syria.
1021 652 1090 684 Po-

98 708 230 734 stremo
249 708 282 734 et
299 714 334 735 se
352 707 386 735 et
409 702 539 735 milites
562 715 643 736 suos
661 702 824 736 Ciceroni
851 704 1089 743 commendat,

98 764 138 784 ac
154 752 336 796 praedicat
353 753 478 794 fidem,
504 754 741 787 constantiam
762 761 796 787 et
816 755 982 786 virtutem
1008 766 1089 787 suo-

96 815 174 837 rum
196 803 361 838 militum.

308 888 445 921 Aliud
478 888 870 932 argumentum-'‘G).

195 954 328 988 Narrat
345 955 387 987 de
403 954 507 987 rebus
525 966 543 986 a
560 966 595 987 se
613 954 737 998 gestis,
767 961 799 987 et
816 961 889 988 tum
908 955 961 989 sui
973 983 981 995 ,
1010 962 1084 988 tum

95 1005 265 1038 exercitus
291 1017 410 1038 curam
438 1017 456 1037 a
482 1004 651 1038 Cicerone
675 1003 799 1038 haberi
822 1007 979 1050 postulat
1003 1019 1086 1050 pro-

92 1062 172 1100 pter
188 1067 333 1099 operam
360 1055 575 1099 reipublicae
602 1062 781 1090 navatam.
843 1057 958 1090 Habet
982 1058 1084 1090 sami-

90 1107 178 1139 liare
196 1106 380 1139 exordium
401 1118 441 1139 ex
456 1106 550 1139 illius
568 1118 702 1140 amore.

258 1196 441 1232 Scholia
478 1198 523 1230 in
559 1199 799 1243 epistolam
825 1199 914 1234 XIII.

193 1273 224 1318 ξ.
243 1275 275 1308 1.
302 1276 345 1308 δι’
361 1275 468 1314 vales,
500 1276 580 1308 bene
601 1280 651 1308 est
665 1274 737 1322 57)]
775 1275 976 1309 Gratulatio
995 1289 1081 1321 prae

90 1326 231 1370 gaudio.
310 1326 424 1359 Fatale
441 1328 551 1359 neseio
568 1323 666 1372 quid]
694 1326 934 1371 Amplificatio
959 1340 999 1360 ex
1024 1341 1080 1361 su-

88 1376 290 1421 perioribus
307 1376 411 1409 rebus
426 1376 541 1419 gestis.
620 1380 721 1411 Nunc
739 1383 771 1411 te
786 1377 998 1425 habebimus]
1026 1378 1080 1412 Ex

87 1427 259 1461 fructibus
276 1427 457 1460 victoriae.
541 1429 657 1473 Neque
672 1431 761 1463 enim
779 1428 944 1477 omnium]
975 1430 1079 1463 Com-

90 1478 271 1512 mendatio
288 1489 372 1511 suae
389 1489 575 1521 personae.

190 1527 219 1573 ἓ.
236 1529 270 1562 3.
298 1531 369 1562 Nos
386 1541 432 1562 ex
447 1526 526 1575 ora]
555 1528 736 1564 Narratio.

382 1603 777 1652 Argumentum5s).

189 1671 371 1705 Ciceronis
388 1683 496 1716 opera
519 1679 553 1705 et
577 1674 725 1706 consilio
742 1675 919 1708 Antonius
944 1675 1077 1708 iudica-

86 1730 141 1757 tus
159 1728 234 1755 erat
249 1720 360 1755 hostis
379 1722 611 1766 reipublicae,
638 1725 849 1758 etOctavius
867 1726 1077 1760 adiunxerat

85 1787 120 1809 se
138 1773 339 1807 consulibus
358 1773 474 1805 Hirtio
503 1780 535 1806 et
552 1774 689 1808 Pansae
715 1777 758 1808 ad
783 1776 986 1819 pellendum
1002 1778 1075 1810 An-

84 1825 224 1859 tonium
242 1825 285 1857 ab
303 1824 487 1857 obsidione
504 1824 710 1860 Mutinensi.
769 1826 875 1870 Quod
898 1840 976 1861 cum
1000 1829 1074 1861 seli-

84 1877 171 1910 citer
199 1876 338 1910 cessisse
363 1875 501 1909 Cassius
530 1878 719 1921 accepisset
749 1879 948 1921 gratulatur
978 1880 1074 1913 Cice·

83 1927 184 1967 roni,
225 1927 371 1972 eiusque
402 1927 547 1960 consilia
572 1928 671 1962 miris
694 1929 857 1962 laudibus
881 1931 1072 1973 praedicat.

82 1980 199 2024 Atque
216 1976 303 2011 haec
322 1978 422 2023 prior
440 1978 608 2022 epistolae
624 1992 707 2024 pars
725 1985 786 2013 est.
822 1980 1006 2015 Posterior
1022 1988 1073 2016 est

83 2029 303 2064 nuntiatoria
315 2055 325 2070 ,
354 2041 423 2075 qua
440 2029 593 2070 indicat,
621 2043 691 2076 quo
707 2030 744 2063 in
759 2037 851 2064 statu
868 2044 923 2065 res
941 2032 1011 2066 sint
1034 2033 1071 2066 in

79 2082 177 2115 Asia.
236 2080 394 2114 Exorsus
415 2086 466 2114 est
486 2092 504 2113 a
529 2081 793 2126 propositione:
835 2082 965 2127 Magna
991 2097 1068 2117 cum

82 2132 321 2166 admiratione
339 2132 452 2164 laetor
469 2132 656 2166 victoriam
672 2133 886 2177 reipublicae
903 2135 970 2168 tuis
987 2148 1070 2168 con-

81 2183 167 2217 siliis
184 2182 381 2227 contigisse.
433 2181 543 2217 Addit
559 2184 752 2218 rationem:
790 2184 883 2229 Quia
900 2185 1069 2220 divinitus

81 2240 253 2278 reguntur
269 2241 328 2267 tua
353 2233 519 2274 consilia,
552 2235 680 2280 quibus
703 2236 960 2280 rempublicam
985 2250 1068 2270 con-

80 2296 210 2319 servas.
263 2285 429 2330 Sequitur
453 2286 630 2320 conclusio
653 2287 754 2320 valde
779 2288 915 2332 prolixe
943 2289 1068 2333 ampli-

79 2338 180 2369 ficata
198 2348 217 2368 a
237 2336 451 2376 commodis,
479 2336 516 2368 in
539 2350 607 2382 qua
628 2345 870 2372 commoratur
886 2352 996 2385 usque
1022 2340 1067 2374 ad

78 2389 185 2421 finem
205 2384 309 2421 huius
326 2387 447 2431 partis.
500 2387 638 2422 Deinde
658 2396 709 2424 est
723 2390 883 2423 narratio
901 2392 944 2424 de
961 2391 1066 2425 rebus

77 2438 252 2473 Asiaticis.

111 2556 161 2583 56)
179 2555 239 2578 Hoc
257 2555 447 2585 argumentum
464 2555 567 2579 habent
585 2556 668 2582 Editt.
684 2558 873 2584 1565-1596.

111 2597 159 2625 57)
180 2596 232 2620 Pro
251 2596 293 2619 liis
309 2596 365 2620 Cic.
384 2596 476 2619 verbis
496 2596 522 2620 in
537 2597 717 2630 Editt.1545.,
739 2600 812 2624 1560.
831 2601 893 2624 huie
912 2601 995 2625 notae
1013 2601 1064 2625 ad-

143 2630 248 2660 scripta.
266 2632 331 2654 sunt
349 2630 510 2660 sequeutia:
538 2632 608 2656 Cum
627 2634 805 2664 reipublicae
823 2636 869 2660 vel
888 2636 992 2660 salute.

107 2673 156 2700 58)
177 2673 234 2696 Hoc
251 2675 439 2704 argumentum
459 2674 485 2697 et
508 2673 560 2699 duo
579 2676 722 2706 sequeutia
738 2677 767 2701 in
783 2677 870 2703 Editt.
890 2678 976 2708 1556„
997 2678 1064 2703 1565

142 2706 259 2732 -1596,
276 2707 463 2733 inveniuntur.

404 114 711 151 ARGUMENTA
735 115 800 150 ET
828 114 1032 151 SCHOLIA
1058 115 1107 153 IN
1132 119 1279 157 EPIST.
1308 121 1420 158 FAM.
1448 121 1532 158 CIC.
1558 122 1645 158 LlB.
1656 123 1728 159 XII.
1755 124 2016 160 lituo-14,
2070 124 2143 159 430

1386 208 1521 243 Aliud
1549 216 1881 254 argumentum.

1231 275 1322 309 Satis
1337 274 1483 309 horrida
1501 289 1540 310 ac
1558 278 1646 311 dura
1666 284 1717 312 est
1736 278 1883 322 epistola
1900 277 2004 312 huius
2019 277 2142 316 Cassii,

1149 337 1237 369 quae
1256 328 1478 361 consumitur
1495 328 1531 361 in
1549 329 1754 362 laudatione
1773 341 1945 373 personae
1957 329 2138 362 Ciceronis

1148 382 1181 407 et
1216 379 1557 412 commemoratione
1599 392 1719 413 rerum
1755 386 1935 424 gestarum
1974 381 2010 412 in
2042 380 2138 412 Asia.

1147 427 1296 461 Orditur
1314 441 1332 461 a
1352 430 1588 473 gratulatione
1600 458 1609 470 ,
1642 432 1738 475 quod
1755 431 1874 464 audita
1891 432 1972 475 suga
1988 430 2138 463 Antonii

1146 478 1315 512 deductus
1329 480 1373 513 sit
1390 492 1409 513 a
1430 481 1563 524 populo
1589 482 1626 514 in
1643 482 1879 526 Capitolium,
1917 481 2036 514 addita
2062 493 2136 513 am-

1146 529 1361 572 plificatione
1379 531 1529 564 aliarum
1548 544 1688 573 rerum,
1716 545 1803 578 quas
1826 539 1930 566 antea
1958 532 2061 576 gessit
2079 531 2136 565 Ci-

1145 591 1225 613 cero
1243 593 1381 614 summa
1398 582 1575 616 felicitate.
1635 583 1773 617 Deinde
1798 590 1848 617 est
1872 583 2134 617 commendatio

1144 643 1227 664 suae
1247 644 1440 675 personae,
1468 632 1569 666 Hanc
1586 634 1746 679 sequitur
1763 635 1923 668 narratio
1942 647 2061 667 rerum
2079 647 2135 676 ge-

1143 687 1276 715 starum
1294 683 1331 714 in
1348 682 1444 716 Asia.
1498 683 1687 718 Conclusio
1711 683 1816 718 habet
1838 686 1982 719 brevem
2010 697 2134 718 conso-

1143 732 1313 765 lationem
1330 735 1373 766 de
1391 734 1584 778 republica.

1390 826 1527 861 Aliud
1555 836 1883 872 argumentum.

1240 900 1438 935 Exordium
1478 901 1585 937 habet
1625 905 1901 948 gratulationem
1944 916 2132 939 successus.

1141 953 1236 996 quod
1257 952 1420 986 Ciceroni
1440 954 1476 986 in
1493 955 1731 999 opprimendo
1745 956 1905 988 Antonio
1925 967 1979 988 res
1996 968 2035 987 ex
2054 966 2132 988 sen-

1139 1003 1248 1035 tentia
1269 1004 1446 1038 cesserint.
1500 1005 1637 1039 Deinde
1664 1007 1874 1051 petitionem
1896 1006 2054 1041 subiicit,
2080 1011 2131 1041 ut,

1138 1060 1327 1099 postquam
1358 1056 1556 1100 respublica
1588 1057 1662 1090 eius
1694 1057 1864 1090 beneficio
1894 1058 1938 1091 sit
1968 1057 2130 1094 liberata,

1138 1105 1221 1137 velit
1247 1105 1313 1138 sibi
1335 1118 1406 1139 esse
1433 1108 1529 1141 testis
1540 1107 1585 1154 5²³)
1610 1108 1740 1149 animi,
1783 1121 1891 1154 quem-
1923 1119 2063 1151 semper
2087 1108 2129 1138 de

1137 1156 1315 1200 republica
1332 1155 1507 1192 habuerit.
1555 1158 1707 1204 Reliqua
1726 1171 1808 1203 pars
1826 1166 1877 1193 est
1894 1158 2053 1192 narratio
2072 1169 2130 1190 eo-

1136 1219 1234 1247 rum,
1264 1219 1354 1252 quae
1373 1215 1496 1242 contra
1514 1208 1738 1243 Dolabellam
1756 1216 1838 1244 sunt
1854 1216 1961 1254 gesta.

1306 1323 1492 1358 Scholia
1527 1326 1571 1359 in
1600 1326 1839 1371 epistolam
1867 1326 1957 1361 XIV.

1236 1407 1266 1453 ἓ.
1287 1409 1318 1443 1.
1348 1411 1456 1451 Quum
1471 1410 1638 1459 Brutum]
1666 1412 1834 1446 Narratio
1860 1413 1902 1445 de
1925 1411 2042 1446 studio
2061 1423 2124 1445 suo

1133 1459 1225 1506 11169)
1243 1463 1490 1506 persequendo
1507 1461 1693 1496 Dolabella
1703 1463 1768 1510 ⁶¹),
1797 1470 1830 1497 et
1846 1465 1888 1497 de
1898 1463 1944 1510 62)
1963 1461 2124 1496 Rhodio-

1132 1524 1211 1544 rum
1230 1511 1474 1556 improbitate.

1234 1569 1264 1615 ἓ.
1282 1570 1316 1606 4.
1343 1574 1397 1605 De
1414 1579 1530 1607 nostra
1544 1572 1729 1621 diym‘mte]
1753 1573 2025 1608 Commendatio
2042 1584 2123 1606 suae

1131 1621 1323 1665 dignitatis.

1234 1679 1263 1724 ἓ.
1282 1681 1315 1715 6,
1344 1684 1413 1726 Eyo
1430 1695 1481 1716 me
1496 1685 1535 1716 de
1551 1682 1740 1731 republica]
1766 1684 1970 1728 Congeries,
1999 1690 2033 1716 et
2050 1695 2123 1715 am-

1128 1731 1297 1775 plificatio
1316 1745 1460 1766 suorum
1478 1734 1744 1769 beneficiorum.

1232 1788 1262 1834 ἓ.
1279 1791 1313 1824 7.
1340 1795 1450 1837 Atque
1469 1793 1550 1826 haec
1572 1791 1767 1840 omaeziec⁶³)]
1795 1792 1961 1826 Affectus.
2030 1795 2122 1826 Haec

1127 1840 1244 1886 elsim)
1260 1841 1450 1889 adhuc-⁶⁵)]
1477 1842 1717 1887 Amplificatio
1743 1856 1784 1876 ex
1810 1844 2119 1888 consequentibns,

1126 1891 1258 1924 scilicet
1281 1893 1364 1937 quia
1386 1906 1460 1926 non
1481 1894 1527 1927 sit
1548 1894 1686 1928 debitus
1709 1895 1862 1935 fructus,
1897 1907 1958 1928 seu
1984 1906 2117 1927 merces

1127 1950 1313 1976 consecuta
1326 1943 1384 1989 66).

1157 2078 1290 2136 59)tesse
1308 2078 1404 2107 testis]
1425 2077 1466 2102 sic
1483 2078 1567 2102 Editt.
1583 2079 1669 2111 1565.,
1688 2079 1773 2110 1571.‚
1794 2079 1886 2110 1596.;
1906 2079 1954 2104 Ed.
1976 2078 2051 2102 1556.
2069 2079 2114 2102 te-

1194 2120 1207 2136 s
1223 2119 1246 2135 is
1266 2119 1337 2136 esse.

1159 2164 1208 2191 60)
1229 2163 1270 2192 111]
1289 2163 1329 2187 sic
1342 2163 1521 2195 Editt.1537.‚
1542 2164 1629 2191 1540..
1649 2164 1734 2196 1545„
1757 2164 1844 2196 1557„
1863 2164 1955 2194 1560.;
1976 2163 2025 2187 Ed.
2041 2163 2116 2188 1544.

1190 2204 1287 2222 errore
1308 2199 1435 2229 typogu:
1464 2205 1516 2229 ¹¹03
1545 2199 1594 2222 Ed.
1611 2200 1686 2223 1554.
1705 2200 1748 2224 de.

1154 2250 1203 2278 61)
1221 2250 1382 2279 Dolabella]
1401 2250 1450 2274 Ed.
1468 2250 1542 2275 1537.
1562 2251 1715 2275 Dolabella.

1153 2301 1199 2329 62]
1220 2302 1247 2324 et
1266 2301 1313 2330 de]
1333 2302 1382 2325 Ed.
1404 2302 1478 2326 1544.
1500 2302 1647 2331 corrupte:
1675 2301 1755 2325 etide.

1155 2353 1203 2382 63)
1223 2353 1277 2376 Pro
1301 2352 1343 2376 his
1370 2353 1425 2377 Cic.
1455 2353 1547 2377 verbis
1572 2353 1598 2376 in
1622 2353 1707 2377 Editt.
1731 2352 1823 2384 1545„
1849 2352 1923 2377 1560.
1946 2351 2008 2377 huic
2031 2352 2113 2377 notae

1186 2388 1309 2417 praefixa
1323 2389 1388 2411 sunt
1408 2388 1565 2418 sequentia:
1594 2388 1651 2418 Qui
1668 2388 1787 2412 sodalis.

1151 2438 1199 2466 64)
1218 2439 1289 2467 etsi]
1308 2438 1347 2461 sic
1366 2438 1448 2461 Editt.
1467 2437 1654 2461 1544—1554.
1669 2453 1676 2463 .
1698 2437 1771 2462 1557.
1785 2454 1792 2466 ,
1813 2437 1904 2466 1560..
1931 2437 2005 2461 1601.
2024 2443 2112 2468 aeque

1187 2479 1220 2496 ac
1238 2473 1287 2496 Ed.
1310 2473 1394 2496 Orell.
1416 2473 1442 2495 iu
1461 2473 1553 2501 textu,
1587 2471 1614 2494 iu
1634 2471 1689 2495 cie.
1716 2472 1810 2495 verbis
1838 2473 1930 2496 autem
1948 2472 2010 2496 huic
2027 2474 2110 2496 notae

1186 2507 1315 2537 praefixis
1334 2507 1418 2531 Editt.
1441 2507 1532 2535 1540.‚
1554 2506 1645 2535 1544„
1667 2506 1758 2538 1554„
1780 2506 1852 2531 1557.
1878 2506 2022 2531 lectionem
2040 2506 2109 2530 Edi-

1185 2541 1269 2565 tIonis
1292 2541 1366 2565 1537.
1386 2541 1412 2564 si
1433 2540 1568 2563 exhibent.

1151 2592 1199 2620 65)
1220 2592 1273 2616 Pro
1298 2591 1341 2615 his
1369 2591 1424 2616 Cic.
1449 2591 1540 2614 verbis
1564 2590 1592 2614 in
1617 2590 1701 2616 Editt.
1722 2591 1814 2623 1545„
1841 2593 1916 2617 1560.
1940 2592 2001 2617 huic
2025 2594 2108 2617 notae

1184 2627 1307 2656 praefixa
1325 2627 1389 2649 sunt
1408 2625 1567 2655 sequentia:
1592 2625 1668 2650 ΜὶΙιί
1686 2627 1790 2652 tulisse
1806 2627 1946 2658 fructum.

1149 2677 1197 2705 66)
1216 2677 1378 2704 consecuta]
1397 2675 1438 2699 sic
1456 2675 1540 2701 Editt.
1562 2676 1767 2710 1537—1544.,
1788 2679 1880 2710 1554.,
1901 2677 1991 2709 1557.;
2020 2676 2103 2701 Editt,

1186 2711 1278 2742 1545„
1299 2710 1373 2735 1560.
1392 2712 1566 2735 consecutus.
