2351 2990
125 120 222 154 1067

117 206 172 240 sin
199 215 283 237 vero
303 214 368 235 nos
393 200 526 234 amicos
554 210 627 232 esse
651 195 859 241 cogitabatis
874 195 943 240 ³⁷),
985 193 1113 226 iniuste

116 256 264 294 fecistis,
300 253 396 299 quod
421 252 523 285 nobis
539 250 669 282 bellum
689 247 869 280 intulistis.
924 245 1112 278 Caeterum

117 309 155 340 in
172 318 257 351 pace
276 305 359 339 iusti
376 303 524 341 fuimus,
553 300 635 345 quia
653 299 790 343 priores
805 309 883 330 eam
899 309 973 329 non
992 296 1113 329 turba-

115 359 253 398 vimus‚
279 363 314 390 et
333 357 371 388 in
393 354 493 388 bellis
510 353 676 385 adversus
695 349 821 383 Medos
847 348 913 382 soli
940 360 982 381 ex
997 346 1112 379 Boeo-

116 410 174 444 tiis
198 410 235 443 in
260 407 463 442 defensione
494 402 667 436 libertatis
694 400 865 435 Graeciae
888 412 951 433 vos
975 397 1112 432 adiuvi-

114 474 206 495 mus.
259 460 487 504 Quamquam
507 454 602 487 enim
619 451 874 486 Mediterranei
891 462 1032 489 sumus,
1060 455 1111 481 ta-

114 525 198 547 men
229 512 273 544 ad
294 507 525 542 Artemisium
555 504 693 549 proelio
726 503 846 536 navali
874 500 1112 540 interfuimus,

114 571 236 609 postea
262 562 298 593 in
330 558 468 604 proelio
502 563 627 590 contra
651 554 884 588 Mardonium
920 553 957 586 in
988 558 1109 585 nostra

112 622 209 649 terta
245 611 428 645 vobiscum
465 614 500 642 et
529 620 610 641 cum
631 607 811 640 Pausania
841 605 878 638 in
910 605 984 638 acie
1014 603 1110 637 steti-

112 679 211 705 mus,
253 670 287 697 et
311 661 473 695 omnium
497 659 740 704 periculorum
764 656 934 692 Graeciae
958 668 999 689 eo
1022 661 1111 687 tem·

111 729 199 762 pore
217 726 325 759 supra
340 713 433 746 vires
450 711 641 756 participes
658 709 802 744 fuimus.
856 707 1007 752 Proprie
1023 718 1109 739 vero

111 768 214 801 vohis
230 762 528 802 Lacedaemonii,
554 775 633 795 cum
651 761 745 796 servi
761 760 869 794 vestri
890 764 971 804 post
994 764 1109 791 terrae

111 826 251 853 motum
277 829 295 849 a
320 815 421 849 vobis
444 813 653 847 defecissent
676 813 721 845 ad
744 810 929 851 Ithomen,
966 808 1108 843 tertiam

110 877 250 916 partem
267 868 397 901 civium
419 871 628 899 nostrorum
652 863 784 897 auxilio
808 862 989 902 misimus,
1017 872 1109 906 quae

110 921 283 956 beneficia
304 931 367 952 vos
393 916 555 950 oblivisci
578 928 653 949 non
682 916 794 949 decet.
862 913 958 946 Haec
985 918 1108 945 nostra

110 973 239 1007 merita
265 977 347 1005 sunt
373 975 492 1002 vetera
517 974 552 1000 et
574 966 780 1012 praecipua.
839 965 967 999 Hostes
989 969 1108 996 autem

110 1031 233 1070 postea
249 1022 332 1055 facti
349 1032 469 1054 sumus
480 1046 489 1060 ‚
516 1019 590 1052 eius
605 1018 657 1051 rei
673 1030 736 1051 vos
753 1029 857 1050 causa
875 1016 967 1050 estis.
1017 1014 1107 1048 Cum

112 1077 209 1110 enim
238 1080 394 1107 vestram
430 1070 635 1104 societatem
671 1075 874 1113 peteremus
907 1066 1025 1100 affecti
1055 1065 1109 1098 in-

110 1127 212 1161 iuriis
238 1137 257 1158 a
279 1122 483 1162 Thebanis,
512 1120 691 1166 repulistis
713 1132 799 1159 nos,
834 1126 868 1152 et
892 1117 1040 1152 iussistis
1064 1117 1109 1149 ad

108 1177 342 1212 Athenienses
374 1174 560 1213 accedere,
609 1172 671 1218 qui
706 1171 815 1204 vicini
848 1170 951 1203 nobis
982 1174 1108 1208 essent,

110 1243 190 1264 cum
207 1241 271 1262 vos
288 1225 409 1260 absitis
425 1224 578 1268 longius.
645 1222 686 1256 In
710 1222 803 1256 bello
832 1234 916 1254 vero
942 1219 1032 1253 nihil
1055 1220 1108 1252 in-

110 1282 257 1326 dignum
290 1291 309 1311 a
339 1276 444 1310 nobis
477 1275 573 1320 passi
603 1274 703 1314 estis,
737 1285 803 1307 nec
825 1272 965 1317 passuri
989 1271 1107 1305 eratis,

110 1333 218 1379 Quod
244 1342 329 1364 vero
356 1328 502 1361 deficere
533 1327 576 1359 ab
602 1324 881 1359 Atheniensibus
913 1324 1107 1361 noluimus,

110 1397 189 1419 cum
216 1380 403 1420 iuberetis,
436 1379 534 1411 nulla
560 1390 624 1411 vos
651 1377 783 1410 iniuria
807 1375 1001 1408 affecimus.
1053 1372 1108 1405 llli

110 1436 206 1470 enim
225 1446 290 1467 nos
307 1438 431 1465 contra
447 1428 641 1463 Thebanos
658 1428 911 1466 defenderant,
940 1438 1019 1459 cum
1044 1437 1107 1457 vos

110 1484 333 1521 recusaretis,
400 1482 473 1516 Nec
500 1482 654 1525 prodere
677 1492 736 1512 eos
763 1478 891 1512 deinde
916 1475 1106 1510 honestum

111 1545 205 1579 erat,
233 1533 443 1582 praesertim
461 1545 541 1566 cum
564 1538 598 1565 et
619 1530 789 1564 beneficia
815 1530 859 1562 ab
882 1528 931 1562 eis
957 1528 1108 1585 accepis-

109 1602 247 1629 semus,
276 1593 309 1620 et
332 1597 398 1618 nos
421 1583 559 1629 prlores
582 1583 787 1617 societatem
812 1593 936 1613 eorum
964 1586 1107 1624 petivis-

109 1653 227 1676 semus
239 1666 247 1679 ‚
276 1644 309 1671 et
324 1637 401 1670 iure
419 1634 570 1668 civitatis
587 1635 631 1667 ab
647 1634 696 1667 eis
710 1632 834 1666 donati
851 1643 1016 1665 essemus.
1063 1629 1107 1662 Et

111 1690 365 1728 conveniebat,
392 1699 458 1720 nos
485 1688 559 1720 sine
585 1684 808 1718 contumacia
835 1682 980 1728 exequi,
1017 1694 1106 1727 quae

109 1743 342 1777 mandabant.
398 1738 499 1782 Quae
520 1749 606 1769 vero
628 1736 731 1770 sociis
756 1734 980 1780 utriqueffia)
1006 1746 1107 1766 man-

109 1795 238 1834 dastis,
266 1793 295 1827 si
311 1790 396 1837 quid
414 1789 543 1822 iniuste
565 1789 775 1820 mandatum
793 1793 862 1826 est,
892 1798 1016 1819 eorum
1037 1785 1108 1818 cul-

108 1859 155 1892 pa
171 1845 339 1883 ducibus,
366 1853 440 1874 non
462 1840 565 1873 nobis
582 1839 814 1872 adscribenda
837 1844 899 1871 est.

215 1896 305 1930 Cum
330 1899 448 1926 autem
467 1890 633 1924 Thebani
648 1890 767 1924 multis
781 1902 847 1922 nos
866 1888 1006 1922 iniuriis
1025 1887 1108 1920 affe-

109 1949 258 1987 cissent,
297 1944 441 1979 accessit
465 1949 686 1987 postremum
709 1942 820 1976 scelus
845 1952 990 1979 eorum,
1025 1951 1109 1984 pro-

109 2007 189 2045 pter
206 1999 303 2045 quod
322 1997 359 2029 in
373 1994 468 2029 hanc
484 1994 725 2027 calamitatem
744 1992 953 2032 incidimus,
980 1997 1019 2024 ut
1044 2003 1108 2023 no-

109 2051 183 2086 stis.
237 2050 327 2083 Cum
345 2047 439 2081 enim
456 2047 582 2080 urbem
603 2051 762 2078 nostram
789 2045 941 2077 durante
964 2043 1107 2075 foedere

111 2103 197 2136 etin
216 2101 271 2134 die
289 2101 377 2133 festo
396 2110 459 2143 per
477 2097 637 2130 fraudem
661 2096 855 2140 cepissent,
889 2095 986 2127 iuxta
1013 2107 1108 2127 com-

109 2165 253 2187 munem
273 2151 434 2185 omnium
452 2150 585 2193 legem,
615 2160 704 2194 quae
722 2148 896 2187 affirmat,
931 2145 1020 2179 iuste
1046 2158 1108 2190 pu-

109 2205 181 2239 niri
198 2203 337 2238 hostem
349 2229 358 2243 ,
387 2201 449 2246 qui
465 2207 498 2233 te
516 2200 616 2244 prior
631 2199 780 2239 invasit,
808 2204 956 2242 propter
973 2195 1038 2230 llos
1056 2197 1108 2229 in-

110 2257 243 2291 iustum
268 2261 358 2289 esset
381 2265 446 2286 nos
470 2264 565 2285 nunc
587 2250 761 2295 supplicio
785 2249 888 2283 affici.
951 2248 988 2282 Si
1012 2249 1107 2281 enim

111 2307 292 2352 praesenti
317 2305 468 2339 utilitate
496 2309 632 2343 vestra,
669 2309 702 2335 et
725 2302 875 2335 istorum
902 2300 985 2333 odio
1010 2300 1108 2333 iusti-

111 2360 200 2392 tiam
231 2357 350 2391 metiri
375 2354 579 2395 volueritis,
621 2366 694 2386 non
725 2353 822 2386 eritis
855 2352 931 2385 veri
964 2352 1108 2392 iudices,

110 2409 258 2443 utilitati
273 2407 386 2451 magis
402 2406 606 2440 servientes.
659 2405 735 2438 Etsi
751 2404 845 2438 enim
863 2404 920 2437 isti
935 2415 1030 2437 nunc
1047 2416 1108 2436 vo—

110 2461 165 2494 bis
183 2460 285 2493 utiles
301 2465 402 2497 sunt,
429 2470 495 2491 nos
515 2464 634 2490 tamen
654 2463 687 2490 et
706 2456 833 2489 caeteri
849 2455 979 2489 Graeci
1004 2461 1106 2487 antea

112 2512 213 2545 vobis
229 2511 341 2554 magis
358 2509 459 2542 utiles
474 2509 623 2549 suimus,
651 2521 731 2541 cum
748 2508 786 2540 in
802 2506 933 2540 maiori
949 2506 1106 2551 periculo

147 2619 197 2646 37)
217 2618 396 2649 cogitabatis!
418 2618 456 2641 sic
478 2619 524 2642 Ed.
546 2619 621 2643 1562.
642 2620 667 2642 in
689 2617 879 2647 corrigendis:
913 2616 939 2639 in
959 2616 1020 2646 ipsa
1041 2622 1105 2640 ora-

186 2654 258 2676 tioue
278 2654 334 2676 h.1.
355 2653 472 2682 legitur:
501 2654 657 2683 cogitabitis
679 2652 815 2681 (Thucyd.
836 2650 1019 2682 νομίζοντας).

147 2696 183 2720 37
192 2698 216 2723 ³)
237 2696 358 2725 utrique]
380 2695 419 2718 sic
438 2697 513 2717 ret-te
534 2696 580 2718 Ed.
597 2696 668 2719 1562.
690 2697 716 2718 iu
742 2694 913 2725 corrigendis
932 2703 964 2714 =
984 2694 1105 2724 Tliucyd.

182 2728 318 2761 ἑκάτερος
345 2730 372 2753 in
392 2729 516 2753 oratioue
536 2729 596 2759 ipsa
615 2731 638 2753 h.
654 2731 670 2754 l.
694 2730 809 2760 legitur:
837 2729 967 2759 utrisque.

698 110 819 145 PfflL.
854 108 967 143 MEL.
1008 105 1210 141 SCRIPTA
1243 105 1579 142 PHILOLOGICA.

2065 107 2163 142 1068

1167 192 1299 226 essetis.
1351 192 1454 226 Nunc
1470 193 1565 226 enim
1586 193 1687 227 vobis
1701 193 1746 226 ad
1762 192 1852 226 alios
1870 191 2091 226 invadendos
2111 193 2163 226 vi-

1166 243 1259 276 rium
1276 249 1311 276 et
1327 243 1531 277 animorum
1548 245 1632 278 satis
1651 252 1712 278 est.
1767 243 1831 277 lilo
1849 250 1969 277 autem
1986 251 2160 288 tempore,

1165 307 1245 327 cum
1262 294 1435 328 barbarus
1453 295 1617 329 omuibus
1633 296 1830 329 minaretur
1849 295 2076 335 servitutem,
2104 295 2162 329 isti

1166 358 1245 379 cum
1266 358 1308 379 eo
1327 346 1507 378 coniuncti
1523 353 1635 380 erant.
1667 346 1800 380 Iustum
1817 353 1868 380 est
1882 353 2014 387 autem,
2037 346 2162 379 etiam-

1165 397 1194 430 si
1209 397 1294 442 quid
1310 409 1405 430 nunc
1422 409 1675 440 peccassemus,
1698 405 1822 432 nostro
1839 404 1957 431 errato
1977 410 2160 442 opponere

1165 448 1258 482 illius
1284 448 1455 492 temporis
1476 449 1643 482 meritum
1655 475 1665 488 ,
1705 451 1802 495 quod
1834 449 2024 483 invenietis
2054 449 2160 493 longe

1165 499 1280 533 maius
1315 511 1388 533 esse
1423 497 1492 533 hoc
1525 501 1705 544 praesenti
1739 507 1868 534 errato.
1938 500 2162 534 Moveamini

1166 551 1272 584 etiam
1292 557 1464 595 tempore.
1517 551 1621 585 Tunc
1637 551 1741 595 pauci
1756 558 1875 592 erant,
1902 552 1964 598 qui
1987 564 2022 586 se
2047 564 2160 596 oppo-

1164 615 1248 635 nere
1265 602 1373 635 Xerxi
1390 603 1576 642 volebant,
1610 603 1921 648 laudabanturque
1935 603 2065 647 magis,
2099 602 2163 649 qui

1164 666 1237 687 non
1255 666 1339 687 suae
1356 653 1501 687 utilitati
1518 660 1552 687 et
1566 653 1749 687 securitati
1766 654 2009 695 consulebant,
2026 655 2087 688 sed
2097 666 2161 687 vo-

1163 706 1284 738 lebant
1308 703 1555 739 honestissime
1581 705 1696 738 facere
1720 717 1800 738 cum
1825 705 1995 750 periculo.
2062 704 2160 739 Inter

1163 769 1253 802 quos
1270 762 1304 790 et
1321 769 1386 791 nos
1402 756 1553 797 fuimus,
1581 763 1615 790 et
1631 756 1769 801 egregie
1786 754 1957 790 honorati
1975 769 2109 791 sumus.

1265 825 1369 860 Nunc
1402 825 1510 869 igitur
1541 825 1753 866 metuimus,
1785 837 1831 859 ne
1855 825 1938 858 irati
1962 837 2028 859 nos
2052 825 2162 858 inter-

1162 876 1286 910 ficiatis
1302 874 1395 909 hanc
1413 876 1526 920 ipsam
1547 877 1591 909 ob
1607 888 1748 910 causam
1761 903 1770 917 ‚
1806 877 1901 923 quod
1926 876 2017 911 iuste
2042 876 2162 921 potius

1161 925 1396 962 Athenienses
1411 928 1520 961 secuti
1538 941 1658 962 sumus
1671 955 1680 968 ‚
1708 940 1815 974 quam
1834 941 1897 962 vos
1913 933 2039 962 astute.
2097 928 2161 961 At-

1163 979 1224 1025 qui
1248 980 1348 1012 decet
1368 991 1432 1012 vos
1457 980 1580 1012 eadem
1605 980 1648 1012 de
1673 980 1778 1013 rebus
1804 979 1929 1013 iisdem
1947 979 2099 1019 sentire,
2127 984 2163 1012 et

1161 1030 1353 1064 utilitatem
1375 1042 1449 1063 non
1475 1030 1594 1063 metiri
1618 1030 1688 1063 alia
1710 1043 1770 1071 re,
1801 1031 1871 1065 nisi
1895 1031 2026 1065 virtute
2047 1030 2162 1064 socio-

1161 1094 1262 1122 rum,
1291 1082 1451 1128 quicum
1475 1094 1541 1126 pro
1565 1082 1736 1115 beneficio
1761 1082 1901 1115 firmam
1923 1082 2075 1127 gratiam
2097 1079 2162 1116 ha-

1161 1134 1265 1174 bent,
1291 1133 1399 1166 etiam
1418 1133 1455 1166 in
1471 1133 1672 1178 praesentia
1692 1139 1903 1167 censeantur
1918 1146 1990 1168 esse
2007 1133 2124 1168 utiles.

1264 1200 1338 1233 Iam
1365 1207 1399 1234 et
1423 1198 1491 1234 hoc
1516 1201 1759 1241 considerate,
1804 1213 1867 1235 vos
1898 1199 1968 1235 hoc
1997 1207 2160 1246 tempore

1162 1252 1344 1296 exemplar
1361 1252 1442 1286 estis
1458 1252 1612 1285 iustitiae
1631 1253 1775 1286 caeteris
1786 1252 1943 1287 Graecis.
1985 1253 2023 1286 si
2040 1259 2159 1286 autem

1161 1304 1204 1336 de
1229 1303 1333 1337 nobis
1354 1303 1523 1337 iniustam
1546 1303 1758 1337 sententiam
1781 1304 1918 1344 feretis;
1961 1316 2037 1336 non
2061 1304 2159 1337 enim

1162 1355 1296 1387 occulte
1326 1354 1544 1388 iudicabitis:
1589 1355 1726 1394 videte,
1767 1366 1811 1387 ne
1837 1355 2089 1390 existimemini
2113 1356 2157 1388 de

1160 1405 1264 1439 bonis
1282 1405 1367 1439 viris
1383 1418 1446 1439 vos
1470 1405 1635 1439 meliores
1662 1405 1808 1449 indigna
1832 1407 2016 1446 statuisse,
2050 1413 2085 1440 et
2105 1406 2158 1439 di-
2191 1433 2197 1434 e

1161 1463 1281 1497 catur,
1309 1469 1371 1490 vos
1386 1457 1500 1501 spolia
1515 1463 1637 1490 nostra
1655 1456 1813 1501 posuisse
1832 1459 1870 1491 in
1888 1457 2048 1503 templis,
2077 1470 2159 1492 cum

1160 1508 1332 1541 fuerimus
1352 1508 1596 1541 benefactores
1617 1508 1800 1542 Graeciae.

1262 1567 1333 1601 Res
1356 1574 1459 1601 atrox
1484 1568 1662 1601 videbitur
1687 1568 1797 1601 everti
1814 1567 1996 1601 Plataeam
2013 1580 2031 1601 a
2048 1567 2158 1602 Lace-

1161 1619 1358 1652 daemoniis
1371 1646 1380 1660 ,
1409 1632 1488 1652 cum
1504 1625 1622 1663 patres
1635 1619 1745 1652 vestri
1761 1631 1839 1652 eam
1858 1619 1895 1651 in
1917 1619 2057 1664 tripode
2073 1620 2158 1654 Del-

1160 1668 1266 1715 phico
1284 1670 1376 1703 inter
1394 1671 1484 1704 bene
1502 1671 1646 1704 meritas
1664 1671 1823 1703 civitates
1839 1671 2062 1715 scripserint;
2094 1684 2158 1706 vos

1162 1733 1246 1754 vero
1283 1734 1362 1754 eam
1398 1728 1546 1766 propter
1571 1719 1773 1770 ‚Thebanos
1806 1722 1967 1756 funditus
2001 1723 2159 1757 deleatis.

1160 1772 1274 1806 Antea
1299 1774 1337 1806 in
1363 1780 1461 1806 tanta
1489 1774 1645 1818 pericula
1672 1786 1902 1813 veneramus,
1930 1780 1988 1814 ut,
2015 1775 2042 1808 si
2061 1774 2160 1808 Medi

1161 1824 1345 1865 vicissent,
1372 1825 1523 1869 perituri
1539 1824 1722 1858 fuerimus.
1764 1824 1868 1858 lN'unc
1885 1824 1977 1858 inter
1994 1838 2069 1866 vos,
2098 1826 2161 1871 qui

1160 1875 1275 1909 fuistis
1299 1876 1524 1917 amicissimi,
1559 1876 1798 1920 opprimimur
1823 1887 1843 1908 a
1861 1874 2053 1910 Thebanis.
2106 1876 2159 1910 Ita

1162 1927 1322 1971 geminos
1340 1940 1470 1972 agones
1489 1927 1740 1968 sustinuimus,
1773 1934 1856 1960 tunc
1879 1928 1971 1960 fame
1996 1927 2160 1972 periisse-

1162 1991 1258 2019 mus,
1301 1979 1370 2012 nisi
1393 1979 1612 2012 deditionem
1636 1979 1750 2012 facere
1774 1979 2027 2019 voluissemus,
2063 1992 2160 2014 nunc

1162 2031 1287 2074 capitis
1303 2043 1445 2064 causam
1463 2031 1629 2069 dicimus;
1665 2037 1699 2063 et
1715 2043 1794 2063 cum
1811 2043 1917 2074 supra
1936 2032 2028 2065 vires
2047 2031 2158 2065 Grae-

1163 2083 1235 2115 ciae
1254 2082 1454 2115 libertatem
1474 2082 1753 2122 defenderimus,
1780 2094 1876 2115 nune
1893 2082 2081 2116 abiicimur
2098 2084 2159 2117 de-

1161 2133 1247 2167 serti
1271 2140 1305 2167 et
1327 2133 1518 2175 indefensi,
1557 2140 1592 2167 et
1615 2146 1721 2167 nemo
1745 2133 1924 2167 sociorum
1952 2135 2056 2168 nobis
2081 2135 2158 2180 opi-

1162 2186 1307 2219 tulatur.

1264 2245 1450 2279 Timemus
1473 2245 1599 2285 etiarn,
1643 2258 1705 2278 vos
1729 2244 2051 2286 Lacedaemonios,
2094 2246 2156 2292 qui

1162 2296 1265 2330 unica
1282 2310 1361 2342 spes
1377 2303 1498 2331 nostra
1515 2297 1615 2337 estis,
1653 2297 1755 2330 nohis
1779 2309 1906 2342 parum
1926 2298 2046 2332 firmos
2065 2299 2154 2332 fore.

1160 2349 1355 2383 Precamur
1374 2355 1491 2382 autem
1510 2361 1573 2392 per
1589 2348 1683 2382 Deos
1701 2348 1885 2382 socialium
1902 2350 2085 2383 foederum
2107 2356 2157 2383 te-

1161 2407 1228 2434 stes
1240 2428 1248 2441 ,
1278 2408 1311 2434 et
1326 2407 1473 2446 propter
1491 2407 1612 2433 nostra
1630 2400 1755 2434 merita
1775 2412 1857 2444 erga
1869 2401 2057 2435 Graeciam
2069 2427 2078 2441 ,
2104 2407 2156 2441 ut,

1161 2453 1189 2486 si
1207 2451 1372 2485 Thebani
1396 2465 1458 2486 vos
1482 2464 1500 2484 a
1525 2452 1628 2485 nobis
1647 2453 1868 2493 alienarunt,
1904 2452 2096 2485 flectamini
2121 2458 2156 2486 et

1159 2505 1371 2538 sententiam
1390 2503 1530 2537 mutetis
1543 2531 1552 2544 ‚
1581 2510 1614 2536 et
1628 2501 1696 2537 hoc
1716 2504 1869 2537 officium
1886 2505 1929 2537 ab
1948 2504 2032 2548 ipsis
2056 2515 2156 2548 repe-

1160 2557 1258 2596 tatis,
1287 2562 1326 2589 ut
1342 2556 1539 2588 concedant
1556 2556 1670 2595 vobis,
1697 2568 1770 2588 non
1789 2555 1948 2588 occidere
1967 2567 2038 2596 eos,
2064 2567 2153 2600 quos

1158 2620 1233 2640 non
1251 2609 1349 2640 decet
1365 2606 1488 2640 occidi.
1533 2607 1609 2640 Hoc
1628 2607 1695 2651 ipsi
1711 2607 1829 2651 potius
1848 2607 1947 2640 vobis
1964 2605 2155 2640 honestum

1159 2660 1314 2692 officium
1330 2665 1522 2703 praestent,
1543 2671 1651 2704 quam
1667 2659 1763 2705 quod
1778 2658 1845 2692 sibi
1860 2658 2033 2702 praestari
2051 2665 2155 2703 turpe

1130 2717 1133 2743 i
1159 2711 1294 2744 volunt.
