2351 2990
135 104 209 142 629

134 197 283 236 possunt
300 217 309 232 ‚
364 202 472 236 quam
516 195 739 224 caeterorum
760 189 808 237 ⁰4)
850 190 1126 226 Germanorum.

132 243 225 278 Nam
250 242 439 287 praecipue
463 239 530 275 hae
556 247 676 285 gentes
701 242 746 276 ab
769 242 851 277 Albi
876 244 919 276 ad
937 248 1126 289 utramque

132 294 291 328 Vistulae
313 293 430 338 ripam
455 299 604 338 propter
627 292 767 327 assidua
790 294 881 327 bella
908 294 1040 338 passim
1067 307 1126 327 va-

131 352 272 391 gantes,
311 345 460 379 subinde
478 350 665 378 mutarunt
689 345 800 379 sedes.
865 345 912 378 Et
934 358 1125 390 propemo-

131 399 218 431 dum
234 396 386 430 Arctoae
408 402 527 441 gentes
551 408 674 430 omnes
700 393 765 430 has
782 397 970 430 continuas
993 397 1123 442 migra-

131 449 247 484 tiones
278 453 426 493 propter
455 447 613 480 bellandi
641 447 799 481 studium
833 454 867 481 et
899 449 1124 482 consuetudi-

133 512 235 540 nem,
253 505 293 533 ut
310 511 373 543 ego
392 499 567 539 arbitror,
591 505 770 534 amarunt.
812 499 868 532 Sic
887 506 920 533 et
935 500 1063 533 Strabo
1074 500 1123 544 9³)

131 552 174 584 de
192 549 381 585 Germanis
404 549 498 583 inter
513 549 634 584 Albim
657 556 691 583 et
706 550 882 584 Vistulam
900 551 1001 584 dicit:
1036 553 1123 585 Κοι-

132 601 201 636 νὸν
216 599 252 636 δ’
278 600 376 636 ἔστιν
393 600 439 648 99)
462 600 578 636 ἅπασι
600 602 678 640 τοῖς
700 599 838 648 ταύτῃ,
880 600 922 637 τὸ
952 599 1034 648 περὶ
1058 600 1124 640 τάς

128 648 420 698 μεταναστάσεις
453 649 631 698 εὐμαρὲς,
671 650 734 687 διὰ
763 652 832 699 τὴν
858 649 1029 698 λιτότητα
1054 655 1123 687 τοῦ

129 701 239 749 βίου,
280 701 343 738 καὶ
375 701 439 738 διὰ
469 701 512 738 τὸ
534 702 586 750 μὴ
612 705 792 752 γεωργεῖν
814 701 909 750 μηδὲ
935 701 1121 749 θησαυρίν

130 753 206 796 ζειν
215 753 276 800 ⁹⁷),
292 753 413 801 τροφὴ
431 751 470 789 δὲ
487 753 559 789 ἀπὸ
578 756 656 789 τῶν
668 753 902 801 θρεμμάτων
919 752 940 800 ἡ
959 752 1121 799 πλείστη.

128 806 166 840 id
189 813 260 847 est,
287 818 476 839 commune
501 812 552 839 est
579 805 746 840 omnibus
775 806 917 850 populis
942 805 978 837 in
1005 817 1044 838 ea
1067 817 1121 837 re-

127 857 232 902 gione
262 856 364 890 facile
397 863 537 891 mutare
568 858 684 897 sedes,
720 857 803 902 quia
831 869 906 890 non
937 857 1120 900 possident

129 920 276 953 magnas
300 921 403 952 opes,
430 920 546 954 neque
572 914 734 941 exercent
761 908 1033 952 agriculturam,
1060 920 1120 940 ne-

129 972 198 1005 que
223 959 473 1003 negotiantur,
512 959 573 993 sed
598 959 730 993 victum
765 957 898 993 habent
929 972 969 992 ex
993 972 1030 992 re
1062 972 1119 1003 pc<

126 1011 257 1045 cuaria.

231 1062 426 1096 Testantur
442 1067 561 1096 autem
576 1059 768 1102 historiae,
795 1060 1037 1095 bellicosiores
1058 1072 1120 1093 na-

126 1112 242 1147 tiones
267 1114 369 1148 citius
395 1126 412 1146 e
437 1113 566 1147 finibus
591 1113 663 1146 suis
689 1125 845 1156 egressas
868 1125 953 1146 esse.
1013 1112 1119 1145 Suevi

127 1170 288 1209 tempore
309 1165 460 1210 Augusti
493 1164 564 1197 iam
593 1176 763 1208 magnam
793 1170 933 1208 partem
964 1163 1120 1207 regionis

124 1215 219 1249 intra
250 1216 370 1250 Albim
407 1224 441 1249 et
466 1214 634 1250 Rhenum
670 1221 879 1259 occupatam
915 1221 1119 1254 tenuerunt,

126 1273 249 1310 postea
288 1281 367 1302 cum
396 1267 587 1312 imperium
619 1266 825 1299 Romanum
863 1267 927 1299 sul)
960 1266 1119 1298 Valenti-

124 1318 236 1352 niano
259 1319 364 1352 tertio
389 1319 644 1352 dilaceraretur
663 1329 681 1350 a
701 1315 829 1352 Gothis
844 1316 907 1362 99),
935 1316 1118 1357 Vandalis,

124 1368 292 1411 Francis,
328 1371 451 1414 ingens
482 1369 634 1403 mutatio
665 1368 703 1401 in
733 1368 898 1402 universa
922 1368 1116 1402 Germania

124 1421 216 1454 facta
234 1427 296 1455 est.
349 1423 475 1456 Franci
492 1427 526 1454 et
540 1422 721 1464 Burynndi
741 1419 962 1453 transierunt
980 1420 1016 1452 in
1034 1420 1118 1453 Gal—

124 1471 209 1512 1135,
247 1474 352 1507 Suom·
375 1473 612 1505 consederunt
636 1472 673 1504 in
694 1468 867 1512 Rhaetia,
904 1483 987 1515 pars
1010 1470 1116 1503 etiam

125 1524 243 1558 Gothis
259 1524 425 1557 adiuncta
444 1524 481 1556 in
496 1522 708 1567 Hispaniam
726 1523 884 1567 profecta
904 1529 965 1556 est.
1012 1524 1118 1566 Rufii

125 1575 214 1608 duce
241 1574 408 1608 Odoacro
436 1575 473 1607 in
496 1573 635 1608 Italiam
662 1580 849 1607 venerunt.
902 1575 1118 1618 Lonyoburdi

124 1637 204 1659 cum
227 1625 439 1660 invasissent
463 1625 692 1666 Pannonias,
720 1625 802 1658 inde
826 1625 964 1658 evocati
987 1626 1025 1658 in
1049 1623 1116 1657 Ita-

122 1676 207 1710 liam
225 1684 348 1711 contra
366 1675 505 1712 Gothos
517 1705 525 1718 ,
553 1677 659 1722 potiti
674 1683 757 1710 sunt
779 1688 908 1720 magna
932 1683 1033 1721 parte
1049 1674 1117 1708 Ita-

125 1728 213 1768 liae,
255 1741 346 1775 quae
376 1729 420 1762 ab
451 1729 519 1762 illis
548 1727 655 1762 hodie
685 1740 819 1761 nomen
845 1727 986 1761 retinet.
1044 1726 1117 1760 Has

125 1786 244 1813 tantas
267 1781 484 1814 mutationes
511 1793 590 1813 cum
615 1779 784 1823 legimus,
813 1791 964 1824 cumque
987 1778 1117 1811 multas

124 1831 289 1871 nationes
306 1832 361 1864 vel
381 1832 532 1871 deletas,
564 1832 619 1865 vel
643 1831 762 1875 pulsas
786 1830 903 1874 patrio
923 1830 999 1863 solo
1018 1830 1117 1863 audi-

124 1895 223 1922 mus,
250 1884 375 1917 subeat
399 1883 539 1916 animos
564 1888 706 1917 nostros
737 1881 903 1925 cogitatio
928 1882 971 1914 de
995 1881 1118 1914 incon-

123 1934 252 1968 stantia
278 1947 399 1968 rerum
426 1933 688 1974 humanarum,
723 1940 757 1966 et
780 1944 1036 1977 praeparemus
1052 1945 1118 1965 nos

125 1986 170 2019 ad
188 1986 413 2031 excipiendos
432 1998 556 2019 omnes
574 1998 673 2019 casus
701 1996 741 2018 ac
765 1985 930 2017 fortunae
956 1984 1118 2023 iniurias,

125 2042 166 2070 ac
188 2037 477 2078 meminerimus,
505 2049 580 2071 non
604 2042 756 2076 certam,
783 2047 858 2068 non
884 2035 1116 2081 tranquillam

127 2089 247 2122 sedem
270 2089 351 2123 ullis
374 2101 527 2134 usquam
552 2101 645 2129 esse,
675 2087 745 2121 nisi
761 2087 828 2132 piis
845 2086 881 2119 in
897 2087 956 2119 illa
973 2093 1115 2119 aeterna

127 2146 162 2172 et
185 2140 381 2173 immortali
405 2141 496 2181 vita,
529 2141 574 2173 ad
600 2151 709 2186 quam
735 2151 801 2172 nos
821 2136 980 2172 Christus
1002 2144 1117 2172 vocat.

126 2191 269 2237 Ubique
294 2197 471 2225 terrarum
496 2193 662 2225 omnibus
686 2190 811 2224 seculis
838 2202 962 2223 omnes
986 2196 1117 2233 gentes,

126 2243 247 2276 omnia
264 2243 414 2287 imperia
427 2270 435 2284 ,
463 2243 535 2276 imo
554 2243 715 2288 privatae
732 2241 888 2275 familiae
900 2268 909 2281 ,
937 2241 1033 2274 velut
1047 2240 1118 2274 Eu-

161 2378 210 2405 94)
232 2378 418 2406 caeterorum]
439 2377 489 2400 Ed.
510 2377 584 2403 1538.
603 2383 700 2400 errore
719 2379 840 2406 typogr.:
867 2378 996 2399 ceterum.

159 2422 207 2449 95)
228 2419 373 2444 Strabonis
392 2426 488 2450 geogr.
508 2421 566 2443 Vll.
586 2427 610 2450 p.
625 2419 684 2443 291.
704 2420 745 2443 ed.
761 2419 785 2443 3.
823 2419 993 2449 causamn,
1018 2425 1044 2448 1).
1059 2419 1117 2444 446.

197 2455 237 2479 ed.
257 2456 290 2478 ab
309 2455 488 2478 Aimeloveen
507 2454 636 2483 [Amstel.
659 2454 732 2478 1707.
752 2453 837 2482 Pom.

159 2499 209 2528 96)
231 2497 321 2526 ἔστιν]
342 2497 383 2521 510
395 2497 479 2522 Editt.
497 2496 707 2527 1538—1673.;
733 2497 824 2520 Strab.
845 2496 886 2520 ed.
900 2496 1001 2519 Almel.
1015 2494 1100 2520 ἐστὶν.

161 2543 209 2571 97)
228 2541 303 2565 Inter
321 2541 390 2564 hanc
409 2546 504 2564 vocem
524 2541 551 2563 et
570 2541 727 2569 sequentem
747 2539 850 2563 omissa
869 2541 933 2562 sunt
952 2540 1018 2563 hac-c
1037 2541 1118 2563 stra-

585 103 706 141 XXIX.
756 102 1145 140 COMMENTARIUS
1172 104 1220 144 IN
1248 103 1411 144 TACITI
1436 104 1556 143 GERt,
1585 105 1741 145 ARHAM.

198 2576 276 2601 bonis
302 2576 401 2599 verba:
434 2571 492 2597 ἀλλ’
525 2572 556 2597 ἐν
580 2573 719 2605 καλυβίοις
744 2574 829 2597 οἰκεῖν
853 2571 998 2605 ἐφήμερον
1024 2573 1118 2605 έχουσι
1144 2594 1145 2598 ,

197 2606 384 2641 παρασκευήν.
410 2609 436 2632 1(1
456 2611 513 2639 est,
540 2609 589 2632 sed
612 2608 639 2631 111
658 2608 732 2632 casis
752 2608 913 2631 habitabant
931 2609 1072 2633 structura
1092 2609 1117 2631 111

197 2651 279 2668 unum
299 2644 369 2667 diem
388 2643 587 2668 constantibus.

165 2687 220 2745 9Βέ
241 2687 337 2712 Gothis
365 2706 370 2712 .
395 2706 402 2712 .
423 2705 428 2710 .
449 2686 568 2715 Gothos]
594 2685 659 2710 illae
678 2685 762 2710 Editt.
790 2691 900 2710 omnes:
928 2686 1037 2710 Gottln‘s
1059 2706 1063 2710 .
1086 2704 1091 2709 .
1110 2704 1116 2710 .

223 2723 321 2746 0111105.

1143 2654 1146 2671 l

1143 2679 1146 2709 l

2106 116 2181 153 630

1182 192 1270 238 ripi,
1306 193 1458 228 subinde
1487 195 1591 230 novis
1621 201 1654 230 et
1682 196 1896 234 calamitosis
1921 201 2179 237 mutationibus

1181 245 1412 290 dissipantur.

1281 297 1385 342 (Cap.
1403 296 1511 344 XLI.)
1538 300 1785 340 Hermunduri,
1804 302 1927 346 populi
1944 302 1981 337 in
1997 306 2095 340 aditu
2106 307 2177 340 Bo-

1179 347 1309 381 iemiae
1329 355 1362 382 et
1380 361 1420 382 ea
1438 349 1583 394 regione
1596 377 1605 390 ‚
1642 361 1733 396 quae
1751 363 1846 385 nunc
1862 355 2008 398 Mysnia
2029 364 2062 390 et
2084 361 2174 393 Voe't-

1177 400 1294 433 Iccmle‘a
1318 400 1458 435 dicitur.
1511 399 1604 435 Nam
1629 401 1774 436 Tacitus
1797 404 1890 438 clare
1913 407 2086 448 affirmat,
2113 410 2173 442 Al-

1177 451 1251 483 bim
1270 451 1358 484 oriri
1376 451 1412 484 in
1430 452 1712 493 Hermunduris,
1741 460 1774 486 et
1791 456 1836 488 ad
1852 456 1973 490 Albim
1995 460 2101 494 fuisse
2120 474 2171 494 50-

1177 502 1257 535 dem
1289 502 1629 537 Hermundurorum
1647 531 1656 545 ,
1698 504 1816 550 inquit
1846 507 1975 542 Strabo
2001 510 2065 556 99),
2109 513 2169 558 qni

1177 553 1311 588 vicinos
1337 554 1501 588 attribuit
1525 554 1804 599 Longobardos,
1840 559 1883 592 de
1909 560 2037 605 quibus
2063 576 2169 608 supra

1176 604 1259 638 dixi.
1312 605 1468 639 Velleius
1485 604 1547 652 ¹⁰⁰)
1572 606 1734 640 attribuit
1750 608 1887 644 vicinos
1905 611 2086 654 Senonas,
2108 617 2169 648 sed

1176 653 1211 687 lii
1230 655 1266 687 111
1280 655 1358 700 ripa
1376 656 1476 690 Albis
1492 658 1763 701 septentrionali
1779 660 1933 697 fuerunt.
1983 663 2127 700 Tacitus
2138 667 2168 713 ¹)

1175 706 1296 739 scribit
1316 707 1438 741 Cattos
1457 720 1535 741 cum
1553 707 1817 745 Hermunduris
1840 713 1883 746 de
1906 714 1987 749 salis
2009 716 2168 752 fontibus

1175 757 1373 792 dimicasse..
1426 758 1602 793 Credibile
1628 767 1679 794 est
1704 761 1798 794 enim
1827 763 1966 806 Cattos,
2000 780 2079 801 cum
2104 769 2167 802 ali-

1175 821 1282 854 quam
1301 816 1439 854 partem
1457 808 1720 857 Thuringiae2)
1741 818 1921 857 tenerent,
1948 829 2167 862 progressos,

1173 860 1336 895 utilitatis
1354 862 1600 906 magnitudine
1618 863 1787 898 invitatos
1807 877 1899 907 esse,
1926 875 1965 901 ut
1982 871 2090 906 armis
2109 885 2166 906 oc-

1175 924 1305 956 cupare
1319 913 1450 947 salinas
1468 914 1571 948 nobis
1590 914 1724 949 vicinas
1743 925 1970 954 conarentur.
2005 921 2074 955 Sed
2092 924 2165 957 sive

1174 961 1242 996 hoc
1264 964 1364 1005 loco,
1407 965 1479 999 sive
1504 966 1549 998 ad
1577 966 1683 999 aliam
1709 967 1812 1001 Salae
1839 969 1997 1006 fluminis
2024 981 2165 1018 partem

1174 1022 1370 1059 pugnatum
1394 1023 1464 1057 est,
1491 1014 1588 1050 haud
1611 1017 1717 1051 dubie
1734 1018 1980 1056 Hermunduri
1995 1024 2089 1059 inter
2106 1027 2167 1060 Al-

1172 1066 1244 1099 bim
1271 1073 1305 1100 et
1337 1067 1456 1101 Salam
1483 1075 1516 1101 et
1539 1069 1686 1104 Sudetes
1714 1078 1855 1106 montes
1885 1075 2005 1108 sedem
2031 1074 2164 1111 habue-

1173 1125 1269 1152 runt.
1316 1118 1419 1151 Hunc
1437 1119 1617 1163 trigonum
1634 1117 1742 1156 hodie
1761 1135 1930 1159 vocamus
1947 1128 2162 1176 Mysniamss)

1174 1182 1192 1201 a
1208 1169 1402 1204 Boiemicis
1426 1171 1608 1205 montibus
1632 1172 1726 1206 inter
1742 1173 1862 1209 Albim
1887 1183 1922 1210 et
1940 1178 2080 1220 Salam,
2107 1193 2163 1215 us-

1173 1234 1241 1266 que
1257 1222 1302 1253 ad
1320 1234 1443 1255 eorum
1462 1223 1712 1258 confluentem.

1274 1272 1388 1306 Multa
1410 1281 1492 1307 sunt
1506 1273 1611 1309 huius
1630 1276 1785 1320 regionis
1801 1276 1952 1322 insignia
1973 1293 2164 1317 ornamen-

1172 1329 1204 1355 ta
1218 1349 1227 1362 ,
1255 1324 1297 1355 de
1320 1324 1447 1369 quibus
1473 1326 1615 1370 copiose
1635 1327 1752 1361 dicere
1769 1341 1844 1362 non
1861 1337 1912 1363 est
1927 1328 2032 1367 huius
2049 1336 2165 1369 nostri

1171 1373 1342 1415 instituti,
1377 1382 1411 1408 et
1437 1389 1515 1410 011111
1543 1377 1587 1411 sit
1609 1375 1696 1412 haec
1720 1379 1819 1413 natio
1845 1382 2041 1418 admodum
2065 1386 2165 1421 ferax

1170 1425 1348 1459 bonorum
1376 1427 1622 1472 ingeniorum,
1656 1432 1787 1465 multos
1811 1429 1919 1466 habet
1941 1435 2104 1470 doctrina
2130 1445 2164 1472 et
2190 1469 2195 1475 „

1171 1477 1373 1523 eloquentia
1399 1480 1607 1515 excellentes
1630 1481 1745 1523 viros,
1773 1483 1835 1529 qui
1857 1485 2011 1528 patriam
2032 1500 2162 1534 magna

1171 1541 1250 1561 cum
1283 1529 1388 1563 laude
1422 1530 1600 1565 illustrare
1632 1541 1793 1577 possunt.
1870 1535 2019 1581 Argenti
2053 1552 2162 1576 venas

1171 1580 1257 1612 olim
1290 1581 1482 1615 celebravit
1501 1583 1669 1618 Albertus
1692 1585 1845 1630 Magnus
1864 1586 1908 1632 l¹).
1975 1589 2044 1623 Sed
2067 1589 2163 1626 hunc

1169 1631 1274 1675 longe
1303 1632 1387 1666 vicit
1412 1634 1586 1679 Georgius
1610 1636 1775 1680 Agricola
1804 1638 1981 1681 medicus,
2024 1643 2086 1688 qui
2110 1655 2165 1678 re—

1170 1695 1250 1716 cens
1265 1695 1322 1717 eas
1339 1685 1524 1730 descripsit
1540 1687 1720 1721 luculento
1742 1701 1849 1733 opere
1862 1689 1892 1735 ⁵)
1904 1717 1913 1731 ‚
1939 1691 1976 1724 in
1997 1705 2067 1738 quo
2087 1695 2165 1739 plu-

1204 1809 1253 1838 99)
1271 1811 1360 1834 Strab.
1377 1811 1437 1834 VII.
1458 1819 1482 1840 p.
1497 1811 1556 1836 290.
1578 1813 1620 1836 ed.
1636 1812 1662 1837 3.
1683 1813 1838 1839 causaub..
1867 1822 1892 1845 p.
1905 1817 1965 1840 446.
1991 1818 2032 1843 ed.
2060 1820 2094 1843 ab
2113 1821 2163 1844 Al-

1240 1846 1319 1883 me'ss:
1347 1845 1430 1885 μέρῡξ·
1450 1844 1480 1868 δέ
1497 1854 1521 1869 τι
1540 1843 1649 1877 αὐτῶν,
1668 1846 1715 1870 καὶ
1739 1849 1828 1879 πέραν
1846 1849 1895 1872 τοῦ
1918 1848 2024 1882 Ἀλβιος
2043 1852 2165 1885 νέμεται,

1240 1880 1368 1910 καθαπερ
1386 1878 1564 1912 Ευμονδοροι
1588 1879 1634 1904 καὶ
1652 1881 1870 1914 Λαγκόσαργοι·
1896 1884 1923 1907 id
1943 1887 2001 1915 est,
2032 1889 2059 1911 et
2085 1890 2164 1913 trans

1239 1914 1474 1972 Atljlssigirdliabitant
1505 1921 1570 1945 pars
1602 1921 1712 1949 eorum,
1746 1918 1783 1941 uti
1816 1919 2001 1944 Hermunduri
2030 1923 2056 1945 et
2088 1923 2163 1947 Lon-

1207 1991 1271 2019 100)
1298 1991 1387 2015 Vellei
1407 1992 1514 2017 Patere.
1533 1992 1596 2018 hist.
1615 1994 1691 2018 Rom.
1707 1994 1741 2025 11,
1767 1995 1831 2024 106,
1850 1996 1876 2019 2.
1897 1997 1937 2020 ed.
1957 1997 2082 2024 Krause:
2116 2008 2164 2024 us-

1241 2032 1291 2065 que
1310 2026 1343 2049 ad
1363 2027 1459 2050 flumen
1479 2027 1581 2065 Albim,
1609 2028 1654 2058 qni
1672 2025 1837 2053 Semnonum
1855 2031 2161 2066 Hernmndurorumque

1240 2061 1309 2083 111105
1327 2062 1508 2090 praeterfluit.

1208 2103 1235 2130 1)
1264 2103 1628 2164 Τῗὲ11.Α111131.ΧΠῙ,57.
1657 2106 1727 2134 (vid.
1754 2107 1838 2131 Tacit.
1865 2108 1956 2133 Germ.
1982 2111 2023 2134 ed.
2049 2112 2161 2140 Grimm.

1241 2144 1267 2167 ι),
1294 2148 1299 2159 2
1321 2155 1326 2160 .
1347 2157 1351 2161 .

1205 2180 1235 2207 2)
1255 2180 1436 2211 'sinn-inglae]
1456 2181 1521 2205 illae
1539 2182 1622 2206 Editt.
1642 2183 1799 2214 ΤΜ-13151130.

1204 2223 1235 2250 3)
1255 2222 1414 2250 Mysm'am]
1435 2224 1475 2247 sic
1487 2224 1571 2249 Editt.
1589 2225 1800 2257 1557—1673.;
1825 2227 1908 2253 Editt.
1924 2229 1998 2255 1538.
2020 2231 2162 2261 Mysnam.

1205 2266 1236 2292 4)
1266 2266 1340 2288 Haec
1359 2268 1484 2295 spectant
1502 2267 1536 2290 ad
1556 2273 1605 2296 ea,
1631 2274 1701 2297 qnae
1720 2270 1849 2293 Albertus
1868 2272 2006 2304 Magnus,
2030 2274 2162 2300 Aleman-

1241 2306 1305 2329 ntlS,
1325 2300 1536 2324 Ratislicnensis
1552 2303 1688 2325 ecclcsiae
1705 2303 1864 2335 episcopus,
1886 2312 1919 2328 ex
1932 2307 2078 2339 Lauginga
2100 2311 2166 2335 1195

1241 2335 1285 2357 vel
1302 2335 1377 2358 1205.
1394 2336 1539 2367 oriundus,
1563 2337 1636 2361 12010,
1653 2338 1786 2361 Coloniae
1807 2340 1948 2370 mortuus,
1967 2341 2000 2365 de
2022 2344 2165 2368 minerali-

1241 2369 1290 2391 bus
1310 2370 1440 2398 scripsit,
1464 2376 1576 2399 quorum
1595 2371 1726 2394 libroruin
1746 2373 1828 2395 hasce
1848 2373 1981 2398 editiones
2001 2382 2165 2403 commemo-

1241 2408 1305 2426 rare
1323 2404 1413 2427 iuvat:
1442 2405 1470 2432 1)
1490 2405 1572 2427 Liber
1590 2406 1772 2429 Minci-alium.
1809 2406 1955 2431 Tractatus
1974 2410 2013 2434 De
2032 2413 2164 2442 Lapidum

1240 2438 1267 2460 et
1282 2438 1453 2462 Gemmarum
1468 2439 1587 2462 Materia
1600 2451 1634 2455 —-—
1655 2439 1762 2469 sigillis
1778 2441 1818 2464 De
1837 2442 1993 2467 Alcliiinicis
2017 2448 2168 2476 speciebus

1241 2472 1473 2496 Generationlllus
1499 2476 1525 2496 et
1546 2474 1716 2496 Ltilitatibns
1738 2475 1776 2498 510
1800 2476 1975 2501 metallorum
1997 2480 2111 2511 Origine
2141 2486 2168 2506 et

1240 2506 1401 2530 Inventione
1415 2521 1447 2524 —
1467 2507 1716 2532 Transmutatione.
1738 2509 1916 2540 oppenheym
1933 2513 2006 2538 1518.
2026 2516 2050 2538 4.
2076 2516 2106 2544 2)
2124 2516 2168 2540 De

1240 2541 1421 2564 mineralibus
1440 2542 1501 2565 libri
1518 2542 1551 2564 V.
1589 2543 1730 2572 Augustae
1746 2543 1856 2568 Vindel.
1885 2545 2043 2574 M.D,Xlx.
2069 2551 2094 2573 4.
2131 2552 2168 2575 ui

1240 2575 1302 2597 libri
1313 2575 1346 2598 V,
1361 2575 1536 2599 inveniuntur
1550 2576 1631 2599 etiam
1648 2577 1674 2599 in
1690 2577 1749 2600 0135
1766 2578 1903 2607 Operibus
1920 2580 1959 2604 ed.
1970 2581 2043 2607 Petr.
2060 2584 2169 2616 13111111)ν

1242 2610 1316 2633 Toni.
1336 2610 1366 2632 ll.
1388 2610 1527 2640 (Lugduni
1550 2611 1622 2633 1651.
1643 2611 1718 2639 Fol.)
1740 2619 1765 2641 p.
1782 2612 1942 2638 210—272.

1206 2651 1236 2679 5)
1265 2651 1376 2682 Georgii
1397 2652 1545 2683 Agricolae
1571 2653 1666 2676 medici
1693 2655 1720 2677 et
1746 2661 1837 2679 rernm
1858 2657 2022 2682 naturalium
2044 2660 2167 2686 investi-

1241 2685 1346 2715 gatoris
1358 2702 1365 2715 ,
1386 2687 1524 2710 Glauellae
1546 2688 1570 2710 111
1587 2688 1700 2718 regione
1714 2689 1841 2718 Mysnlca
1859 2692 1932 2715 1494.
1950 2693 2005 2716 nati
2023 2695 2050 2717 et
2070 2696 2171 2720 Chen·-

1243 2720 1325 2744 nltiae
1347 2721 1414 2744 1553
1436 2722 1478 2745 vel
1502 2722 1575 2746 1555.
1598 2723 1713 2753 mortui,
1734 2730 1801 2753 opus
1822 2725 1844 2747 11.
1866 2725 1883 2749 1.
1908 2725 2044 2752 laudatum
2068 2736 2106 2754 510
2130 2734 2169 2755 est

1500 2757 1585 2790 40*
