2351 2990
96 121 195 158 1077
344 119 449 154 XLII.

90 220 171 243 aras
196 207 462 252 iugulabantur.
515 203 647 239 Bacchi
674 207 843 241 sacellum
869 208 1089 241 obstructum

92 267 156 301 est,
183 266 235 300 ut,
259 259 322 305 qui
339 271 382 292 eo
396 258 649 302 confugerant,
675 258 816 300 inclusi,
839 261 934 292 same
953 258 1000 292 ibi
1015 270 1091 291 mo-

90 317 272 345 rerentur:
315 323 357 343 eo
382 322 495 355 usque
517 310 690 354 processit
716 317 883 344 cruentae
906 310 1091 344 seditionis

89 364 211 403 furor,
254 374 346 408 quae
372 361 517 407 quidem
551 368 585 394 et
614 374 656 394 eo
693 362 766 396 visa
800 369 851 396 est
883 361 1091 402 terribilior,

91 415 189 461 quod
212 420 297 447 tunc
322 412 437 458 prima
461 412 539 446 fuit.
607 413 735 447 Postea
763 414 858 447 enim
883 419 1094 449 exarserunt

90 466 223 512 ubique
244 464 436 499 seditiones
471 464 509 497 in
540 470 613 497 tota
639 465 811 507 Graecia,
855 478 934 500 cum
966 464 1092 511 populi

90 518 197 551 duces
227 521 450 550 accerserant
477 513 733 558 Athenienses,
782 518 973 562 optimates
1004 529 1090 550 vero

90 567 409 602 Lacedaemonios.
464 567 626 614 Cumque
652 568 691 601 in
716 581 802 614 pace
828 571 963 603 deesset
990 581 1090 601 occa-

91 621 144 655 sio
161 619 364 653 accersendi
381 618 516 659 socios,
543 619 763 653 deliniebant
779 627 813 653 et
833 621 1091 654 extimulabant

90 672 238 717 cupidos
253 683 375 705 rerum
393 683 591 711 novarum,
619 678 658 705 ut
675 672 762 705 ortis
781 673 990 705 tumultibus
1008 671 1091 704 belli

89 729 278 769 praetextu
294 722 425 756 auxilia
445 724 650 768 quaerenda
669 730 804 764 essent,
829 731 862 757 et
878 737 958 757 cum
985 724 1091 756 alter-

90 775 181 809 utris
208 775 370 808 facienda
403 774 573 814 societas,
608 776 706 820 quod
733 787 774 808 eo
800 775 949 809 consilio
972 775 1091 814 fiebat,

89 833 130 861 ut
146 826 295 872 privatis
313 825 465 858 inimicis
484 825 615 870 singuli
632 834 822 867 nocerent,
858 833 893 860 et
914 826 983 861 sibi
1006 826 1091 870 ipsis

89 878 290 924 potentiam
308 877 584 911 circumdarent.
638 877 753 911 Multa
773 878 883 923 igitur
906 878 944 911 in
968 878 1091 911 civita-

89 930 184 964 tibus
201 929 407 972 acciderunt
426 928 559 961 atrocia
574 955 583 969 ,
611 941 702 974 quae
729 936 764 963 et
784 930 861 964 fieri
885 930 1021 970 solent,
1058 935 1092 962 et

89 983 177 1015 fient
191 992 350 1025 semper,
384 981 498 1013 donec
514 981 638 1013 eadem
657 982 724 1013 erit
739 979 928 1015 hominum
948 988 1091 1021 natura,

89 1045 152 1068 seu
177 1032 378 1066 crudeliora
401 1043 464 1065 seu
487 1031 653 1072 mitiora,
697 1033 759 1066 sed
785 1033 902 1078 specie
924 1030 1092 1066 nonnihil

89 1090 249 1125 mutata,
280 1090 321 1117 ut
353 1095 479 1117 causae
510 1090 674 1116 motuum
709 1091 743 1117 et
772 1091 936 1129 tempora
965 1086 1091 1118 ferent.

87 1136 182 1172 Nam
200 1136 237 1168 in
256 1147 341 1180 pace
359 1141 393 1168 et
410 1135 515 1168 rebus
531 1135 695 1169 secundis
711 1133 876 1170 homines
893 1136 1034 1181 publice
1058 1142 1092 1168 et

87 1187 259 1234 privatim
286 1186 521 1221 modestiores
545 1186 686 1220 animos
708 1185 861 1228 habent,
903 1188 986 1233 quia
1017 1199 1091 1220 non

88 1240 183 1284 cogit
198 1251 258 1273 eos
274 1238 391 1272 subita
416 1237 534 1283 aliqua
557 1239 609 1271 vis
634 1238 788 1272 violenta
815 1239 962 1272 consilia
984 1251 1092 1285 quae-

88 1304 180 1326 rere.
239 1290 382 1323 Bellum
407 1302 492 1322 vero
519 1289 724 1323 diminuens
749 1291 953 1335 quotidiani
978 1291 1092 1323 victus

89 1343 231 1388 copiam
246 1369 255 1383 ,
282 1341 460 1374 violentus
477 1340 646 1384 magister
662 1347 732 1381 est,
761 1347 795 1374 et
812 1343 1009 1375 multorum
1027 1341 1092 1373 im-

88 1402 192 1441 petus
207 1394 251 1426 ad
270 1398 475 1437 praesentes
494 1392 698 1426 occasiones
712 1392 848 1427 incitat.
895 1392 1011 1426 Erant
1029 1392 1092 1436 igi-

90 1453 149 1481 tur
180 1445 287 1491 plena
319 1444 535 1478 seditionum
569 1444 710 1483 omnia,
744 1451 777 1477 et
801 1445 951 1478 subinde
975 1450 1092 1489 poste-

89 1499 188 1532 riora
213 1497 307 1530 facta
331 1509 410 1529 cum
435 1495 668 1539 sumpsissent
691 1497 892 1540 exemplum
919 1508 939 1529 a
962 1496 1092 1540 priori-

90 1551 175 1590 bus,
211 1555 333 1581 tamen
357 1548 394 1580 id
418 1547 523 1591 longe
548 1553 720 1591 superant
744 1548 922 1588 novitate,
958 1547 1093 1580 callidi-

91 1609 164 1636 tate
181 1599 340 1640 consilii,
369 1605 403 1633 et
419 1598 647 1639 crudelitate,
676 1605 711 1631 et
736 1611 792 1633 ars
818 1606 895 1633 erat
919 1599 1092 1633 vocabula

90 1660 251 1692 mutare,
288 1657 328 1686 ut
355 1650 561 1695 turpissima
585 1650 715 1684 scelera
740 1651 827 1685 iuris
849 1651 964 1696 specie
991 1663 1093 1684 excu-

91 1711 268 1741 sarentur.
321 1703 450 1737 Audax
466 1708 501 1735 et
516 1702 707 1746 impudens
724 1703 920 1736 vocabatur
937 1703 1038 1736 sortis
1061 1708 1095 1735 et

92 1756 206 1792 fidelis
222 1755 350 1790 socius.
404 1753 638 1788 Considerata
664 1754 822 1787 contatio
847 1755 1032 1788 dicebatur
1051 1754 1094 1787 ti-

89 1809 252 1848 miditas,
280 1807 462 1840 modestus
480 1802 810 1850 reprehendebatur
832 1812 1004 1852 tanquam
1029 1818 1094 1839 nec

92 1873 174 1895 acer
188 1872 252 1892 nec
270 1871 413 1903 pugnax
430 1864 531 1892 esset.
585 1856 764 1891 Providus
782 1870 867 1890 vero
885 1864 919 1891 et
934 1858 1091 1903 pericula

92 1911 332 1959 praemetiens
351 1908 551 1944 habebatur
572 1922 638 1953 pro
655 1909 807 1953 ignavo,
841 1907 1032 1944 vehemens
1061 1916 1094 1942 et

92 1965 258 2010 petulans
282 1963 338 1996 vir
361 1961 614 2006 magnanimus
638 1961 846 1996 vocabatur.
898 1960 1092 2006 Diligentia

92 2017 146 2057 in„
171 2014 341 2059 eligendis
375 2013 567 2047 tutioribus
600 2012 757 2046 consiliis
794 2013 978 2047 dicebatur
1020 2026 1093 2047 esse

92 2073 297 2114 praetextus
319 2064 585 2110 tergiversantis
610 2071 644 2097 et
666 2071 848 2109 receptum
874 2065 1093 2110 prospicien-

91 2121 155 2159 tis;
182 2119 375 2152 incendens
393 2117 496 2157 odia,
522 2116 652 2154 fidelis;
681 2117 948 2158 contradicens,
974 2129 1094 2162 suspe-

93 2178 189 2212 ctus;
232 2170 290 2204 cui
320 2169 471 2204 struenti
501 2168 648 2202 insidias
675 2169 911 2213 responderat
936 2175 1094 2208 eventus,

96 2230 251 2261 astutus;
294 2222 408 2256 multo
434 2233 519 2254 vero
544 2221 715 2260 astutior,
751 2221 813 2265 qui
836 2227 987 2254 structas
1011 2221 1094 2254 insi—

95 2276 172 2317 dias
195 2274 439 2319 praesentiens
467 2272 637 2310 illuserat.
706 2271 779 2317 Qui
803 2285 888 2305 vero
913 2271 1096 2306 securitati

97 2327 229 2362 civium
247 2326 454 2365 consulens,
478 2337 543 2358 nec
559 2324 678 2357 moliri
697 2324 843 2358 insidias
855 2351 864 2364 ,
890 2337 955 2357 nec
971 2336 1094 2357 cavere

96 2379 259 2419 volebat,
287 2378 472 2411 dicebatur
489 2376 686 2410 amicorum
704 2376 897 2410 dissolutor
920 2382 953 2409 et
976 2374 1095 2410 hostes

96 2442 344 2476 expavescens.
384 2429 617 2462 Laudabatur
635 2434 670 2461 et
687 2428 749 2474 qui
767 2435 988 2461 antevertere
1007 2428 1095 2462 alios

94 2482 259 2524 nocendo
280 2488 438 2526 poterat,
474 2486 508 2513 et
532 2480 594 2526 qui
621 2486 698 2513 erat
722 2478 897 2513 hortator.
952 2480 1096 2514 Gratio-

95 2549 152 2570 res
170 2540 273 2569 eraut
292 2534 329 2566 in
345 2533 506 2578 partibus
523 2532 649 2572 alieni,
677 2544 784 2578 quam
805 2532 965 2576 cognati,
999 2533 1095 2578 quod

96 2588 149 2625 illi
173 2587 248 2622 sine
275 2585 497 2619 recusatione
523 2585 644 2617 omnia
674 2585 791 2617 facere
824 2591 857 2617 et
884 2584 956 2628 pati
984 2584 1095 2628 tnagis

99 2640 273 2674 auderent
297 2650 404 2684 quam
433 2635 646 2682 propinqui,
683 2636 884 2682 fiebantque
911 2634 997 2669 haec
1023 2636 1096 2669 soe-

99 2692 182 2729 dera
215 2703 288 2723 non
319 2690 414 2723 iuxta
446 2690 538 2732 leges
563 2688 726 2721 utilitatis
755 2688 955 2721 communis
978 2700 1095 2728 causa,
1121 2692 1123 2704 ³

99 2744 160 2778 sed
178 2749 302 2776 contra
318 2742 410 2786 leges
422 2769 431 2782 ,
458 2747 497 2774 ut
514 2752 597 2774 suae
617 2739 766 2786 quisque
783 2740 935 2774 iniustae
961 2739 1095 2784 cupidi-

501 117 901 154 INTERPRETATIO
929 119 1226 155 ORATIONUM
1253 119 1318 154 EX
1345 121 1640 156 THUCYDIDIS
1667 120 1816 157 LlBRO
1839 122 1896 158 ΠΙ.

2047 125 2143 159 1078

1145 206 1210 239 tati
1228 207 1445 251 praesidium
1465 215 1628 253 pararet,
1656 220 1721 241 nec
1736 209 1880 242 foedera
1899 209 2072 253 religione
2090 209 2143 242 in-

1143 263 1197 291 ter
1212 270 1246 292 se
1266 260 1475 299 servabant,
1502 261 1563 294 sed
1587 260 1741 293 devincti
1766 261 1937 294 scelerum
1963 261 2144 300 societate,

1143 316 1239 342 recta
1272 311 1419 344 consilia
1453 312 1741 346 adversariorum
1776 312 2032 353 admittebant,
2067 324 2144 345 non

1143 361 1304 396 veritatis
1320 374 1437 403 causa,
1464 364 1526 397 sed
1542 369 1717 409 quatenus
1734 362 1818 408 ipsis
1833 364 2041 408 proderant.
2074 362 2144 398 Cu-

1143 412 1274 457 piditas
1299 420 1398 447 tanta
1425 415 1605 449 vindictae
1628 421 1723 455 erat,
1756 421 1796 448 ut
1820 414 1955 459 gratius
1980 422 2068 449 esset
2090 414 2144 448 vi-

1144 477 1218 498 cem
1237 466 1405 506 reddere,
1432 479 1541 512 quam
1564 478 1749 513 nunquam
1775 466 1866 499 affici
1890 466 2035 500 iniuria.
2085 465 2144 499 ln-

1144 517 1268 550 duciae
1287 517 1454 551 valebant
1473 518 1668 563 tantisper,
1704 519 1789 552 dum
1815 516 1906 551 nihil
1931 524 2021 551 esset
2043 517 2143 551 auxi-

1143 568 1201 606 lii;
1237 568 1349 602 sicubi
1372 581 1458 602 vero
1484 576 1671 603 creverant
1697 570 1808 609 vires,
1850 570 1963 603 multo
1989 575 2066 602 erat
2090 569 2144 602 iu-

1144 620 1294 654 cundius
1322 620 1474 654 alterum
1507 621 1726 665 imparatum
1752 627 1786 654 et
1810 627 1959 666 propter
1981 621 2143 654 inducias

1143 669 1235 704 nihil
1252 678 1497 715 expectantem
1517 670 1644 705 hostile
1663 672 1886 717 opprimere,
1914 685 2022 718 quam
2040 684 2144 717 aper-

1144 729 1177 755 te
1194 723 1460 767 praemonitum
1479 723 1634 764 adoriri,
1662 730 1696 757 et
1712 724 1795 769 quia
1814 721 1882 757 hoc
1899 724 2009 758 tutius
2027 724 2144 758 existi-

1144 775 1330 814 mabatur,
1364 780 1398 808 et
1421 775 1505 820 quia
1528 775 1605 809 laus
1630 781 1707 808 erat
1732 775 1867 819 ingenii
1890 775 2015 809 fraude
2039 788 2143 820 supe-

1144 838 1243 863 rare;
1269 826 1406 859 facilius
1422 827 1516 859 enim
1534 827 1628 859 inter
1645 827 1776 860 multos
1793 827 1949 871 improbi
1969 833 2144 861 vocantur

1144 877 1332 917 industrii,
1361 890 1469 923 quam
1497 878 1672 912 tardiores
1695 884 1870 911 vocantur
1894 878 1991 911 boni.
2049 878 2143 912 Nam

1145 929 1323 963 tarditatis
1341 930 1467 974 pudet;
1496 930 1624 963 astutia
1644 942 1729 962 vero
1754 930 1954 973 gloriantur
1976 927 2143 964 homines

1145 981 1252 1014 etiam
1271 981 1308 1014 in
1325 980 1527 1015 sceleribus.
1587 981 1727 1015 Horum
1754 987 1937 1015 tantorum
1963 982 2143 1015 malorum

1145 1044 1248 1066 causa
1273 1039 1350 1066 erat
1374 1032 1546 1077 appetitio
1570 1032 1732 1077 imperii,
1766 1039 1843 1066 tum
1870 1045 1911 1066 ex
1934 1033 2145 1074 ambitione,

1145 1090 1219 1117 tum
1240 1096 1282 1117 ex
1298 1084 1376 1118 aliis
1393 1084 1532 1118 iniustis
1550 1085 1804 1129 cupiditatibus
1827 1091 1918 1118 orta.
1979 1085 2071 1118 Hinc
2093 1085 2145 1118 fa-

1145 1135 1279 1170 ctiones
1298 1135 1492 1169 extiterunt
1519 1142 1553 1169 et
1569 1137 1725 1180 partium
1745 1136 2011 1177 contentiones,
2039 1143 2074 1170 et
2089 1149 2145 1170 re-

1145 1199 1225 1220 rum
1243 1188 1501 1232 gubernatores
1518 1188 1732 1232 turpissimis
1749 1189 1854 1221 rebus
1870 1185 2038 1222 honestas
2064 1200 2146 1222 cau-

1145 1251 1200 1273 sas
1220 1239 1486 1283 praetexebant.
1540 1239 1612 1272 Alii
1635 1252 1671 1273 se
1695 1252 1850 1285 aequum
1875 1239 1929 1273 ius
1955 1252 2017 1273 ceu
2038 1240 2145 1273 liber-

1146 1297 1253 1323 tatem
1279 1290 1425 1335 populi,
1464 1290 1525 1323 alii
1550 1291 1771 1325 maiestatem
1797 1291 1999 1336 principum
2026 1292 2146 1325 defen-

1146 1342 1229 1374 dere
1253 1354 1288 1375 se
1312 1342 1540 1382 simulantes,
1575 1343 1691 1377 verbis
1715 1343 1859 1389 quidem
1885 1343 2145 1387 rempublicam

1146 1392 1347 1432 iactabant,
1390 1406 1427 1426 re
1452 1406 1534 1426 vera
1560 1400 1678 1427 autem
1703 1395 1746 1428 de
1770 1394 1918 1438 privatis
1945 1395 2144 1429 commodis

1146 1443 1378 1478 dimicabant.
1431 1446 1613 1479 Audentes
1630 1446 1849 1480 atrocissima
1874 1452 1907 1479 et
1932 1459 2066 1491 poenas
2091 1448 2145 1480 in-

1145 1495 1305 1540 fligentes
1319 1495 1513 1536 maximas,
1540 1509 1604 1529 nec
1620 1497 1714 1539 iure,
1742 1510 1805 1531 nec
1822 1498 1973 1532 utilitate
1992 1499 2146 1543 publica,

1146 1548 1207 1581 sed
1225 1548 1409 1592 voluptate
1429 1560 1490 1581 sua
1510 1548 1769 1591 metiebantur,
1804 1557 1839 1583 et
1854 1550 1910 1583 vel
1926 1550 2058 1596 iniquis
2076 1551 2148 1585 suf-

1147 1599 1407 1642 fragationibus
1432 1599 1525 1633 cives
1556 1601 1748 1642 tollebant,
1791 1602 1847 1635 vel
1879 1602 2145 1646 opprimebant,

1147 1657 1186 1684 ut
1202 1650 1280 1684 aliis
1298 1663 1436 1684 morem
1455 1659 1631 1696 gererent.
1684 1652 1811 1687 Neutri
1829 1653 1938 1698 igitur
1961 1666 2046 1687 vero
2073 1660 2146 1688 stu-

1148 1702 1207 1735 dio
1239 1715 1279 1735 ac
1311 1702 1483 1747 religione
1509 1703 1706 1750 quidquam
1742 1705 1938 1744 saciebant;
1991 1706 2052 1740 sed
2085 1706 2144 1738 illa

1147 1754 1224 1788 laus
1242 1755 1501 1800 quaerebatur,
1527 1767 1635 1800 quam
1654 1757 1808 1789 maxime
1825 1768 1987 1801 premere
2011 1758 2148 1792 alienos

1147 1804 1296 1839 honesta
1323 1806 1451 1850 specie.
1505 1806 1617 1839 Medii
1641 1807 1733 1841 cives
1756 1809 1800 1841 ab
1824 1809 1984 1854 utrisque
2012 1809 2146 1843 lacera-

1147 1859 1298 1897 bantur,
1340 1858 1395 1890 vel
1423 1858 1520 1903 quod
1542 1859 1680 1891 nollent
1704 1859 1874 1893 adiuvare
1906 1867 2045 1904 partes,
2089 1861 2146 1894 vel

1147 1909 1229 1956 quia
1256 1909 1385 1942 caeteri
1412 1909 1461 1942 eis
1486 1909 1768 1944 incolumitatem
1803 1911 2024 1946 invidebant.
2093 1911 2146 1946 Ita

1146 1967 1296 2006 propter
1311 1960 1503 1995 seditiones
1520 1974 1626 1995 omne
1650 1975 1760 2006 genus
1784 1963 1955 1997 scelerum
1979 1963 2017 1996 in
2034 1963 2146 1997 Grae-

1147 2013 1198 2046 cia
1219 2014 1466 2057 grassabatur,
1495 2019 1528 2046 et
1545 2013 1765 2058 simplicitas,
1793 2027 1884 2060 quae
1900 2015 2013 2060 magis
2030 2015 2148 2050 existit

1147 2065 1183 2098 in
1211 2065 1392 2109 generosis
1416 2065 1574 2105 naturis,
1609 2079 1689 2099 cum
1716 2067 1959 2107 derideretur,
1997 2080 2145 2112 prorsus

1147 2116 1299 2150 extincta
1314 2123 1376 2151 est.
1428 2115 1538 2162 quue
1556 2130 1706 2161 magnae
1723 2118 1822 2152 laudi
1842 2120 2050 2159 ducebatur,
2078 2120 2145 2153 dif-

1147 2169 1255 2202 fidere
1283 2168 1376 2201 inter
1409 2180 1503 2209 sese,
1543 2170 1736 2214 suspicari,
1778 2171 1934 2204 intentos
1966 2183 2039 2205 esse
2069 2178 2144 2205 tota

1148 2226 1266 2253 mente
1296 2220 1333 2252 in
1366 2220 1579 2261 alterutros,
1620 2228 1654 2254 et
1683 2222 1728 2254 ad
1757 2229 1919 2256 mutuam
1950 2223 2146 2267 perniciem

1148 2272 1294 2306 consilia
1313 2272 1477 2316 dirigere.
1531 2272 1604 2306 Nec
1620 2273 1813 2317 excogitari
1831 2274 1923 2307 ullae
1939 2280 2013 2307 tam
2036 2276 2146 2319 expli-

1148 2324 1237 2357 citae
1254 2324 1550 2368 compositiones,
1577 2325 1647 2358 ulla
1667 2331 1739 2358 tam
1764 2331 1883 2358 sancta
1911 2326 2054 2358 foedera
2080 2340 2144 2372 po-

1149 2382 1286 2415 terant,
1329 2388 1419 2421 quae
1445 2375 1679 2410 diffidentiam
1707 2377 1836 2411 animis
1862 2377 2076 2419 eximerent,
2111 2385 2145 2412 et

1149 2427 1364 2461 offensiones
1387 2434 1568 2461 sanarent.
1637 2428 1800 2474 Cumque
1833 2429 1964 2473 singuli
1990 2430 2145 2475 suspica-

1149 2486 1273 2513 rentur
1295 2479 1389 2513 nulla
1413 2480 1489 2512 sore
1513 2480 1689 2513 durabilia
1713 2481 1878 2522 foedera,
1922 2488 2144 2516 antevertere

1149 2530 1266 2565 hostes
1297 2532 1498 2571 malebant,
1541 2544 1649 2577 quam
1682 2532 1730 2566 eis
1753 2534 1859 2566 fidem
1883 2530 2025 2567 habere.
2093 2535 2144 2568 Ac

1148 2596 1252 2628 saepe
1272 2581 1328 2624 hi,
1357 2583 1419 2629 qui
1435 2583 1553 2616 minus
1573 2585 1755 2628 pollebant
1778 2585 1946 2624 consilio,
1983 2586 2144 2629 superio-

1147 2648 1203 2669 res
1222 2642 1343 2675 erant,
1370 2634 1454 2681 quia
1471 2636 1604 2669 conscii
1619 2636 1686 2670 sibi
1703 2637 1864 2670 inscitiae
1885 2649 1987 2675 suae,
2016 2643 2048 2669 et
2073 2650 2144 2670 me>-

1149 2693 1285 2721 tuentes
1306 2687 1472 2721 astutiam
1500 2687 1809 2729 adversariorum,
1848 2689 1949 2722 citius
1972 2695 2006 2721 et
2028 2689 2146 2722 rabio-

1147 2740 1218 2773 sius
1236 2752 1334 2773 arma
1354 2739 1554 2784 capiebant.
1609 2740 1764 2774 Econtra
1785 2746 1991 2785 contemptu
2014 2738 2145 2775 horum

1438 2789 1528 2825 68*
