2294 2975
122 126 189 159 161

116 211 209 251 111111,
244 218 283 244 ut
306 211 367 257 qui
392 212 553 244 nondum
580 211 806 256 responderit
829 213 980 256 acceptis
1005 214 1109 246 lzene-
1134 237 1139 261 Ι

264 262 400 296 Deinde
420 263 526 305 longa
546 269 597 295 est
617 263 794 303 defensio,
822 263 858 296 in
877 276 945 308 qua
962 277 1108 308 respon—

111 262 210 297 ficiis.

110 314 170 346 det
196 313 471 358 expostulationi
495 314 538 347 de
566 313 696 347 iniuria
721 314 824 347 sratri
846 315 963 355 illata,
1000 316 1107 359 signi-

109 365 229 405 ficans,
257 378 292 399 se
309 377 450 408 semper
470 377 573 398 usum
591 377 719 409 magna
736 365 997 405 moderatione,
1026 380 1104 400 cuin

109 427 126 447 a
146 417 253 449 fratre
272 416 406 449 Metelli
421 415 552 460 insigni
575 416 706 449 iniuria
732 417 897 457 affectus,
932 430 1105 461 11101083-

106 473 160 500 tus
178 473 266 500 esset
283 468 328 500 ad
346 466 593 501 resistendum.
628 466 669 500 In
684 468 765 508 fine,
783 468 861 501 loco
881 469 1023 512 epilogi⁷
1043 471 1103 502 ad-

106 518 255 550 monitio
271 518 388 552 brevis
404 519 570 562 ponitur,
605 525 644 552 ut
668 519 705 551 in
731 519 792 552 tali
819 519 1038 553 dissensione
1066 533 1101 554 se

105 569 274 612 praebeat
291 581 443 615 aequum
464 570 615 603 iudicem
628 596 637 610 ‚
665 582 729 603 nec
746 570 866 604 fratris
883 572 1011 611 50111111,
1040 573 1100 605 sed

105 620 208 652 amici
229 633 370 666 quoque
389 633 530 654 causam
549 628 759 665 cognoscat,
788 622 908 655 addita
926 622 1099 667 significa—

105 670 201 703 tione
217 684 301 705 suae
321 672 514 706 voluntatis
533 678 566 706 et
582 673 714 707 amoris
723 672 782 719 2⁹).

348 766 485 800 Aliud
513 773 841 811 argumentum.

204 832 298 866 Tota
328 834 476 878 epistola
501 841 551 868 est
577 835 744 868 continua
772 835 946 879 quaedam
971 845 1094 867 narra-

101 882 170 922 tio,
206 884 243 917 in
267 898 335 930 qua
361 887 554 930 respondet
576 886 722 919 Metello
747 887 791 918 ad
817 885 975 929 singula,
1010 897 1094 929 pro-

98 934 188 968 bans
204 936 328 969 falsam
345 937 386 969 de
404 949 440 970 se
458 949 530 970 esse
548 937 798 981 suspicionem,
824 948 940 981 neque
958 937 1092 970 laesum

99 985 283 1020 Metellum
299 988 352 1020 vel
372 988 480 1020 verbo
506 1000 524 1020 a
543 988 732 1028 Cicerone,
768 987 829 1033 qui
853 1000 993 1032 semper
1019 988 1092 1022 eius

96 1036 277 1080 dignitatis
304 1039 498 1071 maximam
522 1037 688 1073 habuerit
712 1039 901 1072 rationem.
966 1039 1091 1072 Primo

96 1088 174 1121 loco
196 1090 343 1132 ponitur
366 1090 551 1130 infitiatio,
587 1091 684 1135 quod
708 1090 856 1123 omnino
881 1102 955 1122 non
977 1091 1091 1124 laesus

96 1138 142 1172 sit
157 1139 341 1179 Metellus,
369 1142 428 1174 sed
450 1147 611 1186 questum
631 1153 703 1175 esse
721 1141 757 1172 in
773 1147 897 1174 senatu
913 1142 955 1173 de
974 1141 1089 1174 officio

95 1191 289 1234 denegato,
338 1192 434 1236 quod
473 1192 626 1224 maxime
658 1192 784 1225 debeat
812 1198 1011 1235 praestare,
1056 1199 1089 1225 et

94 1242 191 1287 quod
216 1242 314 1274 illam
338 1243 559 1282 orationem,
601 1254 707 1287 quam
733 1241 923 1285 scripserat
948 1244 989 1275 de
1013 1243 1088 1275 lau-

94 1292 198 1326 dibus
215 1292 413 1334 Ciceronis,
438 1305 513 1326 non
530 1293 699 1327 recitarit.
752 1293 915 1326 Secundo
933 1293 1011 1326 loco
1036 1299 1087 1326 est

93 1344 308 1384 confutatio,
336 1357 426 1390 quae
443 1351 583 1389 sumpta
602 1351 652 1378 est
678 1356 719 1377 ex
741 1344 1086 1377 commemoratione

94 1395 304 1429 officiorum.
370 1396 538 1442 Sequitur
566 1395 635 1428 alia
664 1395 859 1428 confutatio
886 1408 927 1428 ex
953 1396 1086 1429 confes·

94 1446 205 1486 sione,
232 1446 287 1480 cui
304 1447 424 1480 addita
444 1454 495 1481 est
511 1446 701 1480 correctio:
729 1445 877 1491 Ignosco
894 1446 971 1487 tibi,
988 1447 1085 1492 quod

93 1497 241 1530 fratrem
277 1498 455 1537 defendis;
497 1500 558 1532 sed
592 1496 683 1531 mihi
717 1496 785 1531 hoc
820 1497 927 1530 etiam
963 1498 1085 1532 fuisset

92 1547 366 1591 ignoscendum,
394 1549 455 1595 qui
477 1549 646 1583 iniuriam
670 1549 864 1582 maximam
887 1549 1006 1583 fratris
1033 1549 1083 1582 tui

92 1611 111 1631 a
129 1611 186 1632 me
205 1600 336 1644 depuli.
388 1601 593 1646 Amplificat
617 1601 898 1634 confutationem
924 1613 964 1634 ex
987 1613 1083 1633 com-

91 1651 351 1684 memoratione
373 1652 473 1691 facti,
501 1652 539 1684 in
562 1664 631 1697 qua
657 1652 811 1685 ostendit
833 1663 933 1685 suam
958 1650 1083 1685 huma-

91 1701 240 1734 nitatem
266 1708 299 1734 et
314 1703 444 1736 'fratris
466 1703 600 1735 Metelli
622 1701 934 1737 inhumanitatem.
990 1703 1082 1736 Con-

91 1752 201 1786 clusio
222 1753 380 1786 continet
401 1754 545 1786 brevem
570 1753 819 1797 repetitionem
844 1754 1081 1798 superiorum.

91 1802 130 1836 ln
148 1804 215 1837 fine
234 1811 285 1838 est
302 1805 471 1838 clausula.

141 1906 469 1952 Argumentum
498 1912 540 1939 et
567 1903 747 1940 scholia
779 1905 823 1938 in
850 1904 1029 1949 episto—

498 1958 584 1990 lam
612 1956 669 1991 Ill.

193 2033 257 2067 lsta
283 2031 373 2066 1111111
396 2031 504 2067 hahet
526 2033 595 2067 nisi
618 2034 762 2067 brevem
783 2034 962 2079 quandam
980 2043 1080 2065 accu-

91 2085 265 2118 sationem
287 2085 421 2124 fratris;
451 2092 485 2118 et
499 2092 549 2119 est
566 2083 786 2118 rhetoricum
802 2082 956 2123 schema,
984 2084 1079 2128 quod

90 2138 256 2171 transfert
275 2136 481 2170 Ciceronem
491 2137 537 2182 30)
553 2137 590 2169 111
606 2137 723 2170 locum
733 2136 780 2181 3¹)
800 2134 986 2179 fratris32).

193 2187 223 2232 ᾗ.
245 2189 275 2221 1.
302 2190 458 2222 Hominis
476 2190 757 2232 importunissimi
767 2186 839 2235 ³3)]
868 2185 1079 2221 Narratiun-

90 2240 187 2279 cula,
230 2241 412 2284 quomodo
434 2246 605 2274 tractetur
628 2251 647 2272 a
675 2241 802 2280 fratre,
836 2245 870 2272 et
896 2238 1078 2284 quomodo

91 2291 164 2334 ipse
187 2297 310 2324 contra
327 2291 471 2325 affectus
489 2291 544 2324 sit.

123 2425 170 2453 29)
190 2423 309 2452 amoris]
327 2422 366 2446 sic
383 2424 457 2446 recte
475 2421 558 2447 Editt.
580 2422 674 2454 1556.‚
695 2421 789 2453 1565.‚
810 2420 902 2451 1592.;
932 2420 981 2444 Ed.
1003 2419 1078 2444 1569.

193 2462 203 2482 t
223 2459 269 2482 ris.

124 2465 364 2531 303ucoiceronem]
384 2499 433 2523 Ed.
454 2499 528 2522 1560.
547 2499 632 2522 male:
656 2498 762 2523 Cicero.

123 2546 171 2574 31)
190 2545 293 2573 locum]
312 2543 360 2567 Ed.
381 2542 457 2566 1560.
476 2547 572 2566 errore
590 2543 716 2573 typogr.:
742 2542 838 2566 iocum.

123 2588 172 2616 32]
191 2588 248 2611 Hoc
265 2586 454 2616 argumentum
472 2585 619 2614 praebetur
637 2584 760 2608 abEditt.
776 2583 975 2615 1537—1554.,
992 2581 1079 2613 1557„

229 2638 251 2648 .,
273 2621 346 2644 1601.

126 2622 450 2695 δῧξὸξνῗιῂοτῐαηίεείηιε]
469 2660 517 2684 Ed.
538 2660 613 2684 ¹545.
638 2659 666 2683 in
690 2660 785 2684 verbis
811 2660 871 2685 huic
896 2662 978 2684 notae
997 2664 1079 2689 prae-

158 2699 219 2722 fixis
240 2699 319 2721 habet
338 2695 595 2726 impudentissimi,
613 2694 641 2717 in
657 2696 733 2719 textu
751 2696 841 2720 autem
859 2695 952 2720 itidem
970 2695 1081 2725 impor-

158 2732 314 2757 tunissimi.

93 2776 274 2806 Mamm-n.
298 2773 403 2804 Oeen.
426 2772 511 2803 Vor.
534 2770 640 2801 xvn.

270 124 389 160 XXIII.
442 123 751 160 ARGUMENTA
775 124 840 159 ET
868 125 1072 160 SCHOLIA
1098 127 1145 162 IN
1172 126 1319 163 EPIST.
1346 127 1458 165 FAM.
1489 130 1571 167 CIC.
1600 132 1688 169 LIB.
1705 135 1748 170 V.
1775 137 1846 172 ΕΡ.
1866 142 1900 174 2.
1919 141 1952 174 3.
1973 143 2006 178 4.

2088 147 2159 181 162

1381 215 1518 251 Aliud
1553 225 1943 272 argumentumffi).

1263 282 1329 315 Hic
1347 283 1511 319 Metellus
1521 286 1640 331 Nepos
1659 300 1732 322 non
1751 297 1802 323 est
1818 290 1875 324 ille
1893 295 2067 338 superior,
2096 301 2156 343 qui

1160 341 1396 375 cognomento
1416 336 1528 371 dictus
1546 345 1597 372 est
1616 339 1735 380 Celer,
1772 342 1833 374 sed
1858 343 1924 376 suit
1948 345 2004 378 ille
2032 351 2155 382 consul

1159 383 1293 428 collega
1320 386 1360 419 P.
1383 386 1537 422 Lentuli.
1592 389 1778 425 Caeterum
1806 390 1873 426 hoc
1897 395 1997 428 brevi
2022 399 2153 444 scripto

1157 431 1412 471 humanissime
1429 439 1621 482 significat,
1647 454 1681 475 se
1698 441 1789 476 nihil
1804 446 1942 478 moveri
1972 451 2152 493 perpetuis

1156 487 1308 530 querelis
1324 488 1442 523 fratris
1467 491 1510 523 de
1535 491 1665 525 iniuria
1684 493 1877 529 Ciceronis.
1930 496 2026 531 Loco
2052 513 2152 534 exor-

1155 536 1204 568 dii
1228 538 1376 581 ponitur
1400 542 1688 584 narratiuncula,
1725 548 1909 590 quomodo
1937 555 2107 585 tractetur
2131 565 2151 586 a

1152 587 1261 620 fratre
1288 601 1391 624 causa
1415 591 1614 633 Ciceronis,
1657 601 1691 628 et
1721 599 1903 641 quomodo
1927 599 2001 643 ipse
2026 609 2150 636 contra

1152 637 1197 671 sit
1213 639 1370 675 affectus.
1425 642 1614 677 Conclusio
1632 643 1739 679 habet
1755 648 1898 682 brevem
1922 651 2149 694 significatio-

1151 700 1390 747 nem-eorum,
1411 706 1501 738 quae
1518 696 1771 741 perscripserat
1787 700 1831 732 ad
1841 699 2020 742 Laelium;
2048 704 2145 745 item,

1150 746 1371 783 petltlonem.

1401 826 1537 861 Aliud
1562 838 1887 873 argumentum.

1249 893 1401 928 Brevem
1425 892 1532 929 hahet
1555 898 1798 932 narrationem
1825 902 1973 946 epistola
1997 904 2142 948 Metelli,

1146 942 1183 976 in
1201 957 1270 989 qua
1287 943 1517 980 vehementer
1534 947 1713 993 vituperat
1735 951 1895 986 animum
1920 960 1953 987 et
1978 957 2141 991 volunta-

1145 1001 1215 1028 tem
1236 996 1374 1037 fratris,
1402 998 1463 1043 qui
1487 999 1625 1032 nullum
1649 1001 1754 1034 finem
1780 1003 1887 1037 faciat
1914 1005 2139 1041 obtrectatio-

1144 1046 1199 1080 nis
1220 1053 1253 1080 et
1270 1049 1516 1084 accusationis.
1570 1049 1716 1085 Interim
1740 1052 1913 1097 significat
1936 1058 1978 1089 de
1997 1071 2058 1091 sua
2078 1073 2140 1092 vo-

1143 1097 1299 1138 luntate,
1324 1112 1415 1144 quae
1434 1108 1608 1146 perpetuo
1628 1114 1701 1135 non
1720 1104 1846 1139 debeat
1863 1109 2006 1142 mutari.
2049 1110 2138 1144 Nar-

1142 1149 1275 1182 rationi
1292 1151 1391 1184 addit
1407 1153 1668 1186 excusationem
1680 1180 1688 1193 ,
1717 1167 1778 1188 5811
1796 1169 1938 1191 causam
1954 1159 2138 1196 brevitatis

1141 1199 1354 1235 litterarum.

1382 1277 1515 1311 Aliud
1553 1289 1883 1324 argumentum.

1201 1363 1204 1365 -
1242 1343 1425 1388 Principio
1452 1345 1600 1388 ponitur
1622 1346 1770 1392 simplex
1793 1352 2010 1396 propositio:
2051 1353 2132 1388 Non

1139 1394 1281 1426 credam
1313 1393 1461 1439 posthac
1491 1396 1611 1430 fratris
1636 1400 1789 1443 querelis
1816 1402 1858 1434 de
1885 1409 1929 1437 te.
1994 1403 2133 1439 Deinde

1138 1445 1280 1478 additur
1295 1446 1412 1480 brevis
1431 1448 1621 1488 excusatio,
1648 1462 1759 1494 quare
1776 1450 1864 1486 nihil
1884 1455 1926 1488 de
1940 1454 2011 1489 suis
2028 1456 2133 1491 rebus

1138 1496 1330 1540 scripserit.
1384 1496 1424 1530 In
1442 1499 1509 1531 fine
1526 1505 1577 1533 est
1596 1500 1763 1535 clausula.

1187 1599 1509 1642 Argumentum
1542 1606 1582 1633 et
1618 1599 1792 1635 scholia
1831 1603 1874 1636 in
1912 1605 2081 1649 episto-

1548 1652 1630 1684 lam
1660 1651 1718 1687 IV.

1237 1725 1405 1760 Narratio
1435 1733 1486 1760 est
1510 1727 1553 1759 de
1585 1728 1756 1762 varietate
1782 1730 1975 1766 voluntatis
1995 1733 2129 1769 Metelli

1136 1788 1217 1820 erga
1237 1777 1444 1810 Ciceronem
1458 1804 1466 1817 ‚
1499 1790 1578 1811 cum
1604 1786 1692 1813 esset
1709 1780 1751 1813 ab
1771 1781 1875 1815 exilio
1894 1788 2128 1821 revocandus.

1134 1827 1265 1861 Addita
1290 1834 1341 1862 est
1366 1834 1483 1861 autem
1512 1830 1657 1873 petitio,
1700 1837 1738 1864 ut
1768 1835 2033 1869 revocationem
2067 1839 2128 1871 ad-

1134 1879 1241 1913 iuvet.
1305 1879 1367 1912 Ille
1393 1879 1557 1914 Metellus
1590 1878 1714 1914 habuit
1744 1882 1925 1926 Clodiam,
1967 1900 2127 1922 sororem

1135 1929 1271 1969 Clodii,
1305 1943 1411 1976 quam
1438 1938 1559 1974 postea
1586 1933 1720 1965 amavit
1738 1933 1888 1970 Caelius.
1957 1937 2038 1971 Non
2066 1941 2127 1973 ob-

1134 1981 1251 2025 iurgat
1266 1993 1359 2020 eum,
1387 1983 1446 2014 sed
1465 1983 1638 2028 1311181135)
1657 1983 1800 2023 indicat,
1829 1987 1914 2030 quid
1931 1990 2125 2035 sentiatssss).

1238 2030 1267 2075 §-
1288 2033 1320 2065 1.
1349 2034 1502 2065 Litterae
1519 2035 1638 2074 Quinti
1649 2033 1796 2082 fratris]
1824 2036 2004 2079 Narratio,
2034 2053 2125 2086 quae

1135 2083 1293 2116 continet
1312 2095 1453 2115 causam
1471 2084 1513 2115 ad
1533 2096 1611 2117 eum
1630 2085 1817 2120 scribendi.

1239 2132 1268 2178 §-
1285 2136 1319 2169 2.
1347 2136 1428 2168 Peto
1445 2133 1645 2182 quaesoque]
1674 2136 1816 2171 Petitio.

1131 2183 1209 2233 tua]
1237 2185 1344 2218 Ratio
1362 2185 1562 2229 petitionis,
1591 2200 1608 2219 a
1628 2188 1856 2230 gratitudine.

1886 2140 1978 2180 Quod
1993 2143 2024 2175 εἰ
2040 2144 2123 2176 mihi

1346 2269 1484 2303 Aliud
1521 2272 1909 2317 argumentum‘ff).

1233 2337 1337 2372 Hunc
1354 2338 1536 2372 Metellum
1553 2340 1636 2373 satis
1655 2346 1792 2373 constat
1816 2352 1890 2373 non
1915 2353 1987 2376 esse
2010 2343 2122 2385 illum,

1132 2390 1176 2423 ad
1203 2402 1309 2435 quem
1333 2402 1440 2435 supra
1464 2390 1622 2434 scripsit,
1658 2391 1719 2436 qui
1748 2400 1985 2436 cognomento
2010 2395 2122 2430 dictus

1165 2492 1212 2521 34)
1232 2493 1290 2516 Hoc
1309 2492 1499 2523 argumentum
1521 2492 1546 2514 et
1566 2491 1617 2515 duo
1638 2490 1782 2521 sequentia
1800 2490 1828 2515 in
1844 2491 2036 2525 Edttt.1556.,
2057 2496 2123 2520 1565

1199 2527 1317 2550 -1596.
1337 2526 1521 2549 inveniuntur.

1165 2569 1214 2598 35)
1233 2570 1338 2598 tamen]
1360 2569 1410 2593 Ed.
1433 2569 1507 2592 1601.
1528 2570 1642 2592 tantum.

1164 2613 1213 2641 36)
1233 2614 1291 2636 Hoc
1304 2613 1493 2643 argumentum
1510 2612 1608 2635 habent
1622 2611 1914 2644 Editt.1537-1554.‚
1934 2614 2019 2645 1557..
2039 2616 2123 2647 1560„

1203 2648 1277 2671 1601.

1165 2690 1214 2718 37)
1236 2691 1292 2714 Hoc
1311 2690 1500 2720 argumentum
1520 2690 1546 2712 et
1565 2688 1616 2712 duo
1637 2689 1779 2719 sequentia
1804 2690 1962 2715 exhibentur
1985 2693 2017 2717 ab
2038 2693 2120 2717 Editt.

1204 2725 1296 2755 1556„
1318 2723 1508 2747 1565—1596.
1560 2758 1602 2791 11
