2351 2990
190 125 264 161 815

184 214 332 256 yoede'is,
360 212 417 243 sed
431 212 476 244 sit
489 209 646 254 facienda
665 213 699 244 in
717 213 831 249 curia,
859 222 931 243 cum
947 211 1096 243 Senatus
1121 221 1175 242 co-

187 268 303 301 ronat5
331 274 404 295 cum
420 267 528 295 antem
542 262 680 304 populns
695 266 848 300 coronat,
885 262 919 294 e‘n
937 262 1090 294 concione
1112 271 1176 302 pu-

185 315 289 353 blica5
316 313 437 346 nmlcra
452 316 629 346 constituta
645 317 693 344 est
709 310 758 344 50
774 312 899 344 talenta
912 310 955 356 ⁸).

290 364 385 396 Haec
402 370 541 397 accusat
564 363 600 394 in
623 363 777 395 decreto.
835 362 881 394 Ut
906 367 1022 394 autem
1047 360 1175 393 intelli-

186 415 274 458 gatis
312 415 553 448 defensionem
597 425 712 445 meam
753 413 880 446 iustam
912 424 1004 452 esse,
1045 423 1176 457 sequar

185 466 297 511 ipsam
323 466 449 500 seriem
475 463 726 503 accusationis,
766 476 806 496 ac
827 465 870 497 de
894 463 1041 507 singulis
1064 475 1175 495 mem-

184 518 256 551 bris
274 518 407 555 dicam,
436 522 467 548 ct
485 513 573 547 nihil
593 515 715 548 volens
735 515 911 548 omittam.
952 515 1059 559 Quod
1079 514 1173 547 enim

183 569 322 612 scripsit
341 564 528 611 Ctesipho,
565 578 619 598 me
638 565 772 609 optima
799 566 949 599 dicendo
976 572 1009 599 et
1036 566 1174 609 agendo

183 625 392 665 perpetuam
411 617 545 650 civitati
568 617 854 650 benevolentiam
880 617 1114 661 praestitisse,
1142 622 1176 649 et

183 676 390 716 promptum
411 682 483 702 esse
500 668 667 714 quicquid
686 669 773 701 boni
792 669 922 712 possim
940 669 1075 707 facere,
1103 680 1176 700 me-

185 734 252 767 que
284 721 329 754 ob
362 733 441 753 eam
474 732 617 753 cansam
643 720 861 752 laudandum
899 726 1017 753 censet
1040 719 1088 766 9);
1133 719 1175 751 de

183 771 248 806 hac
292 778 394 816 parte
437 784 477 804 ex
519 771 624 804 rebus
667 771 771 814 gestis
816 783 956 804 necesse
998 777 1050 804 est
1085 770 1176 803 iudi-

182 824 274 857 cium
299 823 395 863 fieri,
429 822 558 868 quibus
582 821 814 855 consideratis
842 822 995 855 inveniri
1029 822 1174 866 poterit,

183 887 313 909 verene
335 887 380 907 an
405 875 494 908 salso
520 871 606 906 haec
631 873 762 917 scripta
786 873 868 907 sint.
926 873 1033 918 Quod
1057 879 1175 906 autem

183 939 257 960 non
280 925 438 965 addidit,
473 931 663 970 postquam
687 924 848 957 retulerit
871 925 1047 963 rationes,
1092 930 1176 957 tunc

183 980 327 1011 denmm
345 977 591 1009 coronandum
611 988 703 1015 esse,
732 981 765 1008 et
784 975 880 1020 quod
894 975 1113 1009 renuntiatio
1139 975 1176 1007 in

184 1027 324 1062 theatro
360 1028 520 1061 facienda
553 1026 616 1060 sit:
659 1027 816 1070 pendent
838 1023 926 1059 haec
951 1027 1111 1059 membra
1135 1038 1177 1059 ex

183 1080 318 1125 priori,
346 1086 465 1113 utrum
484 1091 539 1111 res
563 1083 680 1122 gestae
698 1077 825 1122 dignae
847 1077 918 1110 sint
938 1078 1054 1111 laude.
1110 1077 1176 1110 Hic

185 1139 219 1165 et
243 1132 337 1175 leges
361 1129 537 1169 recitabo,
574 1141 664 1174 quae
690 1130 832 1162 decreto
852 1127 1091 1173 Ctesiphontis
1115 1141 1177 1173 pa-

184 1182 421 1216 trocinantur.
480 1179 528 1213 Ita
561 1179 690 1213 iustam
723 1187 757 1213 et
779 1179 975 1224 simplicem
1003 1180 1177 1213 defensio-

184 1246 266 1267 nem
284 1244 472 1276 exponam.
526 1231 701 1264 Accedam
722 1231 829 1275 igitur
845 1232 890 1264 ad
907 1244 961 1265 res
979 1238 1105 1275 gestas,
1133 1243 1177 1264 ne

185 1284 361 1318 existimet
387 1295 443 1316 me
474 1282 650 1328 quispiam
685 1295 703 1315 a
737 1282 911 1326 capitibus
943 1282 1178 1317 accusationis

185 1337 368 1374 recedere,
404 1334 662 1378 ingredientem
695 1333 732 1366 in
761 1334 1005 1367 narrationem
1032 1335 1074 1367 de
1102 1339 1177 1366 tota

185 1386 366 1431 republica
391 1392 424 1418 et
449 1386 491 1418 de
517 1385 687 1418 Graeciae
709 1384 820 1418 bellis.
880 1384 972 1419 Nam
995 1390 1178 1418 accusator

185 1438 287 1477 facit,
329 1443 368 1470 ut
398 1437 459 1469 fiat
488 1434 576 1469 haec
602 1436 717 1469 oratio
740 1433 846 1469 huius
869 1447 994 1468 causae
1019 1435 1178 1479 propria.

184 1489 323 1523 Deinde
358 1500 437 1520 cum
463 1487 530 1519 alia
556 1487 697 1530 negotia
723 1486 783 1518 alii
807 1487 844 1519 in
867 1486 1048 1530 republica
1072 1486 1179 1519 susci-

186 1541 307 1585 piant,
336 1550 471 1583 egoque
486 1538 675 1582 praecipue
694 1544 852 1571 versatus
868 1537 933 1570 sim
952 1537 989 1569 in
1005 1537 1179 1571 delibera-

186 1591 343 1625 tionibus
374 1590 416 1622 de
442 1589 620 1622 sociorum
645 1595 679 1621 et
702 1588 838 1632 patriae
863 1588 1088 1628 delensione‚
1124 1589 1177 1621 iu-

186 1649 279 1678 stum
299 1647 350 1675 est
367 1653 423 1673 me
441 1641 655 1684 respondere
667 1666 675 1679 ,
703 1652 792 1685 quae
810 1651 887 1672 mea
905 1640 1049 1673 consilia
1064 1666 1072 1679 ,
1090 1651 1180 1685 quae

187 1694 353 1726 voluntas
370 1692 406 1724 in
429 1691 496 1725 illis
520 1691 626 1724 tantis
649 1691 800 1735 negotiis
821 1690 938 1724 suerit.
993 1691 1094 1736 Quae
1119 1703 1180 1723 au-

188 1751 258 1778 tem
284 1742 470 1787 Philippus
507 1743 713 1786 occupavit,
750 1748 942 1787 antequam
966 1744 1011 1774 ad
1038 1754 1179 1786 rempu-

186 1796 314 1828 blicam
334 1793 480 1833 accessi,
517 1793 574 1825 illa
599 1791 690 1825 nihil
714 1794 756 1825 ad
784 1806 841 1825 me
866 1793 1058 1837 pertinent.
1111 1794 1179 1826 Sed

188 1846 274 1880 haec
293 1845 468 1883 recitalm,
498 1857 588 1889 quae
607 1851 728 1888 postea
748 1845 971 1885 acciderunt,
989 1851 1177 1890 postquam

189 1911 252 1941 ego
271 1896 325 1930 his
351 1895 500 1940 negotiis
524 1896 686 1935 interfui,
723 1902 755 1928 et
780 1896 873 1929 illius
900 1908 1019 1930 cursus
1044 1908 1180 1940 repres-

188 1962 246 1983 sus
271 1955 337 1985 est;
374 1946 503 1980 horum
530 1948 676 1979 reddam
702 1946 879 1980 rationem
906 1958 1016 1991 pauca
1042 1948 1180 1991 praesa-

188 2008 254 2033 tus.
315 1998 515 2032 Plurimum
548 1998 683 2042 profuit
713 1996 881 2042 Philippo
919 1999 1181 2042 opportunitas,

190 2052 286 2097 quod
304 2063 344 2083 eo
364 2056 524 2093 tempore
542 2062 692 2092 magnus
716 2050 783 2082 snit
806 2050 901 2093 apud
919 2050 1075 2083 Graecos
1098 2062 1182 2094 pro-

190 2109 315 2135 ventus
334 2101 582 2145 proditorum,
610 2107 782 2145 quantum
807 2113 914 2133 nemo
941 2101 1029 2134 alius
1059 2100 1181 2133 memi-

189 2153 260 2193 nit,
295 2166 383 2198 quos
399 2152 465 2185 sibi
481 2151 642 2184 adiunxit
666 2151 799 2191 socios,
834 2153 879 2185 ad
905 2152 1094 2186 Graeciam
1119 2164 1181 2184 an-

190 2211 244 2237 tea
261 2204 352 2237 male
374 2204 536 2235 affectam
557 2202 668 2246 magis
688 2203 916 2237 turbandam.
967 2203 1022 2236 Ab
1041 2201 1094 2237 his
1120 2204 1181 2236 ad-

192 2256 284 2289 iutus
321 2255 408 2288 alios
443 2253 659 2298 decipiebat,
702 2254 779 2287 aliis
813 2254 1049 2298 largiebatur,
1093 2255 1181 2288 alios

192 2320 337 2352 quoquo
356 2306 464 2338 modo
481 2305 748 2349 corrumpebat,
775 2311 808 2338 et
825 2306 861 2338 in
879 2306 995 2339 varias
1012 2306 1182 2340 sactiones

226 2440 256 2467 ὃ)
278 2440 308 2462 Η.
329 2440 346 2462 l.
368 2440 470 2463 omissa.
493 2442 556 2463 sunt
575 2440 792 2470 subscriptorum
812 2440 921 2464 uomina
941 2440 965 2463 in
986 2442 1062 2464 textu
1082 2448 1181 2472 graeco

260 2473 368 2497 addita:
400 2472 534 2505 Κλήιορες
554 2476 729 2506 Κηφισοφῶν
748 2474 974 2507 Κηφισοφῶντος
990 2472 1182 2506 Ῥαμνούσιος,

263 2507 360 2532 Κλέων
389 2509 513 2536 Κλέωνος
549 2510 720 2539 Κοθωκίδης.
769 2511 1014 2540 (subscriptores,
1049 2511 1182 2540 Cephiso-

263 2543 333 2571 phon
359 2542 586 2573 Cephisnphontis
619 2545 689 2568 fitius
716 2545 919 2575 Rhamnusius,
951 2544 1035 2568 Cleon
1070 2545 1181 2569 Cleonis

262 2577 334 2600 finus
353 2577 521 2601 CottiocideS.

228 2628 259 2655 9)
286 2628 359 2651 Haec
392 2630 503 2651 accusat
536 2629 560 2651 in
588 2630 707 2653 decreto.
754 2631 789 2653 L't
815 2643 849 2646 —
874 2630 1036 2653 laudandum
1061 2632 1181 2660 censet]

263 2663 331 2686 haec
351 2662 540 2686 Demosthenis
568 2665 651 2686 verba
680 2665 705 2687 in
725 2665 773 2689 Ed.
802 2664 876 2688 1562.
903 2665 1074 2688 accusationi
1100 2672 1181 2694 prae-

263 2696 369 2720 cedeuti
389 2697 426 2719 ita
445 2700 508 2720 sunt
528 2697 653 2720 adiuncta
673 2699 698 2721 et
717 2699 811 2721 iisdem
831 2699 906 2728 typis
926 2699 1079 2731 exscripta,
1105 2700 1181 2730 quasi

265 2736 318 2754 uon
338 2731 543 2761 DemostlieniS,
566 2732 613 2755 sed
632 2733 815 2756 accusationis
836 2734 923 2756 verba
942 2735 1042 2757 esseut.

769 124 890 159 PHIL.
926 122 1038 157 MEL.
1073 120 1274 156 SCRIPTA
1307 120 1643 156 PHILOLOGICA.

2146 120 2221 154 816

1229 205 1466 247 distrahebat,
1511 221 1588 241 cum
1622 208 1750 253 singuli
1785 219 1857 240 non
1893 207 1995 240 aliter
2027 218 2099 240 esse
2132 205 2220 239 salvi

1228 265 1389 303 possent,
1418 259 1485 293 nisi
1503 257 1569 293 hoc
1587 272 1659 293 uno
1679 259 1847 295 consilio,
1880 258 1909 292 si
1933 256 2113 291 coniuncti
2138 269 2219 290 eum

1228 310 1476 354 reprimerent.

1334 361 1432 395 Talis
1448 368 1559 395 status
1585 374 1662 395 cum
1688 367 1776 395 esset
1792 361 2034 399 Graecorum,
2062 365 2096 392 et
2120 358 2222 403 igno-

1229 411 1344 444 rantia
1362 412 1437 445 nati
1454 413 1540 445 mali
1557 419 1590 445 et
1613 412 1810 452 nascentis,
1844 411 2141 445 considerandum
2169 415 2221 444 est

1228 463 1437 507 praecipue,
1472 463 1558 508 quid
1583 465 1740 497 decuerit
1761 470 1922 497 nostram
1941 462 2119 496 civitatem
2145 473 2221 495 sus-

1229 513 1344 558 cipere
1370 521 1404 547 et
1427 515 1562 555 facere,
1595 521 1628 548 et
1657 513 1787 548 horum
1813 514 2045 548 consiliorum
2078 511 2171 545 ratio
2200 523 2221 545 a

1230 577 1285 598 me
1304 567 1479 609 poscenda
1499 572 1560 600 cst.
1614 566 1704 600 Nam
1731 578 1809 599 cum
1835 566 1872 598 iu
1897 565 2077 610 republica
2102 564 2222 597 locum

1229 617 1339 655 tenui,
1358 623 1491 655 utrum,
1507 615 1695 657 Aeschine,
1715 617 1836 650 civitas
1854 623 1976 651 nostra
1995 614 2118 649 debuit
2132 614 2221 647 obli-

1229 667 1314 700 visci
1347 668 1630 711 magnitudinem
1665 668 1775 701 animi
1800 674 1974 708 veterem,
2011 674 2045 701 et
2069 666 2223 710 dignita-

1230 725 1298 751 tem
1331 731 1452 759 suam,
1487 725 1520 752 et
1552 720 1668 752 delere
1695 720 1874 752 maiorum
1898 717 2045 752 honesta
2072 723 2106 750 et
2128 717 2220 751 iusta

1229 771 1317 803 saeta
1331 797 1339 810 ,
1368 782 1408 802 ac
1429 776 1468 803 nt
1485 768 1646 804 Thessali
1672 776 1705 803 et
1720 770 1877 814 Dolopes
1902 770 2070 803 adiuvare
2087 766 2224 812 Philip-

1230 834 1314 865 pum
1343 821 1606 865 opprimentem
1629 821 1798 855 servitute
1825 821 2035 862 Graeciam,
2069 831 2116 852 an
2137 830 2223 852 vero

1230 871 1297 905 hoc
1331 884 1560 918 nequaquam
1595 872 1737 905 decuit?
1780 871 1818 905 ld
1849 872 1944 905 enim
1975 884 2013 905 re
2046 884 2132 905 vera
2167 871 2222 904 in-

1230 924 1375 967 dignum
1393 930 1427 956 et
1442 921 1664 957 horrendum
1681 924 1813 957 suisset.
1859 923 1932 956 Aut
1946 923 2122 957 rectiusne
2137 921 2224 957 fuis-

1229 982 1281 1009 set
1299 974 1477 1020 quiescere
1496 975 1533 1006 in
1551 981 1650 1008 tanto
1667 975 1826 1018 periculo
1846 975 2040 1015 communi,
2057 987 2136 1008 cum
2152 986 2225 1009 ser-

1230 1026 1378 1059 vitutem
1397 1038 1623 1058 communem
1641 1026 1848 1070 impendere
1864 1025 2022 1059 videret?
2043 1025 2120 1070 Ego
2137 1037 2223 1059 vero

1231 1089 1324 1111 nunc
1351 1089 1493 1122 quoque
1519 1075 1793 1121 reprehensores
1818 1077 1957 1110 consilii
1984 1077 2092 1111 vestri
2114 1077 2224 1110 inter-

1230 1140 1357 1173 rogare
1381 1128 1506 1168 velim,
1542 1128 1640 1162 cuius
1665 1128 1777 1173 partis
1798 1128 1931 1161 sociam
1957 1134 2116 1162 nostram
2141 1128 2226 1162 civi-

1231 1186 1338 1213 tatem
1367 1191 1440 1212 esse
1467 1179 1664 1219 voluerint,
1692 1192 1779 1212 uum
1798 1177 2053 1213 Thessalorum
2078 1185 2113 1213 et
2135 1179 2224 1213 alio-

1231 1244 1332 1270 rum,
1368 1230 1430 1275 qui
1461 1231 1579 1274 palam
1614 1229 1821 1274 Philippum
1849 1230 2063 1264 adiuverunt
2087 1231 2124 1263 in
2145 1243 2226 1275 per—

1231 1283 1345 1315 denda
1363 1281 1510 1314 Graecia
1523 1307 1532 1321 ,
1550 1293 1594 1314 an
1612 1294 1696 1314 vero
1716 1281 1971 1326 quiescentium
1990 1288 2137 1326 propter
2154 1281 2227 1326 pri-

1231 1340 1330 1366 vatas
1349 1332 1536 1372 utilitates,
1563 1339 1602 1365 ut
1616 1333 1795 1365 Arcadum
1809 1359 1818 1372 ‚
1836 1331 2096 1366 Messeniorum
2113 1339 2147 1366 et
2157 1333 2225 1366 Ar-

1231 1383 1420 1427 givorum?
1455 1381 1551 1415 Inter
1577 1381 1642 1416 hos
1667 1395 1751 1416 vero
1775 1384 1928 1423 multos,
1962 1383 2072 1416 immo
2099 1395 2225 1417 omnes

1232 1433 1318 1468 haec
1347 1440 1537 1478 tempestas
1559 1434 1683 1467 durius
1712 1434 1837 1467 afflixit
1863 1446 1970 1478 quam
1994 1446 2072 1467 nos.
2131 1433 2226 1468 Nam

1231 1486 1260 1520 si
1277 1492 1357 1530 post
1373 1485 1558 1518 victoriam
1574 1483 1762 1529 Philippus
1780 1484 1922 1518 abiisset
1939 1491 1973 1518 et
1987 1491 2111 1529 postea
2128 1484 2228 1531 quie-

1233 1544 1287 1570 tus
1304 1537 1401 1569 nulla
1419 1536 1550 1569 iniuria
1568 1536 1682 1570 socios
1699 1543 1761 1569 ant
1779 1536 1867 1569 alios
1878 1536 2033 1570 Graecos
2044 1536 2227 1577 affecisset,

1232 1586 1462 1633 reprehensio
1483 1587 1664 1621 videretur
1683 1587 1877 1632 probabilis
1902 1599 2046 1628 eorum,
2081 1587 2144 1633 qui
2164 1588 2227 1620 ad-

1233 1639 1362 1673 versati
1380 1645 1472 1672 sunt.
1516 1638 1584 1671 Sed
1600 1651 1680 1672 cum
1698 1639 1864 1672 omnibus
1881 1638 2055 1672 ademerit
2072 1638 2222 1684 imperia

1234 1697 1268 1724 et
1285 1692 1499 1730 libertatem,
1525 1690 1635 1723 immo
1656 1702 1733 1723 cum
1754 1690 1791 1722 in
1809 1690 1974 1724 omnibus
1988 1690 2147 1731 urbibus,
2163 1689 2226 1724 ubi

1234 1742 1368 1787 potuit,
1411 1747 1566 1774 veterem
1591 1741 1805 1785 reipublicae
1836 1742 1989 1774 formam
2021 1741 2227 1782 mutaverit,

1233 1800 1379 1827 eventus
1390 1792 1544 1826 ostendit
1552 1799 1707 1827 vestrum
1718 1793 1904 1826 consilium
1915 1793 2102 1837 gloriosius
2110 1793 2230 1827 fuisse.

1337 1845 1405 1877 Sed
1424 1844 1530 1877 redeo
1549 1844 1758 1888 adpriorem
1771 1844 2101 1887 interrogationem.
2130 1844 2227 1889 Quid

1232 1897 1346 1929 facere
1377 1895 1554 1928 civitatem
1581 1896 1716 1936 decuit,
1758 1908 1837 1929 cum
1862 1895 1997 1928 videret
2017 1893 2227 1939 Philippum

1234 1946 1421 1981 Graeciam
1440 1947 1528 1980 velle
1547 1946 1583 1979 in
1598 1960 1698 1981 suam
1718 1953 1926 1991 potestatem
1945 1946 2130 1990 redigere?
2153 1946 2227 1981 Aut

1235 2011 1341 2044 quam
1373 1998 1586 2031 sententiam
1620 2005 1743 2031 orator
1775 1998 1891 2031 dicere
1922 1997 2045 2031 debuit
2075 1995 2225 2032 Athenis

1234 2049 1444 2094 praesertim
1462 2049 1513 2095 (id
1531 2049 1624 2082 enim
1648 2049 1843 2093 pluriinum
1870 2049 2014 2095 refert),
2043 2061 2122 2082 cum
2146 2049 2224 2096 qui-

1234 2103 1314 2134 dem
1339 2100 1463 2134 scirem
1484 2101 1567 2134 inde
1583 2113 1692 2145 usquc.
1718 2101 1761 2133 ab
1791 2100 1915 2141 initio,
1948 2113 2019 2147 quo
2042 2100 2079 2133 in
2103 2113 2226 2146 sugge-

1234 2159 1326 2186 stum
1343 2152 1505 2192 ascendi,
1531 2158 1690 2185 nostram
1714 2151 1892 2185 civitatem
1918 2152 2072 2185 maiores
2095 2153 2226 2186 exerci-

1234 2211 1308 2244 tus,
1335 2210 1368 2236 et
1383 2204 1462 2248 plus
1476 2203 1647 2248 pecuniae
1664 2215 1729 2247 pro
1744 2203 1856 2237 salute
1884 2203 2067 2238 communi
2088 2204 2226 2249 impen-

1234 2256 1345 2295 disse,
1375 2267 1482 2300 quam
1505 2255 1633 2300 reliqui
1659 2267 1724 2298 pro
1751 2267 1785 2289 se
1810 2255 1939 2299 singuli
1960 2255 2224 2300 impenderunt.

1234 2306 1424 2349 Videbam
1442 2313 1558 2340 antem
1582 2304 1809 2350 Philippum,
1846 2320 1924 2340 cum
1959 2320 2030 2352 quo
2060 2307 2160 2341 vobis
2182 2308 2225 2341 de

1235 2357 1386 2402 imperio
1421 2364 1599 2391 certamen
1631 2365 1725 2398 erat,
1760 2356 1849 2391 nihil
1873 2359 2010 2392 moveri
2037 2358 2227 2393 amissione

1236 2410 1348 2449 oculi,
1376 2409 1548 2442 fractione
1566 2409 1690 2448 clavis,
1726 2410 1881 2443 laesione
1899 2408 2035 2443 brachii
2059 2416 2092 2443 et
2114 2410 2226 2455 pedis,

1236 2474 1274 2494 ac
1295 2461 1489 2507 quamlibet
1504 2467 1641 2504 partem
1660 2462 1837 2506 corporis,
1866 2475 1971 2507 quam
1991 2463 2133 2495 fortuna
2153 2462 2226 2494 vel-

1235 2513 1302 2552 let,
1330 2512 1430 2545 facile
1450 2512 1629 2552 amittere,
1658 2519 1696 2545 ut
1712 2513 1876 2557 deinceps
1895 2513 2022 2546 maiori
2047 2525 2124 2545 cum
2150 2513 2225 2556 glo-

1235 2565 1286 2596 ria
1307 2563 1450 2596 viveret.
1505 2564 1576 2597 Nec
1595 2576 1679 2597 vero
1696 2564 1884 2610 quisquam
1901 2562 1968 2598 hoc
1987 2564 2103 2597 dicere
2120 2564 2224 2605 ausit,

1236 2628 1314 2648 cum
1348 2614 1383 2646 in
1418 2615 1639 2649 adolescente
1663 2615 1700 2648 in
1723 2616 1819 2648 Pella
1844 2616 1991 2648 educato
2016 2615 2165 2659 ignobili
2189 2621 2224 2648 et

1235 2678 1345 2710 parvo
1367 2666 1498 2710 oppido
1518 2672 1615 2699 tanta
1637 2673 1725 2700 esset
1745 2667 1855 2699 animi
1871 2667 2100 2711 magnitudo,
2126 2672 2166 2700 ut
2190 2673 2224 2699 et

1235 2717 1496 2761 concupisceret
1519 2717 1708 2762 imperium
1736 2717 1927 2756 Graeciae,
1972 2723 2005 2751 et
2028 2715 2119 2750 hanc
2145 2724 2223 2750 tan-
