2351 2990
214 207 263 242 At
281 213 321 241 tu
331 218 493 252 praeses,
518 206 549 241 si
567 206 714 252 quidem
731 207 829 241 ducis
842 234 851 246 ‚
880 207 943 240 tibi
961 207 1114 241 salutem

110 259 267 294 civitatis
294 271 400 293 curae
429 270 502 292 esse
533 264 723 302 oportere,
754 266 789 292 et
811 259 864 293 vis
887 260 1004 293 bonus
1030 259 1116 293 civis

112 324 206 353 esse,
247 323 366 344 meam
390 309 605 345 sententiam
629 311 888 356 comprobato,
932 317 967 344 et
992 323 1115 345 rursus

109 363 192 397 iube
209 363 385 408 populum
402 362 441 395 in
456 361 668 406 suffragium
688 362 760 403 ire,
789 375 830 396 ac
847 363 877 397 si
899 363 1030 396 metuis
1051 362 1115 395 ite-

108 427 190 449 rum
207 426 336 459 rogare
354 413 561 454 sententias,
588 425 633 447 ne
651 420 754 459 putes
770 421 804 448 te
823 414 1000 448 abolenda
1016 413 1115 459 prlo-

108 466 141 500 ri
163 466 239 511 lege
265 466 401 500 crimen
431 465 636 506 incurrere,
672 479 752 499 cum
777 472 831 500 tot
853 464 1042 500 habiturus
1067 466 1114 500 sis

108 524 234 559 testes,
261 518 360 564 quod
383 517 542 551 medicus
564 517 611 551 sis
637 517 810 559 civitatis,
839 525 873 552 et
899 519 998 564 quod
1022 518 1113 551 bene

106 582 271 615 praeesse
287 569 332 603 sit
345 567 470 603 iuvare
488 569 665 614 patriam,
693 576 756 604 aut
780 576 873 604 certe
899 582 974 604 non
991 569 1114 603 volen-

108 627 181 655 tem
197 621 352 655 laedere.

340 696 505 731 Oratio
533 697 798 730 Alcibiadis
818 696 877 743 5¹).

194 756 255 790 Me
271 756 530 801 imperatorem
550 769 624 791 esse
640 757 754 801 magis
775 769 883 802 quam
900 756 1010 790 alium
1029 768 1113 790 con·

106 808 218 844 venit.
267 807 354 842 Inde
375 809 472 842 enim
495 808 609 842 ordiri
623 820 681 841 me
696 821 837 842 necesse
855 814 926 848 est,
955 808 1039 854 quia
1055 821 1112 842 me

107 860 229 896 Nicias
254 859 408 906 pupugit
423 887 434 901 ,
476 867 510 894 et
535 860 680 907 quidem
705 859 858 905 imperio
885 861 1032 905 dignum
1055 872 1112 894 me

109 925 184 947 esse
201 918 310 958 puto;
335 924 422 945 nam
442 912 629 946 celebritas
646 925 726 946 mea
744 919 779 946 et
803 912 1002 947 maioribus
1023 912 1112 946 meis

108 971 143 998 et
178 963 269 997 mihi
305 964 458 1008 gloriam
493 964 624 1005 affert,
667 970 702 997 et
734 964 874 1009 patriae
908 964 1112 998 utilitatem.

107 1016 238 1051 Graeci
260 1015 356 1050 enim
382 1028 464 1050 cum
484 1023 590 1050 antea
615 1016 862 1050 existimarent
885 1023 1047 1051 nostram
1066 1016 1112 1049 ci-

105 1067 256 1102 vitatem
279 1067 375 1101 bello
399 1068 552 1102 fractam
578 1080 672 1108 esse,
715 1080 811 1102 nunc
838 1080 910 1102 esse
935 1069 1111 1101 maiorem

107 1119 244 1154 viribus
259 1119 332 1154 suis
352 1120 507 1161 ducunt,
533 1126 725 1165 propterea
745 1120 843 1166 quod
867 1126 1004 1165 septem
1030 1119 1112 1153 misi

108 1184 235 1207 currus
265 1171 304 1204 in
325 1177 528 1213 certamen,
565 1173 663 1218 quod
685 1183 794 1205 nemo
818 1172 982 1216 privatus
1007 1178 1112 1205 antea

106 1223 208 1264 fecit,
244 1229 279 1257 et
303 1223 419 1256 victor
443 1224 495 1257 fui
522 1224 698 1257 secundus
723 1230 757 1257 et
788 1230 958 1269 quartus,
987 1229 1021 1256 et
1046 1223 1114 1257 suit

106 1276 267 1321 reliquus
284 1281 480 1319 apparatus
498 1275 727 1309 conveniens.
782 1275 879 1308 Haec
893 1275 1031 1319 legibus
1048 1287 1113 1308 no-

107 1327 189 1361 stris
206 1332 290 1361 sunt
307 1324 526 1364 honorifica;
562 1327 624 1360 sed
648 1338 686 1359 re
712 1327 787 1371 ipsa
807 1327 1008 1370 potentiam
1029 1326 1113 1358 civi-

108 1379 193 1412 tatis
216 1378 422 1412 ostendunt.
493 1377 672 1423 Splendor
698 1385 816 1412 autem
842 1378 879 1411 in
905 1379 1015 1418 urbe,
1049 1377 1115 1411 etsi

106 1430 203 1476 apud
238 1429 330 1464 cives
360 1429 535 1463 invidiam
567 1429 682 1474 parit,
718 1437 842 1464 tamen
875 1431 921 1463 ad
954 1428 1114 1474 hospites

108 1482 320 1528 opinionem
338 1481 522 1526 potentiae
540 1481 678 1515 civitati
696 1482 812 1516 affert.
863 1482 937 1516 Nec
956 1494 1042 1516 vero
1060 1482 1115 1515 in-

106 1534 194 1569 utile
219 1534 448 1579 propositum
475 1540 547 1575 est,
575 1533 733 1579 propriis
757 1534 958 1579 sumptibus
975 1534 1114 1579 patriae

107 1587 299 1632 prodesse,
327 1598 393 1619 nec
419 1585 592 1620 iniustum
622 1592 693 1626 est,
721 1586 830 1626 tales',
859 1587 944 1620 dum
971 1587 1116 1627 florent,

108 1639 205 1672 nolle
228 1638 397 1684 aequales
421 1650 495 1673 esse
521 1638 669 1672 caeteris
695 1638 830 1672 civibus
846 1665 855 1679 ‚
892 1639 977 1684 quia
999 1639 1037 1671 in
1061 1650 1115 1672 re-

108 1691 176 1725 bus
202 1690 362 1724 adversis
397 1690 554 1735 despecti
583 1690 691 1723 etiam
719 1702 795 1724 non
822 1696 906 1724 sunt
936 1690 1115 1737 aequales.

108 1743 161 1777 Ut
184 1741 295 1787 igitur
318 1741 357 1774 in
379 1742 642 1776 calamitatibus
670 1742 937 1776 contemnimur
952 1770 961 1783 ‚
998 1743 1116 1776 ferant

110 1794 173 1828 alii
198 1793 355 1828 vicissim
381 1791 450 1827 hoc
477 1806 643 1841 quoque,
677 1794 707 1828 si
733 1807 752 1827 a
776 1795 881 1828 nobis
904 1794 1116 1829 florentibus

110 1846 359 1892 negligantur,
382 1852 444 1879 aut
460 1846 529 1891 ipsi
545 1846 710 1892 aequalia
728 1846 918 1892 accipiant.

215 1897 297 1932 Scio
322 1904 441 1931 autem
469 1899 575 1938 tales,
612 1898 674 1944 qui
696 1898 733 1931 in
760 1899 951 1943 splendore
975 1898 1116 1939 vivunt,

112 1951 151 1985 in
166 1950 369 1996 praesentia
387 1947 520 1983 habere
546 1950 708 1991 invidos,
735 1951 927 1996 praecipue
946 1963 1026 1991 eos,
1055 1949 1117 1996 qui

112 2003 281 2037 videntur
303 2014 408 2047 pares
435 2014 520 2037 esse.
588 2001 729 2036 Deinde
757 2009 791 2036 et
814 2003 903 2037 alios
927 2003 1118 2048 quosdam,

113 2056 175 2091 sed
209 2054 345 2100 posteri
380 2054 545 2088 iactitant
580 2067 615 2089 se
651 2054 797 2089 illorum
831 2061 1003 2099 cognatos
1031 2066 1118 2094 esse,

113 2107 225 2142 etiam
242 2106 271 2140 si
291 2106 354 2152 qui
372 2118 447 2139 non
466 2113 568 2147 sunt,
597 2113 631 2139 et
647 2106 763 2151 patria
784 2106 959 2151 gloriatur
977 2119 1013 2140 se
1029 2106 1117 2140 tales

113 2160 207 2194 cives
231 2156 419 2198 habuisse,
454 2170 519 2192 nec
550 2158 756 2193 existimant
787 2159 867 2193 illos
895 2158 1032 2193 alienos
1057 2164 1119 2192 aut

112 2210 301 2256 improbos
324 2209 453 2251 fuisse,
492 2211 555 2244 sed
575 2223 658 2245 suos
686 2217 721 2244 et
747 2211 931 2256 praeclare
956 2211 1119 2251 meritos,

116 2275 272 2310 quorum
284 2274 349 2306 ego
368 2262 529 2297 aemulus
541 2275 622 2297 cum
640 2263 706 2298 sim
725 2269 759 2296 et
776 2262 947 2308 privatim
958 2262 1119 2304 celebris,

116 2314 362 2354 considerate,
405 2326 452 2347 an
482 2314 625 2359 publica
656 2315 812 2349 deterius
842 2327 959 2360 agam.
1027 2314 1119 2349 Cum

115 2365 375 2411 Peloponnesii
399 2365 493 2400 vires
516 2368 777 2402 contraxissent
803 2367 879 2402 sine
902 2378 1035 2411 magno
1061 2379 1120 2400 ve-

115 2426 191 2455 stro
223 2424 371 2463 sumptu
398 2424 433 2451 et
463 2418 643 2463 periculo,
688 2419 788 2464 coegi
810 2418 1119 2454 Lacedaemonios

115 2484 191 2506 uno
222 2469 280 2504 die
313 2470 360 2503 ad
383 2469 608 2505 Mantineam
633 2472 675 2505 de
698 2478 775 2505 toto
809 2478 903 2507 statu
934 2471 1120 2512 dimicare,

115 2524 214 2559 unde
232 2522 298 2556 etsi
313 2521 516 2567 superiores
534 2522 790 2565 discesserunt,
816 2531 937 2558 tamen
955 2524 1119 2557 nondum

116 2587 241 2611 rursus
259 2574 432 2608 dimicare
449 2575 594 2610 audent.

219 2626 318 2660 Haec
333 2626 466 2671 perfeci
485 2628 580 2672 apud
597 2626 884 2672 Peloponnesios
903 2627 1120 2661 convenien-

121 2678 170 2712 tia
188 2679 364 2719 dIcendo‚
392 2685 426 2711 et
451 2679 618 2712 fiduciam
650 2680 815 2713 addendo
846 2680 1006 2725 ipsorum
1033 2680 1121 2722 irae,

151 2765 202 2794 51)
222 2764 347 2796 Thucyd.
365 2765 414 2796 Vl,
433 2765 503 2789 16-
516 2766 555 2790 18.

113 2806 299 2840 Marma-11.
324 2807 432 2839 Ormi.
456 2809 540 2840 Vox..
563 2808 670 2841 XVII.

522 117 923 155 INTERPRETATIO
950 118 1250 157 ORATIONUM
1275 120 1340 156 EX
1366 121 1663 158 THUCYDIDIS
1690 123 1839 161 LIBRO
1861 125 1922 163 VI.

2068 127 2167 163 1090

1170 207 1311 242 etiamsi
1329 208 1468 244 iuvenis
1485 223 1563 244 sum
1575 237 1585 252 ‚
1610 217 1645 245 et
1662 211 1787 245 videor
1803 213 2002 258 imperitus.
2046 214 2168 260 Quare

1167 271 1285 305 neque
1324 273 1420 295 nunc
1452 274 1532 295 mea
1567 262 1734 298 iuventus
1765 266 1957 299 metuenda
1989 271 2058 305 est;
2105 268 2168 301 sed

1168 311 1283 345 donec
1300 312 1396 356 viget
1411 311 1499 347 haec
1514 326 1593 348 mea
1607 321 1703 350 aetas
1716 342 1725 356 ‚
1754 321 1788 349 et
1802 315 1922 351 Nicias
1946 317 2040 351 valet
2065 324 2167 352 auto-

1167 362 1293 404 ritate,
1325 370 1480 410 utroque
1506 367 1659 399 utamini
1685 368 1730 400 ad
1756 367 1936 412 publicam
1960 369 2167 411 utilitatem,

1167 426 1232 447 nec
1257 421 1393 449 mutate
1419 418 1599 451 decretum
1624 419 1667 452 de
1688 419 1917 464 navigatione
1939 419 1977 453 in
1993 420 2167 462 Siciliam,

1168 467 1271 512 quasi
1306 468 1476 502 adversus
1511 481 1681 514 magnam
1724 471 1924 516 potentiam
1963 473 2166 517 proficisca-

1166 530 1261 552 mur.
1297 518 1441 552 Habent
1457 520 1551 553 enim
1567 522 1672 556 urbes
1691 524 1946 557 confusaneam
1964 524 2167 559 multitudi-

1166 582 1271 610 nem,
1307 583 1399 616 quae
1423 571 1526 605 facile
1551 573 1811 615 tumultuatur,
1848 588 1912 608 nec
1938 574 2030 609 cives
2056 576 2165 610 armis

1167 628 1230 655 aut
1246 621 1317 655 alio
1335 630 1513 667 apparatu
1528 623 1693 658 instructi
1712 633 1795 659 sunt
1811 626 1878 673 ⁵²),
1906 633 2079 673 tanquam
2097 640 2164 672 pro

1166 673 1285 718 patria
1310 680 1372 707 aut
1400 686 1462 708 sua
1488 675 1601 709 salute
1629 676 1847 712 dimicaturi.
1909 678 1978 712 Sed
2004 678 2054 713 sic
2083 686 2167 713 sunt

1166 725 1305 770 parati,
1340 732 1513 771 tanquam
1542 729 1767 771 persuasuri,
1803 742 1894 775 quae
1926 730 2070 770 dicunt,
2104 737 2168 765 aut

1166 776 1341 811 seditione
1367 784 1464 810 mota
1490 780 1671 823 rapientes
1696 792 1737 813 ex
1768 781 1931 825 publico,
1969 782 2167 828 quaesituri

1166 829 1274 862 aliam
1292 830 1424 863 sedem.
1476 830 1550 864 Nec
1568 838 1847 866 consentaneum
1867 839 1937 873 est,
1964 833 2071 866 talem
2092 840 2167 867 tur-

1165 881 1249 914 bam
1267 881 1373 915 duces
1391 881 1516 915 audire
1538 883 1662 917 eadem
1680 891 1818 925 mente,
1847 885 1902 917 vel
1927 885 2167 919 communiter

1167 932 1304 979 aliquid
1328 945 1450 977 agere;
1498 935 1558 968 sed
1576 941 1616 968 ut
1631 935 1750 980 plures
1769 949 1803 970 se
1821 936 2057 981 coniungunt,
2085 950 2168 970 cum

1166 985 1304 1030 aliquid
1337 986 1381 1018 ad
1415 985 1636 1030 voluptatem
1671 986 1821 1029 dicitur,
1859 988 2071 1033 praesertim
2105 988 2168 1022 ubi

1165 1037 1360 1071 seditiones
1376 1043 1470 1071 sunt.

1269 1088 1450 1123 Numerus
1477 1101 1562 1122 vero
1586 1089 1742 1124 militum
1767 1102 1833 1123 nec
1858 1092 1956 1136 apud
1978 1091 2074 1136 ipsos
2090 1098 2169 1125 tan-

1166 1147 1222 1174 tus
1260 1146 1330 1181 est,
1373 1147 1528 1186 quantus
1563 1140 1736 1183 iactatur,
1778 1154 1843 1175 nec
1877 1144 1974 1187 apud
2010 1150 2168 1178 caeteros

1167 1192 1324 1226 Graecos
1342 1198 1462 1226 tantus
1477 1193 1563 1233 fuit,
1591 1200 1745 1239 quantus
1764 1194 1867 1227 initio
1886 1194 2170 1236 existimabatur,

1167 1250 1201 1277 et
1225 1244 1263 1277 in
1294 1242 1363 1277 hoc
1393 1244 1486 1277 bello
1522 1246 1763 1289 comperimus
1798 1246 1952 1280 maxime
1982 1247 2169 1292 deceptam

1168 1308 1240 1330 esse
1250 1295 1440 1330 Graeciam
1451 1297 1494 1329 de
1509 1296 1664 1330 militum
1676 1309 1841 1332 numero.
1868 1297 1925 1332 Sic
1936 1311 1972 1332 se
1989 1311 2045 1334 res
2064 1297 2169 1333 isthic

1166 1345 1323 1388 habent,
1342 1388 1343 1393 ¹
1359 1355 1536 1393 quantum
1559 1360 1623 1392 ego
1645 1350 1790 1394 quidem
1815 1350 1944 1392 audio,
1974 1358 2008 1384 et
2035 1351 2171 1385 accedit

1167 1396 1255 1435 haec
1282 1400 1540 1441 commoditas,
1575 1402 1672 1446 quod
1698 1401 1802 1435 multi
1829 1402 1974 1436 barbari
2001 1416 2036 1437 se
2064 1403 2170 1437 nobis

1169 1451 1392 1495 adiungent,
1437 1452 1498 1497 qui
1525 1452 1833 1497 Syracusanorum
1864 1455 1947 1488 odio
1982 1455 2087 1490 simul
2121 1455 2171 1490 eis

1168 1503 1301 1537 bellum
1327 1503 1494 1537 inserent.

1272 1555 1345 1589 Nec
1370 1555 1631 1600 impedimento
1656 1557 1723 1590 erit
1751 1558 1905 1599 bellum,
1934 1560 2032 1605 quod
2051 1558 2108 1593 hic
2133 1560 2171 1594 in

1168 1607 1286 1640 Attica
1303 1607 1444 1651 geritis,
1472 1607 1501 1641 si
1524 1614 1619 1642 recte
1643 1609 1829 1644 volueritis
1855 1611 2024 1656 cogitare.
2077 1612 2170 1646 Nam

1169 1665 1289 1704 patres
1305 1658 1420 1693 nostri
1436 1672 1516 1693 cum
1544 1658 1663 1695 hostes
1686 1659 1862 1696 haberent
1885 1664 2028 1697 eosdem
2045 1663 2172 1699 Medos

1170 1717 1205 1744 et
1232 1710 1545 1756 Peloponnenses‚
1580 1712 1641 1758 qui
1673 1725 1770 1748 nunc
1801 1722 1885 1749 sunt
1916 1715 2073 1757 inimici,
2110 1717 2174 1763 qui

1170 1770 1292 1796 tamen
1313 1763 1484 1808 navigare
1508 1776 1574 1798 nos
1596 1764 1781 1806 sinebant,
1812 1764 1881 1799 hoc
1898 1766 2092 1812 imperium
2117 1781 2174 1802 ac-

1170 1815 1416 1861 quisiverunt,
1443 1828 1518 1849 non
1545 1816 1613 1849 alia
1638 1829 1696 1859 re,
1720 1817 1790 1852 nisi
1812 1819 1910 1864 quod
1934 1819 2044 1854 classe
2060 1821 2173 1865 polle-

1169 1867 1269 1901 bant.
1322 1867 1368 1901 Et
1391 1879 1487 1901 nunc
1510 1880 1585 1901 non
1613 1869 1682 1902 alia
1709 1882 1764 1904 res
1789 1882 1889 1915 spem
1915 1872 1964 1905 eis
1982 1871 2090 1917 eripit
2105 1885 2173 1908 nos

1171 1918 1333 1960 delendi,
1368 1931 1589 1965 quamquam
1614 1927 1696 1954 sunt
1720 1928 1903 1967 potentes,
1936 1936 2046 1970 quam
2075 1927 2174 1971 quod

1170 1971 1294 2005 vident
1327 1983 1394 2005 nos
1430 1972 1538 2006 classe
1577 1973 1800 2008 antecellere.
1870 1975 2028 2010 Possunt
2064 1978 2173 2019 enim,

1171 2023 1311 2057 etiamsi
1328 2036 1403 2057 non
1419 2023 1631 2069 suscipimus
1652 2026 1914 2071 expeditionem
1928 2054 1937 2068 ,
1964 2029 2118 2063 transire
2137 2030 2175 2064 in

1171 2075 1327 2108 Atticam
1352 2082 1504 2116 terram3
1541 2077 1602 2110 sed
1626 2076 1664 2110 in
1696 2078 1789 2111 mari
1813 2091 1944 2113 nocere
1966 2080 2071 2115 nobis
2095 2094 2173 2116 non

1171 2133 1322 2172 possunt
1338 2154 1348 2168 ,
1391 2128 1475 2174 quia
1499 2134 1638 2162 tantam
1667 2126 1725 2163 hic
1754 2131 1899 2165 classem
1922 2132 2174 2179 relinquimus,

1173 2191 1264 2226 quae
1281 2179 1479 2225 reprimere
1499 2181 1578 2214 illos
1595 2187 1725 2226 potest.

1274 2230 1399 2278 Itaque
1428 2232 1515 2278 quid
1529 2232 1594 2280 522²)
1624 2233 1860 2278 probabiliter
1887 2234 2068 2277 dicemus,
2113 2250 2176 2272 seu

1172 2289 1271 2316 metu
1290 2284 1440 2324 retenti,
1468 2297 1531 2319 seu
1552 2291 1777 2330 praetextum
1803 2286 1960 2332 aliquem
1985 2290 2175 2324 ostenden-

1172 2342 1243 2376 tes,
1272 2348 1344 2381 quo
1361 2336 1481 2370 minus
1498 2337 1602 2372 sociis
1619 2337 1863 2382 opitulemur?
1886 2338 2015 2384 quibus
2040 2340 2175 2375 iuravi-

1172 2399 1251 2420 mus
1267 2400 1334 2421 nos
1356 2387 1596 2432 opitulaturos
1617 2401 1709 2429 esse,
1737 2401 1802 2423 nec
1826 2389 2047 2433 obiecturos,
2076 2395 2175 2439 quod

1173 2438 1242 2484 ipsi
1259 2437 1330 2473 huc
1346 2451 1422 2473 non
1439 2442 1621 2475 accedant.
1669 2440 1753 2475 Non
1770 2441 1865 2474 enim
1886 2442 2005 2476 addita
2024 2451 2076 2479 est
2090 2457 2174 2479 con-

1173 2490 1282 2532 ditio,
1316 2497 1357 2526 ut
1380 2489 1450 2526 huc
1475 2494 1703 2534 accederent,
1737 2494 1799 2528 sed
1820 2499 1860 2527 ut
1882 2491 1985 2528 isthic
2008 2495 2173 2532 inimicos

1173 2550 1318 2577 nostros
1343 2544 1564 2586 detinerent,
1591 2544 1621 2579 si
1641 2545 1703 2591 qui
1717 2542 1787 2580 huc
1804 2546 1979 2581 accessuri
1996 2555 2123 2584 essent.

1210 2678 1260 2709 52)
1277 2681 1358 2709 sunt]
1377 2679 1427 2704 Ed.
1445 2679 1521 2705 1562.
1540 2679 1606 2704 sint.

1211 2732 1276 2760 522)
1295 2731 1374 2762 quid]
1397 2730 1438 2756 sic
1462 2731 1512 2756 Ed.
1536 2731 1612 2756 1562.
1637 2731 1665 2756 in
1684 2732 1857 2764 corrigendis
1873 2740 1908 2754 =
1926 2732 2049 2764 Thucy-6.
2073 2733 2116 2765 τίς
2149 2734 2177 2760 in

1245 2766 1374 2792 oratione
1392 2766 1452 2798 ipsa
1471 2767 1496 2792 h.
1509 2766 1527 2792 1.
1546 2767 1666 2799 legitur:
1686 2768 1765 2799 quod.

1712 2803 1760 2838 69
