2294 2975
101 111 176 146 313

102 196 211 230 clusio
244 195 402 229 continet
432 194 627 235 rationem,
670 206 779 240 quare.
809 195 908 239 prius
930 195 995 229 ista
1019 208 1092 229 non

101 247 292 293 scripserit.
343 246 384 279 In
400 246 468 278 fine
484 245 602 280 brevis
618 252 670 279 est
689 247 897 281 consolatio.

319 330 454 363 Aliud
489 337 803 374 argumentum
821 330 879 377 22).

202 398 487 441 Interrogaverat
503 398 633 431 Paetus
650 397 858 431 Ciceronem
881 399 923 431 (le
949 398 1092 444 quibus-

102 452 184 484 dam
209 449 320 493 agris,
353 461 441 494 quos
464 448 593 482 Caesar
615 449 792 483 divisurus
816 450 983 483 exercitui
1004 451 1091 483 sere-

98 502 215 534 batur.
252 500 374 533 Cicero
391 501 582 544 respondet
598 512 632 534 se
650 500 686 533 id
702 501 848 540 nescire,
878 507 911 533 et
926 514 967 534 ex
977 501 1089 534 Balbo

97 551 226 584 rectius
251 550 406 595 potuisse
432 551 574 596 quaeri,
619 558 738 584 tamen
765 564 865 585 snam
895 559 928 585 et
951 553 1089 586 suturae

98 601 314 646 reipublicae
351 608 384 634 et
419 614 502 635 suae
538 603 702 636 fortunae
737 603 950 636 sententiam
978 603 1088 636 Paeto

98 652 264 687 ostendit.
316 651 379 685 Est
397 659 513 685 autem
533 654 739 697 gravissima
757 654 925 698 epistola,
956 654 994 686 in
1019 667 1088 700 qua

96 703 275 748 sapienter
293 704 334 736 de
351 704 516 738 maximis
540 705 645 738 rebus
668 705 839 750 loquitur.
892 705 1043 738 Orditur
1069 718 1088 738 a

96 752 373 799 reprehensione
405 755 523 788 Paeti:
563 755 616 788 Ex
648 768 704 788 me
739 756 880 801 quaeris
913 757 954 788 de
987 756 1088 789 factis

97 805 278 847 Caesaris,
305 817 367 838 cur
385 817 458 852 non
476 806 595 851 potius
614 819 655 839 ex
670 806 783 839 Balbo
804 806 1019 852 quaesivisti.

341 888 482 922 Aliud
517 895 849 933 argumentum.

197 956 367 990 Erasmus
388 963 546 989 recenset
562 954 654 989 hanc
676 956 861 1001 epistolam
880 957 973 990 inter
989 956 1086 990 ioco-

95 1018 162 1041 sas.
213 1007 277 1041 Est
294 1014 412 1041 autem
428 1007 465 1039 in
487 1020 527 1040 eo
553 1020 697 1051 genere,
732 1019 820 1052 quas
844 1015 974 1041 vocant
995 1020 1086 1041 nun-

94 1058 274 1098 tiatorffls,
316 1065 436 1103 estque
465 1071 594 1102 magna
619 1071 659 1091 ex
683 1065 784 1102 parte
808 1058 951 1092 reiectio
979 1071 1085 1104 quae-

92 1110 188 1142 dam.
240 1109 355 1152 Negat
371 1109 465 1141 enim
483 1121 517 1142 se
536 1110 643 1148 scire,
673 1122 761 1154 quos
779 1110 935 1155 agrosffi)
956 1110 1086 1143 Caesar

93 1159 264 1193 militibus
292 1160 469 1193 diffisuros
493 1160 556 1200 sit,
599 1166 632 1192 et
658 1160 755 1193 addit
780 1160 976 1201 rationem,
1014 1174 1083 1206 quo

92 1222 167 1243 non
191 1212 299 1243 modo
326 1211 368 1243 de
395 1210 695 1254 possessionIbus,
736 1217 856 1244 utrum
884 1223 941 1244 eas
965 1218 1084 1244 tenere

91 1261 247 1305 possint,
274 1273 338 1294 nec
355 1273 417 1301 ne,
443 1262 563 1294 sedne
584 1262 728 1306 quidem
744 1263 786 1294 de
803 1261 874 1294 vita
895 1262 980 1294 certi
1003 1262 1083 1295 sint.

90 1313 218 1346 Postea
238 1312 377 1346 subiicit
394 1319 579 1345 venustam
604 1312 877 1345 correctionem:
912 1311 987 1345 Iino
1014 1312 1084 1357 (in-

94 1364 186 1409 quit)
210 1375 273 1407 ego
292 1363 357 1396 ista
376 1363 467 1403 scio,
501 1365 597 1408 quod
621 1375 760 1408 semper
786 1363 906 1395 omnia
932 1364 1017 1396 fient
1044 1376 1084 1397 ex

92 1414 240 1447 arbitrio
262 1415 450 1448 victorum.
503 1414 611 1447 Redit
626 1421 745 1447 tamen
762 1420 943 1458 postremo
962 1416 1006 1447 ad
1028 1427 1083 1448 re-

90 1465 299 1505 iectionem,
341 1471 374 1497 et
407 1465 561 1498 ostendit
593 1466 713 1498 omnia
739 1478 811 1499 esse
836 1466 1083 1505 incertissima,

89 1528 242 1561 quorum
261 1515 391 1548 exitum
408 1528 452 1548 ne
471 1516 612 1561 quidem
630 1516 704 1560 ipse
715 1516 856 1557 Caesar,
884 1517 944 1562 qui
962 1529 1080 1550 rerum

87 1567 265 1611 potiatur,
292 1566 389 1600 sciat.

138 1667 466 1711 Argumentum
501 1673 543 1699 et
578 1664 754 1699 scholia
789 1666 832 1699 in
865 1667 1032 1711 episto-

468 1717 480 1749 l
490 1729 508 1749 a
517 1729 554 1749 m
581 1716 703 1751 XVIII.

186 1793 400 1827 Distributio
418 1793 464 1839 ²²)
499 1799 560 1826 est.
625 1792 785 1826 Partitur
814 1793 908 1825 enim
944 1793 1080 1827 consilii

89 1846 143 1882 sui
159 1845 329 1879 utilitates
339 1846 384 1892 ²¹⁵)
403 1846 440 1877 in
459 1850 613 1889 quatuor
637 1844 814 1876 membra:
850 1842 996 1878 Scliolas
1019 1843 1081 1877 lia-

85 1899 170 1932 bere
188 1896 332 1941 prodest
349 1895 437 1929 mihi
457 1897 501 1928 ad
520 1895 759 1928 conciliandos
780 1894 971 1928 familiares
995 1895 1080 1928 Cae-

86 1949 193 1988 saris,
236 1947 280 1980 ad
305 1948 564 1986 valetudinem,
606 1947 651 1979 ad
676 1947 935 1992 eloquentiam,
976 1948 1078 1979 etad

86 2001 216 2034 victum
229 1998 287 2045 26).

189 2049 218 2094 ξ.
244 2052 278 2084 2.
324 2050 456 2084 Caetera·
480 2051 611 2093 quidem
627 2046 703 2095 2⁷)]
745 2047 984 2092 Amplificatio
1016 2061 1079 2092 per

88 2102 313 2136 collationem
338 2100 535 2146 eorur11‘23),
572 2100 633 2146 qui
657 2106 877 2144 opponentes
904 2112 938 2133 se
964 2112 1003 2131 ac
1026 2112 1079 2132 re-

118 2227 167 2255 22)
187 2227 245 2250 Hoc
263 2223 451 2253 argumentum
471 2223 497 2246 et
517 2229 635 2252 sequens
655 2222 681 2246 in
696 2222 892 2246 Editt.1565—
907 2222 980 2246 1596.
993 2228 1079 2253 argu-

153 2259 254 2285 mentis
272 2257 495 2289 praecedentibus
518 2257 624 2280 adiecta
641 2259 715 2281 sunt.

120 2313 168 2341 23)
188 2311 285 2342 agros]
305 2309 353 2333 Ed.
375 2308 449 2332 1569.
469 2313 566 2331 errore
584 2309 711 2338 typogr.:
740 2312 817 2338 agro.

121 2364 170 2392 24)
190 2361 257 2385 Huic
275 2359 335 2383 voci
362 2359 388 2382 in
407 2359 491 2383 Editt.
514 2358 604 2388 1540.,
626 2359 717 2389 ¹544„
738 2358 832 2397 15545,
854 2358 928 2383 ¹557.
956 2359 1078 2389 praefixa

153 2398 219 2421 sunt
238 2396 292 2420 Cic.
312 2395 396 2417 verba
414 2393 455 2422 (S.
472 2393 524 2420 1.):
549 2393 642 2422 Quum
661 2399 749 2417 essem
768 2394 892 2418 otzosus.

116 2450 166 2478 25)
185 2447 336 2474 utilitates]
355 2445 404 2469 Ed.
426 2443 500 2467 1546.
522 2449 617 2467 errore
636 2444 764 2474 typogr.;
790 2443 929 2467 utilitatis.

117 2501 165 2530 26)
185 2501 244 2524 Hoc
262 2498 454 2529 argumentum
466 2494 772 2521 11a1sentEdittA537—
784 2495 871 2527 1554„
888 2496 973 2527 1552,
990 2496 1075 2525 1580„

151 2535 225 2559 1601.

115 2585 164 2618 27)
183 2585 237 2609 Pro
262 2583 304 2608 his
330 2582 386 2607 Cic.
412 2579 512 2618 verbis
530 2579 557 2602 in
580 2579 665 2604 Editt.
685 2580 785 2620 1545...
806 2580 881 2604 1560.
906 2580 967 2605 huic
993 2583 1075 2606 notae

147 2619 287 2649 adscripta
306 2619 369 2641 sunt
389 2616 545 2645 sequentia:
574 2614 651 2645 Ergo
671 2615 722 2640 hoc
738 2622 871 2646 primum.

111 2671 159 2699 28)
179 2671 286 2698 eorum]
306 2669 345 2692 sic
363 2666 447 2691 Edttt.
468 2664 677 2696 1537—1544„
702 2665 794 2697 1554,
826 2666 918 2698 1557.;
944 2666 971 2691 in
989 2666 1072 2692 Editt.

149 2706 239 2736 1515„
260 2704 333 2728 1560.
354 2701 439 2726 deest.

262 107 382 145 XXIII.
425 107 736 144 ARGUMENTA
757 108 820 143 ET
844 107 1046 143 SCHOLIA
1069 107 1116 144 IN
1138 109 1286 148 EPIST.
1307 111 1418 148 FAM.
1444 112 1527 148 CIC.
1560 114 1647 150 LIB.
1665 115 1722 151 IX.
1750 116 1821 154 ΕΡ.
1843 120 1901 155 17.
1920 121 1978 156 18.

2066 123 2139 158 314

1147 197 1306 232 sistentes
1324 199 1484 240 Caesari,
1512 201 1615 234 foede
1638 202 1840 247 perierunt,
1877 212 1938 239 aut
1963 206 2029 240 sibi
2052 207 2136 252 ipsis

1149 249 1345 284 attulerunt
1360 257 1525 286 mortem.

1372 327 1507 362 Aliud
1536 331 1918 378 argumentumffl).

1246 393 1371 428 Monet
1384 395 1569 440 Papirium
1586 398 1627 429 de
1646 398 1823 441 praesenti
1840 411 1901 432 sua
1918 400 2134 443 conditione,

1145 449 1179 475 et
1206 446 1495 487 commoditates,
1531 460 1617 493 quas
1642 448 1724 482 inde
1748 447 1896 491 habeat,
1927 452 2050 485 ordine
2077 465 2133 486 ex-

1143 495 1256 538 ponit.
1307 495 1445 532 Iocatus
1471 499 1563 531 enim
1590 505 1663 532 erat
1679 500 1844 544 Papirius
1867 513 1945 536 cum
1964 503 2133 537 Cicerone

1143 557 1206 588 per
1222 546 1374 587 litteras,
1403 550 1498 594 quod
1515 562 1593 583 cum
1610 551 1748 584 nullum
1764 552 1882 585 locum
1901 554 1937 586 in
1951 555 2131 599 republica

1142 596 1208 629 sibi
1235 610 1306 631 esse
1333 599 1640 635 animadvertisset
1662 603 1868 636 dominante
1890 605 2060 646 Caesare,
2089 607 2132 638 ad

1142 648 1257 681 studia
1274 649 1421 683 redierit
1438 652 1548 685 factus
1565 660 1774 696 praeceptor
1797 655 2029 690 familiarium
2047 657 2132 690 Cae-

1141 698 1240 732 saris.
1308 700 1560 735 Observandus
1591 710 1708 736 autem
1741 702 1798 738 hic
1822 705 1919 740 locus
1942 708 2132 752 praecipue

1142 755 1193 782 est
1209 750 1250 782 de
1266 758 1437 795 perpetuo
1456 754 1621 786 exercitio
1638 754 1849 789 studiorum.
1891 757 1935 790 Et
1953 759 1981 792 si
1995 758 2132 799 Cicero,

1141 799 1179 831 in
1207 800 1305 835 cuius
1340 809 1483 846 pectore
1518 805 1618 849 quasi
1651 806 1729 839 sons
1765 807 1872 841 totius
1908 809 2131 854 eloquentiae

1141 851 1325 886 conclusus
1341 853 1426 893 suit,
1453 854 1534 892 sine
1547 856 1685 889 assidua
1704 857 1954 892 exercitatione
1972 861 2130 894 futurum

1141 902 1288 936 omnino
1308 904 1541 946 existimavit,
1568 913 1607 940 ut
1631 914 1847 941 exaresceret
1865 910 1924 942 illa
1942 911 2062 944 divina
2080 912 2130 944 di-

1140 954 1241 986 cendi
1271 955 1437 996 facultas,
1480 957 1557 1002 quis
1589 970 1663 991 non
1697 959 1812 999 videt,
1855 968 1988 1006 quanto
2014 963 2130 996 studio

1139 1005 1314 1039 scribendi
1332 1013 1366 1039 et
1389 1007 1529 1041 dicendi
1554 1021 1641 1053 opus
1665 1010 1709 1043 sit
1733 1010 1854 1052 nobis,
1890 1012 1951 1057 qui
1972 1013 2011 1045 in
2031 1020 2129 1046 tanta

1139 1055 1363 1100 ingeniorum
1382 1058 1622 1092 imbecillitate
1647 1067 1758 1093 totam
1784 1061 1941 1106 linguam
1961 1063 2127 1098 Latinam

1139 1108 1241 1141 nobis
1259 1120 1331 1141 non
1348 1111 1574 1143 vernaculam
1599 1124 1640 1144 ex
1663 1112 1762 1145 libris
1785 1113 1916 1147 discere
1944 1115 2102 1159 cogimur
2113 1116 2128 1148 'r‘

1137 1158 1200 1192 Est
1232 1166 1416 1203 praeterea
1447 1159 1532 1194 haec
1559 1162 1705 1206 epistola
1732 1164 1844 1197 faceta
1877 1172 1910 1198 et
1933 1168 2127 1201 admodum

1138 1207 1259 1244 hilaris
1286 1218 1433 1255 propter
1456 1213 1759 1256 praedicationem
1782 1215 1880 1248 illam
1905 1217 2125 1252 lautitiarum

1137 1272 1301 1301 suarum,
1328 1275 1435 1306 quam
1453 1264 1693 1306 frugalitatem
1711 1265 1847 1309 Papirii
1869 1267 1961 1300 ridet
1988 1276 2021 1302 et
2046 1282 2127 1303 eum

1138 1312 1182 1343 ad
1212 1311 1364 1344 similem
1398 1314 1638 1347 conditionem
1667 1316 1926 1360 suscipiendam
1951 1317 2127 1355 hortatur.

1136 1362 1319 1406 Principio
1339 1370 1388 1396 est
1403 1364 1519 1397 brevis
1538 1366 1717 1407 narratio,
1753 1368 1791 1400 in
1816 1381 1885 1414 qua
1912 1382 2127 1404 commemo-

1136 1419 1192 1446 rat
1218 1426 1392 1447 summam
1416 1415 1615 1449 litterarum
1641 1417 1788 1461 Papirii.
1857 1420 2024 1466 Sequitur
2046 1435 2128 1466 pro-

1136 1464 1289 1509 positi0,
1315 1465 1380 1498 sibi
1399 1467 1592 1500 admodum
1610 1469 1748 1511 placere
1775 1468 1866 1504 hanc
1890 1472 1981 1505 vitae
2006 1474 2128 1507 condi-

1137 1515 1293 1556 tionem,
1320 1518 1416 1561 quod
1440 1518 1484 1550 ad
1501 1525 1695 1552 extremum
1714 1519 1758 1552 sit
1775 1522 1885 1556 factus
1904 1532 2125 1569 praeceptor.

1135 1567 1380 1611 Propositioni
1397 1569 1495 1601 addit
1511 1569 1667 1603 rationes
1682 1578 1840 1615 sumptas
1858 1574 1901 1607 ab
1918 1575 2009 1615 utili,
2030 1577 2127 1621 quod

1136 1618 1300 1650 videlicet
1317 1619 1398 1652 inde
1415 1617 1544 1652 habeat
1564 1621 1691 1654 inultas
1708 1625 1996 1667 commoditates,
2023 1633 2057 1659 et
2072 1640 2127 1661 re—

1136 1669 1220 1702 citat
1250 1670 1440 1714 praecipua
1471 1673 1678 1713 commoda,
1714 1674 1928 1721 sax-ore1n30)
1954 1677 2126 1719 Caesaris,

1135 1721 1389 1760 valetudinem,
1417 1721 1675 1767 eloquentiam,
1703 1731 1735 1756 ct
1754 1727 1966 1770 exquisitum
1982 1729 2126 1764 victum.

1134 1771 1261 1804 Postea
1293 1773 1337 1804 ad
1370 1773 1476 1805 finem
1505 1786 1615 1819 usque
1640 1775 1795 1808 suaviter
1823 1784 1856 1810 et
1877 1779 1964 1812 salse
1990 1781 2125 1814 deridet

1134 1822 1282 1854 nimiam
1302 1823 1398 1855 illam
1416 1823 1657 1867 frugalitatem
1674 1826 1830 1870 Papirii,
1865 1828 2019 1864 invitans
2044 1844 2123 1864 eum

1134 1874 1177 1905 ad
1196 1871 1442 1907 scholasticum
1460 1888 1589 1909 munus
1601 1903 1611 1917 ,
1638 1878 1731 1910 unde
1747 1890 1782 1911 se
1800 1879 1935 1914 facilius
1953 1889 2123 1915 sustentet

1134 1935 1173 1956 ac
1188 1923 1319 1958 lautius
1338 1924 1446 1959 vivat.

1380 1999 1513 2033 Aliud
1542 2010 1868 2045 argumentum.

1234 2065 1386 2110 Elegans
1412 2073 1445 2100 et
1466 2068 1577 2100 faceta
1603 2076 1654 2102 est
1675 2071 1840 2115 epistola,
1882 2073 1919 2106 in
1951 2087 2018 2120 qua
2050 2076 2123 2120 pri-

1132 2130 1229 2149 mum
1248 2117 1415 2161 Papirio,
1445 2119 1505 2164 qui
1521 2119 1655 2154 iocatus
1672 2129 1747 2155 erat
1765 2124 1800 2155 in
1824 2123 1894 2158 suis
1916 2126 2054 2170 scriptis
2081 2129 2122 2161 de

1132 2174 1267 2201 mutata
1304 2169 1528 2211 conditione,
1578 2173 1673 2216 quod
1708 2174 1869 2208 videlicet
1904 2188 1944 2209 ex
1980 2184 2122 2212 oratore

1131 2232 1270 2252 summo
1296 2220 1407 2254 sactus
1433 2228 1521 2254 esset
1544 2221 1620 2254 ludi
1641 2225 1828 2267 magister,
1869 2230 2059 2271 respondet
2089 2237 2122 2263 et

1131 2270 1307 2303 rationem
1325 2272 1423 2304 addit
1439 2269 1543 2305 liuius
1558 2273 1612 2306 sui
1635 2274 1797 2309 instituti.
1858 2277 1996 2311 Deinde
2020 2292 2122 2324 prae-

1134 2321 1310 2354 dicatione
1333 2335 1477 2356 suarum
1505 2323 1725 2358 lautitiarum
1751 2327 1838 2360 salse
1861 2328 1953 2361 ridet
1977 2330 2121 2374 frugali-

1131 2379 1239 2405 tatem
1258 2373 1414 2417 Papirii,
1443 2371 1636 2408 adhortans
1655 2388 1734 2409 eum
1756 2378 1800 2410 ad
1825 2378 1973 2413 similem
1998 2383 2119 2415 condi-

1131 2424 1265 2457 tionem
1284 2425 1557 2469 suscipiendam.
1609 2425 1706 2459 Loco
1727 2429 1860 2462 exordii
1878 2432 2024 2475 ponitur
2041 2434 2120 2466 bre-

1129 2475 1181 2508 vis
1205 2477 1386 2516 narratio,
1423 2488 1513 2522 quae
1539 2477 1697 2511 continet
1717 2491 1894 2514 summam
1918 2483 2117 2518 litterarum

1162 2590 1209 2617 29)
1230 2591 1287 2615 Hoc
1305 2594 1495 2623 argumentum
1513 2594 1540 2618 et
1559 2593 1611 2620 duo
1630 2596 1774 2626 sequentia
1791 2599 1824 2623 ab
1838 2599 1922 2624 Editt.
1941 2600 2032 2630 1556..
2053 2602 2118 2626 ¹565

1194 2627 1310 2649 -1596,
1330 2628 1500 2653 exhibentur.

1160 2667 1208 2725 3οἓ
1227 2668 1366 2725 favorem]
1387 2670 1427 2694 sic
1440 2671 1515 2695 recte
1528 2670 1612 2697 Editt.
1627 2673 1713 2706 1556„
1731 2675 1821 2708 1565.;
1839 2677 1922 2704 Editt.
1939 2677 2024 2710 1569„
2042 2679 2115 2705 1592.

1205 2707 1239 2726 au
1255 2708 1338 2728 orem.
