2294 2975
69 112 144 152 295

642 108 765 144 PHIL.
801 107 914 143 MEI..
948 104 1153 142 SCRIPTA
1186 104 1523 143 PHILOLOGICA.
1624 112 1645 131 *ε

2027 109 2102 147 296

71 213 134 245 per
159 210 264 244 quam
290 203 458 231 venturus
481 196 525 231 sit
542 196 690 233 Caesam
726 195 807 228 item
831 195 874 227 de
900 195 1057 227 adventu
1082 216 1088 241 ¹
1111 198 1168 226 rat
1185 199 1300 226 autem
1319 191 1384 228 hos
1400 194 1510 228 libros
1528 191 1594 227 hac
1621 194 1845 233 conditione,
1880 200 1921 227 ut
1943 194 2100 230 vicissim

70 251 288 284 Dolabellae.
356 247 395 281 ln
428 249 495 281 fine
530 254 580 281 est
607 247 724 280 brevis
757 246 979 286 admonitio,
1018 251 1059 279 ut

72 314 178 347 quam
196 302 352 345 primum
372 299 552 333 rescribat.

317 375 449 407 Aliud
484 377 812 416 argumentum.

176 443 342 477 Narratio
362 443 403 474 de
421 440 570 484 acceptis
586 440 730 480 litteris,
758 446 792 473 et
817 452 888 485 quo
912 438 1060 473 consilio

73 494 146 538 ipse
170 506 241 526 non
267 498 431 537 properet
447 490 491 535 50)
520 491 651 525 venire.
726 491 908 535 Significat
943 497 1060 524 autem

74 545 143 577 iam
168 545 324 577 confecto
344 543 435 574 bello
462 542 582 574 omnia
610 554 682 575 esse
706 543 914 582 metuenda,
952 554 1062 587 quare

74 601 218 638 cogatur
235 606 270 627 se
286 593 476 637 adiungere
494 592 703 640 Caesariffi).
755 592 795 626 In
812 594 878 626 fine
896 593 995 626 addit
1012 593 1064 626 in-

74 651 207 677 certum
225 642 339 677 adhuc
356 656 447 684 esse,
473 656 536 688 per
554 656 661 690 quam
685 644 868 689 regionem
894 650 1064 678 venturus

74 696 118 729 sit
134 695 274 728 Caesar.

124 786 448 832 Argumentum
478 793 519 820 ct
551 784 729 821 scholia
764 787 808 821 in
843 787 1014 832 episto-

469 838 556 870 lam
585 836 676 872 VIII.

177 912 379 958 Orditurffl)
413 913 455 945 ab
490 913 742 957 occupatione,
776 926 845 959 qua
870 914 1067 947 verecunde

77 966 245 997 admonet
263 964 463 997 Varronem
484 964 662 1008 promissi.
714 964 854 998 Deinde
877 971 1002 998 narrat
1025 965 1067 997 de

76 1016 176 1049 libris
188 1043 197 1055 ,
227 1027 288 1047 cur
307 1027 365 1048 eos
383 1014 565 1060 mittat53).

181 1065 209 1110 {-
227 1069 262 1102 2.
296 1067 456 1099 Posilnwc
473 1063 602 1112 centem]
638 1064 838 1100 Conclusio.

78 1123 136 1150 tur
153 1129 233 1150 eum
250 1118 293 1149 ad
311 1114 397 1149 haec
415 1116 528 1149 studia
548 1117 730 1149 tractanda
741 1116 800 1163 5³).

890 1063 1068 1100 Adhorta-

297 1201 433 1233 Aliud
463 1201 848 1248 argumentumff’f').

181 1268 291 1301 Mittit
306 1268 461 1301 Varroni
480 1275 633 1314 quatuor
650 1269 759 1303 libros
774 1269 1069 1304 Academicorum

81 1319 349 1365 quaestionum,
378 1326 411 1352 et
434 1326 555 1363 rogat,
590 1326 629 1352 ut
653 1320 726 1364 ipse
753 1333 895 1366 quoque
919 1321 1070 1365 promis·

81 1383 137 1404 sos
168 1370 444 1404 commentarios
477 1372 519 1403 de
550 1370 669 1414 lingua
693 1370 821 1404 Latina
848 1372 1009 1405 absolvat
1036 1379 1069 1405 et

81 1433 189 1466 quam
216 1421 370 1465 primum
396 1421 523 1455 mittat.
590 1421 787 1454 Exordium
814 1428 865 1455 est
888 1429 1069 1467 sumptum

81 1473 124 1505 ab
143 1472 394 1516 occupatione,
422 1485 490 1517 qua
514 1474 710 1505 verecunde
727 1472 927 1506 Varronem
948 1475 1070 1507 admo-

80 1529 141 1555 net
171 1523 347 1567 promissi.
419 1522 586 1568 Sequitur
611 1523 769 1556 narratio
795 1524 837 1556 de
860 1524 975 1565 libris,
1010 1537 1071 1558 cur

81 1573 305 1617 potissimum
330 1586 388 1607 eos
414 1574 542 1607 mittat.
604 1573 790 1608 Conclusio
815 1572 920 1608 habet
942 1573 1071 1609 adhor-

82 1624 255 1657 tationem
285 1625 330 1658 ad
357 1624 471 1659 studia
499 1621 747 1669 philosophiae
781 1625 967 1670 diligenter
1000 1633 1071 1660 tra-

83 1676 222 1709 ctanda.

330 1741 463 1775 Aliud
502 1750 823 1786 argumentum.

186 1804 333 1837 Miserat
356 1803 511 1835 'Varroni
534 1803 656 1836 Cicero
682 1810 836 1848 quatuor
859 1804 968 1838 libros
985 1804 1073 1838 Aca—

84 1854 300 1887 demicarum
320 1854 567 1898 quaestionum
586 1856 759 1887 secundae
776 1855 952 1889 editionis.
980 1856 1071 1889 Nam

84 1905 286 1938 Academici
313 1905 393 1937 libri
404 1905 472 1950 ³⁵³)
499 1906 552 1938 bis
576 1906 720 1938 suerunt
744 1907 828 1939 editi
855 1918 872 1938 a
891 1906 1073 1947 Cicerone,

86 1957 387 2001 quemadmodum
412 1956 484 1999 ipse
503 1957 655 1989 ostendit
679 1957 715 1989 in
737 1956 770 1990 4.
787 1963 820 1990 et
836 1957 893 1990 13.
912 1958 1003 1991 libro
1029 1959 1072 1990 ad

86 2007 241 2040 Atticum
258 2007 326 2051 5ίί),
370 2019 522 2052 quorum
547 2008 683 2051 primus
706 2006 819 2041 adhuc
845 2014 972 2048 exstat,
1013 2010 1074 2042 sed

87 2070 161 2091 non
180 2058 334 2102 integer,
363 2064 433 2091 tres
449 2058 579 2103 reliqui
594 2059 840 2092 desiderantur
850 2059 908 2105 57).
968 2059 1073 2094 Mise-

123 2156 170 2187 50)
190 2159 333 2214 propteret]
352 2157 391 2181 sic
406 2157 490 2183 Editt.
507 2158 598 2188 1565„
618 2158 710 2189 1569„
731 2159 822 2191 15923
846 2159 894 2184 Ed.
914 2160 989 2186 1556.
1008 2166 1074 2191 pro-

159 2198 249 2220 perari
265 2210 270 2215 .

124 2226 171 2253 51)
190 2225 318 2264 Caes-ari]
337 2226 375 2249 sic
393 2226 477 2249 Editt.
495 2226 586 2256 1565.,
607 2226 681 2251 1569.
693 2243 700 2255 ‚
721 2227 811 2258 1592.;
844 2228 893 2251 Ed.
910 2228 984 2255 1556.
1005 2229 1076 2254 Cae-

125 2265 338 2320 sziaiissiifsx'voci
356 2294 382 2317 in
401 2293 484 2318 Editt.
508 2294 599 2324 1540„
620 2295 712 2325 1544„
739 2295 830 2326 ¹554„
858 2295 931 2320 155⁷.
955 2297 1077 2326 praefixa

161 2329 223 2349 sunt
242 2326 298 2351 Cic.
318 2329 403 2351 verba
425 2328 464 2359 (S.
481 2326 534 2358 1.):
565 2329 629 2352 Etsi
649 2336 762 2353 munus.

127 2360 249 2416 witigim
261 2364 449 2392 argumentum
461 2362 560 2386 habeut
572 2363 657 2388 Editt.
670 2362 870 2394 1537—1554.‚
886 2364 971 2396 1552,
990 2366 1075 2396 1560„

127 2428 174 2455 ω)
194 2412 266 2452 fla'ec
285 2431 348 2452 nota
365 2429 391 2453 in
409 2430 494 2453 editt.
515 2431 607 2461 1545,
635 2431 710 2455 1560.
738 2430 872 2455 disiuncta
891 2433 932 2455 est
950 2431 976 2456 in
995 2433 1075 2458 hasce

162 2462 246 2485 duas:
275 2463 345 2486 Puto
363 2464 442 2493 fore]
460 2466 613 2490 Conclusio.
664 2465 733 2490 Post
751 2466 821 2490 lmec
838 2467 947 2495 autem]
965 2467 1073 2492 Adhor-

161 2497 235 2518 tatur
253 2508 287 2512 —
304 2498 452 2521 tractanda.

127 2529 174 2556 55]
195 2529 455 2587 eogeargungnttum
474 2535 501 2556 et
519 2533 570 2557 duo
588 2534 730 2564 sequentia
747 2533 774 2558 in
792 2534 878 2561 Editt.
897 2535 988 2566 1556„
1009 2536 1075 2559 1565

163 2574 194 2579 ⁸—
222 2571 238 2585 ὖ
275 2581 280 2586 .
300 2571 347 2586 CXS
379 2571 394 2586 Π
411 2582 416 2586 .

127 2596 194 2624 55³)
212 2596 288 2622 libri]
308 2598 355 2621 Ed.
374 2598 446 2622 1569.
467 2606 561 2624 errore
581 2605 707 2633 typogr:
733 2603 820 2628 libris.

127 2630 175 2657 56)
195 2630 249 2654 Cic.
269 2632 302 2653 ad
321 2632 401 2655 Attio.
420 2633 493 2657 xm,
516 2635 554 2658 13.

126 2663 174 2691 57)
195 2664 415 2688 Academicorum
439 2668 558 2696 priorum
583 2677 605 2693 s.
630 2671 852 2696 Academicarum
882 2670 1073 2702 quaestionum

161 2698 262 2727 prioris
281 2699 425 2730 editionis,
444 2708 512 2732 quae
532 2703 599 2727 duos
617 2705 771 2730 continebat
788 2707 890 2739 libros,
914 2706 1001 2732 adhuc
1020 2713 1070 2731 ex-

1111 256 1130 277 a
1148 243 1311 277 Varrone
1332 257 1439 290 quam
1458 245 1613 290 primum
1639 246 1812 290 acciperet
1834 245 1944 279 libros
1967 246 2010 279 de
2031 247 2102 280 lin-

1112 306 1178 339 gua
1195 294 1334 329 Latina.
1387 296 1507 341 Quare
1524 297 1560 329 in
1583 295 1647 330 hac
1671 297 1818 341 epistola
1845 297 2001 341 primum
2025 310 2102 330 mo-

1112 351 1192 385 net,
1227 352 1266 379 ut
1289 357 1363 379 non
1386 347 1430 380 sit
1454 347 1642 381 immemor
1658 347 1836 392 promissi.
1889 347 2028 381 Deinde
2045 360 2103 381 ex-

1113 396 1234 440 ponit,
1283 409 1393 442 quare
1426 410 1508 432 suos
1548 399 1657 432 libros
1690 399 1921 432 Academicos
1956 398 2104 439 miserit,

1114 453 1148 480 et
1173 449 1354 492 quomodo
1384 450 1588 483 tractaverit
1619 450 1842 495 quaestiones
1863 449 2105 486 Academicas.

1116 498 1264 531 Constat
1288 505 1406 532 autem
1431 500 1578 544 epistola
1603 501 1715 534 tribus
1740 500 1912 545 partibus.
1979 501 2104 534 Prima

1116 555 1167 582 est
1184 550 1382 582 verecunda
1401 551 1567 594 promissi
1591 552 1788 584 admonitio
1815 563 1877 595 per
1902 552 2105 596 occupatio-

1117 613 1210 633 nem.
1262 600 1422 634 Secunda
1446 599 1554 634 habet
1576 603 1819 635 narrationem
1844 604 1886 635 de
1910 602 1981 636 suis
2005 603 2104 637 libris

1118 651 1250 691 missis,
1292 651 1329 684 in
1356 651 1483 696 quibus
1508 652 1707 696 disputatur
1730 653 1848 693 varie,
1890 654 1951 687 sed
1983 660 2104 687 tamen

1118 702 1269 735 iucunde
1287 703 1330 735 de
1343 702 1563 736 Academicis
1582 703 1860 748 quaestionibus.
1912 704 2035 737 Tertia
2055 711 2107 739 est

1118 753 1326 796 significatio
1351 765 1434 787 suae
1451 754 1666 794 sententiae,
1693 755 1790 799 quod
1814 754 1961 788 omnino
1987 755 2107 799 cupiat

1120 804 1181 837 tali
1198 810 1357 848 tempore
1374 804 1411 836 in
1427 803 1495 838 hoc
1513 817 1639 850 genere
1656 804 1855 838 studiorum
1873 805 2107 850 acquiescere,

1120 855 1239 887 addita
1257 855 1357 888 brevi
1376 854 1626 889 adhortatione
1643 856 1688 889 ad
1704 853 1791 888 haec
1809 856 1955 889 colenda
1980 862 2015 889 et
2035 863 2108 890 tra-

1121 907 1247 939 ctanda
1272 905 1400 940 studia.
1465 905 1505 939 In
1534 908 1602 940 fine
1635 912 1687 940 est
1718 906 1836 940 brevis
1857 907 2105 951 comprobatio

1121 957 1258 991 consilii
1276 956 1498 1001 migrationis
1513 964 1547 991 et
1563 964 1702 1002 emptae
1717 956 1834 992 villae.

1366 1041 1504 1075 Aliud
1538 1047 1867 1085 argumentum.

1222 1108 1427 1152 Propositio
1453 1109 1602 1152 figurata
1627 1108 1876 1152 occupatione,
1904 1107 2002 1142 cuius
2023 1106 2111 1142 haec

1122 1165 1173 1193 est
1190 1170 1346 1193 summa:
1375 1159 1462 1192 Peto
1479 1171 1498 1192 a
1515 1165 1568 1200 te,
1602 1160 1698 1204 quod
1720 1159 1926 1203 promisisti.
1978 1159 2112 1193 Narra-

1122 1211 1192 1250 tio,
1242 1221 1332 1255 quae
1359 1210 1538 1255 sequitur,
1581 1209 1739 1242 continet
1774 1209 2031 1254 expositionem
2066 1211 2110 1243 de

1122 1261 1220 1295 libris
1241 1261 1462 1294 Academicis
1493 1260 1632 1304 scriptis
1661 1272 1680 1293 a
1704 1260 1893 1300 Cicerone,
1934 1266 1968 1293 et
1999 1272 2110 1305 quare

1122 1311 1345 1355 potissimum
1380 1310 1448 1344 hoc
1486 1317 1645 1356 tempore
1680 1323 1739 1344 eos
1773 1311 1910 1344 miserit
1941 1310 2110 1346 Varroni.

1123 1362 1208 1395 ltem
1228 1374 1262 1396 se
1280 1360 1348 1395 hoc
1370 1375 1480 1396 unum
1503 1353 1647 1406 optare¹,
1680 1368 1719 1395 ut
1740 1361 1868 1395 similia
1892 1361 2004 1394 multa
2028 1362 2111 1395 scri-

1123 1414 1302 1447 berentur.
1370 1412 1410 1445 In
1439 1414 1508 1446 fine
1539 1413 1685 1457 ponitur
1709 1412 1882 1446 clausula:
1916 1410 2015 1446 Nihil
2037 1424 2111 1447 esse

1123 1464 1234 1509 magis
1252 1465 1500 1508 expetendum,
1527 1476 1635 1510 quam
1654 1464 1902 1510 conquiescere
1920 1463 1957 1496 in
1975 1463 2111 1499 studiis.

1173 1556 1501 1600 Argumentum
1530 1561 1572 1588 et
1598 1552 1778 1589 scholia
1809 1555 1854 1588 in
1880 1555 2061 1600 episto-

1530 1607 1615 1639 lam
1643 1604 1701 1640 IX.

1227 1681 1376 1715 Orditur
1385 1681 1430 1727 5³³)
1447 1682 1490 1714 ab
1509 1681 1646 1726 optima-
1659 1680 1810 1716 ratione.
1850 1681 1985 1727 Purgat
2001 1684 2114 1729 suspi-

1126 1731 1283 1772 cionem,
1324 1744 1368 1765 ne
1398 1733 1562 1766 videatur
1595 1731 1646 1765 illi
1675 1731 1863 1766 consilium
1892 1734 1977 1767 dare
2000 1735 2112 1779 magis

1126 1784 1280 1827 partium
1300 1795 1423 1823 causa,
1450 1795 1556 1828 quam
1573 1789 1612 1816 ut
1627 1782 1700 1826 ipse
1718 1782 1840 1816 Cicero
1856 1784 1972 1818 salvus
1991 1785 2037 1818 sit
2052 1785 2111 1830 ⁵⁹).

1229 1833 1305 1878 §.2-
1330 1832 1602 1881 Animam-eriis]
1625 1834 1767 1878 Colligit
1785 1840 2005 1878 argumenta,
2033 1836 2111 1881 qui-

1125 1884 1190 1918 bus
1216 1885 1389 1926 ostendit,
1430 1885 1516 1930 quid
1547 1884 1695 1929 periculi
1717 1882 1846 1917 habeat
1870 1886 2043 1929 profectio
2066 1888 2111 1920 ad

1125 1936 1350 1980 Pompeium.
1441 1937 1531 1970 Illud
1551 1941 1662 1970 autem
1683 1948 1705 1970 a
1729 1933 1780 1982 te]
1816 1935 2032 1979 Consilium,
2067 1949 2112 1972 ne

1126 1999 1161 2020 se
1179 1989 1223 2020 ad
1238 1987 1452 2032 Pompeium
1472 1987 1642 2020 conserat.

1341 2064 1477 2098 Aliud
1511 2063 1891 2111 argumentum⁶⁰).

1228 2131 1380 2176 Elegans
1404 2138 1455 2166 est
1477 2130 1622 2176 epistola
1634 2156 1643 2170 ,
1670 2129 1708 2163 in
1725 2142 1794 2176 qua
1812 2130 1998 2165 Dolabella
2016 2131 2113 2166 Cice-

1126 2195 1251 2216 ronem
1270 2196 1429 2218 socerum
1447 2194 1549 2216 suum
1567 2181 1832 2225 diligentissime
1855 2180 2040 2224 hortatur,
2072 2189 2113 2217 ut

1127 2234 1294 2267 inclinata
1319 2234 1390 2267 iam
1412 2232 1559 2267 victoria
1584 2233 1631 2265 ad
1654 2231 1861 2274 Caesarem,
1903 2233 2048 2268 desistat
2071 2234 2110 2268 in

1198 2337 1255 2360 stat
1270 2334 1339 2358 liber
1352 2333 1396 2365 η,
1413 2332 1597 2363 posteriorum
1615 2334 1706 2357 autem
1723 2339 1746 2358 s.
1765 2333 1902 2357 secundae
1915 2332 2042 2358 editionis
2057 2340 2108 2359 ex-

1195 2372 1255 2394 tant
1277 2369 1307 2392 12
1325 2368 1414 2398 capita
1432 2367 1526 2396 priora
1544 2367 1605 2390 libri
1623 2367 1642 2392 1.
1669 2370 1695 2391 et
1718 2367 1873 2398 fragmenta
1889 2367 1952 2391 libri
1971 2368 2007 2397 1.‚
2025 2368 2056 2392 ll.
2075 2370 2103 2392 et

1194 2404 1239 2428 111.
1263 2403 1359 2432 (etiam
1377 2398 1476 2432 lV.‘.2)‚
1509 2406 1577 2431 quae
1601 2401 1629 2424 iu
1655 2401 1727 2428 Edit.
1748 2402 1835 2426 orell.
1859 2403 1931 2426 Tom.
1952 2402 2000 2426 IV.
2024 2402 2054 2428 P.
2072 2402 2105 2426 Π.

1194 2446 1220 2469 p.
1235 2438 1285 2461 469
1298 2436 1392 2460 -471,
1411 2436 1527 2460 collecta
1545 2434 1711 2461 exhibentur.
1759 2436 1837 2461 conf.
1854 2436 1937 2460 etiam
1954 2436 2103 2461 Goerenzii

1194 2471 1358 2496 introductio
1378 2470 1405 2493 in
1424 2470 1482 2493 eius
1499 2470 1546 2494 Ed.
1566 2470 1790 2494 Academicorum
1809 2471 1866 2495 Cic.

1159 2514 1207 2546 58)
1227 2514 1295 2539 Huic
1318 2512 1379 2537 voci
1401 2512 1429 2536 iu
1447 2513 1529 2536 Editt.
1552 2513 1642 2543 1540„
1664 2513 1755 2543 1544„
1775 2513 1869 2544 1551„
1889 2511 1963 2536 1557.
1987 2511 2109 2542 praefixa

1194 2550 1258 2573 suut
1276 2548 1331 2572 Cic.
1351 2548 1435 2570 verba
1455 2546 1494 2577 (S.
1510 2547 1564 2574 1.):
1593 2548 1626 2572 Si
1644 2547 1734 2572 vales.

1158 2592 1281 2650 5935230
1303 2591 1492 2648 ῗιέῗῗωειιωω
1516 2590 1646 2620 praebent
1670 2589 1754 2613 Editt.
1776 2587 1999 2620 1537—1554.‚
2030 2589 2106 2614 155⁷.

1264 2641 1288 2656 .,
1376 2642 1381 2648 .

1158 2671 1206 2698 60)
1225 2669 1281 2692 Hoc
1300 2668 1488 2698 argumentum
1509 2667 1536 2691 et
1554 2667 1605 2693 duo
1626 2665 1768 2698 sequentia
1786 2665 1812 2690 in
1831 2664 1916 2692 Editt.
1933 2665 2019 2698 1556„
2040 2666 2108 2690 ¹563

1186 2702 1304 2728 -1596,
1322 2702 1504 2732 inveniuntur.
