2294 2975
160 130 175 139 a

103 133 176 168 210
686 125 806 161 PHIL.
837 124 949 160 MEL.
984 120 1184 157 SCRIPTA
1215 118 1550 155 PHILOLOGICA.
2054 115 2128 152 216

106 217 284 249 institutae
311 214 453 247 alterins
484 213 756 251 consolationis,
801 209 896 256 qnod
928 207 1090 241 videlicet

107 281 144 299 er.
167 265 253 299 nihil
272 278 359 309 opus
376 265 417 298 sit
436 271 575 309 praeter
601 264 772 300 redituum
808 260 935 294 deinde
955 258 1091 304 pollici-

108 318 276 351 tationem
297 316 506 349 officiorum.

352 400 487 433 Aliud
518 402 843 440 argumentum.

209 467 405 501 Exordium
425 470 559 498 constat
582 462 735 507 primum
762 461 1002 502 dubitatione,
1036 460 1094 493 de-

112 521 192 552 inde
212 518 431 552 excusatione
449 514 589 549 silentii.
628 514 832 558 Propositio
850 514 1008 546 continet
1024 511 1095 556 epi-

113 572 178 604 stol
196 583 222 602 -e
240 579 411 602 summam
430 573 461 599 et
480 565 663 598 consilium
677 592 685 605 ,
721 577 791 611 quo
818 565 988 597 adductus
1014 574 1096 606 pro-

112 622 218 654 lixam
240 618 329 651 hanc
347 617 529 661 epistolam
547 616 744 660 scripserit,
779 628 907 660 nempe
935 621 974 648 ut
999 626 1095 658 spem

113 673 260 707 faceret,
283 670 462 708 futurum,
489 674 527 700 ut
552 667 588 699 in
610 667 706 700 brevi
726 667 980 701 restitueretur.
1032 665 1098 697 Ar-

114 719 307 765 gumentis,
335 719 462 764 quibus
482 719 628 762 probat,
654 730 764 764 quare
791 717 1004 751 certissimus
1027 727 1098 749 esse

115 773 239 804 delicat
257 772 299 803 de
316 770 448 810 reditu,
482 770 677 814 praemittit
694 770 835 813 longam
856 767 1098 801 narrationem

116 822 265 856 debello
288 821 401 860 civili,
435 822 530 866 quod
556 832 646 865 quae
670 820 763 852 mala
787 825 948 852 secutura
976 822 1101 855 essent,

117 875 219 916 longe
237 879 338 905 antea
358 871 592 915 praeviderit,
619 871 774 914 probans
793 868 859 903 lioc
877 870 985 902 modo
1002 880 1101 901 suam

118 923 304 957 divinandi
322 923 496 955 rationem
513 934 584 955 esse
602 922 844 959 certissimam,
870 926 993 964 utpote
1013 930 1102 964 quae

120 976 156 1008 in
173 975 277 1007 rebus
297 973 459 1007 maximis
478 984 660 1018 nunquam
679 971 792 1006 adhuc
809 971 980 1004 fefellerit.
1028 969 1105 1002 Est-

120 1037 188 1071 que
206 1031 299 1058 totus
324 1024 380 1057 ille
403 1025 498 1057 locus
522 1023 720 1069 quidem⁷⁸)
746 1023 884 1056 additus
910 1023 953 1054 ad
980 1021 1105 1053 conflr-

120 1077 288 1109 mandam
313 1088 411 1109 suam
438 1076 692 1107 divinationem
718 1076 760 1107 de
782 1074 910 1106 reditu.
969 1071 1106 1104 Deinde

121 1133 277 1160 recenset
295 1126 446 1170 duplicia
473 1126 570 1169 signa
595 1126 738 1158 reditus.
789 1125 948 1157 Alterum
968 1123 1106 1165 siguum

122 1184 301 1221 sumptum
319 1183 369 1210 est
387 1189 403 1209 a
424 1177 583 1210 Caesaris
601 1189 770 1221 persona,
799 1176 853 1209 cui
870 1175 1012 1207 additur
1027 1185 1109 1205 con-

122 1229 247 1261 futatio
262 1254 270 1267 ,
297 1239 365 1273 qua
385 1227 569 1261 Caesarem
591 1234 742 1261 excusat.
789 1227 949 1260 Alterum
970 1224 1108 1267 signum

125 1292 143 1312 a
159 1279 299 1312 ratione
325 1285 546 1322 temporum,
583 1285 615 1311 et
640 1285 766 1311 natura
793 1276 1032 1322 praesentium
1056 1286 1110 1307 re-

126 1343 204 1363 rum
228 1331 370 1363 ductum
390 1336 451 1363 est.
503 1330 694 1363 Adduntur
713 1328 794 1363 huic
812 1335 991 1373 postremo
1010 1325 1110 1369 signo

126 1381 355 1425 probationes
371 1382 414 1413 al)
432 1382 611 1426 exemplis.
663 1381 833 1424 Epilogus
857 1377 963 1412 habet
987 1377 1112 1409 confir-

127 1432 320 1465 mationem
363 1429 466 1464 huius
500 1445 582 1465 suae
619 1431 872 1475 praedictionis
907 1430 949 1461 de
984 1427 1112 1465 reditu,

128 1490 255 1527 optans
274 1481 420 1515 omnino
440 1482 535 1514 credi
553 1482 598 1514 ita
618 1487 840 1514 eventurum.
892 1478 989 1511 Alias
1006 1476 1113 1515 enim,

129 1534 158 1567 si
180 1532 293 1566 adhuc
319 1533 452 1577 aliquid
477 1533 596 1566 fuisset
617 1532 715 1565 dubii
740 1533 782 1564 de
807 1530 940 1569 reditu,
974 1540 1009 1562 se
1033 1540 1114 1561 usn—

129 1597 206 1618 rum
226 1584 330 1617 fuisse
345 1584 561 1626 argumentis
577 1582 823 1616 consolatoriis
834 1609 842 1622 ‚
870 1587 974 1626 atque
990 1591 1114 1611 eorum

131 1641 421 1677 argumentorum
454 1632 509 1667 hic
540 1647 714 1668 summam
745 1634 925 1679 quandam
948 1635 1116 1664 recenset.

132 1685 173 1718 ln
189 1688 256 1718 tine
274 1692 323 1718 est
342 1685 550 1729 pollicitatio
569 1686 621 1719 sui
640 1685 757 1719 officii.

186 1795 513 1839 Argumentum
549 1800 590 1826 et
616 1790 791 1828 scholia
826 1792 870 1825 in
897 1790 1068 1836 episto-

529 1845 615 1878 lam
650 1843 724 1879 VII.

237 1920 480 1966 Excusatiow)
506 1926 573 1960 est,
601 1932 711 1965 quare
725 1919 894 1964 scriptum
914 1917 1121 1964 noluerit⁸⁰)

137 1970 304 2005 exhiheri.
359 1971 484 2005 Oratio
503 1977 553 2004 est
569 1978 712 2014 arguta,
740 1977 773 2004 et
791 1971 956 2015 propria,
991 1976 1024 2003 et
1046 1970 1122 2015 pol-

138 2026 212 2058 lens
231 2035 270 2056 ea
289 2022 435 2061 virtute,
463 2034 569 2066 quam
587 2028 716 2054 vocant
732 2019 924 2067 δεινότητα
933 2021 992 2068 ⁸¹).

241 2080 271 2126 ἓ.
295 2082 327 2116 1.
361 2083 451 2114 Nam
474 2093 573 2126 quum
593 2079 764 2127 mendum]
799 2081 939 2125 Duplex
962 2080 1123 2126 querela:

141 2134 249 2168 altera
262 2159 272 2174 ,
297 2133 393 2178 quod
411 2131 565 2175 graviter
581 2132 754 2175 plectatur
773 2139 920 2177 propter
943 2132 1124 2176 scriptum.

245 2189 274 2236 ἓ.
292 2192 326 2225 3.
354 2192 435 2230 Sed,
460 2195 495 2224 nt
509 2191 618 2223 eodem
635 2188 804 2237 revertar]
832 2190 950 2224 Altera
970 2190 1125 2236 querela,

145 2243 187 2276 de
203 2243 316 2276 forma
341 2241 481 2285 scripti,
508 2241 623 2286 quod,
649 2252 729 2273 cum
754 2254 827 2273 non
849 2242 955 2275 fuerit
976 2242 1065 2275 liber
1089 2241 1126 2274 in

147 2294 329 2326 scribendo
343 2320 351 2333 ‚
378 2305 450 2325 non
467 2293 555 2325 bene
573 2289 759 2325 cohaereat
776 2292 903 2327 oratio,

183 2429 231 2456 78)
251 2428 368 2458 quidem]
385 2428 614 2457 sicEditt.1565.,
636 2426 720 2458 ¹569„
741 2425 834 2456 1592.;
853 2425 902 2450 Ed.
919 2425 992 2449 1556.
1012 2425 1127 2455 quidam.

184 2482 233 2508 7⁹)
254 2480 319 2503 nuic
338 2480 397 2504 voci
423 2479 449 2502 in
469 2480 550 2503 Editt.
573 2480 664 2510 1540.,
685 2479 775 2508 1514„
797 2478 889 2509 1554.,
909 2476 984 2502 1557.
1008 2478 1129 2506 praefixa

217 2518 281 2539 suut
295 2514 349 2539 Cic.
368 2515 451 2537 verba
469 2512 508 2544 (ς.
523 2515 574 2541 1.);
593 2515 673 2544 Quod
689 2513 744 2539 tihi
762 2519 827 2537 non.

184 2568 232 2594 80)
251 2565 383 2593 noluerit]
414 2565 453 2587 sic
482 2567 555 2588 recte
583 2565 666 2588 Editt.
689 2564 780 2594 1537„
806 2563 900 2593 ¹545„
925 2562 1016 2593 1546„
1043 2562 1128 2594 1560„

219 2602 313 2629 1601.;
337 2600 418 2623 Editt.
438 2599 528 2629 1540„
549 2600 638 2629 1544,‚
661 2600 750 2629 1554,
771 2598 844 2622 ¹557.
863 2597 989 2621 voluerit.

183 2652 232 2679 81)
252 2649 403 2679 δρινόιητα]
429 2650 476 2673 Ed.
498 2649 571 2672 1546.
597 2649 727 2675 dinotita:
764 2649 811 2673 Ed.
833 2648 907 2671 160¹.
937 2647 1070 2671 dinotitia.
1096 2659 1130 2664 —

220 2688 275 2710 Hm:
289 2686 475 2716 argumentum
488 2683 612 2707 exhibent
622 2683 705 2706 Editt.
716 2683 780 2707 1537
790 2683 918 2714 —1554.‚
938 2682 1023 2713 1557„
1044 2682 1130 2714 1560.‚

219 2721 291 2744 1601.
1099 2728 1101 2730 .

1148 414 1234 442 tum.

1148 460 1372 492 commendet
1388 458 1509 492 amicis
1527 458 1686 492 Caesaris
1694 458 1753 505 8²).

1153 751 1249 783 erat,
1275 744 1387 777 serius
1412 745 1599 787 legendum
1617 744 1779 777 Ciceroni
1802 744 1950 778 dederit.

1245 203 1274 249 ἓ.
1294 204 1328 239 4.
1356 207 1467 249 Auyes
1482 207 1582 238 etiam
1592 202 1665 252 ⁸²)]
1692 204 1745 237 Ab
1764 203 1923 248 exemplo
1936 199 2128 236 Ciceronis.

1143 258 1185 290 In
1211 257 1273 290 hac
1296 253 1482 303 i95t1‹r⁸³)]
1519 255 1706 289 Conclusio
1737 254 1841 289 huius
1862 254 2043 301 querelae,
2085 251 2129 284 de

1145 308 1257 339 forma
1276 306 1409 350 scripti.

1247 356 1277 402 ἓ.
1303 355 1338 391 5.
1380 359 1434 391 De
1455 359 1607 391 Asiatico
1635 354 1777 403 itinere]
1812 355 1917 389 Aliud
1945 364 2131 398 argumen-

1302 406 1540 448 Adhortatur,
1582 413 1621 441 ut
1645 408 1832 450 diligenter
1855 407 1964 452 ipsius
1990 415 2132 438 causam

1359 533 1497 567 Aliud
1532 539 1841 578 argumentum
1861 531 1919 578 8⁵).

1252 592 1365 626 Huius
1407 592 1575 636 epistolae
1617 593 1746 637 duplex
1786 599 1837 626 est.
1875 596 2137 635 argumentum.

1152 643 1334 688 Principio
1352 644 1498 687 ponitur
1516 644 1692 676 excusatio
1705 670 1714 683 ,
1743 656 1850 688 quare
1868 643 1999 675 librum
2022 652 2138 679 suum,

1153 695 1188 726 in
1220 707 1290 739 quo
1321 693 1502 727 Ciceronis
1536 700 1570 726 et
1599 694 1757 727 Caesaris
1787 694 1908 727 laudes
1936 691 2138 736 complexus

2002 742 2139 776 Deinde

1154 801 1203 828 est
1220 795 1356 838 petitio,
1385 794 1613 827 utCiceronis
1632 807 1737 838 opera
1756 808 1819 839 per
1830 795 2013 828 Caesarem
2031 803 2138 838 quam

1157 846 1310 890 primum
1328 846 1370 878 ab
1389 845 1492 878 exilio
1510 852 1706 879 revocetur.
1767 845 1915 878 Exordii
1940 846 2017 878 loco
2037 842 2140 888 poni—

1158 904 1213 929 tur
1227 896 1342 930 brevis
1359 896 1537 936 narratio,
1565 902 1597 928 et
1615 896 1829 940 propositio:
1858 896 2018 940 Ignosce,
2045 893 2143 939 quod

1158 948 1292 980 tardius
1311 947 1374 979 tihi
1390 947 1478 980 liber
1496 946 1540 980 sit
1556 948 1724 980 redditus.
1783 948 1892 980 Addit
1909 958 2050 980 causam
2066 956 2143 977 mo-

1158 1011 1235 1030 rae:
1262 998 1353 1042 Quia
1373 997 1467 1030 enim
1488 1009 1603 1030 meum
1622 998 1718 1041 prius
1744 998 1913 1042 scriptum
1941 995 2029 1030 mihi
2051 995 2144 1028 male

1160 1048 1280 1088 cessit,
1314 1060 1458 1088 vereor,
1492 1059 1536 1080 ne
1567 1045 1634 1080 hoc
1667 1061 1809 1093 quoque
1840 1049 1930 1081 male
1955 1044 2144 1090 cedat853).

1159 1100 1275 1144 Atque
1302 1097 1358 1131 liic
1384 1098 1536 1131 instituit
1563 1099 1743 1143 querelam
1773 1100 1816 1131 de
1842 1112 1903 1132 sua
1933 1097 2147 1136 calamitate,

1162 1151 1255 1195 quod
1274 1149 1428 1193 graviter
1447 1149 1620 1193 plectatur
1637 1155 1783 1193 propter
1805 1149 1987 1194 scriptum.
2036 1146 2148 1181 Addi-

1163 1208 1219 1235 tur
1237 1207 1271 1234 et
1287 1199 1515 1244 amplificatio
1535 1212 1554 1232 a
1573 1200 1761 1233 collatione
1784 1200 1867 1233 facti
1892 1201 2044 1233 aliorum
2067 1210 2147 1232 cum

1162 1264 1237 1285 suo.
1303 1250 1440 1284 Deinde
1472 1256 1522 1283 est
1556 1251 1623 1283 alia
1648 1251 1790 1296 querela
1815 1252 1857 1284 de
1877 1252 1992 1284 forma
2014 1248 2149 1294 scripti,

1164 1303 1259 1348 quod
1277 1314 1355 1334 cum
1371 1313 1444 1334 non
1459 1301 1565 1334 fuerit
1579 1301 1668 1334 liber
1684 1302 1722 1334 in
1737 1301 1922 1335 scribendo
1933 1328 1941 1343 ,
1965 1313 2040 1334 non
2057 1301 2148 1333 bene

1165 1352 1352 1387 cohaereat
1367 1351 1503 1392 oratio,
1530 1358 1563 1385 et
1580 1353 1624 1386 ob
1641 1364 1718 1386 eam
1735 1365 1876 1386 causam
1901 1365 1975 1386 non
1996 1350 2151 1385 voluerit

1165 1403 1333 1438 hactenus
1353 1401 1447 1436 hunc
1469 1402 1600 1436 librum
1627 1403 1702 1444 edi,
1737 1405 1833 1449 quod
1855 1404 1976 1437 animo
1998 1402 2150 1437 sollicito

1166 1460 1199 1487 et
1225 1453 1329 1486 anxio
1349 1454 1393 1486 sit
1417 1453 1580 1495 scriptus.
1631 1454 1732 1485 Hanc
1757 1455 1937 1497 querelam
1959 1453 2153 1496 amplificat

1166 1504 1293 1537 illustri
1309 1502 1560 1542 similitudine,
1587 1508 1621 1534 et
1636 1503 1796 1546 exemplo
1814 1503 2006 1536 Ciceronis.
2059 1502 2153 1536 Con-

1167 1555 1275 1588 clusio
1299 1553 1456 1587 continet
1478 1554 1621 1586 brevem
1644 1553 1892 1597 repetitionem
1918 1553 2084 1599 querelae
2109 1554 2153 1587 de

1167 1608 1281 1639 sorma
1296 1604 1429 1648 scripti.
1479 1604 1639 1637 Alterum
1659 1611 1906 1648 argumentum
1934 1603 2154 1639 consumitur

1169 1658 1205 1690 in
1229 1655 1283 1690 his
1305 1656 1417 1689 tribus
1443 1655 1540 1689 locis.
1597 1655 1759 1688 Primum
1780 1656 1926 1700 ponitur
1940 1656 2057 1691 brevis
2071 1667 2154 1689 nar-

1170 1709 1283 1748 ratio,
1319 1706 1483 1739 videlicet
1510 1706 1607 1751 quod
1629 1706 1714 1739 velit
1737 1707 1984 1752 obtemperare
2005 1706 2154 1741 consilio

1172 1758 1351 1793 Ciceronis
1366 1759 1409 1790 de
1424 1769 1498 1790 non
1512 1756 1767 1801 proficiscendo
1785 1757 1822 1791 in
1836 1759 1970 1792 Asiam.
2017 1758 2155 1792 Deinde

1172 1810 1331 1856 sequitur
1355 1808 1499 1853 petitio,
1540 1807 1613 1841 sive
1634 1807 1858 1850 adhortatio,
1899 1815 1940 1843 ut
1960 1809 2156 1854 diligentis-

1173 1862 1259 1896 sime
1282 1861 1421 1894 laboret
1443 1859 1537 1904 apud
1564 1858 1749 1893 Caesarem
1772 1866 1806 1893 et
1829 1861 1902 1894 eius
1924 1860 2076 1901 amicos,
2117 1865 2158 1894 ut

1175 1925 1281 1958 quam
1317 1911 1472 1956 primum
1508 1917 1625 1954 posset
1657 1911 1806 1945 restitui.
1873 1911 2043 1945 Rationes
2075 1910 2159 1945 suut

1174 1970 1335 2008 sumptae
1355 1975 1374 1995 a
1391 1960 1549 2006 possibili
1565 1973 1626 1995 seu
1643 1961 1753 2002 facili,
1786 1962 1869 1995 item
1894 1974 1913 1995 a
1938 1963 2014 1996 iure
2038 1962 2159 1995 amici-

1176 2015 1257 2049 tiae.
1307 2013 1460 2047 Additur
1476 2019 1509 2045 et
1526 2024 1629 2046 causa
1642 2038 1651 2053 ‚
1678 2025 1788 2058 quare
1805 2019 1925 2047 utatur
1940 2020 2037 2047 tanta
2052 2013 2159 2046 liber-

1177 2073 1247 2100 tate
1271 2066 1309 2098 in
1332 2065 1496 2110 petendo,
1561 2063 1748 2097 Postremo
1770 2065 1849 2098 loco
1872 2065 2019 2109 ponitur
2042 2064 2160 2098 brevis

1177 2117 1300 2163 petitio
1312 2143 1321 2158 ‚
1348 2123 1387 2150 ut
1403 2115 1439 2148 in
1455 2115 1546 2148 libro
1563 2115 1700 2148 edendo
1716 2127 1790 2148 non
1806 2115 1890 2148 velit
1904 2127 2109 2160 properare.

1428 2192 1564 2225 Aliud
1592 2198 1914 2235 argumentum.

1280 2252 1450 2287 Caecinae
1467 2251 1612 2296 epistola
1630 2251 1765 2284 erudita
1783 2257 1844 2291 est,
1865 2263 1954 2297 quae
1971 2262 2055 2296 prae
2070 2250 2161 2285 mul-

1178 2306 1221 2340 tis
1237 2304 1314 2338 aliis
1337 2303 1464 2336 merito
1487 2301 1593 2335 habet
1614 2302 1828 2346 singularem
1850 2302 1991 2336 laudem
2015 2307 2163 2347 propter

1213 2407 1261 2435 82)
1281 2406 1334 2430 Pro
1359 2404 1401 2427 his
1428 2403 1484 2427 Cic.
1509 2401 1602 2426 verbis
1626 2402 1654 2425 in
1672 2402 1755 2427 Editt.
1777 2403 1869 2434 1545.‚
1898 2402 1972 2428 ¹560.
1995 2401 2056 2426 huic
2079 2402 2162 2426 notae

1248 2440 1386 2468 adscripta
1404 2439 1466 2461 sunt
1486 2437 1690 2466 praecedentia:
1715 2438 1807 2467 Quum
1823 2439 1934 2467 potero.

1215 2476 1264 2503 83)
1282 2475 1311 2497 ln
1330 2473 1423 2496 iisdem
1441 2472 1458 2495 2
1476 2472 1560 2495 Editt.
1585 2472 1645 2495 huic
1668 2473 1750 2494 notae
1769 2471 1896 2501 apposita
1914 2471 1978 2495 sunt
1995 2469 2161 2494 anteceden-

1250 2509 1289 2532 tia
1307 2509 1405 2531 verha:
1434 2506 1484 2530 tffbi
1502 2506 1554 2529 hoc
1573 2506 1697 2529 omnium
1713 2507 1867 2536 patronus.

1216 2544 1263 2570 84)
1284 2543 1357 2566 Haec
1386 2542 1451 2563 nota
1482 2540 1509 2562 in
1540 2539 1636 2563 iisdem
1661 2540 1677 2564 2
1695 2540 1778 2563 Editt.
1803 2539 1938 2562 disiuncta
1962 2538 2006 2562 est
2029 2537 2057 2562 iu
2081 2538 2162 2562 hasce

1249 2577 1333 2600 duas:
1359 2576 1400 2599 De
1418 2574 1546 2598 Asiatico
1565 2574 1683 2603 itinere]
1700 2574 1781 2597 Aliud
1797 2574 1996 2603 argumentum.
2056 2572 2093 2597 Te
2108 2577 2163 2603 pro

1248 2617 1290 2635 me
1308 2610 1377 2640 quid
1395 2609 1508 2636 horter]
1528 2608 1711 2637 Adtiortatur‚
1736 2610 1765 2630 ut
1782 2618 1816 2623 -—
1833 2606 1927 2630 amicis
1946 2606 2088 2630 Caesaris.

1215 2645 1262 2676 85)
1282 2645 1339 2668 noc
1355 2643 1544 2673 argumentum
1562 2643 1589 2665 et
1606 2642 1658 2666 duo
1676 2640 1819 2672 sequentia
1836 2640 1863 2664 in
1881 2640 1964 2664 Editt.
1985 2640 2077 2672 1556„
2097 2639 2163 2664 1565

1248 2678 1365 2701 -1596.
1383 2676 1565 2706 reperiuntur.

1215 2714 1282 2742 85⁸)
1302 2712 1395 2741 cedat]
1413 2710 1496 2735 Editt.
1519 2710 1611 2741 1556„
1632 2710 1722 2740 1565„
1743 2708 1837 2740 156⁹„
1856 2707 1931 2733 1592.
1950 2707 2038 2733 cadat.
