2351 2990
72 107 146 145 753
212 107 350 145 XXXH.
379 108 416 146 3.
454 107 854 146 INTERPRETATIO
880 110 1143 150 ORATIONIS
1169 112 1515 150 OLYNTHIACAE
1538 113 1596 150 111.
1623 114 1977 151 DEMOSTHENIS.

65 208 121 230 res
145 195 249 242 quasi
273 196 457 243 quoddam
482 195 781 241 impedimentum
807 196 977 244 Philippo
1005 200 1067 234 ob-

66 247 275 287 iiciebatur,
301 260 342 281 ac
361 260 469 292 grave
486 248 540 282 illi
558 249 768 290 videbatur,
802 250 983 285 civitatem
1009 264 1067 284 co-

64 298 205 343 piosam
232 310 272 331 ac
297 311 466 343 magnam
491 299 563 334 suis
586 301 833 336 occasionibus
859 303 904 336 ad
928 315 983 337 res
1009 316 1067 347 ge-

64 350 195 384 rendas
220 349 293 390 uti,
336 350 547 395 praesertim
571 353 758 387 nobiscum
785 354 1065 389 reconciliatam.

64 401 122 435 Ad
154 401 286 435 bellum
319 402 429 447 igitur
459 405 714 448 capessendum
747 405 981 451 impellendos
1005 418 1064 440 eos

64 451 229 487 homines
253 454 421 487 omnibus
443 455 561 488 modis
587 457 829 492 censebamus.
894 457 940 491 Et
967 459 1064 504 quod

63 511 150 539 tunc
171 504 288 538 verbis
311 505 494 539 iactabant
519 519 665 548 omnes,
706 506 774 542 hoc
798 522 894 543 nunc
917 510 1062 542 demum

64 557 392 603 quomodocunque
412 557 516 592 rebus
534 566 718 603 peractum
738 567 800 595 est.
837 561 960 607 Quare
976 561 1063 607 quid

62 615 193 648 restat,
217 608 287 641 viri
304 606 559 651 Athenienses,
595 624 667 657 quo
686 612 805 646 minus
822 612 995 647 auxilium
1014 613 1063 645 fe-

62 672 203 699 ramus,
233 666 267 693 et
291 660 427 694 viribus
451 668 485 694 et
509 661 639 696 animis
664 664 825 708 paratis?
877 664 954 708 Ego
977 676 1062 698 sane

62 710 153 745 nihil
169 711 287 745 video.
340 712 432 746 Nam
460 720 715 760 praeterquam
742 716 839 761 quod
862 715 1061 759 ignominia

61 764 240 810 quaedam
260 776 324 797 vos
340 770 520 808 expectat,
547 765 576 799 si
601 766 804 801 omissiores
827 768 873 800 ad
899 779 955 800 res
982 779 1062 811 per-

61 815 261 861 sequendas
277 816 423 856 fiamus,
450 828 495 849 ne
512 823 647 851 metum
664 818 808 864 quidem
826 830 979 863 parvum
1003 831 1062 852 eo—

61 879 142 901 rum
160 867 285 906 video,
320 867 389 900 viri
405 866 660 909 Athenienses,
689 882 780 915 quae
798 876 879 914 post
897 867 984 902 haec
1009 882 1062 904 se-

62 925 187 953 cutura
205 925 300 952 sunt.
352 918 497 952 Affectis
514 932 596 963 erga
623 932 707 960 nos,
745 922 929 966 quomodo
954 921 1062 961 scitis,

61 968 266 1009 Thebanis,
306 969 551 1003 deficientibus
584 978 704 1005 autem
728 972 902 1016 pecunia,
946 985 1060 1018 eoque

61 1020 164 1068 quasi
190 1021 462 1065 desperantibus
484 1019 749 1063 Phocensibus,
782 1024 937 1070 denique
960 1024 1059 1058 nullo

60 1084 245 1119 quoquam
267 1072 375 1106 etiam
398 1073 591 1108 obsistente
608 1072 800 1120 Philippo,
835 1082 960 1120 utpote
984 1088 1060 1109 cae-

59 1124 144 1159 teris
158 1125 265 1159 rebus
281 1125 435 1158 subactis
454 1131 561 1171 atque
585 1126 810 1171 compositis,
847 1140 918 1173 quo
941 1128 1060 1161 minus

58 1177 104 1210 ad
121 1174 187 1210 has
204 1188 261 1210 res
280 1177 514 1221 capessendas
531 1177 691 1211 animum
708 1178 866 1213 inducat.
910 1180 957 1213 At
974 1191 1059 1212 vero

59 1228 90 1263 si
111 1227 190 1274 quis
208 1234 387 1268 vestrum,
415 1229 502 1262 dum
529 1226 617 1262 haec
640 1230 747 1269 fiant,
784 1230 983 1263 differenda
1006 1243 1059 1271 ea,

61 1292 152 1327 quae
170 1291 265 1313 nunc
280 1280 444 1312 facienda
464 1286 586 1321 erant,
615 1281 811 1322 existimat,
844 1282 945 1315 illum
961 1283 1060 1327 equi-

59 1334 140 1367 dem
164 1343 206 1365 eo
233 1331 308 1376 ipse
333 1331 455 1364 animo
481 1343 555 1365 esse
578 1338 686 1377 puto,
720 1339 759 1366 ut
784 1345 826 1366 ex
851 1333 1058 1379 propinquo

58 1384 217 1430 aspicere
232 1383 328 1416 mala
348 1396 387 1416 ea
413 1383 554 1427 cupiat,
590 1395 683 1429 quae
707 1384 792 1417 alibi
817 1385 910 1417 facta
933 1385 1058 1418 audire

59 1436 207 1475 licebat,
235 1441 271 1468 et
287 1434 417 1468 auxilia
440 1434 508 1468 sibi
533 1434 676 1468 aliunde
704 1448 932 1480 comparare,
966 1448 1058 1482 quae

59 1489 135 1534 ipse
149 1498 246 1521 nunc
262 1485 341 1520 aliis
356 1487 448 1520 ferre
465 1492 620 1531 poterat.
680 1486 773 1521 Nam
800 1489 898 1533 quod
923 1500 964 1521 eo
989 1488 1058 1521 loci

58 1553 116 1575 res
132 1545 283 1573 ventura
302 1538 366 1579 sit,
390 1538 420 1572 si
438 1544 663 1582 praesentem
689 1539 915 1573 occasionem
937 1539 1060 1585 prodi-

59 1591 240 1631 derimus,
282 1590 546 1635 propemodum
578 1602 702 1624 omnes
724 1591 798 1624 fere
822 1604 888 1625 nos
916 1592 1059 1625 scimus.

59 1645 107 1679 At
124 1643 221 1690 quod
238 1642 402 1676 auxiliari
426 1642 571 1688 quidem
589 1642 799 1683 conveniat,
833 1643 973 1689 inquiet
996 1643 1060 1676 ali-

61 1696 160 1742 quis,
201 1707 385 1728 censemus
411 1706 556 1734 omnes,
598 1700 631 1727 et
665 1694 701 1727 id
730 1695 845 1728 facere
882 1695 1058 1740 cupimus,

60 1748 122 1783 sed
146 1747 182 1780 id
210 1747 305 1780 unde
332 1752 394 1779 aut
426 1746 631 1791 quomodo,
674 1747 794 1781 edoce.
862 1747 916 1781 Ne
950 1747 1059 1791 igitur

60 1798 264 1838 miremini,
297 1798 366 1830 viri
382 1795 618 1831 Athenienses
630 1824 638 1838 ‚
674 1798 702 1831 si
721 1799 807 1844 quid
823 1805 965 1843 praeter
983 1799 1059 1843 opi-

60 1852 207 1885 nionem
226 1857 260 1883 et
276 1849 560 1894 expectationem
579 1850 776 1883 multorum
803 1850 939 1885 dixero.
992 1850 1060 1883 Le-

61 1904 245 1948 gislatores
270 1902 371 1936 vobis
396 1901 638 1936 constituendi
669 1908 770 1942 sunt,
803 1915 878 1935 non
913 1902 1058 1948 quidem

61 1967 127 2000 per
144 1967 234 2001 quos
249 1954 364 1998 legem
381 1954 493 1987 ullam
508 1960 694 1998 praeterea
718 1954 857 1993 feratis;
893 1967 977 1987 nam
1003 1967 1060 1988 ea-

61 2019 143 2041 rum
164 2006 305 2040 abunde
324 2006 426 2040 vobis
445 2011 517 2045 est,
546 2006 607 2038 sed
624 2012 663 2039 ut
681 2018 739 2039 eas
752 2033 761 2045 ,
796 2019 887 2051 quae
905 2006 1006 2040 vobis
1024 2006 1060 2040 in

60 2058 263 2104 praesentia
279 2058 410 2091 obsunt
426 2070 466 2091 ac
481 2063 632 2097 nocent,
658 2058 848 2101 abrogetis.
890 2058 980 2091 Dico
999 2070 1061 2092 au-

60 2116 134 2143 tem
167 2121 244 2150 eas,
289 2121 381 2155 quae
411 2110 454 2143 de
484 2106 652 2143 theatrali
675 2109 825 2155 pecunia
851 2110 945 2143 latae
967 2117 1061 2151 sunt,

60 2174 209 2207 prorsus
228 2173 371 2201 omnes;
399 2161 527 2195 deinde
546 2168 581 2195 et
600 2174 726 2196 earum
745 2163 918 2208 quasdam
931 2189 940 2204 ,
968 2174 1061 2208 quae

60 2215 104 2247 de
120 2226 158 2247 re
175 2213 323 2247 militari
340 2213 577 2259 praecipiunt.
629 2214 794 2259 Quarum
812 2214 894 2247 illae
915 2215 1060 2261 quidem

60 2266 255 2299 militarem
277 2266 469 2311 pecuniam
493 2265 557 2306 iis,
591 2266 653 2312 qui
674 2266 773 2300 domi
794 2273 961 2307 manent,
994 2279 1060 2311 pro

62 2315 232 2351 theatrali
254 2317 493 2358 distribuunt,
528 2315 595 2351 hae
621 2325 740 2352 autem
765 2332 846 2359 eos,
882 2319 944 2365 qui
968 2318 1062 2351 mili-

60 2369 149 2402 tiam
166 2370 377 2410 detrectant,
402 2370 548 2414 impune
565 2369 764 2411 dimittunt,
789 2384 902 2417 eoque
921 2377 955 2404 et
970 2371 1062 2411 illos,

62 2421 124 2467 qui
149 2432 210 2461 ea,
246 2433 337 2466 quae
360 2422 547 2460 convenit,
580 2422 708 2456 facturi
731 2430 854 2464 erant,
882 2423 1062 2467 segniores

63 2473 231 2507 efficiunt.
284 2472 357 2506 Has
376 2473 485 2517 igitur
501 2480 691 2520 postquam
708 2475 905 2516 solveritis,
933 2475 1062 2508 deinde

63 2531 97 2558 et
112 2525 208 2558 viam
227 2525 272 2557 ad
294 2524 485 2558 dicendum
510 2537 571 2565 ea,
607 2538 698 2572 quae
722 2528 824 2561 vobis
849 2527 984 2572 optima
1010 2527 1063 2560 su-

61 2582 142 2610 tura
160 2577 250 2617 sint,
275 2582 390 2610 tutam
414 2577 587 2617 feceritis,
620 2584 696 2612 tum
720 2580 865 2614 demum
890 2578 1063 2625 quaerite,

61 2628 124 2673 qui
140 2640 240 2669 eam,
268 2641 378 2675 quam
404 2629 506 2662 vobis
531 2630 698 2674 prodesse
721 2632 816 2666 scitis
834 2644 977 2671 omnes,
1006 2643 1064 2664 ro-

63 2679 243 2723 gationem
263 2681 367 2715 ferat.
427 2681 645 2727 Priusquam
662 2683 756 2716 enim
774 2681 861 2717 haec
881 2685 989 2723 fiant,
1017 2695 1062 2715 ne

64 2744 170 2777 quem
181 2732 356 2776 spectetis,
386 2733 447 2779 qui
467 2746 547 2766 cum
562 2746 629 2778 pro
646 2735 748 2769 vobis
767 2736 904 2780 optima
921 2734 1063 2775 dixerit,

118 2788 302 2820 MELANTH.
328 2790 436 2822 open.
461 2790 546 2821 Voti.
570 2791 677 2822 xvn.

2045 114 2120 151 754

1122 212 1141 233 a
1171 201 1273 235 vobis
1297 208 1420 246 postea
1444 201 1561 246 perire
1584 201 1688 242 velit,
1731 202 1943 246 praesertim
1971 203 2116 248 quando

1119 249 1188 286 hoc
1203 265 1317 286 unum
1334 266 1376 287 ex
1392 265 1432 286 ea
1450 265 1487 286 re
1513 260 1785 287 consecuturum
1811 254 1873 295 sit,
1908 260 1949 288 ut
1971 254 2019 295 is,
2055 254 2117 300 qui

1119 303 1189 336 tale
1206 304 1342 349 aliquid
1362 304 1491 338 dixerit
1513 317 1553 337 ac
1577 305 1747 345 suaserit,
1784 305 1858 349 ipse
1882 305 2025 351 quidem
2050 306 2118 340 sibi

1120 355 1255 389 malum
1272 355 1419 401 aliquod
1439 356 1521 389 inde
1540 356 1734 390 immerens
1750 358 1901 396 referat,
1933 358 2041 391 rebus
2052 370 2114 392 au-

1119 413 1189 439 tem
1209 419 1283 440 non
1308 409 1416 441 modo
1442 405 1533 440 nihil
1556 409 1689 452 prosit,
1725 409 1785 442 sed
1814 414 1848 441 et
1872 408 1909 441 iu
1931 415 2113 453 posterum

1117 459 1230 491 multo
1249 458 1356 492 etiam
1380 471 1488 505 quam
1517 472 1612 492 nunc
1638 460 1684 492 ad
1710 460 1900 493 dicendum
1928 473 1988 500 ea,
2024 473 2115 506 quae

1117 516 1200 543 sunt
1217 510 1352 554 optima
1365 537 1373 550 ,
1403 517 1560 544 caeteros
1577 511 1776 545 timidiores
1791 512 1928 545 reddat.
1979 512 2031 545 Ac
2047 512 2115 545 sol-

1117 573 1199 594 vere
1219 561 1364 606 quidem
1380 559 1444 595 has
1462 562 1576 605 leges,
1607 563 1676 595 viri
1690 561 1946 603 Athenienses,
1973 576 2033 597 eos
2052 576 2115 608 po-

1116 612 1293 646 tissimum
1309 610 1448 646 hortari
1475 613 1631 654 debetis,
1665 614 1727 659 qui
1752 614 1817 659 ipsi
1843 615 1920 649 illas
1944 615 2115 648 tulerunt.

1116 663 1240 709 Neque
1258 664 1353 697 enim
1371 677 1527 710 aequum
1549 671 1619 705 est,
1648 677 1724 697 eam
1746 666 1917 710 gratiam,
1947 678 2039 711 quae
2062 673 2114 699 to-

1115 721 1189 747 tam
1213 715 1471 760 rempublicam
1492 716 1638 757 asssixit,
1676 718 1769 761 apud
1797 717 1894 757 illos,
1937 718 2000 763 qui
2022 718 2114 762 leges

1115 766 1192 800 illas
1210 768 1381 807 tulerunt,
1408 780 1615 806 remanere3
1645 768 1767 801 odium
1785 775 1917 807 autem,
1935 782 1999 813 per
2016 771 2113 815 quod

1116 831 1240 852 omnes
1272 819 1399 852 melius
1428 817 1561 852 hahere
1598 832 1800 864 possemus,
1841 820 1892 860 ci,
1935 821 1997 866 qui
2019 833 2114 854 nunc

1116 869 1252 914 optima
1287 871 1458 911 suaserit,
1499 871 1536 904 in
1560 883 1713 915 poenam
1742 884 1780 904 ac
1805 873 1956 904 multam
1983 873 2113 905 redun-

1115 922 1212 955 dare.
1253 922 1322 955 Sed
1337 928 1459 955 tamen
1478 922 1689 968 priusquam
1708 921 1794 956 haec
1812 923 1878 956 rite
1896 924 2114 957 constituan-

1115 979 1185 1013 tur,
1211 974 1394 1007 neminem
1412 974 1541 1014 velitis,
1563 972 1890 1013 viriAthenienses,
1914 975 1986 1008 ullo
2005 976 2113 1009 modo

1114 1025 1209 1069 apud
1226 1038 1289 1058 vos
1305 1025 1397 1058 tanti
1414 1023 1559 1066 haberi,
1587 1026 1649 1071 qui
1670 1026 1764 1071 leges
1786 1024 1850 1060 has
1875 1033 2114 1071 transgressus

1114 1076 1247 1110 inultus
1265 1077 1370 1109 abeat
1382 1104 1391 1117 ,
1418 1089 1535 1123 neque
1552 1077 1659 1110 etiam
1679 1090 1898 1124 quemquam
1916 1078 1962 1111 ita
1980 1078 2114 1123 incogi-

1114 1134 1250 1161 tantem
1275 1141 1366 1169 esse,
1393 1135 1433 1161 ut
1455 1141 1490 1162 se
1515 1129 1632 1174 ipsum
1658 1129 1696 1162 in
1722 1130 1950 1164 manifestum
1976 1130 2113 1174 pericu-

1113 1180 1187 1212 lum
1205 1185 1311 1226 atque
1330 1180 1522 1214 discrimen
1547 1180 1724 1215 coniiciat.
1786 1180 1861 1214 lam
1886 1194 1970 1215 vero
1997 1194 2114 1228 neque

1114 1231 1202 1265 illud
1218 1231 1386 1275 ignorare
1405 1245 1466 1266 vos
1485 1233 1606 1273 decet,
1632 1233 1707 1277 ¹viri
1726 1230 1980 1273 Athenienses,
2016 1235 2114 1279 quod

1113 1283 1251 1316 nullutn
1269 1284 1449 1317 decretum
1467 1284 1574 1318 ullitis
1590 1284 1696 1329 pretii
1711 1286 1940 1325 censendum,
1968 1285 2025 1318 cui
2038 1297 2114 1318 non

1114 1334 1257 1367 affuerit
1274 1335 1439 1369 voluntas
1459 1342 1596 1376 vestra,
1624 1348 1682 1376 ea,
1711 1349 1803 1382 quae
1820 1336 1949 1381 placita
1969 1337 2115 1377 suerint,

1112 1392 1279 1430 prompte
1295 1386 1462 1420 faciendi.
1515 1387 1607 1421 Nam
1623 1388 1653 1421 si
1666 1389 1741 1432 ipsa
1760 1401 1824 1433 per
1846 1401 1882 1422 se
1905 1389 2044 1422 decreta
2072 1401 2114 1421 eo

1113 1437 1294 1478 valerent,
1322 1444 1362 1470 ut
1380 1438 1436 1470 vel
1451 1450 1516 1471 nos
1534 1446 1714 1482 cogerent,
1743 1452 1796 1480 ea,
1825 1452 1915 1485 quae
1933 1440 2114 1481 convenit,

1111 1489 1247 1529 facere,
1275 1489 1332 1521 vel
1348 1489 1421 1529 illa,
1444 1490 1486 1522 de
1505 1489 1634 1535 quibus
1650 1491 1934 1535 perscribuntur,
1949 1491 2113 1525 faciendo

1113 1539 1305 1585 compleri,
1347 1553 1464 1587 neque
1488 1554 1551 1575 vos
1576 1539 1768 1583 hactenus,
1806 1555 1885 1576 cum
1910 1543 2024 1577 multa
2054 1545 2115 1577 de-

1113 1592 1317 1633 creveritis,
1345 1605 1475 1637 parum
1494 1599 1556 1627 aut
1571 1591 1662 1627 nihil
1687 1595 1806 1639 potius
1832 1606 1956 1628 eorum
1981 1596 2114 1629 facere-

1113 1644 1178 1684 tis,
1211 1656 1329 1690 neque
1346 1642 1537 1689 Philippus
1562 1651 1662 1679 tanto
1689 1647 1760 1679 iam
1786 1653 1946 1690 tempore
1972 1647 2114 1682 iniuriis

1112 1708 1176 1729 vos
1199 1696 1390 1737 affecisset,
1425 1698 1485 1730 sed
1508 1697 1579 1730 iam
1612 1697 1697 1731 olim
1719 1699 1944 1732 decretorum
1968 1698 2114 1745 quidem

1113 1748 1171 1780 ille
1192 1748 1304 1791 gratia
1331 1760 1467 1793 poenas
1491 1749 1657 1783 dedisset.
1710 1749 1846 1783 Verum
1873 1750 1976 1783 aliter
2000 1763 2036 1785 se
2057 1763 2114 1785 res

1112 1797 1231 1833 habet.
1267 1799 1359 1834 Nam
1377 1806 1416 1833 ut
1432 1801 1568 1840 facere,
1598 1814 1705 1846 quam
1723 1802 1840 1834 dicere
1856 1807 1962 1847 atque
1978 1802 2114 1843 iubere,

1113 1851 1290 1896 posterius
1318 1852 1444 1885 ordine
1468 1858 1538 1892 est,
1580 1853 1629 1885 ita
1660 1865 1803 1887 rursum
1830 1853 1928 1897 prius
1951 1854 2113 1898 potentia

1113 1916 1153 1936 ac
1171 1903 1291 1948 potius
1311 1910 1374 1937 est.
1428 1903 1503 1936 Hoc
1521 1904 1629 1948 igitur
1653 1906 1820 1938 accedere
1845 1911 2008 1949 oportet,
2037 1918 2113 1939 cae-

1114 1962 1187 1988 tera
1209 1955 1279 1988 iam
1299 1961 1381 1988 ante
1401 1955 1567 1989 existunt.
1621 1956 1713 1990 Nam
1734 1963 1767 1990 et
1784 1957 1903 1989 dicere
1926 1969 1986 1997 ea,
2020 1970 2113 2003 quae

1114 2007 1300 2047 convenit,
1331 2008 1427 2052 apud
1444 2020 1526 2048 vos,
1555 2007 1623 2040 viri
1639 2006 1894 2047 Athenienses,
1922 2015 2024 2049 sunt,
2052 2009 2116 2055 qui

1113 2065 1281 2104 possunt,
1311 2065 1344 2092 et
1361 2071 1424 2092 vos
1451 2072 1530 2093 cum
1557 2060 1698 2100 omnia,
1734 2072 1825 2105 quae
1849 2059 1942 2093 dicta
1968 2061 2114 2101 fuerint,

1114 2111 1316 2145 acutissime
1333 2110 1531 2144 diiudicare
1548 2111 1709 2156 possitis,
1745 2111 1852 2145 etiam
1874 2112 1988 2145 facere
2013 2120 2112 2158 pote-

1113 2162 1191 2196 ritis
1208 2175 1324 2204 nunc,
1347 2163 1375 2197 si
1395 2175 1469 2196 rem
1489 2170 1582 2196 recte
1601 2163 1742 2207 geratis.
1786 2163 1895 2209 Quod
1912 2165 2006 2197 enim
2024 2171 2113 2198 tem-

1114 2228 1192 2260 pus,
1209 2214 1278 2248 viri
1288 2213 1535 2255 Athenienses,
1560 2222 1621 2248 aut
1637 2227 1744 2261 quam
1763 2216 1985 2249 occasionem
2004 2229 2112 2262 quae-

1114 2266 1192 2301 ritis
1215 2264 1282 2300 hac
1304 2274 1490 2312 praesente
1516 2266 1731 2301 meliorem?
1791 2266 1865 2300 Aut
1887 2268 2031 2312 quando
2058 2280 2113 2309 ea,

1115 2331 1206 2365 quae
1224 2319 1404 2360 convenit,
1431 2319 1580 2359 facietis,
1608 2319 1637 2353 si
1653 2331 1749 2353 nunc
1766 2331 1841 2352 non
1859 2318 2019 2353 facietis?
2054 2320 2113 2353 An

1115 2383 1189 2404 non
1207 2371 1329 2404 omnia
1346 2371 1526 2416 praesidia
1555 2384 1594 2404 ac
1619 2371 1842 2404 munimenta
1867 2377 1983 2404 vestra
2010 2384 2114 2406 occu-

1114 2423 1214 2468 pavit
1236 2422 1346 2457 homo
1369 2422 1459 2457 iste?
1521 2422 1630 2468 Quod
1660 2422 1689 2456 si
1711 2428 1830 2455 autem
1854 2428 1888 2455 et
1913 2420 2019 2457 huius
2042 2423 2114 2457 loci

1115 2474 1250 2520 potitus
1265 2475 1391 2516 fuerit,
1420 2474 1581 2507 omnium
1602 2474 1806 2519 turpissima
1823 2473 2015 2518 patiemur.
2055 2475 2113 2509 An

1115 2539 1190 2560 11011
1208 2527 1245 2568 ii,
1271 2540 1374 2573 quos,
1400 2526 1429 2560 si
1447 2526 1514 2571 ipsi
1530 2526 1608 2560 aliis
1626 2526 1760 2559 bellum
1777 2526 1963 2567 inferrent,
1990 2540 2112 2572 prom·

1115 2585 1174 2624 pte
1199 2579 1322 2613 iuvare
1353 2585 1459 2623 atque
1483 2590 1626 2612 servare
1649 2578 1919 2623 polliceremur,
1958 2579 2002 2612 ab
2036 2580 2114 2614 aliis

1116 2643 1212 2664 nunc
1227 2631 1320 2664 bello
1339 2629 1577 2675 premuntur?
1628 2631 1686 2664 An
1709 2642 1784 2664 non
1808 2628 1922 2664 hostis
1946 2630 2029 2664 ille?
2066 2644 2113 2664 an

1117 2695 1191 2715 non
1207 2696 1299 2729 quae
1318 2689 1434 2716 vestra
1452 2687 1552 2722 sunt,
1589 2681 1708 2716 tenet?
1741 2694 1787 2715 an
1816 2694 1890 2715 non
1914 2683 2114 2717 barbarus?

1117 2747 1164 2768 an
1186 2747 1259 2768 non
1284 2735 1438 2780 denique
1463 2733 1636 2780 quicquid
1661 2733 1730 2768 dici
1754 2732 1896 2779 potest?
1956 2734 2025 2768 Sed
2049 2747 2115 2781 per

1548 2786 1595 2820 48
