2351 2990
138 101 214 137 545

136 188 276 223 Deinde
307 190 470 236 sequitur
501 191 714 235 approbatio
744 192 882 226 consilii
906 193 949 226 de
982 193 1127 237 naviga-

134 240 250 281 tione,
285 242 404 274 addita
430 253 493 275 sua
519 243 706 277 sententia.
776 242 817 277 In
840 244 909 276 fine
935 249 986 277 est
1008 244 1125 278 brevis

133 289 359 333 adhortatio,
386 299 425 325 ut
445 292 633 336 diligenter
651 300 750 328 curet
769 295 1021 329 valetudinem.

256 377 582 422 Argumentum
612 379 842 424 epistolae
870 378 995 425 IV.¹3).

230 445 381 479 Brevem
401 446 560 480 continet
579 447 873 492 significationem
893 461 977 482 suae
996 447 1123 482 sollici-

129 496 262 529 tudinis
284 502 318 529 et
343 497 586 541 profectionis.
636 498 833 532 Exordium
858 506 908 532 est
932 500 1120 543 figuratum

127 545 319 593 ἀδυνάτῳ.
362 547 532 581 Narratio
551 550 668 584 brevis
685 557 735 584 est
753 551 795 583 de
811 562 872 584 sua
890 551 1122 594 profectione.

124 595 165 629 In
183 598 251 630 fine
266 598 414 642 ponitur
431 597 656 643 adhortatio,
691 608 730 636 ut
751 601 915 646 inprimis
938 609 1036 636 curet
1061 613 1120 634 va-

124 647 332 683 letudinem.

372 723 511 759 Aliud
542 734 868 770 argumentum.

223 790 421 826 Exordium
445 794 489 826 ab
511 794 640 827 affectu
664 801 697 827 et
721 795 898 828 scribendi
922 794 1117 838 voluptate.

122 840 292 886 Sequitur
309 843 469 877 narratio
485 845 602 878 brevis
622 846 663 877 de
679 857 740 878 sua
757 846 990 890 profectione.
1030 844 1117 889 Epi-

123 891 222 935 logus
242 891 350 927 hahet
366 893 729 929 adhortatiunculam.

256 977 582 1023 Argumentum
613 979 839 1025 epistolae
867 979 978 1025 V.¹⁴).

222 1043 320 1078 Idem
344 1046 502 1079 continet
524 1054 787 1090 argumentum.
853 1046 1037 1090 Principio
1064 1051 1114 1078 est

119 1095 279 1128 narratio
298 1097 340 1130 de
357 1109 418 1130 sua
435 1098 666 1141 profectione.
719 1097 858 1131 Deinde
880 1098 1028 1142 ponitur
1053 1097 1114 1129 ad-

119 1141 277 1180 hortatio
288 1173 297 1188 ,
323 1153 364 1181 ut
378 1148 544 1192 inprimis
559 1146 690 1182 habeat
706 1161 827 1183 curam
848 1148 1073 1182 valetudinis.

362 1224 498 1259 Aliud
524 1232 852 1273 argumentum.

220 1290 390 1325 Narratio
414 1291 456 1324 de
481 1303 544 1324 suo
563 1291 701 1325 itinere.
755 1291 924 1337 Sequitur
944 1289 1112 1325 adhorta-

118 1339 169 1373 tio
181 1367 190 1382 ‚
217 1347 258 1375 ut
276 1341 463 1386 diligenter
482 1348 580 1375 curet
596 1343 848 1376 valetudinem.

245 1427 573 1470 Argumentum
601 1428 833 1472 epistolae
856 1424 983 1472 VI.¹⁵).

220 1492 454 1528 Narrationes
472 1495 591 1528 variae
604 1495 661 1540 16).

339 1569 472 1603 Aliud
501 1577 821 1614 argumentum
839 1570 896 1616 ¹⁷).

222 1635 320 1670 Idem
337 1635 395 1670 hic
411 1637 550 1681 agitur,
574 1638 670 1683 quod
689 1638 726 1671 in
745 1637 1000 1682 superioribus.
1056 1636 1112 1669 Ci-

121 1699 202 1721 ceto
231 1688 324 1721 enim
347 1689 572 1721 familiariter
593 1690 762 1722 admonet
778 1689 971 1729 Tironem,
998 1694 1037 1722 ut
1054 1700 1113 1720 va-

120 1739 287 1772 letudinis
307 1751 428 1772 curam
443 1737 573 1772 habeat
585 1766 594 1779 ‚
622 1746 727 1785 atque
745 1740 793 1772 ita
811 1739 1039 1773 mediocriter
1057 1751 1112 1771 ra—

120 1789 217 1822 tione
237 1797 271 1822 et
287 1790 446 1834 expensis
464 1797 603 1830 utatur,
632 1803 703 1836 quo
728 1802 834 1836 quam
855 1792 1011 1835 primum
1030 1802 1112 1822 con-

123 1841 292 1879 valescat;
330 1841 457 1874 deinde
476 1854 520 1874 ne
545 1841 806 1875 inconsiderate
825 1854 860 1875 se
880 1842 999 1874 itineri
1018 1854 1112 1873 com-

121 1891 241 1925 mittat
267 1892 403 1926 viribus
428 1894 591 1926 nondum
614 1893 663 1925 ita
689 1893 924 1937 recuperatis,
967 1899 1006 1925 ut
1037 1904 1113 1924 mo-

120 1942 239 1976 lestias
269 1949 519 1988 tempestatum
559 1950 593 1977 et
630 1944 901 1989 navigationum
941 1943 1112 1977 sustinere

120 2001 242 2037 possit.

375 2071 512 2106 Aliud
540 2078 867 2116 argumentum.

227 2138 469 2183 Responsoria
495 2146 546 2174 est
563 2146 728 2173 constans
750 2140 916 2173 brevibus
937 2138 1114 2171 narratio-

124 2188 247 2230 nibus,
276 2203 366 2235 quae
385 2203 507 2224 omnes
523 2204 564 2225 eo
583 2191 782 2236 pertinent,
814 2198 852 2224 ut
868 2190 995 2235 probet
1012 2201 1113 2223 suam

162 2289 208 2318 13)
227 2290 301 2314 naec
325 2291 442 2321 epistola
467 2292 534 2316 Non
559 2299 629 2324 queo
654 2294 705 2316 etc.
730 2292 758 2316 in
783 2292 833 2317 Ed.
855 2292 940 2316 Orell.
967 2292 1010 2314 est
1029 2290 1061 2315 11.
1080 2301 1115 2307 -—

195 2324 283 2347 Huius
313 2326 448 2355 epistotae
477 2329 504 2349 et
535 2327 677 2357 sequentis
702 2327 763 2350 bina
788 2327 952 2356 argumenta.
978 2326 1005 2348 in
1030 2325 1113 2348 Editt.

197 2359 289 2389 1556„
323 2361 389 2383 1565
404 2361 524 2384 -1596,
552 2362 747 2389 inveniuntur;
784 2361 869 2384 Editt.
902 2360 966 2384 1537
981 2360 1115 2386 —1554.‚

198 2393 287 2423 1552,
310 2394 400 2422 1560,,
423 2395 496 2419 1601.
525 2402 610 2424 neque
636 2396 797 2425 argumenta
822 2401 910 2425 neque
931 2393 1035 2418 scholia
1055 2394 1115 2416 Me-

194 2427 335 2451 lauthonis
354 2429 380 2451 in
400 2429 449 2451 aas
465 2428 603 2458 epistolas
623 2431 756 2453 exhibent.

162 2470 303 2528 ugsffffic
329 2471 446 2501 epistota
473 2471 535 2496 Nos
559 2473 637 2503 apud
659 2473 792 2501 Alyziam
820 2474 872 2497 etc.
902 2471 931 2495 in
956 2471 1004 2495 Ed.
1030 2469 1116 2495 Orelt.

164 2547 212 2575 ¹5)
232 2549 305 2605 Ηῗξῐε
330 2548 447 2578 epistota
469 2548 557 2573 Varie
579 2555 642 2573 sum
668 2547 793 2581 affectus
820 2549 870 2572 etc.
900 2547 927 2572 in
952 2548 1002 2572 Ed.
1031 2546 1118 2571 oren.

197 2584 242 2605 est
301 2599 307 2604 .

164 2624 211 2653 16)
231 2625 288 2647 Hoc
302 2626 491 2654 argumentum
504 2624 582 2648 solae
597 2625 679 2650 Editt.
693 2625 783 2656 ¹5³7„
804 2626 877 2650 1545.
889 2643 896 2655 ,
919 2626 992 2649 1560.
1012 2625 1118 2647 habeut.

165 2667 212 2694 17)
233 2668 291 2690 floc
309 2670 498 2698 argumentum
518 2670 545 2691 et
564 2668 615 2691 duo
636 2668 778 2697 sequentia
796 2668 823 2692 iu
838 2669 922 2692 Editt.
939 2668 1011 2692 1556.
1025 2685 1033 2697 ,
1056 2665 1121 2690 1565

200 2702 317 2725 -1596,
336 2703 521 2732 reptriuntur.

133 2742 314 2774 Mummi.
339 2744 445 2776 Ormi.
470 2745 552 2775 Vor.
576 2743 682 2775 xvn.

292 102 413 140 XXIII.
459 103 768 140 ARGUMENTA
788 105 853 141 ET
873 105 1077 141 SCHOLIA
1098 106 1147 141 IN
1170 103 1318 140 EPIST.
1334 105 1363 139 F
1365 104 1446 141 AM.
1471 105 1555 142 ClC.
1580 105 1667 143 LlB.
1687 109 1775 145 XVI.
1798 111 1867 148 ΕΡ,
1888 115 1904 148 1
1917 135 1965 141 -
1978 116 2012 151 9.

2097 117 2170 153 546

1177 190 1452 225 sollicitudinem
1470 205 1536 237 pro
1556 194 1758 229 valetudine
1775 196 1904 234 liberti.
1948 201 2010 235 His
2026 203 2169 237 additur

1178 239 1402 280 adhortatio,
1448 243 1566 276 addita
1595 247 1829 289 repetitione,
1863 257 1901 283 ut
1929 254 2165 288 valetudinem

1177 305 1277 325 suam
1302 294 1571 337 diligentissime
1597 303 1705 332 curet.

1430 370 1564 404 Aliud
1594 382 1918 417 argumentum.

1277 435 1528 477 Narrationes,
1565 439 1600 471 in
1628 441 1754 485 quihus
1780 444 1923 486 exponit
1945 457 2045 479 suam
2072 450 2166 482 solli-

1176 485 1368 520 citudinem
1390 501 1454 532 pro
1480 489 1614 523 Tirone
1640 498 1673 524 et
1698 492 1795 536 signa
1825 496 1968 529 amoris,
2027 498 2163 533 Deinde

1174 538 1335 582 sequitur
1352 537 1574 580 adhortatio,
1603 547 1641 574 ut
1667 544 1772 577 nullis
1796 557 1944 587 parcens
1966 551 2164 593 sumptibus

1175 588 1361 631 diligenter
1379 597 1477 623 curet
1494 591 1745 628 valetudinem.
1789 594 2019 632 intersertum
2037 608 2088 634 est
2104 605 2163 635 ad-

1173 637 1372 673 hortationi
1389 641 1575 674 consilium
1596 644 1637 675 de
1655 644 1870 679 instituenda
1887 649 2126 693 navigatione.

1291 733 1617 778 Argumentum
1648 739 1873 782 epistolae
1901 741 2042 791 Vll.¹⁸).

1273 799 1434 844 Epistola
1459 809 1509 836 est
1532 802 1792 841 adhortatoria.
1840 808 2035 845 Exordium
2054 817 2161 849 sumi-

1171 855 1229 882 tur
1250 862 1267 883 a
1288 863 1391 885 causa
1411 865 1472 886 seu
1490 858 1744 890 consuetudine
1762 859 1950 894 scribendi.
1993 863 2161 909 Sequitur

1171 899 1394 943 adhortatio,
1422 910 1461 937 ut
1479 905 1718 940 valetudinem
1736 916 1846 949 curet,
1874 917 1907 944 et
1923 914 2061 957 saepius
2078 919 2161 950 scri-

1168 952 1239 986 bat.
1273 951 1313 985 In
1331 955 1399 987 fine
1416 962 1467 989 est
1482 957 1648 1001 repetitio
1665 957 1927 996 adhortationis
1942 964 1984 996 de
2004 970 2157 1002 curanda

1169 1004 1382 1040 valetudine.

1411 1080 1547 1115 Aliud
1583 1091 1906 1127 argumentum.

1267 1146 1463 1181 Exordiinn
1485 1149 1528 1181 ab
1547 1151 1730 1184 occasione
1750 1152 1938 1189 scribendi.
1993 1156 2160 1204 Sequitur

1167 1195 1370 1232 adhortatio
1388 1201 1430 1232 de
1457 1201 1659 1235 valetudine
1685 1205 1860 1244 curanda,
1896 1213 1929 1239 et
1954 1207 1995 1240 de
2017 1211 2156 1246 ratione

1166 1247 1328 1283 habenda
1350 1251 1600 1294 navigationis.

1277 1343 1609 1388 Argumentum
1639 1345 1861 1389 epistolae
1890 1349 2048 1397 V111.¹⁹)‚

1269 1410 1486 1454 Significatio
1504 1417 1554 1444 est
1571 1411 1759 1454 singularis
1779 1414 1944 1449 desiderii
1962 1430 2002 1451 ac
2028 1421 2157 1455 sollici-

1168 1461 1319 1501 tudinis,
1363 1462 1482 1494 addita
1506 1462 1752 1495 admonitione
1777 1466 1819 1497 de
1846 1466 1989 1502 vitanda
2012 1472 2157 1516 naviga-

1167 1511 1275 1545 tione.
1327 1511 1424 1545 Loco
1445 1513 1581 1545 exordii
1604 1513 1751 1557 ponitur
1772 1518 1971 1560 propositio
1997 1528 2029 1554 et
2054 1535 2157 1557 causa

1166 1563 1413 1597 sollicitudinis
1446 1577 1485 1596 ac
1519 1564 1696 1598 desiderii.
1765 1567 1934 1612 Sequitur
1958 1573 2156 1608 admonitio

1165 1627 1227 1647 seu
1257 1615 1463 1654 consilium,
1509 1622 1548 1648 ut
1576 1613 1643 1648 hoc
1668 1622 1827 1660 tempore
1860 1632 2087 1667 nequaquam
2122 1638 2157 1659 se

1167 1666 1365 1698 committat
1382 1666 1615 1710 navigationi.
1671 1667 1778 1700 Ratio
1800 1670 1953 1704 sumitur
1978 1674 2022 1706 ab
2047 1675 2157 1719 ipsius

1167 1717 1368 1750 valetudine
1387 1724 1420 1750 et
1445 1718 1637 1751 autoritate
1654 1717 1855 1763 Euripidis,
1892 1723 2013 1757 addita
2035 1725 2157 1760 lauda—

1166 1768 1262 1801 tione
1281 1768 1389 1802 totius
1406 1769 1523 1813 operis
1541 1766 1645 1803 huius
1662 1776 1800 1814 poetae.

1414 1846 1551 1878 Aliud
1586 1853 1913 1890 argumentum.

1268 1912 1437 1946 Narratio
1462 1914 1505 1945 de
1531 1913 1766 1946 sollicitudine
1791 1927 1857 1958 pro
1877 1915 2078 1952 valetudine
2097 1920 2157 1953 Ti-

1167 1962 1276 1996 tonis.
1341 1963 1510 2008 Sequitur
1534 1962 1756 2004 adhortatio,
1795 1977 1863 2010 qua
1888 1968 2075 2010 admonet,
2111 1984 2155 2005 ne

1167 2013 1328 2047 instituat
1351 2014 1519 2057 navigare
1546 2027 1609 2058 per
1634 2012 1806 2056 hiemem,
1847 2024 2037 2062 propterea
2060 2025 2157 2066 quod

1166 2065 1276 2108 frigus
1294 2065 1394 2098 valde
1410 2072 1537 2099 noceat
1554 2066 1762 2100 macilentis.
1815 2067 1922 2101 Ratio
1939 2078 2081 2116 sumpta
2105 2081 2155 2108 est

1167 2117 1210 2149 ab
1228 2116 1432 2150 autoritate.
1467 2117 1636 2161 Epilogus
1654 2115 1760 2151 habet
1774 2119 1996 2162 petitionem,
2012 2129 2049 2155 ut
2066 2124 2154 2158 bene

1166 2169 1308 2200 firmato
1326 2180 1476 2212 corpore
1496 2169 1611 2201 redire
1628 2180 1735 2214 quam
1753 2169 1909 2213 primum
1929 2173 2078 2208 studeat.

1321 2259 1506 2294 Scholia
1533 2262 1576 2294 in
1606 2261 1851 2306 epistolam
1880 2261 2004 2308 1X.²⁰).

1272 2327 1302 2373 ᾗ.
1322 2331 1354 2363 1.
1382 2333 1453 2364 IVos
1469 2343 1489 2363 a
1506 2328 1558 2378 te]
1587 2329 1787 2373 Descriptio
1806 2329 1954 2364 itineris.

1205 2440 1251 2467 18)
1271 2440 1345 2463 Haec
1367 2439 1484 2470 epistola
1503 2438 1630 2464 Tertiam
1650 2437 1689 2461 ad
1714 2438 1741 2462 te
1766 2437 1839 2461 hanc
1865 2440 1915 2462 etc.
1943 2438 1970 2462 in
1997 2439 2045 2463 Ed.
2068 2441 2154 2466 Orati,

1239 2476 1282 2498 est
1302 2474 1348 2498 Vt.
1366 2486 1401 2491 ·-
1446 2474 1534 2496 Huius
1555 2473 1688 2502 epistolae
1707 2474 1734 2495 et
1753 2473 1895 2501 sequentis
1915 2473 1977 2496 bina
1995 2478 2156 2504 argumenta

1238 2509 1265 2532 iu
1289 2508 1373 2531 Edttt.
1393 2507 1484 2535 1556.,
1513 2507 1579 2530 1565
1602 2506 1714 2530 -1596,
1739 2505 1908 2535 affer-nutum
1942 2507 2027 2531 Editt.
2049 2509 2155 2533 1537—

1240 2543 1327 2573 ¹554„
1349 2542 1433 2569 1557„
1455 2541 1543 2570 1560.‚
1566 2541 1638 2564 mot.
1660 2546 1746 2570 neque
1763 2542 1927 2570 argumenta
1946 2547 2031 2571 neque
2050 2544 2154 2568 scholia

1240 2577 1318 2600 huius
1335 2576 1458 2600 auctoris
1477 2575 1505 2598 in
1524 2578 1666 2604 utramque
1686 2574 1829 2603 epistotam
1849 2575 1984 2600 exhibent.

1207 2620 1253 2648 19)
1273 2620 1346 2643 Haec
1364 2618 1481 2648 epistola.
1499 2617 1626 2648 Magnae
1639 2617 1721 2641 nobis
1739 2618 1781 2641 est
1801 2619 1852 2642 etc.
1874 2617 1955 2641 etiam
1969 2618 1995 2640 iu
2010 2618 2058 2641 Ed.
2072 2619 2158 2644 Oren,

1242 2656 1341 2677 octavo
1360 2653 1422 2676 loco
1441 2654 1484 2675 est
1503 2652 1646 2675 collocata.

1206 2697 1256 2726 2⁰)
1278 2697 1350 2720 Haeo
1367 2694 1482 2726 epistota
1499 2694 1561 2719 Nos
1574 2701 1593 2718 a
1605 2695 1635 2718 te
1647 2694 1698 2718 etc.
1719 2693 1745 2718 in
1758 2694 1807 2719 Ed.
1823 2694 1906 2718 orell.
1929 2700 2033 2725 quoque
2052 2697 2094 2719 est
2109 2696 2155 2721 lx.

1617 2727 1666 2763 35
