2294 2975
142 115 212 150 301

143 202 251 234 modo
276 202 321 234 ad
344 201 473 234 bellum
501 201 588 233 illud
613 200 649 233 in
666 200 837 245 Hispania
867 207 1004 234 motum
1029 213 1132 233 vene·

140 252 286 298 rint72),
314 253 351 285 in
369 263 437 297 qua
457 263 494 284 re
520 253 712 285 admodum
739 252 878 296 mitigat
902 264 1026 285 eorum
1052 264 1131 296 pec—

140 309 277 343 catum,
305 304 399 349 quod
414 314 512 335 arma
530 309 654 335 contra
667 303 853 337 Caesarem
869 302 992 347 sint⁷³)
1011 303 1130 337 secuti.

138 354 307 400 Sequitur
337 353 534 398 propositio
561 354 746 388 continens
771 354 1130 388 commendationem.

137 405 328 438 Adduntur
346 411 380 437 et
396 404 551 438 rationes
568 406 824 449 propositionis
843 412 1003 450 sumptae
1023 418 1041 438 a
1068 418 1128 439 sua

139 463 173 489 et
190 456 320 501 Leptae
340 468 502 499 persona.
557 456 746 490 Conclusio
770 457 927 490 continet
949 456 1129 501 repetitio-

138 519 219 540 nem
243 506 509 551 propositionis.
570 505 609 539 In
628 509 696 541 fine
716 508 859 541 additur
878 514 1129 552 argumentum

137 559 179 591 de
205 559 346 590 illorum
370 557 615 598 facultatibus,
643 560 738 604 quod
757 559 918 592 videlicet
934 559 1128 592 mediocres

137 615 276 642 tantum
295 608 384 648 sint,
414 615 447 641 et
465 608 593 642 iterum
611 617 733 643 monet
747 623 810 654 per
831 612 1011 656 quandam
1039 610 1128 653 peti-

135 660 288 700 tionem,
316 666 354 692 ut
371 672 430 693 eos
454 657 582 693 habeat
607 662 993 701 commendatissimm,
1023 666 1056 693 et
1074 672 1128 693 re-

134 711 248 746 ditum
266 724 285 744 a
303 710 452 744 Caesare
466 711 644 755 impetret.

379 795 516 828 Aliud
546 802 870 839 argumentum.

235 863 396 907 Epistola
441 870 492 896 est
534 863 826 896 commendaticia
873 869 906 895 et
947 863 1125 907 petitoria.

134 915 371 948 Commendat
388 914 481 946 enim
501 920 534 946 ct
550 915 737 947 intercedit
752 927 817 958 pro
837 914 974 947 duobus
986 914 1126 948 Calenis

134 965 308 999 Suberino
333 971 367 997 et
391 965 537 1004 Planio,
581 965 642 1010 qui
675 966 909 998 interfuerant
937 965 1124 1009 repentino

133 1017 225 1049 bello
245 1016 281 1048 in
299 1015 469 1059 Hispania
495 1022 675 1049 commoto
704 1029 722 1048 a
743 1016 892 1060 Scapula
918 1016 991 1048 face
1011 1016 1126 1049 omnis

132 1067 334 1106 seditionis,
371 1073 405 1099 et
427 1068 635 1099 confirmato
663 1073 784 1110 postea
811 1079 830 1099 a
856 1067 926 1099 filio
950 1067 1124 1112 Pompeii.

132 1118 245 1152 Simul
262 1123 382 1160 rogat,
409 1123 448 1150 ut
465 1117 617 1150 reditum
644 1118 711 1151 illis
735 1119 830 1162 apud
849 1117 1036 1151 Caesarem
1061 1119 1125 1151 im-

130 1175 256 1214 petret.
308 1168 432 1201 Primo
450 1168 528 1201 loco
547 1168 694 1212 ponitur
710 1168 890 1208 narratio,
927 1181 1018 1214 quae
1043 1182 1125 1202 con-

131 1227 201 1254 stat
216 1219 404 1253 artificiosa
423 1219 667 1259 excusatione,
696 1221 792 1264 quod
810 1220 880 1253 sint
897 1221 1006 1253 secuti
1018 1221 1125 1253 Pom-

130 1271 202 1316 peii
226 1277 355 1315 partes.
415 1269 554 1302 Deinde
577 1277 629 1303 est
651 1271 871 1314 propositio,
905 1283 995 1315 quae
1018 1269 1125 1304 habet

129 1323 309 1366 ingentem
319 1321 365 1367 7³)
385 1322 745 1355 commendationem.
799 1321 970 1355 Rationes
993 1334 1125 1366 propo-

130 1373 268 1407 sitionis
283 1379 472 1406 sumuntur
488 1385 505 1405 a
522 1384 583 1405 sua
606 1379 639 1405 et
655 1372 789 1416 Leptae
811 1385 976 1417 persona.
1031 1373 1124 1406 Con-

130 1424 239 1458 clusio
264 1421 371 1456 habet
392 1423 642 1467 repetitionem
667 1424 941 1468 propositionis,
978 1430 1011 1456 et
1037 1424 1124 1468 peti-

130 1476 284 1514 tionem,
324 1480 364 1507 nt
394 1473 462 1507 illis
495 1475 633 1508 duobus
658 1475 813 1508 reditum
847 1475 1029 1514 conficiat,
1072 1475 1124 1507 in-

130 1533 223 1560 serto
233 1525 279 1571 75)
295 1532 505 1569 argumento
521 1527 562 1558 de
582 1526 741 1570 ipsorum
757 1526 995 1560 facultatibus.

376 1602 514 1635 Aliud
547 1609 874 1646 argumentum.

231 1669 400 1705 Narratio
423 1677 473 1702 est
497 1671 539 1702 de
557 1670 732 1702 Suberino
749 1677 781 1702 et
794 1670 921 1702 Planio
937 1671 1123 1703 familiari-

129 1725 213 1763 bus,
255 1721 317 1767 qui
338 1727 417 1765 post
439 1720 615 1753 devictum
639 1721 826 1753 Afranium
853 1721 890 1753 in
913 1721 1121 1766 Hispaniam

129 1773 370 1817 confugientes
387 1771 575 1815 repentino
591 1772 683 1803 bello
703 1772 861 1815 oppressi
881 1780 992 1806 erant.
1033 1774 1123 1808 Nur-

128 1826 306 1859 rationem
324 1824 485 1868 sequitur
502 1823 777 1856 commendatio,
822 1822 959 1856 Deinde
976 1825 1123 1868 ponitur

128 1875 347 1922 propositio,
389 1886 450 1907 scu
473 1873 619 1918 petitio,
662 1880 701 1906 ut
729 1886 787 1907 eos
810 1874 972 1915 adiuvet,
1008 1881 1042 1908 et
1066 1877 1123 1908 det

130 1940 296 1974 operam,
325 1938 396 1971 quo
413 1925 656 1959 restituantur.

344 2002 479 2035 Aliud
508 2006 827 2045 argumentum
841 2000 899 2046 ⁷⁶).

233 2071 296 2105 Est
312 2070 458 2114 epistola
477 2068 769 2102 commendaticia
782 2095 790 2108 ,
819 2080 891 2100 non
912 2069 953 2101 de
970 2068 1029 2101 illo
1047 2069 1122 2102 vul-

131 2123 207 2168 gari
226 2134 375 2167 genere,
403 2122 462 2155 sed
480 2120 651 2165 singulari
677 2131 760 2153 cura
784 2125 817 2151 et
841 2120 1021 2163 diligentia
1040 2120 1123 2153 scri-

129 2182 202 2220 pta.
263 2173 484 2217 Deprecatnr
508 2179 625 2206 autem
650 2184 716 2216 pro
743 2170 954 2216 quibusdam
981 2172 1123 2204 calami-

130 2227 216 2261 tosis
230 2224 364 2257 civibus
379 2223 535 2264 Calenis,
565 2223 643 2268 qui,
671 2223 768 2268 quod
786 2222 822 2254 in
841 2222 1012 2266 Hispania
1040 2234 1123 2255 con-

129 2284 184 2311 tra
208 2276 395 2310 Caesarem
426 2287 525 2307 arma
557 2280 758 2319 gesserant,
798 2273 836 2306 in
871 2274 976 2306 exilio
1010 2281 1122 2308 erant.

128 2329 221 2363 Orat
246 2327 372 2371 igitur,
407 2332 446 2359 ut
461 2325 644 2359 Dolabella
669 2325 738 2359 illis
760 2324 902 2358 veniam
929 2337 947 2357 a
972 2325 1122 2359 Caesare

127 2381 314 2424 impetret,
342 2383 374 2410 et
392 2378 544 2410 reditum
562 2377 598 2409 in
616 2376 769 2421 patriam
789 2376 964 2410 conficiat.

164 2482 214 2510 72)
233 2479 375 2507 venerint]
395 2477 435 2501 sic
452 2478 528 2500 recte
548 2477 597 2501 Ed.
614 2477 705 2508 1556.;
730 2477 814 2500 Editt.
832 2476 918 2508 1565„
940 2476 1025 2506 1569„
1046 2476 1121 2500 1592.

164 2515 308 2586 Ἀζεὲἰῖιΐῑῗ
323 2555 363 2578 sic
382 2554 430 2579 Ed.
451 2553 544 2582 1556.;
569 2552 652 2576 Editt.
669 2553 760 2584 1565.,
783 2553 874 2584 1569.,
895 2552 970 2576 1592.
988 2554 1060 2577 sunt.

165 2601 214 2629 74)
234 2598 387 2629 ingentem]
407 2596 454 2620 Ed.
480 2595 553 2619 1569.
571 2595 657 2618 male:
682 2594 711 2618 in
728 2597 846 2626 gentem.

165 2644 214 2671 75)
232 2641 350 2670 inserto]
369 2639 409 2664 sic
426 2638 512 2663 Editt.
528 2637 620 2669 1565„
641 2637 732 2669 1569„
752 2639 844 2669 1592.;
868 2638 918 2663 Ed.
939 2638 1014 2662 1556.
1033 2638 1122 2662 inter-

162 2679 289 2750 73εὲἓέ
307 2716 499 2749 argumentum
518 2713 621 2745 legitur
637 2713 666 2738 in
683 2713 767 2740 Editt.
790 2714 898 2740 1565-
909 2715 983 2740 1596,

280 113 400 149 XXIII.
436 114 745 149 ARGUMENTA
770 114 835 149 ET
862 112 1064 148 SCHOLIA
1091 113 1138 149 IN
1165 114 1312 151 EPIST.
1336 117 1448 152 FAM.
1477 117 1560 152 ClC.
1587 115 1749 152 Llss.1x.
1775 116 1846 151 ΕΡ.
1867 116 2040 152 11—14.

2102 116 2177 152 302

1350 201 1534 236 Scholia
1571 203 1615 236 in
1650 202 1892 247 epistolam
1921 202 2012 236 XIV.

1289 277 1318 323 ἓ.
1346 281 1378 314 1.
1422 283 1497 314 Etsi
1527 277 1716 327 contentus]
1759 279 1960 313 Gratulatio
1992 285 2044 312 est
2072 277 2175 311 initio

1183 330 1331 374 figurata
1348 331 1394 377 77)
1422 332 1666 365 translatione.
1735 330 1921 364 Transfert
1949 330 2043 363 enim
2075 329 2112 362 in
2136 341 2173 363 se

1184 389 1321 425 partem
1343 383 1479 416 consilii
1499 390 1531 416 et
1548 383 1629 415 facti
1646 382 1863 416 Dolabellae.

1288 431 1316 477 ἓ.
1333 436 1368 468 2.
1396 436 1480 468 Sum
1496 432 1669 480 em'mTS)]
1698 433 1752 466 Ab
1772 433 1945 477 exemplo.

1287 483 1316 527 ξ.
1335 485 1368 518 3.
1406 487 1447 518 L.
1470 487 1600 530 quidem
1626 482 1771 532 Caesar]
1805 484 1837 516 A
1860 482 2063 518 testimonio
2089 481 2174 515 Cae-

1182 534 1270 568 saris
1283 534 1342 579 79).

1285 584 1314 629 §-
1341 584 1375 619 4.
1417 588 1642 631 Quamquam,
1679 588 1724 619 mi
1746 584 1941 633 Dolabella]
1978 583 2174 622 Correctio,

1181 642 1286 678 negat
1311 648 1346 669 se
1374 637 1623 680 decerpturum
1650 637 1783 681 aliquid
1808 638 1850 670 de
1874 637 2038 670 laudibus
2063 634 2173 667 Dola·

1180 686 1304 720 bellae.
1384 690 1473 720 Nam
1491 700 1589 732 qaam
1605 685 1655 733 tc]
1683 688 1736 720 Ab
1752 700 1873 721 amore
1891 700 1973 732 erga
1991 687 2120 732 ipsum.

1284 735 1313 780 {-
1331 737 1364 771 6.
1400 739 1511 778 Quare
1534 740 1612 782 quid
1636 736 1704 784 est]
1736 737 1970 778 Adhortatio‚
2005 750 2084 771 cnm
2108 735 2173 769 ho-

1180 787 1325 820 norifica
1353 788 1619 832 praedicatione
1646 789 1748 829 sacti,
1789 789 1951 822 videlicet
1983 801 2000 821 a
2035 790 2104 822 fine
2139 793 2172 819 et

1181 837 1263 884 11⁸⁰)
1289 839 1456 877 consilio,
1508 851 1525 870 a
1550 840 1638 879 sine,
1685 841 1780 885 quod
1807 841 1943 884 placeat
1966 840 2071 872 etiam
2094 838 2171 870 infi-

1180 889 1245 922 mis
1264 889 1325 935 ⁸¹);
1370 903 1387 922 a
1414 889 1581 931 consilio,
1623 892 1720 935 quod
1743 891 1907 924 videlicet
1930 903 2005 923 non
2028 897 2173 929 temere,

1180 942 1241 973 sed
1260 941 1421 974 consulto
1431 940 1477 987 8”·’)
1495 953 1568 974 rem
1587 942 1785 985 perfecerit.

1470 1018 1795 1063 Argumentum
1813 1020 1871 1066 s3).

1282 1087 1439 1131 Epistola
1461 1093 1511 1119 est
1531 1087 1690 1132 longe⁸²)
1715 1088 1941 1127 sum-issima,
1978 1086 2076 1120 cuius
2103 1085 2172 1118 vir-

1179 1143 1270 1170 tutes
1303 1145 1337 1171 et
1367 1144 1576 1170 ornamenta
1609 1150 1715 1171 nemo
1747 1145 1974 1184 assequetur,
2015 1137 2083 1170 nisi
2111 1136 2171 1182 qui

1178 1189 1318 1233 saepius
1341 1200 1378 1221 ea
1398 1189 1543 1232 legenda
1563 1201 1597 1222 se
1616 1190 1820 1223 exercuerit.
1884 1190 1933 1223 Ut
1957 1195 2074 1222 autem
2101 1200 2172 1220 me-

1178 1240 1245 1273 lius
1263 1240 1411 1283 intelligi
1430 1239 1559 1283 possit,
1587 1241 1764 1285 principio
1782 1239 1930 1274 historia
1950 1239 2101 1274 tenenda
2121 1244 2170 1272 est

1178 1291 1221 1322 (le
1247 1291 1433 1323 consulatu
1450 1290 1656 1324 Dolabellae
1679 1293 1831 1336 collegae
1848 1292 2009 1325 Antonii.
2061 1289 2170 1324 Iulius

1179 1341 1308 1374 Caesar
1326 1341 1451 1386 quinto
1469 1353 1563 1373 anno
1584 1349 1663 1386 post
1682 1351 1889 1388 occupatam
1913 1342 2171 1387 rempublicam

1179 1398 1212 1425 et
1240 1393 1405 1425 omnibus
1434 1393 1643 1426 tumultibus
1666 1394 1796 1438 passim
1822 1394 2027 1439 compositis
2054 1399 2087 1426 et
2110 1405 2172 1437 op-

1177 1443 1326 1487 pressis,
1365 1456 1445 1476 cnm
1479 1443 1529 1477 M.
1558 1444 1717 1478 Antonio
1750 1448 1914 1491 quintum
1948 1445 2171 1479 consulatum

1178 1501 1254 1527 erat
1274 1494 1597 1530 administraturus.
1661 1497 1727 1529 Sed
1744 1497 1875 1531 Brutus
1894 1504 1928 1530 et
1945 1496 2084 1531 Cassius
2100 1507 2171 1529 sce-

1177 1545 1279 1578 lerati
1295 1543 1477 1585 homines,
1513 1547 1604 1579 facta
1622 1548 1886 1592 conspiratione
1902 1554 2024 1582 contra
2044 1547 2169 1580 Caesa-

1177 1609 1270 1636 rem,
1308 1595 1426 1631 Idibns
1444 1597 1583 1631 Martiis
1609 1599 1646 1631 in
1664 1599 1770 1632 Curia
1797 1613 1877 1633 eum
1904 1599 2092 1633 crudeliter
2118 1598 2170 1630 in·

1177 1649 1390 1681 terfecernnt
1415 1661 1493 1681 cum
1516 1650 1672 1683 maximo
1693 1651 1909 1695 reipublicae
1927 1650 2170 1683 incommodo.

1176 1700 1297 1744 Quare
1320 1712 1364 1732 ne
1388 1701 1607 1744 respublica,
1641 1702 1824 1735 interfecto
1843 1703 2012 1741 Caesare,
2039 1701 2171 1735 diutius

1177 1752 1279 1784 certis
1303 1752 1506 1786 consulibus
1534 1759 1687 1793 careret,
1722 1754 1763 1787 P.
1781 1754 1967 1787 Cornelius
1983 1752 2169 1786 Dolabella

1177 1815 1195 1835 a
1216 1809 1342 1836 senatu
1357 1803 1407 1836 M.
1424 1803 1583 1836 Antonio
1605 1805 1735 1849 ‘collega
1763 1807 1865 1839 datus
1882 1812 1944 1839 est.
2005 1804 2061 1837 Ad
2087 1816 2167 1837 eum

1176 1854 1296 1899 itaque
1314 1852 1371 1887 hic
1389 1855 1510 1888 scribit
1526 1855 1649 1888 Cicero
1662 1883 1670 1895 ,
1700 1863 1733 1889 et
1755 1857 1968 1890 mirabiliter
1988 1855 2171 1900 praedicat

1177 1905 1250 1937 eius
1268 1906 1419 1945 sactum,
1448 1907 1545 1951 quod
1569 1906 1605 1938 in
1631 1920 1690 1941 eos
1717 1909 1840 1942 durius
1864 1906 2169 1946 animadverterit,

1177 1956 1238 2000 qui
1271 1955 1307 1988 in
1337 1958 1460 1989 funere
1488 1950 1650 1991 Caesar'is
1681 1959 1947 1992 concitaverant
1976 1958 2166 1991 tumultum

1176 2008 1344 2040 adversus
1374 2007 1616 2041 interfectores
1649 2020 1722 2041 non
1755 2010 1962 2042 dissimilem
1990 2008 2169 2048 seditioni,

1177 2064 1209 2090 et
1225 2057 1330 2091 simul
1347 2055 1532 2098 hortatur,
1561 2065 1601 2092 ut
1622 2066 1745 2103 pergat
1769 2061 1891 2093 eadem
1916 2059 2102 2094 severitate
2129 2070 2168 2091 ac

1175 2109 1364 2153 prudentia
1393 2109 1641 2143 administrare
1668 2112 1902 2145 consulatum.
1961 2111 2084 2144 Utitur
2107 2122 2168 2143 au-

1176 2166 1246 2193 tem
1265 2159 1367 2193 initio
1385 2161 1540 2206 quodam
1561 2162 1732 2203 artificio,
1761 2164 1857 2209 quod
1881 2162 2054 2207 significat
2079 2161 2166 2194 alio-

1209 2277 1257 2307 77)
1276 2279 1410 2309 figurata]
1430 2278 1479 2303 Ed.
1500 2279 1574 2303 1544.
1597 2285 1693 2304 errore
1712 2281 1838 2311 typogr.:
1862 2280 2001 2311 fugai-ata.

1210 2322 1257 2350 78)
1278 2322 1331 2345 Pro
1356 2322 1398 2344 his
1424 2322 1479 2346 Cic.
1504 2322 1596 2345 verbis
1620 2322 1648 2346 iu
1674 2323 1756 2347 Editt.
1778 2323 1869 2354 1545„
1897 2324 1972 2347 1560.
1998 2322 2060 2347 huic
2085 2324 2167 2348 notae

1244 2356 1384 2385 adscripta
1402 2358 1467 2379 suut
1485 2357 1642 2385 sequentia:
1662 2358 1716 2381 Est
1736 2359 1831 2382 tumen
1849 2365 1916 2384 non.

1209 2399 1256 2427 79)
1277 2400 1351 2422 Haec
1369 2400 1435 2422 nota
1454 2399 1480 2422 in
1501 2399 1594 2422 iisdem
1613 2399 1630 2423 2
1649 2400 1731 2424 Editt.
1752 2400 1837 2424 deest.

1208 2441 1256 2469 80)
1275 2443 1305 2470 a]
1325 2441 1353 2464 in
1372 2441 1466 2464 iisdem
1486 2442 1502 2465 2
1520 2442 1603 2465 Editt.
1624 2442 1717 2466 omiss.

1205 2485 1482 2542 81352tga11ilnilhzrgis]
1502 2491 1542 2508 stc
1559 2485 1643 2507 Editt.
1661 2486 1867 2517 1537-1545.,
1891 2487 1981 2520 1554„
2003 2487 2094 2520 155⁷.;
2115 2488 2166 2512 lm.

1206 2561 1254 2589 82)
1274 2561 1415 2618 coiilsnlto]
1435 2560 1475 2584 sic
1488 2560 1572 2584 Editt.
1588 2561 1789 2595 15³7—1545.,
1811 2564 1896 2595 155⁴„
1918 2565 2009 2597 155⁷.;
2028 2565 2077 2590 Ed.
2093 2564 2167 2590 1560.

1241 2601 1314 2619 cousi
1332 2602 1363 2619 ιο.

1204 2638 1252 2666 83)
1278 2639 1348 2695 Ιίῐρξε
1357 2638 1547 2694 ειτξιιῖηειέίιιιη
1567 2638 1593 2661 et
1613 2637 1665 2662 duo
1685 2640 1829 2669 sequentia
1847 2641 1874 2665 in
1893 2642 1977 2669 Editt.
1995 2643 2081 2676 1556„
2100 2643 2168 2668 15⁶⁸

1241 2686 1272 2690 -
1297 2680 1314 2695 ο
1350 2690 1356 2695 .
1377 2678 1425 2694 exs
1441 2677 1473 2694 an
1491 2688 1497 2694 .

1203 2715 1253 2744 84)
1271 2714 1367 2745 longe]
1387 2713 1434 2737 Ed.
1456 2714 1531 2738 1569.
1550 2721 1645 2740 errore
1664 2717 1792 2749 typogr.:
1816 2718 1911 2750 longa.
