2351 2990
205 126 276 162 335
776 119 897 156 PHIL.

254 211 574 253 Argumentum
605 213 643 239 et
678 205 852 240 scholia
889 206 932 238 iu
969 206 1142 249 episto-

620 258 701 290 lam
731 256 787 290 vl.

609 325 769 356 oratioue
810 321 941 366 legati,
993 329 1026 356 et
1071 323 1196 357 litteris

311 325 478 361 Narratio
523 325 565 357 de

213 379 333 412 Planci
350 377 409 421 εὖ).

312 427 341 473 §-
364 429 395 461 1.
423 429 512 468 Quae
536 421 679 470 Iocutus]
707 422 903 456 Exordium
931 423 975 456 ab
1001 423 1196 457 occasione.

211 482 277 514 Sed
292 483 330 513 de.
345 476 443 523 pact]
470 477 516 509 Pr
521 475 659 508 ¹1esisio.

315 533 343 573 3.
360 531 393 563 2.
429 529 488 561 Me
510 531 617 559 aedem
643 522 793 572 impulit]
821 524 1034 569 Occupatio:
1064 524 1198 569 Quam-

212 593 270 626 qu
263 593 316 612 am
335 579 398 611 tibi
417 589 489 609 non
507 577 603 608 deest
622 576 828 616 consilium,
856 583 975 609 tamen
1001 588 1063 619 ego
1093 576 1197 608 dabo.

216 633 316 665 Crede
352 625 475 674 iyilur]
509 625 746 666 Adhortatio,
783 640 889 671 (1111111
924 627 1113 671 amplificat
1147 626 1198 657 iu—

212 678 709 713 5011111111111111118(111111110
729 677 860 721 adiung
849 678 933 717 ito,
960 690 1044 710 nam
1063 677 1198 721 11110(1111

215 730 366 764 honores
385 729 436 762 tui
454 740 527 761 11011
545 735 649 761 erunt
665 728 737 761 veri
760 726 925 762 honores.

315 780 344 824 ἓ.
369 781 402 814 3.
440 782 532 814 Ilaec
561 777 671 826 si³⁶)]
706 779 894 812 Conclusio
927 776 1198 811 adhortationis.

211 835 301 866 Haec
316 828 495 876 impulsus]
523 830 730 869 Excusatio,
754 831 851 874 quod
875 829 988 862 videri
1012 829 1123 873 possit
1146 841 1199 863 se-

211 883 326 916 xerius
344 881 533 925 scripsisse.

433 964 568 997 Aliud
597 970 911 1007 argumentum
925 963 983 1008 ³⁷).

317 1032 378 1065 Est
393 1031 497 1074 script
503 1043 520 1062 a
538 1028 623 1063 haec
639 1030 805 1074 epistola,
831 1042 909 1062 cum
921 1029 1098 1062 Antonius
1108 1028 1197 1062 Bru-

216 1092 311 1118 tum.
340 1083 399 1128 qui
418 1082 571 1115 Galliam
590 1081 759 1114 Celticam
783 1093 824 1113 ex
847 1080 1037 1113 autoritate
1057 1086 1197 1113 senatus

214 1136 372 1173 tenebat,
402 1132 560 1165 Mutinae
586 1132 789 1165 obsedisset.
843 1131 935 1176 Quia
959 1131 1053 1164 enim
1077 1143 1197 1174 respu-

213 1186 300 1218 blica
335 1184 473 1218 sublato
498 1183 646 1216 Caesare
673 1183 773 1228 quasi
798 1183 1034 1225 gubernatore
1060 1183 1195 1226 privata

216 1237 310 1269 varie
333 1235 562 1273 turbabatur,
589 1234 766 1267 Antonius
784 1234 937 1266 Galliam
961 1233 1196 1276 provinciam,

219 1288 253 1320 in
278 1300 345 1332 qua
372 1286 559 1318 Caesarem
583 1285 631 1318 sic
655 1285 803 1318 crevisse
828 1285 988 1324 videbat,
1022 1283 1134 1316 Bruto
1150 1283 1196 1328 3⁸)

216 1339 350 1382 eripere
368 1342 514 1369 conatus
533 1343 601 1376 est,
628 1342 667 1368 ut
689 1348 752 1379 per
774 1347 851 1368 eam
879 1334 1100 1367 occasionem
1122 1334 1196 1378 ipse

216 1401 357 1435 quoque
390 1393 569 1420 c1.esceret
640 1386 684 1418 Et
710 1385 861 1419 h.111eb¹1t
885 1392 958 1418 tum
982 1385 1134 1418 Plancus
1160 1385 1196 1417 in

216 1439 496 1483 110111111111111101
518 1437 693 1481 legiones,
726 1438 784 1469 sed
803 1450 834 1468 m
841 1436 927 1468 aluit
945 1448 1022 1468 cum
1038 1435 1196 1468 Antonio

216 1503 335 1535 pacem
361 1490 524 1532 1110ὸο10,
566 1500 671 1533 (1111111
696 1487 802 1520 armis
825 1499 903 1519 eum
929 1487 1077 1530 pellere,
1118 1499 1196 1519 cum

217 1542 338 1574 Cicero
363 1552 403 1572 ex
426 1546 566 1573 senatus
588 1538 815 1584 50111011111139)
841 1538 1056 1577 Α111011111111,
1102 1538 1198 1582 quod

216 1605 313 1625 arma
343 1592 519 1634 deponere
545 1590 673 1629 nollet,
716 1587 851 1621 hostem
884 1589 1080 1621 iudicasset.
1146 1588 1198 1622 Ne

215 1650 332 1676 autem
352 1642 528 1674 Antonius
549 1647 715 1685 occupata
734 1640 820 1672 urbe
839 1640 940 1672 Bruti
961 1639 1114 1682 legiones
1132 1639 1198 1672 sibi

216 1694 441 1736 adiungeret,
483 1693 660 1736 Augustus
694 1692 836 1723 vixdum
866 1697 969 1723 natus
1002 1702 1113 1723 annos
1140 1691 1198 1724 10.

217 1757 284 1778 una
308 1756 386 1776 011111
404 1743 520 1775 Hirtio
549 1749 582 1775 et
602 1743 737 1782 Pansa,
772 1742 973 1776 consulibus
997 1741 1198 1784 designatis,

217 1795 277 1841 qui
296 1795 399 1827 ambo
416 1795 452 1826 in
478 1794 551 1826 acie
576 1794 798 1833 ceciderunt,
832 1792 1028 1825 Antonium
1052 1792 1197 1835 fugavit,

216 1847 371 1891 quicum
389 1858 408 1877 a
425 1845 551 1889 Lepidi
577 1845 728 1878 exercitu
753 1845 903 1887 benigue
928 1850 1016 1876 esset
1037 1849 1198 1887 acceptus

216 1903 309 1941 (erat
334 1897 427 1929 enim
452 1897 489 1928 in
512 1908 640 1939 magna
665 1896 760 1939 apud
784 1895 912 1929 milites
937 1894 1087 1940 gratia),
1125 1906 1194 1927 una

215 1961 291 1980 011111
304 1947 437 1991 Lepido
453 1947 664 1980 restauravit
680 1947 822 1980 bellum.
864 1945 1112 1990 lbiAugustus,
1137 1945 1197 1990 qui

214 2005 354 2032 senatus
373 1999 597 2031 autoritatem
617 1995 785 2030 hactenus
803 2004 940 2030 secutus
955 2002 1041 2035 erat,
1064 2009 1099 2030 se
1117 2009 1195 2029 cum

213 2050 260 2081 eis
277 2050 458 2082 coniunxit
474 2055 595 2081 contra
614 2055 794 2087 senatum,
831 2054 864 2080 et
884 2048 1049 2092 iiiito-⁶⁵⁹³)
1072 2047 1196 2080 trium-

216 2101 348 2139 viratu,
391 2100 594 2143 proscriptis
626 2097 881 2132 honestissimis
911 2098 1062 2138 civibus,
1104 2098 1197 2130 inter

213 2164 300 2196 quos
317 2151 439 2184 Cicero
456 2150 591 2194 primus
608 2150 691 2190 fuit,
715 2150 779 2183 soli
798 2150 1050 2194 rempublicam
1075 2155 1195 2181 tenue-

214 2208 305 2241 runt,
334 2203 444 2234 donec
464 2201 549 2234 ortis
566 2201 668 2233 novis
686 2201 808 2240 turbis,
834 2199 968 2244 Lepido
986 2206 1020 2232 et
1036 2199 1194 2232 Antonio

213 2253 385 2295 oppressis
410 2253 504 2286 solus
528 2252 705 2295 Augustus
736 2251 887 2295 imperio
919 2250 1105 2297 potitusw)
1132 2256 1193 2284 est.

243 2369 291 2396 35)
312 2370 367 2392 Hoc
384 2369 571 2397 argumentum
586 2365 987 2394 habentEditt.15³7—1545.‚
1007 2363 1091 2396 1554„
1109 2365 1193 2397 1557.)

242 2436 290 2463 36)
311 2436 363 2459 Pro
389 2436 429 2457 his
459 2435 513 2458 (Tic.
539 2434 631 2458 verbis
657 2433 683 2457 in
702 2434 784 2458 Editt.
808 2434 899 2458 1545..

276 2469 413 2498 adscripta
433 2472 475 2492 est
495 2469 659 2492 antecedens
678 2475 747 2492 vox:
775 2468 928 2492 Postremo.

241 2504 289 2532 ³7)
310 2504 365 2526 Hoc
383 2505 571 2529 argumentum
591 2505 617 2525 et
637 2503 688 2527 duo
707 2503 850 2533 sequentia
869 2502 896 2525 in
915 2501 1000 2525 Editt.
1023 2501 1106 2532 ¹556„
1127 2501 1192 2524 ¹565

280 2537 391 2559 -1596,
411 2537 592 2559 inveniuntur.

248 2573 296 2599 ³8)
317 2572 413 2597 Bruto]
434 2571 480 2593 hd.
499 2570 570 2593 157¹.
591 2577 687 2594 errore
705 2572 834 2600 qimai-‚z
860 2572 950 2594 Burto.

243 2607 289 2634 39)
309 2607 419 2627 senatus
438 2604 589 2632 sententia]
609 2605 648 2627 sic
669 2605 750 2629 ΕΔΜ.
778 2605 868 2634 1565.,
896 2604 987 2634 lan,
1015 2604 1104 2632 1596.;
1140 2604 1188 2628 Ed.

277 2639 350 2663 1556.
370 2638 508 2660 sententia
527 2639 647 2660 senatus.

238 2674 304 2699 39³)
326 2672 406 2699 inito]
426 2671 509 2694 Editt*
529 2672 612 2695 1556..
635 2671 706 2695 1571.
727 2678 823 2696 errore
841 2675 967 2702 typogrs

239 2709 286 2735 40)
306 2707 423 2737 potitus]
443 2705 490 2728 Ed.
514 2705 587 2728 1571.
608 2711 703 2729 errore
722 2708 848 2736 typogr.:
874 2707 973 2736 potius.

929 2433 1002 2457 1560.
1027 2433 1086 2456 huic
1112 2436 1194 2456 notae

994 2671 1077 2696 initio.

933 119 1043 155 MEL.
1078 119 1278 155 SCRIPTA
1312 119 1646 157 PHILOLOGICA.

2155 125 2231 161 336

1246 206 1369 240 Cicero
1389 207 1495 251 igitur
1511 208 1547 241 in
1562 206 1629 242 hac
1649 207 1796 253 epistola
1813 207 1985 242 Plancum
2008 210 2091 244 satis
2116 211 2232 254 gravi-

1247 264 1300 290 ter
1316 257 1560 302 reprehendit,
1587 261 1684 305 quod
1702 271 1824 304 pacem
1843 272 1921 292 cum
1941 271 2002 300 eo,
2039 261 2098 306 qui
2122 260 2234 295 hostis

1248 308 1420 343 iudicatus
1438 316 1537 350 esset,
1552 310 1767 355 iungendam
1784 311 1960 351 suaderet,
1980 317 2014 344 et
2029 323 2102 344 non
2115 312 2233 356 potius

1249 360 1293 392 ad
1312 360 1586 404 opprimendum
1604 373 1682 395 eum
1702 367 1986 402 converteretur,
2015 374 2054 395 ac
2069 360 2234 396 hortatur

1251 410 1295 443 ad
1311 411 1454 444 saniora
1473 412 1630 446 consilia.
1671 412 1866 457 Dispositio
1885 413 2052 457 epistolae
2068 411 2154 446 haec
2170 420 2233 448 est.

1250 460 1373 494 Primo
1393 467 1443 495 est
1468 463 1626 495 narratio
1652 464 1695 496 de
1723 464 1884 497 oratione
1901 463 2028 496 Furnii
2052 470 2086 497 et
2109 464 2234 497 litteris

1250 511 1391 551 Planci,
1420 525 1568 557 quarum
1591 514 1801 547 sententiam
1817 526 1890 547 non
1908 515 2094 558 approbat.
2146 514 2234 548 Sub-

1252 562 1369 596 iicitur
1387 563 1512 596 deinde
1532 562 1755 605 adhortatio,
1782 571 1820 598 ut
1839 566 2007 608 adiungat
2024 577 2058 599 se
2075 565 2235 610 partibus

1252 620 1392 647 senatus
1411 620 1442 646 et
1466 614 1699 658 reipublicae,
1737 627 1775 648 ac
1798 616 1970 649 libertatis
1993 616 2233 650 defensionem

1251 664 1439 708 suscipiat,
1465 665 1599 710 alioqui
1618 663 1771 699 honores
1788 666 1862 700 eius
1878 667 2015 700 futuros
2032 679 2106 700 non
2129 679 2232 700 veros

1252 713 1424 755 honores,
1452 716 1512 748 sed
1535 715 1658 749 inanes
1682 722 1819 749 tantum
1836 717 1972 755 titulos;
2006 717 2233 761 magistratus

1252 766 1344 798 enim
1371 778 1443 798 non
1469 766 1620 799 aliorum
1645 767 1826 811 tyrannidi
1851 767 2003 808 servire,
2044 769 2104 801 sed
2130 767 2234 812 liber-

1253 822 1358 849 tatem
1375 817 1588 861 reipublicae
1605 818 1696 850 tueri
1713 818 1852 851 debere.
1904 817 2091 851 Concludit
2107 818 2234 862 episto-

1252 867 1321 899 lam
1352 868 1451 900 brevi
1484 868 1694 911 repetitione
1726 866 2004 908 adhortationis,
2037 875 2071 901 et
2095 880 2235 902 excusa-

1252 918 1347 951 tione
1371 919 1565 951 severitatis
1585 919 1620 951 iu
1638 919 1836 952 scribendo.
1897 918 2028 964 Estque
2052 917 2141 952 haec
2163 919 2236 963 epi-

1251 969 1360 1009 stola,
1388 976 1426 1002 ut
1445 975 1478 1014 et
1492 970 1710 1013 superiores,
1738 969 1875 1013 generis
1897 969 2068 1010 suasorii,
2094 970 2236 1014 scripta,

1252 1032 1328 1052 cum
1347 1020 1524 1053 Antonius
1544 1020 1612 1052 iam
1630 1021 1761 1053 bellum
1781 1027 1917 1064 gereret
1938 1021 1975 1053 in
1991 1020 2107 1054 Gallia
2126 1019 2236 1054 Cisal-

1251 1070 1355 1113 pina,
1398 1083 1502 1115 quam
1528 1071 1600 1114 ipse
1624 1078 1747 1103 contra
1772 1071 1863 1114 leges
1886 1071 2108 1115 provinciam
2135 1083 2235 1104 occu-

1251 1127 1407 1164 paverat.

1495 1187 1631 1220 Aliud
1660 1194 1986 1231 argumentum.

1351 1247 1527 1280 Antonius
1547 1259 1624 1280 cum
1645 1247 1821 1280 obsideret
1837 1247 1997 1280 Mutinae
2012 1246 2056 1280 D.
2070 1246 2236 1288 Brutum,

1249 1304 1288 1330 ut
1316 1309 1356 1330 eo
1381 1310 1548 1342 oppresso
1567 1298 1719 1330 Galliam
1743 1298 1946 1337 invaderet,
1978 1303 2012 1330 et
2035 1297 2102 1330 sibi
2120 1298 2235 1330 vindi—

1250 1347 1395 1394 caret'ss)
1408 1375 1416 1387 ,
1445 1348 1616 1381 iudicatus
1633 1354 1683 1381 est
1702 1348 1840 1392 publice
1857 1346 1966 1381 hostis
1982 1348 2198 1392 reipublicae
2213 1360 2234 1381 a

1250 1406 1374 1432 senatu
1384 1400 1443 1444 ⁴2).
1504 1399 1584 1443 Quo
1607 1399 1699 1431 sacto
1717 1399 1868 1432 Plancus
1894 1396 2126 1433 nihilominus
2150 1399 2235 1432 scri-

1250 1456 1369 1493 pserat
1387 1451 1430 1482 ad
1448 1456 1608 1482 senatum
1629 1450 1670 1482 de
1687 1450 1847 1482 facienda
1863 1462 1941 1482 cum
1959 1449 2118 1483 Antonio
2138 1461 2234 1494 pace.

1251 1500 1370 1544 Quare
1389 1500 1510 1533 Cicero
1528 1501 1714 1533 artificiose
1731 1500 1909 1543 increpat,
1943 1506 1976 1532 et
1991 1500 2092 1533 facile
2115 1512 2235 1545 repre-

1251 1549 1375 1584 hendit
1395 1551 1587 1591 Plancum,
1630 1551 1725 1596 quod
1753 1551 1789 1583 id
1811 1550 1949 1584 senatui
1975 1551 2157 1590 suasisset,
2201 1557 2234 1584 et

1251 1602 1355 1635 simul
1376 1599 1559 1641 hortatur,
1589 1608 1629 1634 ut
1651 1602 1809 1634 animum
1834 1602 1879 1634 ad
1900 1601 2156 1644 rempublicam
2176 1602 2236 1634 ad-

1251 1652 1384 1696 iungat.
1444 1652 1626 1696 Principio
1658 1659 1709 1685 est
1738 1652 1896 1684 narratio
1928 1652 1970 1684 de
1998 1651 2124 1684 Furnii
2156 1664 2235 1684 ora-

1251 1703 1346 1736 tione
1364 1715 1404 1736 ex
1419 1703 1543 1736 litteris
1553 1703 1686 1736 Planci.
1733 1703 1870 1735 Deinde
1887 1714 1951 1746 per
1967 1702 2235 1746 occupationem

1251 1754 1383 1787 accedit
1406 1755 1450 1786 ad
1472 1754 1753 1798 propositionem
1779 1751 2011 1786 hortationis:
2039 1753 2232 1797 Adiungito

1250 1811 1283 1837 te
1312 1805 1538 1849 reipublicae.
1597 1805 1719 1837 Prima
1749 1805 1842 1837 ratio
1873 1816 1913 1837 ex
1942 1804 2020 1836 loco
2053 1804 2235 1837 communi

1250 1862 1388 1900 sumpta
1409 1862 1459 1889 est
1476 1856 1518 1888 de
1535 1855 1628 1889 veris
1646 1853 1859 1892 honoribus;
1886 1855 2036 1888 secunda
2055 1855 2099 1886 ab
2117 1855 2231 1887 officio

1249 1908 1539 1950 magistratuum,
1580 1907 1676 1951 quod
1700 1913 1792 1939 recte
1814 1905 1943 1938 sentire
1966 1904 2090 1938 debeat
2112 1906 2155 1938 de
2178 1917 2233 1938 re-

1250 1958 1411 2002 publica,
1438 1964 1473 1990 et
1489 1958 1562 1990 eius
1577 1957 1776 1989 libertatem
1796 1956 1898 1989 tueri.
1951 1954 1990 1987 In
2013 1956 2153 1999 epilogo
2176 1968 2230 1989 re-

1249 2009 1337 2053 petit
1352 2014 1599 2053 argumentum
1619 2009 1661 2040 de
1680 2007 1771 2040 veris
1795 2005 2011 2045 honoribus,
2040 2013 2073 2039 et
2092 2014 2232 2040 excusat

1248 2060 1397 2093 nimiam
1414 2060 1612 2092 libertatem
1631 2058 1785 2102 apertius
1803 2057 1990 2090 scribendi.

1502 2135 1634 2168 Aliud
1662 2140 1987 2177 argumentum.

1348 2193 1506 2238 Epistola
1526 2199 1576 2226 est
1595 2190 1852 2225 adhortatoria.
1904 2190 1943 2224 In
1968 2191 2113 2225 exordio
2137 2203 2230 2224 com-

1247 2251 1423 2278 memorat
1437 2243 1572 2278 senatui
1592 2243 1745 2286 primum
1765 2243 1935 2286 placuisse
1954 2242 2112 2275 animum
2123 2241 2229 2275 Plan-

1247 2297 1278 2329 ci
1310 2308 1391 2340 erga
1422 2294 1694 2338 rempublicam;
1741 2294 1801 2327 sed
1835 2294 1969 2326 litteras
1999 2293 2227 2337 displicuisse,

1247 2359 1336 2393 quae
1361 2353 1461 2379 erant
1482 2347 1523 2378 de
1546 2357 1630 2388 pace
1653 2344 1812 2377 facienda
1839 2357 1916 2377 cum
1936 2344 2115 2384 Antonio,
2150 2356 2229 2377 cum

1244 2398 1288 2433 D.
1306 2398 1456 2431 Brutum
1474 2396 1633 2429 Mutinae
1657 2396 1833 2429 obsessum
1858 2395 2011 2429 tenebat.
2064 2394 2149 2428 Post
2173 2406 2228 2427 ex-

1245 2450 1384 2482 ordium
1419 2447 1563 2491 ponitur
1587 2447 1791 2490 occupatio,
1829 2446 1864 2478 in
1888 2458 1956 2491 qua
1979 2445 2104 2479 recitat
2130 2456 2227 2477 occa-

1277 2547 1324 2579 41)
1343 2547 1509 2576 vindicaret]
1529 2547 1593 2570 inae
1614 2547 1712 2571 mitt:
1739 2546 1904 2570 vendicaret.

1276 2590 1323 2621 42)
1345 2590 1432 2612 hostis
1457 2590 1621 2619 reipublicae
1648 2595 1664 2612 a
1689 2590 1810 2616 senatu]
1845 2587 1887 2611 sic
1909 2586 1992 2610 Editt.
2016 2586 2108 2616 ¹565.‚
2144 2586 2228 2610 1571..

1312 2624 1403 2654 1596.;
1429 2624 1478 2649 Ed.
1502 2625 1573 2647 1556.
1597 2624 1683 2647 hostis
1701 2629 1718 2646 a
1736 2625 1833 2646 senatu
1856 2621 2029 2650 reipublicae.

1275 2667 1322 2695 4³)
1341 2666 1480 2705 oratione]
1499 2667 1540 2690 sic
1557 2666 1640 2690 Editt.
1662 2665 1753 2694 1565„
1780 2664 1872 2694 1571„
1898 2663 1989 2692 1596.;
2014 2662 2063 2686 Ed.
2086 2663 2157 2687 ¹556.
2178 2669 2226 2687 oc-

1309 2705 1429 2724 caulone.
