2294 2975
107 118 174 152 147

106 202 199 247 quod
223 199 361 232 rediens
382 198 527 229 domuin
553 193 682 238 poterit
699 205 752 225 res
769 202 847 224 suas
866 199 1087 222 conservare.

107 253 144 285 ln
170 254 255 285 tine,
292 250 368 281 loco
397 246 546 291 epilogi,
581 251 631 277 cst
656 243 770 275 lii-evis
798 239 1018 280 admonitio,
1050 244 1091 272 ut

107 315 187 336 suae
207 299 368 344 dignitati
389 297 550 342 inprimis
567 295 737 327 consulat.

357 382 489 416 Aliud
518 383 840 422 argumentum.

212 451 404 485 Exordium
432 449 522 481 idem
548 453 597 479 est
623 458 700 478 cum
722 443 947 488 praecedenti
967 442 1095 486 episto-

232 500 455 545 l'mposifio,
496 509 584 542 quae
610 496 789 541 sequitur,
831 495 936 528 ctiam
961 500 1011 527 est
1036 493 1096 525 ad-

113 553 322 587 hortatoria.
374 549 509 581 Deinde
534 548 612 580 loco
638 547 818 579 rationum
841 543 1097 590 propositionis

115 610 296 648 ponuntur
321 599 652 633 consutatiunculae.
717 596 758 630 lii
779 598 846 630 sine
871 603 922 631 cst
944 595 1098 630 clausula

117 654 248 698 posita,
277 664 366 697 quae
387 650 543 683 continet
560 648 800 682 reiectionem.

113 505 157 537 la.

167 738 492 781 Argumentum
531 741 571 767 et
599 731 775 767 scholia
809 733 851 765 in
880 732 1049 777 episto-

521 786 560 818 la
571 798 605 818 in
634 784 690 818 XI.

218 853 385 888 Narratio
404 859 472 892 est,
502 864 570 897 qua
588 851 761 895 significat
777 849 966 883 Marcellus
989 859 1024 881 se
1049 858 1102 879 re-

120 906 276 939 diturum
296 905 332 936 iii
350 905 488 937 urbem.
543 902 646 935 Initio
666 908 782 935 auteni
807 908 887 945 apte
911 898 1104 942 amplificat

121 956 347 990 autoritatem
367 954 546 988 Ciceronis
562 966 624 998 per
644 953 888 986 collationem:
915 957 954 984 ut
972 950 1009 981 in
1027 947 1104 980 aliis

121 1008 242 1046 rebus,
272 1007 317 1039 ita
336 1006 390 1038 wel
408 1005 558 1038 maxime
576 1005 611 1036 iii
629 1002 696 1037 lioc
720 1003 862 1046 negotio
880 1001 975 1035 cerni
991 1010 1104 1044 posse,

123 1065 294 1104 quantuni
322 1056 483 1089 Ciceroni
506 1056 647 1088 tribuat.
700 1054 837 1086 Deinde
855 1052 1014 1098 sequitur
1031 1062 1104 1082 ain-

122 1109 288 1153 pliticatio
313 1108 416 1139 oflicii
445 1106 623 1139 Ciceronis
651 1117 668 1137 a
697 1111 873 1148 tempore,
915 1102 1010 1148 quod
1043 1099 1104 1133 tali

125 1167 283 1203 tempore
301 1160 401 1191 fidem
424 1156 648 1201 praestiterit.
695 1155 884 1188 Conclusio
902 1152 1009 1186 habet
1026 1163 1104 1184 sua-

125 1211 306 1243 vissimum
334 1206 425 1253 ἦθος
442 1208 505 1253 ⁰¹):
551 1207 638 1240 Aliis
664 1207 767 1239 rebus
786 1218 821 1238 se
846 1216 964 1237 carere
990 1213 1105 1246 posse,

125 1262 185 1294 scd
214 1274 291 1294 cuni
320 1259 446 1292 talilius
473 1258 594 1291 amicis
620 1270 655 1290 se
686 1256 915 1289 libentissime
945 1256 1104 1287 futurum

127 1324 209 1345 csse.
263 1309 466 1343 Translatio
493 1315 542 1342 est
567 1309 667 1340 valde
692 1313 840 1351 arguta,
874 1318 943 1351 qua
971 1304 1107 1336 confert

126 1375 266 1396 causam
286 1361 418 1394 reditus
434 1373 506 1393 lion
526 1360 561 1391 iii
578 1371 695 1392 rerum
707 1370 850 1391 suarum
865 1355 1106 1401 cupiditatem,

126 1415 186 1447 sed
221 1413 255 1445 in
290 1412 486 1445 amicorum
523 1409 755 1449 desitlerium,
802 1420 891 1453 quae
924 1417 1027 1440 causa
1057 1410 1107 1437 est

127 1465 239 1497 multo
257 1461 449 1497 humanior
467 1469 499 1494 et
521 1462 662 1504 dignior
677 1461 772 1492 hono
790 1459 867 1491 viro
885 1458 944 1500 ⁹²).

229 1513 258 1557 ξ.
280 1515 310 1547 1.
347 1514 534 1546 Plurimum
559 1508 715 1557 valuisse]
743 1509 939 1543 Exordium
956 1520 996 1540 ex
1014 1519 1107 1539 coui—

127 1565 336 1610 probatione
384 1563 520 1596 consilii
571 1561 760 1595 Ciceronis.
873 1562 979 1601 Quum
1025 1558 1109 1591 milei

129 1619 163 1650 C.
190 1615 389 1658 Marcellus]
423 1613 653 1647 Narrationes
682 1611 918 1645 lirexissimae.
1022 1611 1108 1643 Gra-

126 1668 242 1700 inlatio
258 1663 331 1712 lua]
357 1666 498 1705 Altera,
527 1677 605 1697 cum
623 1662 909 1707 amplificatione.

346 1748 483 1782 Aliud
511 1754 819 1792 argumentum
836 1746 894 1792 93).

229 1817 316 1850 Cum
335 1816 544 1860 impetratus
561 1822 648 1849 esset
667 1828 684 1848 a
704 1815 852 1849 Caesare
870 1812 1002 1846 reditus
1014 1812 1109 1845 Mar-

127 1869 201 1901 celli
215 1895 222 1907 ,
250 1868 337 1902 sicut
355 1880 459 1911 supra
478 1868 514 1899 in
532 1873 657 1912 quarta
684 1866 830 1910 epistola
853 1866 896 1897 ad
915 1863 1107 1907 Sulpicium

127 1919 305 1963 exposuit,
348 1919 536 1962 respondet
561 1916 626 1950 liae
655 1917 801 1961 epistola
826 1916 1033 1955 Marcellus,
1077 1921 1110 1948 et

126 1970 288 2003 Ciceroni
311 1982 376 2013 pro
400 1982 460 2003 sua
488 1981 594 2012 opera
618 1969 748 2012 gratias
772 1967 853 2011 agit.
915 1966 977 1999 list
1000 1965 1109 2009 igitur

126 2019 210 2053 liaec
236 2020 380 2065 epistola
405 2019 630 2064 responsoria
658 2019 804 2051 omnino
828 2018 987 2061 elegans,
1030 2029 1108 2050 eru-

125 2072 194 2104 dita
221 2078 252 2104 et
274 2071 412 2110 suavis,
442 2084 481 2103 ex
508 2084 576 2116 qua
601 2070 701 2102 facile
723 2076 773 2103 est
796 2068 1035 2102 conlecturam
1058 2068 1107 2101 sa-

126 2135 220 2162 cere,
247 2128 375 2167 quanta
393 2122 499 2155 suerit
524 2121 703 2165 praeditus
727 2121 890 2153 facundia
907 2119 1106 2153 Marcellus.

126 2172 382 2217 I‘iespoiidetffl)
401 2179 518 2205 autem
536 2170 601 2205 liae
617 2172 776 2215 epistola,
792 2172 857 2204 sibi
870 2171 1016 2204 omnino
1033 2170 1106 2214 pla-

126 2236 200 2256 cere
225 2224 410 2257 consilium
429 2223 629 2262 Ciceronis,
674 2223 769 2268 quod
802 2222 901 2267 sequi
929 2222 1011 2254 velit
1033 2233 1106 2254 non

125 2281 195 2307 tam
231 2275 326 2307 urbis
361 2274 536 2308 desideri0
573 2279 709 2312 motus,
750 2285 857 2318 quam
888 2273 1104 2316 optimorum

125 2325 330 2358 amicorum.
399 2325 594 2358 Exordium
620 2322 726 2357 liabet
753 2325 868 2357 locum
894 2323 1105 2356 benevolen-

126 2375 193 2408 tiae
205 2402 214 2414 ,
242 2382 360 2420 estque
378 2376 496 2409 addita
514 2375 674 2415 collatio,
703 2387 771 2420 qua
790 2374 962 2418 significat
978 2387 1012 2408 se
1029 2374 1105 2417 plu-

158 2493 206 2519 91)
226 2486 305 2521 ἦθος]
325 2490 372 2514 ed.
395 2490 466 2514 1546.
500 2491 587 2519 fithom
606 2492 655 2516 Ed.
678 2491 750 2515 1601.
772 2491 856 2514 ethos.

156 2535 507 2591 92¹)-AEoclgggumeiitmn
543 2534 640 2557 habent
671 2534 754 2558 Editt.
784 2532 991 2563 1537—1554.‚
1018 2531 1102 2556 1557..

208 2576 222 2591 ο
260 2583 282 2591 ..
371 2583 376 2588 .

155 2611 202 2635 93)
224 2611 277 2632 nnc
297 2611 483 2637 argumentum
504 2611 529 2632 et
548 2610 598 2633 duo
618 2610 760 2639 sequeutia
775 2609 801 2633 in
819 2609 901 2634 Editt.
921 2608 1016 2639 1556„
1038 2609 1103 2633 1565

191 2644 305 2667 -1596.
327 2643 507 2667 inveniuntur,

152 2686 199 2713 9⁴)
219 2685 388 2714 Respondet]
403 2684 441 2708 sic
450 2684 497 2708 Ed.
509 2684 599 2715 1555&
618 2686 701 2708 Editt.
713 2685 903 2710 1565—1577.
922 2685 1071 2715 respondit.

680 105 801 140 PHIL.
838 103 949 138 MEL.
981 98 1182 136 SCRIPTA
1215 95 1550 133 PHILOLOGICA.

2050 96 2120 131 148

1141 184 1224 219 rimi
1241 185 1354 217 facere
1373 184 1555 217 Ciceronis
1572 183 1798 217 autoritatem
1811 209 1820 224 ‚
1849 189 1883 216 et
1900 180 2127 215 vehementer

1143 236 1296 281 probare
1313 236 1399 269 illud
1416 235 1600 268 consillum
1620 236 1662 268 de
1679 235 1806 268 reditu.
1859 234 2027 279 Sequitur
2048 233 2128 266 lire-

1145 287 1196 320 vis
1211 287 1389 326 narratio,
1417 298 1486 331 qua
1503 287 1633 330 gratias
1649 286 1719 330 agit
1735 298 1801 330 pro
1819 285 2000 325 oratione,
2022 296 2130 329 quam

1146 338 1269 371 Cicero
1295 338 1338 370 ad
1365 338 1553 371 Caesarem
1588 337 1624 370 iu
1647 343 1771 371 senatu
1794 334 1918 369 habuit
1943 347 2007 380 pro
2033 335 2130 368 Mar-

1147 389 1233 421 cello
1252 388 1482 422 restituendo.
1533 388 1624 421 Huic
1650 387 1849 421 narrationi
1866 387 2008 420 additur
2033 385 2133 418 valde

1146 441 1281 472 bonum
1308 438 1452 483 mci-903,
1491 444 1524 471 et
1552 439 1649 472 locus
1674 439 1871 472 communis
1896 439 1938 471 de
1965 436 2134 476 amicitia,

1149 491 1245 536 quod
1262 489 1422 522 videlicet
1443 502 1578 523 summa
1598 490 1643 523 sit
1659 491 1822 534 voluptas
1839 489 1956 536 vivere
1976 501 2053 521 cum
2073 485 2135 520 lio—

1149 540 1355 574 nestissiiiiis
1373 547 1406 573 et
1422 540 1564 584 optimis
1581 539 1797 574 hominibus.
1855 539 1894 572 In
1910 541 1977 572 fine
1994 545 2044 572 est
2059 539 2137 571 bre-

1151 592 1202 626 vis
1219 591 1426 636 significatio
1446 597 1636 636 perpetuae
1654 591 1878 636 gratitudinis
1895 603 1960 635 pro
1980 589 2106 622 officio.

1402 666 1535 700 Aliud
1563 674 1889 712 argumentum.

1255 735 1413 779 Epistola
1434 741 1484 769 est
1500 736 1726 780 responsoria
1750 737 1942 769 admodum
1963 734 2140 777 eleganter

1155 785 1303 830 scripta,
1338 786 1376 819 in
1400 799 1468 832 qua
1495 786 1668 830 significat
1691 787 1757 820 sibi
1778 785 1844 819 lioc
1868 786 2021 819 officium
2044 784 2140 817 Cice-

1155 837 1252 870 ronis
1272 843 1305 870 et
1322 837 1473 871 aliorum
1494 838 1690 871 amicorum
1702 837 1748 883 ⁰⁵)
1764 837 1868 871 fuisse
1888 836 2139 881 gratissimum,

1156 894 1189 921 et
1205 900 1239 921 se
1259 888 1330 921 iani
1348 888 1567 922 constituisse
1584 889 1699 922 redire
1717 888 1754 921 in
1771 889 1908 922 urbem.
1943 886 2141 920 Exordium

1155 938 1306 972 sumitur
1324 952 1343 972 a
1359 939 1582 979 laudatione,
1609 952 1669 973 seu
1692 938 1982 984 comprobatione
2005 936 2143 970 consilii

1157 989 1348 1023 Ciceronis.
1416 989 1455 1023 ld
1480 991 1657 1034 eleganter
1681 991 1872 1034 amplificat
1895 1002 1958 1034 per
1982 987 2140 1022 collatio-

1156 1052 1250 1073 nem.
1303 1041 1429 1073 Postea
1446 1048 1643 1086 sequuntur
1659 1042 1747 1074 duae
1766 1042 1889 1074 breves
1905 1039 2141 1078 narrationes,

1158 1103 1307 1135 quarum
1335 1092 1444 1123 altera
1477 1089 1583 1124 habet
1615 1092 1926 1135 amplificationem
1951 1089 2055 1124 officii
2080 1101 2141 1123 seu

1157 1141 1352 1181 amicitiae,
1379 1142 1475 1186 quod
1491 1142 1527 1174 in
1544 1142 1648 1175 rebus
1667 1143 1822 1176 adversis
1838 1143 1941 1175 fidem
1959 1139 2141 1186 praestite-

1158 1192 1204 1224 rit
1221 1192 1346 1226 amico.
1393 1192 1581 1226 Conclusio
1599 1193 1756 1226 continet
1774 1193 2020 1226 suavissimum
2037 1187 2144 1236 ἦθος,

1158 1243 1200 1275 de
1220 1254 1323 1276 causa
1338 1242 1526 1287 principali
1542 1244 1595 1277 sui
1612 1244 1764 1283 reditus,
1791 1244 1953 1276 videlicet
1969 1243 2063 1288 quod
2081 1242 2142 1274 do—

1158 1305 1256 1326 mum
1277 1293 1393 1326 redire
1415 1294 1519 1334 velit,
1553 1307 1626 1327 iion
1653 1301 1799 1338 propter
1820 1293 2046 1338 cupiditatem
2069 1291 2145 1336 pri-

1159 1350 1323 1377 vatarum
1359 1356 1499 1385 rerum,
1541 1346 1599 1378 sed
1634 1352 1781 1390 propter
1816 1344 2027 1379 desiderium
2057 1342 2143 1376 ami-

1160 1407 1294 1429 corum.

1416 1471 1549 1506 Aliud
1577 1479 1901 1516 argumentum.

1262 1537 1458 1572 Exordium
1483 1537 1589 1572 habet
1619 1540 1854 1584 captationem
1879 1538 2147 1573 benevolentiae

1160 1601 1224 1634 per
1248 1591 1565 1633 comparationem.
1618 1590 1775 1624 Exordio
1804 1591 2038 1625 subiiciuntur
2064 1600 2147 1621 nar-

1162 1640 1392 1674 ratiunculae.
1468 1641 1552 1673 Vice
1587 1641 1722 1685 epilogi2
1749 1649 1799 1676 est
1823 1642 1977 1676 clausula
2002 1641 2044 1674 de
2068 1651 2146 1684 gra-

1162 1691 1311 1724 titudine
1328 1703 1394 1735 pro
1417 1692 1550 1726 officiis.

1212 1773 1535 1819 Argumentum
1569 1781 1611 1807 et
1643 1772 1815 1808 scholia
1851 1776 1894 1808 in
1923 1776 2096 1820 episto—

1557 1825 1597 1858 la
1610 1839 1643 1858 m
1673 1824 1745 1859 XII.

1262 1891 1301 1925 ln
1319 1892 1464 1925 exordio
1483 1893 1687 1937 praemunit
1712 1892 1849 1926 animos
1872 1893 2053 1926 mentione
2077 1894 2145 1927 loci

1162 1943 1359 1977 communis
1389 1944 1430 1976 de
1466 1943 1701 1976 inconstantia
1743 1956 1861 1977 reruni
1895 1942 2145 1979 humanarum.

1161 1994 1297 2027 Deinde
1324 1994 1543 2028 consumitur
1567 1994 1713 2038 epistola
1731 2000 1804 2027 tota
1821 1994 1858 2027 in
1877 1995 2083 2028 narratione
2102 1996 2144 2028 de

1160 2052 1274 2079 morte
1293 2045 1453 2078 Marcelli
1468 2044 1526 2090 9⁶).

1264 2095 1294 2140 ξ.
1310 2099 1345 2132 2.
1373 2098 1489 2141 Itaque
1497 2095 1543 2142 ΣΠ)
1562 2097 1615 2129 vir
1631 2094 1858 2144 clarissimus]
1870 2093 2144 2143 e'mfflaiisrfflocffi)

1373 2171 1507 2205 Aliud
1536 2183 1686 2216 argum
1699 2178 1849 2206 entum
1870 2173 1928 2219 99).

1261 2230 1352 2264 Tota
1372 2230 1516 2275 epistola
1538 2230 1651 2264 Servii
1673 2237 1723 2265 est
1740 2232 1898 2265 narratio
1917 2233 2082 2267 continua
2102 2235 2144 2267 de

1158 2288 1273 2315 morte
1289 2281 1339 2316 M.
1357 2281 1517 2315 Marcelli
1535 2281 1571 2314 in
1590 2294 1717 2326 genere
1733 2283 2025 2325 demonstrativo,
2051 2297 2142 2330 quae

1191 2382 1239 2409 95)
1258 2382 1420 2411 amicorum]
1438 2381 1478 2405 sic
1496 2381 1544 2407 Ed.
1567 2381 1659 2412 1556.;
1680 2381 1706 2405 in
1728 2382 1810 2406 Editt.
1831 2383 2016 2408 1565—1577.
2036 2384 2121 2410 deest.

1191 2424 1321 2482 9635&oe
1343 2426 1532 2482 ῗὲξιιιηιθηῖιιιιὶ
1558 2426 1649 2448 exstat
1675 2424 1701 2448 iii
1721 2425 1804 2451 Editt.
1827 2426 2031 2458 1537—1554.,
2058 2427 2144 2455 1557..

1298 2475 1319 2489 .,
1412 2476 1417 2482 .

1190 2500 1237 2528 97)
1266 2501 1382 2531 ltaque]
1407 2500 1446 2524 sic
1471 2500 1517 2523 Ed.
1547 2500 1620 2524 1537.
1653 2502 1679 2523 et
1705 2501 1787 2526 Editt.
1816 2502 1908 2529 1540..
1936 2502 2028 2534 1544„
2060 2505 2145 2534 155⁴..

1231 2534 1304 2558 1557.
1333 2534 1359 2557 in
1379 2535 1429 2558 hac
1455 2536 1536 2564 nota3
1567 2535 1591 2557 i'ii
1626 2536 1700 2558 textu
1726 2537 1814 2559 autem
1837 2536 1920 2560 Edi'tt.
1947 2537 2148 2567 ¹5⁴4—1554.,

1226 2569 1316 2599 1552,
1338 2569 1427 2599 1560.‚
1449 2569 1521 2592 1601.
1544 2571 1570 2591 ct
1589 2569 1636 2592 Ed.
1658 2570 1743 2594 Oretl.
1763 2570 1860 2593 liabent
1879 2570 1934 2594 lea.

1190 2611 1238 2639 98)
1258 2612 1332 2634 Haec
1352 2612 1416 2634 nota
1434 2611 1460 2634 in
1480 2611 1564 2634 Editt.
1586 2612 1680 2643 1545„
1703 2612 1778 2636 1560.
1799 2612 1884 2635 deest.

1186 2652 1233 2683 99)
1255 2654 1310 2676 Hoc
1339 2654 1532 2683 argumentum
1559 2656 1585 2677 et
1617 2660 1735 2685 sequens
1759 2654 1787 2678 in
1811 2654 1893 2678 Editt.
1917 2655 2008 2683 1556..
2041 2657 2150 2681 1565-

1229 2687 1303 2710 1596.
1332 2687 1516 2717 reperiuntur.
