2351 2990
481 210 801 254 Argumentum
813 205 871 250 67).

285 289 386 324 Mixti
413 294 463 322 est
487 285 623 331 generis
646 282 805 327 epistola.
871 277 910 311 ln
937 276 1050 322 priori
1074 275 1168 310 enim

184 349 281 388 parte
307 346 492 378 narratur,
533 335 714 382 quomodo
738 330 909 363 Lentulus
934 333 1171 373 proquaestor

185 393 318 427 inAsia
346 402 491 435 operam
513 385 647 421 dederit
674 382 842 427 pecuniae
868 379 1104 423 colligendae,
1132 389 1172 410 ac

185 446 336 478 Romam
358 440 569 475 mitteudae3
597 436 681 468 item
691 433 737 479 ⁰⁸)
764 444 834 478 qua
857 430 1081 475 expeditione
1098 427 1171 461 Do-

184 496 331 529 labellae
349 491 513 529 consilia,
539 487 690 531 'eiusque
715 485 861 518 classem
888 481 1063 527 petiturus
1087 479 1171 513 suis-

185 554 253 585 set,
299 545 334 577 ni
368 540 500 575 llliodii
529 550 592 573 sua
626 535 773 582 perfidia
806 546 887 568 eum
919 531 1172 576 impediissent.

184 595 366 631 Posterior
384 604 463 637 pars
482 597 531 624 cst
549 588 727 634 petitoria.
788 586 906 629 Rogat
928 584 1021 617 enim
1040 582 1173 615 Lentu-

187 650 238 681 lns
253 647 480 682 Ciceronem,
508 647 546 675 ut
563 653 581 673 a
601 638 802 673 consulibus
817 637 982 680 impetret
1002 644 1173 678 proroga-

185 700 317 731 tionem
348 707 431 729 snae
466 691 682 737 provinciae.
749 688 837 721 Erat
869 686 963 720 enim
988 684 1106 717 Hirtio
1140 689 1174 716 et

187 751 324 782 Panse
354 744 556 779 consulibus
574 741 657 774 Asia
682 738 866 784 provincia
891 738 1043 770 decreta.
1095 734 1174 767 Pri-

188 814 241 832 ma
273 799 361 832 ratio
387 794 568 841 petitionis
593 799 643 826 est
667 792 711 824 ab
734 789 850 823 inutili
881 793 1038 832 sumpta:
1081 785 1174 830 Quia

186 850 275 884 nibil
293 860 416 881 causae
436 852 504 885 est,
538 855 600 877 cur
624 842 769 875 veniant
791 840 829 873 in
851 837 1071 884 provinciam
1092 848 1174 869 con-

187 903 297 940 sules,
325 912 402 932 cum
425 903 541 930 totum
563 895 693 927 bellum
713 892 852 925 Cassius
874 890 919 924 sit
942 889 1174 922 confecturus.

187 953 277 985 Huic
295 948 429 984 rationi
451 946 628 991 copiosius
653 943 831 988 expositae
857 940 955 973 addit
981 937 1176 972 conclusio-

187 1016 280 1036 nem.
351 999 510 1033 Secunda
544 996 636 1029 ratio
667 1007 685 1027 a
717 991 952 1039 promissione
979 989 1176 1023 consulum.

187 1053 310 1087 'sertia
328 1052 371 1085 ab
388 1049 552 1087 utilitate,
579 1057 688 1091 quam
704 1042 849 1077 inchoat
865 1043 908 1075 ab
927 1040 1175 1085 occupatione:

188 1106 270 1139 Non
304 1102 444 1147 privata
477 1097 690 1142 cupiditate,
733 1095 793 1129 sed
820 1099 858 1127 ut
880 1091 1094 1137 reipublicae
1118 1102 1177 1134 pe-

189 1155 329 1188 cuniam
361 1149 564 1188 conficiam,
606 1147 710 1191 cupio
746 1144 906 1178 obtinere
942 1142 1176 1187 provinciam.

188 1210 323 1251 Quarta
341 1215 359 1236 a
377 1202 446 1235 suis
464 1198 600 1233 meritis
612 1198 649 1230 in
670 1195 940 1240 rempublicam,
963 1205 1053 1238 quae
1072 1190 1178 1225 velie-

187 1263 325 1289 menter
342 1252 532 1297 amplificat
550 1247 817 1282 enumeratione
833 1257 979 1279 suorum
991 1243 1178 1276 beneficio-

189 1321 280 1341 rum.
333 1304 442 1337 Addit
459 1302 565 1335 etiam
584 1298 879 1344 pollicitationem
906 1306 988 1329 suae
1015 1299 1178 1327 constan-

189 1359 258 1392 tiae
277 1358 313 1390 in
329 1353 549 1389 defendenda
565 1349 759 1394 republica.

432 1453 569 1488 Aliud
609 1454 934 1495 argumentum.

294 1531 454 1576 Epistola
474 1526 618 1561 Lentuli
641 1526 685 1558 ad
708 1524 916 1558 Ciceronem
939 1521 1075 1554 duabus
1098 1531 1180 1552 con-

193 1592 261 1620 stat
286 1583 457 1629 partibus.
521 1578 641 1611 Altera
667 1582 717 1609 est
738 1576 780 1608 de
805 1574 920 1608 studio
945 1570 1182 1616 persequendi

191 1634 419 1672 Dolabellae,
446 1631 488 1663 de
508 1629 655 1673 perfidia
675 1624 901 1659 Rhodiorum
912 1623 979 1670 ⁶⁹),
1006 1628 1040 1655 et
1059 1623 1101 1655 de
1118 1633 1180 1655 sua

195 1688 376 1720 voluntate
393 1694 475 1726 erga
489 1677 758 1723 rempublicam.
794 1676 915 1708 Altera
932 1673 1089 1707 continet
1104 1673 1182 1705 lon-

195 1750 274 1782 gam
301 1734 519 1780 petitionem.
589 1728 739 1763 Orditur
763 1727 882 1772 itaque
913 1738 932 1758 a
961 1724 1181 1764 narratione,

195 1800 302 1835 quain
318 1785 476 1830 sequitur
494 1780 618 1826 petitio
630 1806 640 1820 ,
667 1779 724 1812 cui
741 1776 938 1822 praemittit
956 1776 1183 1809 commenda-

196 1841 331 1873 tionem
347 1847 429 1870 suae
448 1831 640 1877 dignitatis.
692 1829 897 1873 Propositio
916 1826 1097 1871 petitionis
1120 1832 1182 1866 est,

196 1898 235 1924 nt
251 1902 269 1923 a
287 1886 489 1922 consulibus
505 1883 622 1916 Hirtio
641 1887 674 1914 et
688 1881 806 1914 Pansa
823 1880 989 1923 impetret
1014 1889 1183 1921 procura-

197 1943 331 1975 tionem
350 1937 465 1971 Asiae.
518 1934 689 1967 Rationes
706 1937 895 1965 sumuntur
912 1942 952 1962 ex
977 1927 1126 1961 honesto
1151 1934 1183 1960 et

197 1992 294 2030 utili,
323 1989 450 2035 quibus
467 1985 608 2018 additur
625 1982 805 2026 congeries
825 1993 971 2015 snorum
997 1979 1184 2012 beneficio-

197 2056 277 2075 rum
294 2052 374 2084 erga
391 2036 665 2081 rempublicam,
693 2034 879 2066 ostendens
895 2031 962 2064 sibi
977 2042 1050 2063 non
1068 2030 1185 2063 minus

200 2092 339 2130 deberi,
377 2102 482 2134 quam
502 2086 621 2120 Cassio
647 2091 680 2117 et
704 2083 823 2116 Brutis
847 2082 1019 2115 libertatis
1041 2093 1185 2125 recupe-

199 2143 388 2177 ratoribus.
456 2137 644 2171 Conclusio
678 2133 785 2167 habet
811 2133 1105 2177 significationem
1133 2132 1187 2165 sui

200 2194 309 2227 animi
336 2204 398 2236 per
424 2190 602 2235 quandam
636 2185 913 2224 correctionem,
956 2184 1053 2229 quod
1083 2183 1187 2227 plane

201 2243 290 2277 nihil
309 2243 445 2276 dubitet
461 2242 502 2273 de
520 2237 686 2283 praemiis
703 2237 885 2275 laborum,
914 2242 947 2268 et
965 2235 1059 2280 qnod
1079 2245 1188 2278 porro

200 2296 285 2328 xelit
318 2304 454 2327 summa
487 2302 571 2323 cura
603 2288 790 2321 defendere
822 2287 1091 2330 rempublicam.
1151 2283 1190 2316 ln

202 2348 269 2378 fine
287 2344 439 2377 breviter
456 2347 578 2374 monet
601 2341 643 2372 de
667 2338 740 2371 filio
759 2338 957 2377 Ciceronis,
991 2337 1086 2382 quod
1110 2348 1189 2369 eum

206 2394 334 2428 habere
354 2395 435 2426 velit
451 2392 570 2425 fratris
587 2392 677 2424 loco.

241 2545 290 2573 67)
310 2545 367 2567 Hoc
386 2543 573 2571 argumentum
594 2540 621 2563 et
639 2538 692 2562 duo
710 2535 852 2567 sequentia
869 2535 896 2559 iu
915 2535 998 2559 Editt.
1015 2534 1105 2565 1556.,
1127 2534 1193 2558 1565

277 2577 391 2601 —1596.
415 2577 532 2598 exstant.

246 2630 293 2656 68)
313 2627 391 2655 item]
409 2625 448 2648 sic
467 2624 548 2647 Editt.
568 2624 659 2655 1556.,
681 2622 774 2651 1565.;
800 2621 882 2645 Editt.
899 2620 990 2652 1571„
1011 2620 1084 2644 1596.
1104 2619 1165 2645 iam.

242 2680 289 2708 69)
308 2676 486 2703 Rhodiorum]
505 2674 545 2698 sic
564 2677 638 2698 recte
655 2674 739 2698 Editt.
761 2673 851 2703 1571.‚
879 2672 970 2702 1596.;
1005 2671 1089 2696 Editt.
1107 2671 1191 2703 1556„

281 2713 355 2737 1565.
375 2710 540 2736 Clodiorum.

214 135 227 142 -
753 119 873 154 Ptin..
910 117 1021 152 MEL.
1056 113 1256 151 SCRIPTA
1298 115 1630 152 PHILOLOGICA.
2137 119 2159 155 4

2163 120 2211 156 ἓξ

1473 202 1608 237 Aliud
1633 210 1956 248 argumentum.

1324 279 1404 313 Duo
1431 280 1501 323 agit
1526 280 1562 313 in
1583 278 1648 313 liar
1670 279 1830 324 epistola.
1889 279 1994 313 Initio
2021 287 2143 313 narrat
2169 282 2211 313 de

1223 329 1293 363 suis
1311 331 1415 364 rebus
1431 331 1555 373 gestis,
1592 337 1625 364 ct
1650 331 1748 364 addit
1773 333 1815 364 de
1838 328 2064 364 Rhodiorum
2089 331 2211 364 inobe-

1224 380 1369 415 dientia.
1422 381 1559 414 Deinde
1574 381 1663 426 petit
1679 394 1698 414 a
1716 381 1905 422 Cicerone,
1931 394 1975 415 ne
1991 382 2058 416 sibi
2076 381 2111 414 in
2128 394 2211 427 pro-

1224 431 1338 465 vincia
1364 433 1582 467 succedatur.
1649 432 1797 465 Subiicit
1826 439 1944 466 autem
1974 432 2213 477 propositioni

1226 489 1379 527 quatuor
1403 483 1571 516 rationes.
1630 483 1752 516 Prima
1777 484 1796 516 a
1819 484 2024 518 necessitate
2048 490 2098 518 est
2119 496 2213 518 sum·

1225 540 1301 577 pta:
1344 533 1430 577 Spes
1461 539 1511 567 est
1538 534 1639 566 brevi
1665 533 1887 567 Dolabellam
1916 547 2122 579 oppressum
2148 535 2210 567 iri:

1225 596 1299 617 non
1316 584 1423 628 igitur
1440 596 1578 618 necesse
1594 590 1663 624 est,
1689 591 1729 618 ut
1744 586 1902 619 consules
1917 586 2081 625 veniant,
2108 583 2213 618 mihi-

1227 648 1294 680 qne
1311 636 1530 669 succedatur.
1584 634 1743 668 Secunda
1767 648 1786 668 a
1808 636 1991 680 promissis
2010 637 2210 670 consulum:

1226 686 1475 720 Promisernnt
1506 682 1593 718 mihi
1616 686 1795 719 neminem
1821 699 2062 721 successurum
2087 687 2124 720 in
2148 699 2212 721 suo

1228 737 1429 771 consulatu:
1473 736 1580 780 igitur
1602 737 1703 769 facile
1726 736 1816 782 id⁷⁰)
1851 738 1894 770 ab
1919 738 1968 771 eis
1995 737 2214 783 impetrabis.

1227 788 1349 821 Tertia
1385 800 1404 820 a
1439 800 1502 821 sua
1538 787 1731 831 dignitate:
1773 786 1865 820 Mihi
1898 787 2002 822 Asiae
2035 789 2215 834 quaestori

1227 846 1329 883 turpe
1350 839 1416 871 erit
1434 838 1549 871 redire
1568 839 1714 872 domum
1737 838 1812 872 sine
1830 839 1999 883 pecunia,
2025 846 2214 885 postquam

1229 902 1371 922 omnem
1395 888 1602 933 pecuniam,
1643 901 1751 934 quam
1774 886 1903 930 habui,
1943 889 2000 922 vel
2021 890 2216 923 adversarii

1230 941 1454 985 eripuerunt,
1494 939 1550 973 vel
1575 940 1702 974 Cassiis
1726 940 1819 974 dedi.
1887 940 2008 985 Quare
2032 941 2134 986 cupio
2159 934 2216 973 hie

1229 998 1302 1024 tam
1325 991 1385 1024 diu
1409 1002 1572 1030 manere,
1615 991 1727 1024 donec
1751 991 1880 1024 iterum
1905 991 2089 1025 conficiam
2112 1003 2217 1036 pecu-

1229 1042 1340 1082 niam,
1358 1047 1398 1075 ut
1411 1053 1489 1074 mea
1504 1041 1685 1084 diligentia
1701 1042 1841 1086 publice
1857 1042 2067 1076 innotescat.
2100 1042 2216 1087 Quar-

1230 1100 1263 1126 ta
1284 1105 1303 1125 a
1318 1092 1472 1125 meritis:
1507 1091 1662 1124 Maxima
1689 1099 1771 1125 sunt
1795 1104 1873 1125 mea
1895 1093 1933 1124 in
1960 1092 2217 1136 rempublicam

1230 1143 1414 1177 beneficia:
1450 1141 1576 1185 dignus
1600 1141 1707 1186 igitur
1732 1154 1830 1182 sum,
1866 1142 1927 1187 qui
1948 1140 2043 1176 hunc
2063 1143 2217 1176 fructum

1231 1207 1250 1227 a
1267 1193 1446 1238 republica
1462 1193 1585 1226 feram.
1638 1192 1840 1238 Addidit⁷¹)
1865 1199 1981 1226 autem
2006 1191 2089 1226 huic
2113 1205 2217 1236 argu—

1231 1251 1352 1278 mento
1384 1243 1709 1287 amplificationem.
1770 1243 1899 1276 Postea
1922 1243 2080 1288 epilogus
2102 1244 2218 1289 sequi·

1232 1302 1301 1334 tur,
1329 1307 1433 1340 quem
1451 1294 1679 1337 amplificavit
1696 1291 1842 1338 pulchra
1857 1294 2106 1328 translatione:
2134 1294 2218 1327 Rei-

1232 1345 1393 1390 publicae
1412 1344 1591 1389 proderit,
1619 1343 1648 1377 si
1666 1356 1744 1377 mea
1761 1344 1932 1379 autoritas
1947 1356 2010 1389 per
2030 1357 2094 1379 vos
2118 1351 2220 1379 aucta

1231 1397 1348 1430 suerit.

1449 1485 1584 1519 Aliud
1613 1492 1927 1529 argumentum
1944 1486 2003 1532 ⁷²).

1336 1561 1431 1594 Haec
1451 1561 1599 1605 epistola
1615 1561 1769 1605 pertinet
1784 1561 1917 1604 partim
1940 1562 1985 1594 ad
2010 1573 2118 1605 genus
2144 1573 2222 1595 sua—

1233 1611 1388 1652 sorium,
1415 1611 1547 1656 partim
1568 1612 1613 1645 ad
1633 1611 1963 1645 demonstrativum.
2022 1611 2063 1644 In
2090 1612 2222 1656 princi-

1234 1664 1294 1708 pio
1317 1669 1436 1696 autem
1459 1669 1510 1695 est
1531 1662 1692 1695 narratio
1718 1663 1760 1694 de
1795 1662 1911 1695 studio
1943 1674 2006 1696 suo
2039 1662 2078 1695 in
2106 1674 2223 1707 perse-

1235 1715 1376 1760 quendo
1393 1713 1578 1746 Dolabella
1589 1739 1599 1752 ,
1627 1719 1661 1745 et
1676 1713 1719 1745 de
1736 1709 1962 1746 Rhodiorum
1981 1713 2222 1758 improbitate,

1235 1766 1297 1812 qui
1313 1764 1531 1799 felicissimos
1550 1769 1697 1797 conatus
1713 1763 1988 1807 impediverunt.

1480 1863 1613 1897 Aliud
1641 1869 1969 1907 argumentum.

1337 1938 1403 1973 Iste
1420 1938 1591 1972 Lentulus
1608 1937 1674 1971 fuit
1689 1937 1781 1971 filius
1796 1938 1836 1971 P.
1853 1936 2014 1977 Lentuli,
2049 1938 2093 1970 ad
2119 1949 2224 1982 quem

1237 1991 1387 2035 scriptae
1417 1996 1498 2023 sunt
1529 1989 1696 2033 epistolae
1730 1988 1767 2020 in
1798 1988 1914 2033 primo
1946 1988 2057 2028 libro,
2102 1995 2135 2020 et
2159 1988 2226 2021 suit

1239 2048 1406 2088 quaestor
1421 2041 1458 2073 in
1473 2040 1568 2074 Asia.
1621 2039 1745 2072 Primo
1772 2045 1889 2072 autem
1913 2039 2073 2072 narratio
2099 2045 2149 2072 est
2172 2051 2226 2072 re-

1239 2106 1319 2127 rum
1353 2098 1529 2136 gestarum
1556 2096 1678 2124 contra
1703 2089 1945 2130 Dolabellam,
1982 2096 2015 2123 et
2044 2091 2225 2136 quomodo

1241 2145 1313 2178 eius
1345 2149 1492 2176 conatus
1521 2141 1591 2175 sint
1620 2141 1792 2184 impediti.
1859 2140 2043 2174 Habuerat
2068 2141 2161 2174 enim
2190 2141 2226 2172 in

1242 2195 1361 2228 animo
1378 2195 1415 2226 in
1432 2193 1568 2226 ltaliam
1593 2192 1764 2225 traiicere.
1826 2191 1915 2224 Huic
1938 2192 2138 2225 narrationi
2165 2203 2226 2224 an—

1243 2246 1394 2280 nectitur
1412 2244 1553 2290 querela
1572 2244 1613 2276 de
1632 2242 1776 2287 pertidia
1792 2240 2031 2276 Rhodiorum.
2090 2241 2226 2275 Deinde

1244 2297 1402 2343 sequitur
1418 2295 1542 2340 petitio
1554 2321 1562 2334 ,
1591 2300 1629 2327 ut
1645 2294 1711 2327 sibi
1730 2293 1833 2327 Asiae
1852 2293 2113 2328 administratio
2129 2304 2229 2326 man-

1244 2350 1356 2382 detur.

1279 2498 1326 2529 70)
1349 2497 1431 2527 igitur
1452 2495 1532 2519 facite
1551 2495 1591 2523 id]
1612 2495 1651 2518 sic
1666 2495 1714 2518 Ed.
1728 2495 1817 2525 1556.;

1313 2532 1373 2555 ideo
1392 2530 1472 2554 facile
1494 2529 1625 2560 (omisso:
1651 2529 1702 2558 id).

1278 2582 1325 2613 71)
1339 2580 1470 2638 ssdtdidit]
1500 2579 1539 2603 sic
1569 2579 1652 2602 Editt.
1676 2580 1767 2611 1556.,

1313 2618 1335 2639 A
1375 2615 1401 2639 i.

1279 2667 1327 2695 72)
1348 2666 1405 2688 Hoc
1423 2665 1613 2695 argumentum
1635 2665 1661 2687 et
1686 2669 1804 2694 sequens
1828 2661 1857 2686 in
1875 2658 1959 2685 Editt.
1977 2660 2170 2685 ¹565-1596.
2189 2665 2236 2684 re-

1314 2700 1463 2730 perimitur.

1845 2494 1928 2518 Editt.
1946 2493 2029 2523 1565„
2050 2491 2135 2518 1571„
2156 2490 2230 2513 1596.

1801 2579 1893 2609 1565.;
1928 2576 2012 2602 Editt.
2033 2576 2126 2604 1571..
2158 2576 2234 2600 1596.
