2351 2990
182 93 259 135 965

179 181 335 215 maiores
353 181 469 215 nostri
482 193 558 215 non
575 181 687 225 gloria
699 181 746 227 Π)
757 208 766 222 ,
801 183 863 215 sed
879 181 962 227 quia
983 181 1090 225 digna
1107 181 1181 225 glo-

179 233 233 266 ria
258 233 448 278 gerebant,
489 233 732 274 laetarentur,
768 232 992 267 Graecorum
1017 234 1124 266 duces
1148 238 1183 265 et

178 285 319 319 domini
336 285 575 318 barbarorum
594 284 679 317 facti
698 291 803 325 sunt,
835 297 901 318 nec
916 285 1087 318 virtutem
1103 296 1181 317 ver-

178 336 232 371 bis
251 343 506 377 exermerunt,
533 337 594 370 sed
610 336 712 370 factis
729 337 1014 370 declaraverunt.

279 405 399 438 Tanta
424 404 578 450 denique
600 404 714 438 virtus
738 404 806 438 fuit
830 404 1010 437 maiorum
1041 409 1181 437 nostro-

176 468 277 497 rum,
303 456 444 501 publice
463 462 497 489 et
512 455 682 500 privatim
694 483 703 497 ‚
729 462 770 489 ut
790 455 1080 490 bellicosissimae
1097 454 1182 488 civi-

178 508 245 541 tati
260 508 460 553 Spartanae
475 507 568 540 bello
587 507 810 541 Messeniaco
830 508 1014 541 oraculum
1034 518 1182 551 respon-

177 560 292 599 derit,
319 559 368 592 ita
388 559 541 593 victores
563 560 642 593 fore
656 558 985 599 Lacedaemonios,
1019 558 1048 592 si
1076 570 1095 591 a
1120 570 1182 591 vo-

177 610 231 645 bis
247 611 375 644 ducem
394 617 570 656 peterent.
613 610 702 645 Cum
721 617 838 644 autem
855 611 1052 655 Spartanos
1069 622 1182 653 reges,

177 661 241 708 qui
261 662 305 695 ab
331 661 486 697 Hercule
509 663 581 696 orti
603 669 706 702 sunt,
741 664 867 695 ducem
893 674 912 694 a
935 661 1037 694 vobis
1060 667 1181 705 petere

175 713 379 759 oportuerit
390 741 400 755 ‚
425 721 577 760 apparet
594 721 803 749 nostrorum
822 713 1052 747 excellentem
1069 712 1181 745 virtu—

173 772 246 799 tem
263 766 383 801 fuisse.

280 834 371 878 Quis
397 833 493 867 enim
515 833 739 866 Graecorum
765 831 878 865 nescit
895 831 1093 876 Tyrtaeum
1121 843 1181 865 eos

174 897 194 919 a
212 885 317 930 nobis
334 886 460 919 ducem
476 884 670 929 accepisse,
698 883 761 929 qui
776 895 839 917 sua
857 881 1109 917 cohortatione
1133 883 1180 916 ita

175 937 404 971 confirmavit
429 949 509 977 eos,
543 942 584 970 ut
608 934 870 981 vincerent⁷⁸)‚
907 942 941 968 et
965 947 1092 982 suasor
1115 935 1182 969 fuit

176 989 394 1022 exercendae
412 987 627 1029 iuventutis,
655 988 753 1034 quod
771 999 845 1020 non
862 987 979 1021 solum
996 993 1094 1028 tunc,
1120 988 1182 1021 sed

174 1040 213 1074 in
243 1047 429 1085 posterum
461 1052 606 1086 quoque
638 1039 776 1084 patriae
805 1039 952 1084 profuit.
1021 1038 1183 1086 Reliquit

174 1092 270 1126 enim
291 1091 440 1135 elegias,
469 1091 599 1137 quibus
623 1091 839 1125 erudiuntur
857 1091 902 1123 ad
919 1090 1182 1125 fortitudinem.

175 1144 338 1190 Cumque
362 1149 522 1177 caeteros
545 1149 670 1187 poetas
695 1155 770 1176 non
791 1143 930 1187 legant,
971 1140 1078 1177 huius
1104 1150 1182 1176 tan-

173 1202 250 1230 tum
268 1202 320 1230 est
336 1195 516 1235 studium,
544 1201 583 1228 ut
597 1195 709 1239 legem
728 1195 898 1234 tulerint,
931 1200 971 1228 ut
996 1194 1034 1227 in
1060 1195 1182 1229 castris

176 1247 308 1281 armati
342 1247 436 1280 cives
464 1247 509 1280 ad
534 1246 627 1290 regis
651 1246 925 1279 tabernaculum
953 1248 1182 1288 conveniant,

173 1297 334 1333 audituri
365 1310 495 1343 poema
518 1297 679 1343 Tyrtaei.
746 1297 964 1331 Existimant
995 1299 1090 1331 enim
1116 1297 1183 1332 hac

174 1351 343 1384 incitatos
361 1347 616 1383 adhortatione
635 1349 788 1383 alacrius
804 1350 959 1394 pericula
980 1362 1046 1394 pro
1064 1350 1181 1395 patria

174 1403 337 1437 adituros
353 1401 401 1448 ⁷⁹)
427 1414 512 1436 esse.
580 1401 736 1435 Prodest
759 1407 878 1435 autem
901 1400 1033 1435 horum
1058 1402 1182 1436 audire

174 1454 334 1488 carmina
344 1452 412 1499 ⁸⁰),
439 1459 480 1486 ut
497 1453 634 1494 sciatis,
663 1454 860 1499 quaefacta
879 1455 975 1498 apud
999 1454 1085 1488 istos
1109 1455 1183 1499 glo-

173 1507 269 1541 riosa
287 1499 548 1539 existimentur.

173 1575 213 1609 In
227 1575 346 1620 prima
364 1580 586 1619 pugnantem
604 1574 678 1607 acie
696 1574 861 1608 cecidisse
878 1575 1048 1607 decorum
1066 1575 1183 1621 est⁸¹),

227 1627 438 1661 Servantem
460 1626 598 1670 patriae
617 1626 759 1659 moenia
779 1624 887 1659 chara
910 1638 1007 1659 suae.

174 1681 269 1716 Nam
286 1678 460 1712 miserum
477 1684 528 1712 est
543 1677 660 1723 patria
680 1677 808 1712 aniissa
828 1678 1036 1723 laribusque
1059 1679 1183 1722 vagari

226 1730 455 1770 Mendicum,
484 1736 519 1763 et
535 1730 661 1763 timida
680 1742 765 1763 voce
784 1742 912 1774 rogare
933 1728 1098 1777 cibos⁸²).

176 1784 266 1819 Cum
285 1782 451 1828 natisque
469 1794 589 1815 errare
608 1782 680 1816 suis
698 1788 732 1815 et
749 1782 900 1826 coniuge
918 1789 1073 1823 moesta,

225 1836 272 1870 Et
288 1848 368 1869 cum
385 1840 500 1867 matre
517 1834 575 1879 pia
587 1861 596 1874 ,
625 1847 777 1881 cumque
796 1841 943 1880 parente
960 1847 1055 1869 sene.

174 1888 354 1924 Omnibus
372 1886 507 1920 invisus
526 1899 759 1933 quoscunque
777 1887 963 1921 accesserit
979 1887 1060 1921 exul

227 1941 376 1985 Semper
397 1938 483 1980 erit,
509 1951 650 1984 semper
667 1946 807 1984 spretus
827 1952 1004 1986 egensque
1021 1938 1181 1987 iacetffi).

212 2073 260 2102 77)
281 2074 314 2097 Η.
328 2074 346 2099 l.
365 2073 393 2098 in
407 2074 589 2100 Editt.1548..
612 2076 687 2100 1554.
703 2077 768 2100 uota
786 2075 921 2108 margiu.:
940 2076 1085 2101 correctio
1105 2083 1180 2101 sum-

247 2110 294 2139 pta
314 2115 347 2132 ex
365 2109 426 2133 loco
445 2115 600 2135 causarum.

212 2159 259 2192 78)
282 2161 315 2185 Η.
336 2161 353 2183 1.
375 2160 402 2184 in
422 2161 517 2185 iisdem
539 2162 624 2187 Editt.
645 2165 711 2186 nota
737 2163 874 2190 marafim:
909 2164 1049 2193 Tyrtaens
1067 2163 1180 2187 claudus

245 2197 271 2219 et
289 2195 369 2218 homo
389 2197 589 2222 scholasticus,
623 2198 688 2221 vicit
708 2198 913 2221 Aristomenem
932 2198 1116 2222 fortissimum
1135 2198 1179 2222 vi-

244 2236 306 2254 rum
325 2231 353 2253 et
371 2230 577 2255 interfectorem
596 2232 650 2255 300
668 2235 878 2263 spartanorum.

210 2283 258 2311 79)
278 2283 420 2311 adituros]
446 2283 488 2307 sic
509 2284 592 2308 Editt.
615 2285 708 2313 1548,
737 2286 829 2311 1554.;
867 2285 916 2309 Ed.
936 2285 1010 2308 1562.
1036 2284 1180 2308 adiuturos

245 2318 386 2381 glagfflrgi
404 2319 491 2342 verba
513 2321 592 2342 sunt:
623 2317 677 2351 πρὸ
705 2318 750 2349 τῆς
775 2318 908 2351 πατρίδος
927 2318 1033 2343 ἐθέλειν
1052 2316 1179 2350 ἀποθνή-

209 2405 258 2435 80)
277 2407 403 2435 Sequens
421 2406 536 2435 Tyn-taei
554 2412 682 2436 carmen,
715 2407 787 2437 quod
811 2407 845 2430 ab
871 2407 947 2430 initio
968 2413 1022 2430 non
1042 2406 1179 2437 integrum

244 2447 306 2465 esse
324 2441 384 2471 ipsa
402 2438 456 2472 γάρ
476 2440 613 2470 particula
632 2442 794 2465 documento
814 2444 875 2467 est,
895 2442 921 2464 in
942 2442 1056 2472 'tyrtaei
1077 2442 1178 2466 editio-

244 2476 327 2500 nibus
347 2474 463 2505 primum
482 2475 570 2499 locum
590 2476 703 2499 obtinet.
742 2477 816 2500 Haec
829 2477 889 2500 eius
907 2476 1099 2507 interpretatio
1114 2477 1176 2501 Mel.

243 2510 384 2535 invenitur
411 2510 493 2533 etiam
519 2510 547 2533 in
573 2510 695 2535 eiusdem
714 2511 928 2542 Epigrammatis
957 2512 1027 2541 apud
1047 2512 1178 2535 Grattius.

245 2546 294 2570 fol.
310 2546 337 2569 Μ
354 2546 397 2572 4.,
432 2545 504 2574 apud
523 2545 654 2570 Vineent.
679 2546 727 2571 fol.
742 2546 765 2569 L
779 2546 806 2572 7.
826 2547 854 2570 et
873 2547 900 2570 iu
918 2547 997 2570 huius
1018 2546 1099 2576 corp.
1120 2547 1177 2571 Re-

244 2581 325 2605 form.
344 2580 409 2604 Vol.
423 2580 457 2603 X.
478 2587 502 2610 p.
516 2579 577 2604 667.

208 2635 257 2662 81)
277 2633 342 2658 Η.1.
361 2632 390 2656 in
404 2632 487 2657 Editt.
504 2632 590 2657 1548..
612 2632 685 2656 1554,
706 2634 772 2657 nota
794 2633 927 2665 margin:
954 2632 1122 2664 Propositio.

210 2684 258 2712 82)
277 2684 312 2709 Η.
331 2683 351 2708 l.
370 2684 399 2708 in
420 2683 518 2707 iisdem
536 2682 622 2707 Editt.
641 2685 706 2707 nota
726 2684 858 2715 margin:
883 2684 973 2709 Ratio.

211 2737 260 2769 83)
279 2736 313 2763 H.
332 2736 351 2761 1.
370 2735 399 2761 in
418 2736 516 2760 iisdem
536 2735 620 2760 Editt.
640 2736 706 2760 nota
723 2736 857 2767 margin:
880 2737 1074 2767 Amplificatio.

356 94 512 130 xxxlx.
554 93 956 131 INTERPRETATIO
985 92 1248 128 ORATIONIS
1275 92 1491 128 LYCURGI
1521 95 1721 132 CONTRA
1748 99 2062 139 LEOCRATEM.

1199 2416 1208 2758 Ι

1233 179 1362 215 Nullus
1388 178 1505 215 honos
1532 183 1655 227 generi
1679 190 1749 225 est,
1791 192 1825 219 et
1858 188 1998 231 perdita
2023 192 2137 235 gratia
2165 170 2237 228 for)-

1864 251 1946 273 mae
1967 247 2030 276 est.

1287 282 1495 330 Cunctaque
1514 285 1700 319 tabescunt
1715 288 1876 322 membra
1894 291 2019 325 dolore
2038 297 2152 338 gravi.

1235 333 1347 368 Curat
1363 347 1470 369 nemo
1489 348 1618 381 vagos,
1642 344 1677 371 et
1690 338 1832 373 laedere
1847 353 1955 375 nemo
1973 352 2135 388 veretur,

1286 386 1370 421 Non
1388 388 1469 421 exul
1485 400 1591 422 curae
1608 389 1750 424 ducitur
1767 404 1841 426 esse
1857 392 1949 428 Deo.

1234 436 1408 483 Intrepidi
1425 446 1581 484 pugnate
1598 441 1666 474 viri
1687 448 1720 475 et
1735 444 1942 487 profundite
1959 446 2089 489 vitam,

1287 489 1406 535 Quam
1422 491 1562 535 patriae
1580 493 1684 527 debet
1702 496 1850 529 reddere
1871 497 2021 543 quisque
2038 512 2135 535 suae.

1235 540 1352 574 Nemo
1369 542 1481 575 aciem
1500 543 1668 589 linquens
1685 546 1764 580 aliis
1780 547 1825 581 sit
1842 560 1945 582 causa
1964 551 2128 594 pavoris,

1286 591 1396 636 Iunge
1415 594 1610 638 maniplari
1627 608 1756 641 corpus
1774 605 1808 631 et
1825 611 1926 633 arma
1945 607 2020 637 tuo.

1234 642 1446 690 Ingentique
1462 645 1513 678 ira
1533 646 1685 690 flagrent
1701 650 1849 683 audacia
1868 653 1975 685 corda
1987 680 1997 694 ‚

1285 694 1360 729 Nec
1376 696 1470 729 vitae
1487 697 1620 732 nimius
1632 698 1678 745 841)
1695 707 1839 744 pectora
1859 703 2001 748 frangat
2017 718 2132 743 amor.

1234 745 1309 780 'Nec
1326 746 1481 781 iuvenile
1501 761 1630 793 agmen
1647 752 1769 785 tardos
1786 760 1901 787 aetate
1916 756 2115 803 relinquat,

1287 797 1450 843 Corpora
1469 807 1552 834 sunt
1572 814 1727 847 quorum
1745 804 1992 848 languidiora,
2018 822 2118 846 senes
2128 810 2186 859 εὖ).

1234 847 1427 894 Indignum
1447 858 1498 885 est
1515 852 1628 886 aciem
1646 860 1728 888 ante
1746 856 1870 889 senilia
1889 859 1964 892 fusa
1983 859 2098 895 iacere

1288 901 1450 947 Corpora
1463 929 1472 944 ,
1500 903 1570 937 iam
1589 904 1761 940 iuvenum
1779 908 1987 953 diffugiente
2003 925 2125 949 manu.

1235 953 1338 1000 Quae
1355 955 1468 1000 magis
1486 953 1554 989 hoc
1570 957 1741 992 miserum
1769 966 1821 994 est
1844 960 1882 993 in
1906 962 2054 1005 pulvere
2075 966 2238 1014 linquere

1864 1012 1976 1047 vitam
1987 1040 1998 1055 ‚

1289 1057 1429 1091 Canitie
1446 1060 1544 1104 quod
1561 1060 1632 1094 sint
1648 1061 1720 1095 iam
1740 1066 1943 1098 veneranda
1961 1079 2038 1102 sua.

1237 1109 1356 1155 Quam
1376 1110 1476 1144 triste
1494 1118 1545 1145 est
1560 1112 1640 1146 latis
1656 1121 1817 1158 spectare
1835 1116 1988 1151 iacentia
2004 1119 2138 1163 passim

1287 1162 1431 1196 Nudata
1449 1162 1487 1195 in
1505 1164 1640 1209 campis
1658 1167 1819 1200 membra
1830 1166 1877 1215 ⁸⁶)
1893 1177 2039 1203 cruenta
2055 1184 2194 1208 senum.

1237 1212 1311 1259 Qui
1339 1226 1560 1260 quamquam
1590 1214 1760 1251 exhalant
1792 1220 1930 1255 animas
1957 1224 2153 1258 meminere
2176 1237 2241 1270 pu-

1862 1272 1981 1313 doris,

1289 1316 1460 1363 Quasque
1478 1319 1577 1352 decet
1595 1327 1714 1364 partes
1731 1323 1926 1357 occuluisse
1936 1324 1982 1371 ⁸⁷)
2002 1331 2136 1371 tegunt.

1236 1368 1288 1401 Ac
1297 1367 1344 1414 ⁸⁸)
1361 1377 1533 1413 superant
1550 1372 1688 1406 formae
1704 1374 1874 1409 iuvenilia
1894 1389 2046 1421 corpora
2065 1379 2153 1412 flore
2165 1406 2174 1420 ,

1288 1418 1329 1452 ln
1350 1421 1480 1466 quihus
1498 1429 1532 1455 et
1549 1423 1662 1458 virtus
1680 1427 1817 1469 gratior
1834 1440 1907 1461 esse
1924 1430 2026 1464 solet.

1235 1469 1349 1517 Inque
1374 1472 1456 1514 =acie
1481 1473 1648 1509 iuvenem
1665 1476 1712 1523 ⁸⁹)
1743 1479 1859 1522 prima
1885 1492 2046 1525 pugnare
2070 1482 2240 1517 decorum

1864 1538 1934 1573 est,

1288 1574 1396 1619 Signa
1418 1576 1524 1610 etiam
1542 1579 1648 1613 decus
1665 1587 1716 1615 est
1731 1582 1759 1615 si
1779 1584 1882 1616 cadat
1900 1591 1982 1618 ante
2000 1598 2076 1619 sua.

1236 1624 1335 1670 Ergo
1350 1633 1413 1660 tuo
1432 1630 1584 1663 consiste
1600 1631 1679 1665 loco
1698 1635 1787 1677 pede
1806 1636 1931 1670 firmus
1950 1643 2126 1683 utroque,

1290 1678 1524 1725 Compressos
1544 1683 1666 1718 dentes
1683 1692 1717 1718 et
1734 1686 1835 1720 labra
1853 1701 1974 1723 morsa
1992 1689 2183 1736 teuens90).

1341 1748 1418 1782 Hae
1447 1748 1716 1788 cohortationes
1744 1757 1951 1799 praeclarae
1977 1764 2012 1791 et
2033 1759 2138 1793 utiles
2158 1766 2242 1794 suut

1237 1799 1300 1841 iis,
1329 1801 1391 1847 qui
1411 1803 1539 1836 attenti
1555 1816 1622 1844 Aeas
1647 1806 1799 1840 audiunt
1825 1814 1858 1842 et
1886 1810 2126 1848 considerante
2179 1811 2243 1847 At-

1237 1865 1306 1911 que
1328 1853 1376 1886 ita
1397 1855 1441 1888 ad
1460 1855 1709 1893 fortitudinem
1735 1862 1877 1896 excitati
1899 1872 1982 1899 sunt
2000 1865 2243 1902 Lacedaemo—

1235 1917 1307 1945 1111,
1334 1912 1373 1939 ut
1390 1907 1433 1940 de
1455 1907 1609 1954 imperio
1636 1924 1714 1946 cum
1739 1921 1862 1948 nostra
1890 1917 2032 1952 civitate
2058 1921 2242 1956 certarint.

1234 1957 1308 1991 Nec
1326 1964 1480 1998 temere;
1513 1973 1597 1995 nam
1622 1965 1767 2011 utrique
1792 1979 1848 2002 res
1873 1966 2143 2007 honestissimas
2167 1986 2242 2017 ges-

1235 2017 1368 2045 serant.
1419 2013 1530 2046 Attici
1550 2016 1742 2051 exercitum
1755 2018 1946 2055 Medorum
1959 2049 1968 2063 ‚
1997 2024 2059 2069 qui
2075 2024 2186 2068 primi
2202 2025 2241 2059 in

1234 2061 1427 2097 Graeciam
1472 2065 1715 2110 traiecerant,
1772 2072 2059 2118 profligaverunt
2080 2075 2154 2123 ⁹¹),
2206 2084 2241 2111 et

1268 2190 1318 2218 84)
1338 2191 1454 2230 nimius]
1471 2192 1515 2232 sio
1535 2199 1630 2218 omnes
1650 2195 1717 2220 illae
1736 2197 1841 2231 Editt.‚
1867 2202 1985 2231 excepta
2003 2203 2054 2229 Ed.
2075 2205 2150 2232 1554.
2194 2210 2238 2235 ubi

1305 2226 1423 2257 legitur:
1451 2235 1538 2254 ninus,
2158 2226 2167 2240 ’

1266 2268 1405 2328 Βόὲειῐὶέῐέ.
1432 2270 1459 2294 in
1479 2272 1564 2297 Editt.
1586 2272 1677 2305 1548„
1714 2274 1789 2300 1554.
1817 2278 1885 2301 nota
1910 2280 2043 2311 margin:
2079 2281 2179 2314 Πάδος
2203 2290 2238 2313 ab

1267 2345 1317 2378 86)
1339 2349 1475 2378 membra]
1497 2350 1537 2373 sic
1556 2352 1634 2375 recte
1653 2352 1701 2375 Ed.
1723 2353 1799 2377 15⁴8.
1821 2356 1847 2377 et
1867 2355 2015 2389 Grauius„
2043 2359 2172 2389 vincent.
2191 2367 2238 2390 at-

1306 2389 1357 2411 que
1378 2382 1460 2413 Corp,
1481 2385 1541 2410 Res.
1564 2386 1580 2409 l.
1597 2386 1632 2413 l.;
1658 2387 1707 2411 Ed.
1727 2388 1801 2412 1554.
1820 2390 1930 2421 uml›i·a;
1958 2392 2008 2416 Ed.
2026 2395 2102 2420 1562.
2120 2401 2235 2425 memmi,

1266 2425 1315 2453 87)
1336 2427 1507 2456 occuluisse]
1529 2429 1603 2457 apud
1621 2430 1752 2455 Grattius.
1772 2438 1869 2456 errore
1889 2436 2017 2466 t>pogr,:
2045 2424 2207 2468 eminuisse,

1265 2468 1450 2527 SSgettoJAstic
1470 2476 1565 2494 omnes
1587 2471 1652 2495 illae
1671 2472 1756 2497 Editt.
1778 2476 1890 2503 praeter
1906 2477 1958 2502 Ed.
1973 2479 2066 2513 1554„
2095 2490 2165 2514 quae
2182 2487 2234 2512 ha-

1265 2546 1314 2573 89)
1335 2546 1474 2579 iuvenem]
1495 2547 1535 2572 sic
1554 2554 1647 2573 omues
1666 2550 1767 2577 Editt.,
1788 2555 1901 2583 excepto
1921 2555 2053 2584 Grathus.

1301 2581 1359 2605 bet:
1385 2581 1521 2608 iuvenum.

1264 2624 1366 2664 imru.
1388 2625 1404 2649 Ι.
1425 2625 1452 2649 in
1471 2626 1554 2650 Editt.
1574 2628 1666 2659 1548.,
1693 2629 1767 2653 1554.
1787 2632 1854 2655 nota
1871 2634 2005 2665 margin.:

1298 2665 1429 2687 *tvnwmg-

1263 2703 1311 2731 91)
1335 2703 1399 2729 u.1.
1422 2704 1449 2728 in
1470 2704 1668 2745 Editt31548„
1691 2708 1765 2732 1554.
1792 2712 1858 2735 nota
1876 2714 2009 2745 margin.:

1299 2744 1391 2769 pugna
1412 2739 1595 2766 Marathonia.

1624 2776 1706 2811 61*

2062 2577 2071 2591 ‚
2091 2562 2136 2592 qui
2154 2566 2234 2591 exhi-

2037 2639 2139 2665 Gestus
2158 2641 2230 2668 ὑπο-

2043 2717 2177 2749 Loquitur
2196 2724 2229 2750 dc
