2351 2990
217 123 290 158 839
790 118 914 154 PHIL.

212 207 336 253 Itaque
361 207 389 240 si
415 218 471 238 me
491 205 659 245 audietis,
687 212 720 238 et
737 205 891 239 studium
910 203 1074 237 adseretis
1093 204 1207 238 consi-

214 258 385 296 derandi,
426 269 499 290 non
525 256 781 295 contendendi,
818 266 922 298 spero
948 256 1128 294 futurum,
1168 262 1208 289 ut

216 317 249 343 et
273 322 335 342 vos
360 309 559 342 orationem
585 321 701 341 meam
727 306 904 351 probetis,
933 313 967 339 et
991 312 1029 339 ut
1046 306 1206 350 periculo

214 361 421 394 liberemur.

317 411 369 445 Sit
397 423 479 454 ergo
505 408 590 442 haec.
614 408 728 452 prima
755 406 980 448 adhortatio,
1016 414 1056 441 ut
1077 420 1118 441 ex
1140 405 1207 441 hac

214 462 395 508 praesenti
412 460 697 494 consternatione
721 458 911 493 retrahatis
933 460 1084 493 animos.
1137 458 1207 492 De-

214 515 317 553 inde,
345 519 383 546 ut
398 512 464 545 hoc
485 511 611 545 timore
629 517 765 544 mutato
785 511 962 556 incipiatis
979 523 1045 555 pro
1066 508 1206 543 Theba-

214 566 271 599 nis
289 571 464 601 metuere;
488 563 558 596 sint
576 562 670 595 enim
687 563 845 607 periculo
862 562 1061 607 propiores.
1097 561 1208 594 Dein·

215 618 277 655 de,
306 622 344 648 ut
363 614 498 660 equites
517 620 550 647 et
570 614 649 654 alii,
677 626 831 659 quorum
850 620 946 647 aetas
963 620 1014 647 est
1029 613 1207 652 militaris,

214 666 418 701 Eleusinem
452 672 633 710 peterent,
677 678 716 698 ac
740 666 865 699 vicinis
893 666 1122 698 ostenderent
1143 676 1207 697 vos

215 719 252 751 in
277 717 385 750 armis
409 729 500 756 esse,
527 723 567 750 ut
583 717 881 750 confirmarentur
902 716 939 749 in
962 718 1049 749 urbe
1066 714 1208 748 Theba-

215 784 284 811 na,
313 772 374 816 qui
400 770 585 803 nobiscum
612 769 789 808 sentiunt,
822 775 862 801 ut
885 768 994 801 libere
1014 768 1103 801 iusta
1128 778 1208 800 sua-

216 826 299 857 dere
323 828 486 867 possent;
522 826 581 860 ut,
612 820 701 853 sicut
723 820 915 852 vendentes
939 819 1094 863 patriam
1122 816 1208 851 Phi-

215 876 314 920 lippo
341 872 526 918 praesidiis
546 872 771 911 nitebantur,
801 871 847 904 ita
869 877 902 903 et
928 870 989 902 alii
1005 870 1206 903 libertatem

216 925 396 960 defensuri
421 924 584 956 viderent
613 935 649 957 se
679 922 808 955 auxilia
839 920 1024 954 habituros
1051 933 1144 960 esse,
1179 920 1208 953 si

215 978 348 1011 bellum
372 981 597 1013 moveretur,
625 980 659 1006 et
683 973 763 1006 dedi
787 973 996 1013 consilium,
1024 979 1063 1005 ut
1085 973 1206 1005 decem

214 1029 322 1073 legati
341 1028 565 1071 eligerentur,
594 1036 746 1070 quorum
763 1036 833 1057 una
853 1037 932 1057 cum
949 1024 1097 1057 ducibus
1114 1035 1209 1056 sum-

215 1092 275 1113 ma
293 1085 382 1113 esset
397 1077 590 1116 autoritas,
619 1082 653 1108 et
671 1076 731 1120 qui
748 1082 933 1109 censerent
956 1076 999 1108 de
1025 1075 1207 1108 educendo

218 1131 383 1165 exercitu.
445 1128 596 1172 Expono
621 1127 748 1167 etiam,
785 1127 870 1172 quid
895 1127 1000 1170 apud.
1016 1124 1208 1159 Thebanos

217 1182 393 1226 agendum
413 1180 476 1220 sit,
504 1191 578 1212 non
591 1184 631 1211 ut
646 1178 782 1223 aliquid
799 1178 842 1210 ab
859 1178 944 1221 ipsis
961 1178 1101 1222 petatis,
1124 1177 1205 1222 quia

216 1232 285 1267 hoc
319 1240 479 1276 tempore
510 1231 547 1262 in
572 1229 635 1262 tali
664 1229 826 1273 ipsorum
851 1235 949 1262 metu
979 1235 1082 1273 turpe
1107 1234 1208 1267 esset,

216 1285 305 1317 velle
337 1284 380 1316 ab
413 1282 462 1315 eis
492 1281 629 1326 aliquid
659 1287 889 1325 extorquere,
924 1281 984 1313 sed
1006 1286 1045 1314 ut
1068 1286 1206 1313 tantum

216 1334 434 1381 promittatis
451 1333 620 1366 auxilium
632 1358 641 1371 ,
665 1332 693 1365 si
716 1332 753 1363 in
771 1329 839 1364 hoc
857 1338 1014 1364 extremo
1033 1344 1097 1364 suo
1115 1331 1206 1375 peri-

219 1388 298 1421 culo
323 1391 503 1430 peterent,
531 1390 571 1417 ut
586 1383 826 1426 intelligerent
843 1395 908 1416 nos
924 1383 1084 1427 ipsorum
1103 1381 1207 1415 saluti

217 1438 343 1471 melius
363 1436 562 1475 consulere,
582 1446 688 1479 quam
708 1434 776 1478 ipsi
791 1434 859 1467 sibi
874 1434 1128 1466 consuluerant
1146 1444 1207 1465 an-

218 1496 296 1529 tea,
331 1500 370 1521 ac
396 1488 425 1521 si
450 1493 572 1520 nostra
604 1485 749 1518 consilia
777 1485 961 1523 audirent,
997 1482 1146 1517 honesta
1174 1490 1208 1516 et

217 1539 413 1585 probabilis
437 1549 540 1571 causa
563 1537 647 1569 belli
669 1542 775 1573 esset3
804 1536 858 1568 sin
878 1542 996 1569 autem
1013 1547 1087 1568 non
1109 1534 1208 1567 audi-

217 1598 298 1625 rent
318 1603 402 1629 nos,
435 1594 640 1621 accusarent
662 1587 729 1631 ipsi
751 1599 844 1626 sese,
877 1587 907 1620 si
931 1587 969 1619 in
1001 1586 1208 1620 servitutem

217 1642 398 1678 venirent;
432 1652 497 1673 nos
514 1651 598 1671 vero
617 1637 705 1671 nihil
722 1636 950 1671 inhonestum
970 1644 1003 1670 et
1020 1638 1207 1681 indignum

216 1693 329 1726 veteri
361 1692 472 1735 gloria
505 1689 610 1723 huius
640 1689 737 1723 urbis
765 1689 884 1722 secisse
912 1688 1208 1721 existimaremur.

216 1745 312 1778 Haec
341 1756 421 1776 cum
454 1742 637 1781 dixissem,
675 1740 858 1780 descendi,
894 1752 933 1773 ac
957 1740 1101 1773 nemine
1125 1752 1208 1772 con-

216 1795 413 1829 tradicente
448 1806 511 1826 vos
555 1791 647 1825 hanc
689 1792 901 1825 sententiam
937 1791 1206 1835 comprobastis.

217 1847 285 1881 Sed
312 1858 386 1878 non
408 1844 501 1878 suasi
525 1850 684 1883 tantum,
718 1844 778 1877 sed
803 1843 927 1887 scripsi
956 1843 1062 1876 etiarn
1088 1843 1207 1875 decre-

217 1905 314 1938 tum,
343 1903 377 1929 et
392 1895 607 1940 legationem
625 1894 723 1934 misi,
752 1901 785 1927 et
801 1892 993 1927 Thebanos
1016 1894 1118 1927 nobis
1146 1894 1207 1926 ad-

217 1949 327 1983 iunxi.
362 1947 447 1980 Inde
464 1959 576 1992 usque
594 1947 636 1979 ab
656 1946 758 1978 initio
776 1946 820 1978 ad
837 1947 943 1978 finem
962 1943 1048 1978 haec
1064 1945 1206 1989 negotia

218 2001 293 2045 egi,
320 2012 385 2032 nec
402 1998 537 2032 civitati
553 1998 590 2030 in
606 2004 704 2030 tanto
724 1997 882 2041 periculo
899 1998 1017 2030 deesse
1034 1996 1144 2030 volui.

318 2049 455 2084 Exhibe
480 2049 588 2093 igitur
610 2050 809 2087 decretum,
845 2050 941 2093 quod
966 2055 1049 2081 tunc
1074 2048 1205 2080 factum

218 2110 280 2137 est.
340 2102 543 2147 Utrumque
570 2106 687 2133 autem
715 2100 895 2140 conferas,
938 2099 1059 2144 quales
1085 2111 1126 2131 eo
1151 2099 1207 2131 die

216 2154 388 2189 fuerimus
406 2154 533 2193 amhn,
560 2152 698 2185 dicesne
712 2164 788 2191 me,
820 2157 861 2183 ut
886 2151 976 2183 soles
1002 2150 1207 2189 conviciari,

217 2207 363 2239 mollem
389 2205 516 2244 fuisse,
554 2210 587 2236 te
619 2215 704 2236 vero
731 2214 806 2234 non
837 2202 1019 2245 vulgarem
1047 2200 1206 2241 heroem,

218 2259 279 2291 sed
309 2255 455 2290 heroem
489 2255 644 2300 aliquem
678 2266 719 2286 ex
752 2264 854 2287 scena
874 2279 883 2292 ,
937 2250 1208 2296 Cresphontem,

220 2309 408 2342 Creontem
435 2307 490 2340 vel
517 2306 764 2345 Oenomaum,
807 2316 913 2349 quem
944 2304 1036 2336 male
1070 2305 1207 2348 agendo

219 2360 303 2393 olim
323 2358 524 2403 corrupisti.
572 2358 630 2391 Tu
645 2369 729 2390 vero
747 2356 827 2389 talis
853 2353 958 2389 heros
980 2367 1020 2388 eo
1047 2361 1208 2399 tempore

218 2424 364 2456 prorsus
381 2411 477 2444 nulla
497 2410 534 2442 in
552 2421 588 2442 re
605 2409 741 2453 patriae
759 2407 855 2441 utilis
872 2406 980 2440 suisti.
1031 2406 1106 2450 Ego
1122 2419 1208 2439 vero

222 2463 276 2506 egi
311 2462 450 2501 omnia,
504 2474 594 2507 quae
624 2462 760 2494 bonum
793 2458 907 2491 civem
943 2470 1046 2502 agere
1079 2458 1208 2492 decuit.

217 2514 340 2547 Recita
364 2514 556 2546 decretum.

425 2599 654 2631 Decretum
679 2597 997 2631 Demosthenis.

322 2669 484 2700 Praetore
507 2667 686 2705 Nausicle,
726 2667 817 2699 tribu
837 2665 1049 2708 praesidente
1068 2662 1208 2701 Aeacia,

219 2718 279 2753 16.
294 2720 348 2752 die
363 2719 468 2758 Maii,
491 2718 728 2751 Demosthenes
742 2717 976 2750 Demosthenis
986 2714 1081 2757 filius
1096 2715 1210 2747 Paea-

953 118 1066 152 MEL.
1100 116 1302 152 SCRIPTA
1329 116 1665 152 PHILOLOGICA.

2174 121 2250 155 840

1260 205 1389 237 niensis
1413 205 1523 237 dixit.-
1553 205 1718 244 Quoniam
1742 204 1936 247 Philippum
1950 206 2175 240 Macedonum
2197 218 2254 240 re-

1258 267 1332 298 yem
1348 256 1514 297 superiori
1534 260 1677 298 tempore
1698 257 1903 289 conditiones
1922 259 2018 299 pacis
2041 270 2116 291 cum
2133 258 2254 301 populo

1260 306 1459 339 Atheniensi
1485 305 1599 348 factas
1628 308 1769 340 violasse
1797 313 1944 349 constat,
1978 310 2125 352 despecto
2155 310 2254 342 iura-

1260 362 1384 397 mento,
1413 362 1445 389 et
1470 359 1558 399 apud
1583 368 1693 391 omnes
1715 360 1858 393 Graecos
1880 361 2003 392 usitato
2019 361 2109 400 iure,
2137 364 2168 393 et
2190 371 2253 392 ur-

1259 410 1314 441 bes
1331 409 1529 449 intercipere
1545 408 1634 441 nihil
1647 411 1691 441 ad
1705 422 1740 442 se
1753 412 1945 451 attinentes,
1965 413 2128 456 quasdam
2137 411 2252 450 etiam,

1260 471 1343 505 quae
1376 460 1632 492 Atheniensium
1658 459 1798 502 suerunt
1812 487 1823 502 ‚
1869 468 2082 505 espuynatas
2117 463 2251 505 cepisse,

1260 511 1354 543 nulla
1372 522 1393 542 a
1405 511 1524 553 populo
1543 510 1743 544 Atheniensi
1765 512 1954 546 lacessitum
1979 515 2128 554 iniuria,
2159 517 2192 546 et
2214 513 2253 545 in

1257 563 1452 605 praesentia
1470 562 1563 603 lonye
1573 563 1732 604 grassari
1749 564 1782 595 vi
1798 569 1830 596 et
1847 565 2054 598 crudelitate.
2105 567 2200 598 IVam
2221 566 2253 596 et

1260 614 1420 659 quaedam
1433 615 1562 647 Graeca
1578 614 1698 654 oppida
1706 616 1888 655 praesidiis
1901 620 1988 649 tenet
2003 621 2034 649 et
2049 615 2253 658 respublicas

1261 666 1415 707 abraam,
1444 665 1607 708 quaedam
1630 666 1733 697 etiam
1757 666 1929 706 excindit,
1957 673 1988 700 et
2011 669 2095 700 cives
2113 666 2173 699 sub
2197 676 2252 697 co-

1260 728 1345 749 rona
1361 716 1490 755 vendit,
1518 717 1553 747 in
1578 717 1741 759 quaedam
1754 718 1857 749 etiam
1876 718 1988 751 eiectis
2010 719 2148 752 Graecis
2171 717 2253 749 bar-

1260 768 1358 800 baros
1376 767 1530 805 collocat,
1565 768 1600 798 in
1616 765 1704 808 fana
1718 772 1749 800 et
1771 774 1984 802 monumenta
2009 770 2173 801 maiorum
2196 769 2252 799 in-

1259 820 1390 857 ductos,
1435 819 1469 849 in
1495 829 1555 862 quo
1579 818 1668 850 nihil
1687 830 1768 850 sane
1791 819 1938 851 alienum
1955 819 2043 862 facit
2068 819 2118 851 vel
2136 819 2254 861 patria

1260 881 1322 902 sua
1339 869 1389 900 rel
1411 869 1574 908 moribus,
1603 873 1635 902 et
1656 869 1720 901 hae
1742 881 1804 902 sua
1815 869 1957 912 fortuna
1976 872 2163 913 importune
2184 869 2253 901 uti-

1259 926 1333 959 tur,
1362 920 1482 952 oblitus
1503 920 1575 959 sui,
1608 921 1666 964 qui
1687 931 1704 951 e
1727 931 1831 962 parvo
1854 926 1886 954 et
1909 922 2051 966 quolibet
2069 920 2182 964 factus
2205 922 2254 951 est

1261 973 1431 1013 insperato
1446 982 1598 1012 maanus·
1653 972 1704 1003 Ac
1718 973 1795 1004 dum
1819 974 1938 1014 oppida
1953 984 2028 1005 eum
2043 972 2173 1005 videbat
2196 972 2254 1004 in-

1260 1023 1486 1064 tercipientem
1505 1021 1653 1053 barbara
1677 1027 1709 1055 et
1728 1024 1884 1064 prii-ata,
1913 1026 2025 1057 minus
2041 1025 2078 1056 in
2094 1035 2128 1057 se
2143 1022 2253 1055 delin-

1261 1075 1319 1118 qui
1329 1073 1469 1115 putabat
1484 1072 1624 1114 populus
1642 1074 1869 1107 Atheniensis.
1929 1078 2031 1110 qunc
2047 1086 2122 1108 vero
2137 1075 2254 1107 videns

1264 1126 1471 1158 Graecarum
1502 1124 1635 1156 urbium
1671 1126 1759 1157 alias
1790 1127 1925 1168 indiyne
1955 1128 2120 1166 tractari,
2164 1125 2254 1158 alias

1260 1177 1382 1215 everti,
1411 1177 1563 1220 iniquum
1587 1187 1656 1207 esse
1673 1181 1798 1216 censet,
1825 1182 1857 1210 et
1875 1177 1988 1220 yloria
2010 1179 2175 1210 maiorum
2197 1177 2256 1208 in-

1260 1228 1416 1269 diynum,
1443 1228 1663 1266 committere,
1689 1233 1725 1261 ut
1750 1229 1872 1261 Graeci
1885 1231 2042 1262 servitute
2057 1230 2255 1271 oppriman—

1259 1284 1327 1311 tur.
1381 1280 1498 1322 Itaque
1516 1279 1621 1309 visum
1635 1283 1684 1310 est
1698 1281 1831 1311 senatui
1844 1281 2026 1325 populoque
2040 1279 2251 1317 Atheniensi,

1262 1334 1297 1362 ut
1318 1331 1402 1362 rotis
1425 1330 1626 1369 nuncupatis
1650 1333 1682 1361 et
1715 1331 1824 1362 saeris
1852 1333 2000 1372 peractis
2031 1333 2114 1364 Diis
2137 1336 2169 1365 et
2193 1331 2252 1363 he-

1260 1381 1373 1413 roibus
1404 1381 1497 1412 urbis
1525 1379 1726 1413 tutelaribus
1753 1386 1785 1413 et
1816 1382 1956 1415 ditionis
1983 1382 2251 1421 Atheniensium,

1260 1436 1292 1464 et
1309 1436 1460 1464 revocata
1483 1432 1516 1463 in
1537 1433 1731 1463 memoriam
1754 1433 1874 1465 virtute
1892 1434 2076 1472 maiorum,
2103 1434 2161 1477 qui
2174 1433 2253 1475 plu-

1262 1484 1312 1515 ris
1337 1481 1446 1524 fecere
1476 1481 1700 1523 defensionem
1735 1484 1896 1515 Graeciae
1927 1485 2110 1524 libertatis,
2153 1495 2253 1529 quam

1261 1545 1357 1566 suam
1377 1534 1546 1575 patriam,
1578 1537 1615 1565 ut
1635 1534 1794 1566 ducentae
1817 1546 1918 1567 nares
1941 1536 1978 1568 in
2000 1547 2094 1568 mare
2113 1540 2253 1577 protra-

1261 1585 1406 1625 hantur,
1433 1590 1464 1617 et
1487 1584 1679 1617 nauarchus
1701 1587 1795 1618 intra
1817 1587 1924 1629 Pylas
1943 1587 2106 1629 appellat,
2132 1588 2252 1620 etduoe

1262 1648 1301 1668 ac
1325 1638 1485 1678 maqister
1515 1637 1660 1680 equitan
1689 1638 1858 1678 pedestres
1886 1642 1917 1671 et
1947 1643 2113 1682 equestres
2140 1639 2254 1680 copias

1263 1688 1626 1727 Eleusinemeducant,
1654 1692 1685 1720 et
1700 1693 1736 1720 ut
1751 1689 1852 1731 leyati
1874 1690 2055 1722 mittantur
2079 1690 2122 1721 ad
2148 1693 2257 1722 caete-

1262 1750 1317 1772 ros
1355 1740 1515 1778 Graecos,
1552 1750 1591 1770 ae
1622 1740 1772 1780 primum
1807 1742 1954 1772 omnium
1987 1741 2031 1772 ad
2068 1740 2253 1780 Thebanos,

1259 1794 1435 1832 propterea
1451 1789 1496 1833 3¹)
1523 1790 1607 1834 eptod
1622 1791 1800 1832 Philippus
1818 1803 1898 1834 [ιφ-ο
1915 1792 2050 1824 illorum
2065 1796 2115 1824 est
2127 1792 2253 1833 proxi-

1262 1853 1353 1881 mus,
1387 1843 1444 1886 qui
1467 1852 1521 1873 eos
1543 1841 1773 1881 cohortentur,
1804 1847 1838 1875 ut
1859 1854 1881 1874 a
1904 1843 2060 1885 Philippo
2083 1854 2149 1874 tion
2169 1853 2250 1884 per-

1261 1892 1433 1934 terrefacti
1449 1904 1545 1924 suam
1559 1897 1590 1924 et
1604 1893 1749 1925 aliorum
1768 1894 1971 1926 Graecorum
1988 1894 2174 1926 libertatem
2193 1895 2252 1926 de-

1258 1944 1412 1987 fendant,
1439 1949 1469 1976 et
1487 1945 1633 1976 indicent
1646 1945 1803 1986 populum
1819 1945 2057 1977 Atheniensem
2073 1944 2253 1978 obliterata

1263 2001 1424 2035 ceterum,
1459 1997 1490 2027 si
1513 2006 1596 2040 qiaeae
1620 1997 1707 2027 inter
1732 1996 1828 2027 urbes
1852 1997 2116 2036 intercesserint,
2149 1995 2253 2038 offen-

1262 2059 1378 2080 sarum
1395 2048 1572 2086 memoria,
1602 2058 1691 2088 opem
1710 2046 1856 2078 laturum
1872 2052 1903 2079 et
1925 2049 2029 2089 copiis
2045 2052 2078 2080 et
2096 2049 2251 2089 pecunia,

1260 2104 1291 2132 et
1315 2099 1390 2131 telis
1411 2103 1442 2131 et
1466 2099 1588 2137 arnus,
1616 2099 1673 2141 qui
1690 2099 1775 2129 sciat
1793 2098 1876 2139 ipsis
1896 2099 1983 2130 inter
2003 2110 2038 2131 se
2059 2100 2254 2132 contendere

1260 2152 1299 2183 de
1311 2151 1518 2192 principatu,
1533 2160 1604 2181 cum
1619 2149 1739 2181 Graeci
1753 2149 1834 2187 sint,
1853 2150 2068 2190 praeclarum
2079 2161 2149 2182 esse
2156 2164 2168 2189 ,-
2194 2150 2253 2183 ho-

1261 2202 1347 2234 mini
1362 2206 1471 2234 autem
1487 2201 1695 2241 alieniqenae
1706 2210 1827 2241 parere
1843 2205 1873 2232 et
1886 2202 2082 2243 principatu
2097 2201 2250 2243 spoliari,

1262 2254 1438 2295 imliynum
1460 2263 1529 2284 esse
1545 2253 1747 2285 Graecorum
1764 2251 1875 2292 yloria
1893 2257 1924 2285 et
1938 2253 2060 2285 virtute
2074 2254 2252 2286 maiorum.

1262 2306 1316 2337 Ad
1336 2305 1417 2337 haec
1438 2315 1495 2335 nec
1517 2303 1664 2334 alienum
1687 2302 1752 2334 sibi
1765 2303 1883 2339 ducere
1893 2304 2050 2346 populum-
2065 2304 2253 2336 Athenien-

1261 2367 1347 2395 sem,
1371 2355 1597 2388 Thebanorum
1612 2354 1769 2395 populum
1782 2355 1833 2386 vel
1844 2356 2038 2396 coynatione
2052 2355 2103 2387 vel
2111 2355 2252 2397 981·ΐίἶὶ-

1261 2412 1348 2447 tate,
1372 2411 1403 2439 et
1424 2406 1596 2438 recordari
1620 2406 1786 2437 maiorum
1812 2416 1947 2438 suorum
1971 2406 2091 2439 collata
2108 2407 2145 2438 in
2167 2406 2254 2439 The—

1263 2460 1425 2491 banorum
1443 2458 1586 2489 maiores
1601 2455 1776 2497 beneficia,
1804 2468 1878 2489 cum
1899 2461 1930 2489 et
1945 2457 2101 2490 Herculis
2118 2457 2249 2497 liberos,

1263 2511 1319 2555 qui
1339 2509 1451 2552 patrio
1482 2509 1621 2550 imperio
1647 2520 1667 2540 a
1690 2508 1994 2550 Peloponnensibus
2011 2508 2248 2550 spoliarentur,

1264 2561 1496 2599 restituerint,
1515 2560 1596 2591 bello
1611 2560 1747 2592 devictis
1764 2561 1827 2599 iis,
1855 2561 1912 2604 qui
1928 2564 2044 2592 contra
2062 2560 2175 2592 venire
2195 2570 2253 2592 co-

1263 2613 1433 2646 nabantur
1446 2611 1603 2644 Herculis
1626 2611 1758 2650 liberis,
1785 2615 1818 2643 et
1837 2621 1896 2643 nos
1912 2611 2088 2652 Oedipum,
2116 2611 2254 2655 eiusque

1295 2729 1345 2756 31)
1362 2729 1534 2759 propterea]
1552 2727 1602 2752 Ed.
1619 2727 1694 2751 1562.
1714 2731 1810 2750 errore
1827 2727 1956 2756 typogr.:
1972 2726 2119 2757 proterea.
