<?xml version="1.0" encoding="UTF-8"?>
<!DOCTYPE html PUBLIC "-//W3C//DTD XHTML 1.0 Transitional//EN"
    "http://www.w3.org/TR/xhtml1/DTD/xhtml1-transitional.dtd">
<html xmlns="http://www.w3.org/1999/xhtml" xml:lang="en" lang="en">
 <head>
  <title>
</title>
<meta http-equiv="Content-Type" content="text/html;charset=utf-8" />
  <meta name='ocr-system' content='tesseract 3.04.00' />
  <meta name='ocr-capabilities' content='ocr_page ocr_carea ocr_par ocr_line ocrx_word'/>
</head>
<body>
  <div class='ocr_page' id='page_1' title='image "./operaquaesupersu17melauoft/operaquaesupersu17melauoft_0210.png"; bbox 0 0 2351 2990; ppageno 0'>
   <div class='ocr_carea' id='block_1_1' title="bbox 473 210 870 258">
    <p class='ocr_par' dir='ltr' id='par_1_1' title="bbox 473 210 870 258">
     <span class='ocr_line' id='line_1_1' title="bbox 473 210 870 258; baseline -0.015 -10"><span class='ocrx_word' id='word_1_1' title='bbox 473 210 870 258; x_wconf 70' lang='lat' dir='ltr'>Argumentumffl).</span> 
     </span>
    </p>
   </div>
   <div class='ocr_carea' id='block_1_2' title="bbox 180 275 1168 531">
    <p class='ocr_par' dir='ltr' id='par_1_2' title="bbox 180 275 1168 531">
     <span class='ocr_line' id='line_1_2' title="bbox 280 275 1167 317; baseline -0.01 0"><span class='ocrx_word' id='word_1_2' title='bbox 280 284 462 317; x_wconf 75' lang='lat' dir='ltr'>Laudatur</span> <span class='ocrx_word' id='word_1_3' title='bbox 487 281 654 315; x_wconf 71' lang='lat' dir='ltr'>sedulitas</span> <span class='ocrx_word' id='word_1_4' title='bbox 671 278 773 311; x_wconf 91' lang='lat' dir='ltr'>Bruti</span> <span class='ocrx_word' id='word_1_5' title='bbox 797 277 832 309; x_wconf 94' lang='lat' dir='ltr'>in</span> <span class='ocrx_word' id='word_1_6' title='bbox 859 275 1051 309; x_wconf 76' lang='lat' dir='ltr'>scribendis</span> <span class='ocrx_word' id='word_1_7' title='bbox 1074 276 1167 309; x_wconf 85' lang='lat' dir='ltr'>litte-</span> 
     </span>
     <span class='ocr_line' id='line_1_3' title="bbox 181 326 1167 375; baseline -0.01 -7"><span class='ocrx_word' id='word_1_8' title='bbox 181 338 226 369; x_wconf 73' lang='lat' dir='ltr'>ris</span> <span class='ocrx_word' id='word_1_9' title='bbox 243 337 284 367; x_wconf 79' lang='lat' dir='ltr'>:ul</span> <span class='ocrx_word' id='word_1_10' title='bbox 304 335 530 371; x_wconf 70' lang='lat' dir='ltr'>Ciceronem,</span> <span class='ocrx_word' id='word_1_11' title='bbox 559 332 663 375; x_wconf 87' lang='lat' dir='ltr'>idque</span> <span class='ocrx_word' id='word_1_12' title='bbox 679 335 728 361; x_wconf 89' lang='lat' dir='ltr'>est</span> <span class='ocrx_word' id='word_1_13' title='bbox 745 327 884 359; x_wconf 87' lang='lat' dir='ltr'>initium</span> <span class='ocrx_word' id='word_1_14' title='bbox 904 327 1085 370; x_wconf 87' lang='lat' dir='ltr'>epistolae,</span> <span class='ocrx_word' id='word_1_15' title='bbox 1112 326 1167 359; x_wconf 88' lang='lat' dir='ltr'>eui</span> 
     </span>
     <span class='ocr_line' id='line_1_4' title="bbox 181 377 1167 419; baseline -0.01 0"><span class='ocrx_word' id='word_1_16' title='bbox 181 387 323 419; x_wconf 83' lang='lat' dir='ltr'>additur</span> <span class='ocrx_word' id='word_1_17' title='bbox 357 384 474 416; x_wconf 60' lang='lat' dir='ltr'>brexis</span> <span class='ocrx_word' id='word_1_18' title='bbox 510 380 666 415; x_wconf 71' lang='lat' dir='ltr'>narratio</span> <span class='ocrx_word' id='word_1_19' title='bbox 703 379 745 410; x_wconf 86' lang='lat' dir='ltr'>de</span> <span class='ocrx_word' id='word_1_20' title='bbox 782 384 880 419; x_wconf 73' lang='lat' dir='ltr'>grata</span> <span class='ocrx_word' id='word_1_21' title='bbox 917 377 1167 410; x_wconf 87' lang='lat' dir='ltr'>coniunctione</span> 
     </span>
     <span class='ocr_line' id='line_1_5' title="bbox 180 426 1168 470; baseline -0.009 0"><span class='ocrx_word' id='word_1_22' title='bbox 180 437 300 470; x_wconf 80' lang='lat' dir='ltr'>Planci</span> <span class='ocrx_word' id='word_1_23' title='bbox 322 442 353 468; x_wconf 80' lang='lat' dir='ltr'>et</span> <span class='ocrx_word' id='word_1_24' title='bbox 371 434 484 466; x_wconf 79' lang='lat' dir='ltr'>Bruti.</span> <span class='ocrx_word' id='word_1_25' title='bbox 544 432 597 464; x_wconf 60' lang='lat' dir='ltr'>Aa</span> <span class='ocrx_word' id='word_1_26' title='bbox 617 431 721 462; x_wconf 88' lang='lat' dir='ltr'>finem</span> <span class='ocrx_word' id='word_1_27' title='bbox 740 428 859 461; x_wconf 86' lang='lat' dir='ltr'>addita</span> <span class='ocrx_word' id='word_1_28' title='bbox 882 434 932 461; x_wconf 88' lang='lat' dir='ltr'>est</span> <span class='ocrx_word' id='word_1_29' title='bbox 949 426 1106 461; x_wconf 75' lang='lat' dir='ltr'>hortatio</span> <span class='ocrx_word' id='word_1_30' title='bbox 1124 429 1168 461; x_wconf 92' lang='lat' dir='ltr'>ad</span> 
     </span>
     <span class='ocr_line' id='line_1_6' title="bbox 181 479 807 531; baseline -0.011 -11"><span class='ocrx_word' id='word_1_31' title='bbox 181 489 376 531; x_wconf 79' lang='lat' dir='ltr'>urgendum</span> <span class='ocrx_word' id='word_1_32' title='bbox 396 488 594 525; x_wconf 77' lang='lat' dir='ltr'>susceptum</span> <span class='ocrx_word' id='word_1_33' title='bbox 613 479 807 523; x_wconf 80' lang='lat' dir='ltr'>negotium.</span> 
     </span>
    </p>
   </div>
   <div class='ocr_carea' id='block_1_3' title="bbox 428 566 922 608">
    <p class='ocr_par' dir='ltr' id='par_1_3' title="bbox 428 566 922 608">
     <span class='ocr_line' id='line_1_7' title="bbox 428 566 922 608; baseline -0.006 -10"><span class='ocrx_word' id='word_1_34' title='bbox 428 566 561 599; x_wconf 66' lang='lat' dir='ltr'>Aliud</span> <span class='ocrx_word' id='word_1_35' title='bbox 594 569 922 608; x_wconf 78' lang='lat' dir='ltr'>argumentum.</span> 
     </span>
    </p>
   </div>
   <div class='ocr_carea' id='block_1_4' title="bbox 179 629 1171 1030">
    <p class='ocr_par' dir='ltr' id='par_1_4' title="bbox 179 629 1171 1030">
     <span class='ocr_line' id='line_1_8' title="bbox 282 629 1169 675; baseline -0.007 -8"><span class='ocrx_word' id='word_1_36' title='bbox 282 635 424 667; x_wconf 76' lang='lat' dir='ltr'>Gratias</span> <span class='ocrx_word' id='word_1_37' title='bbox 444 632 515 675; x_wconf 74' lang='lat' dir='ltr'>agit</span> <span class='ocrx_word' id='word_1_38' title='bbox 532 632 644 664; x_wconf 87' lang='lat' dir='ltr'>Bruto</span> <span class='ocrx_word' id='word_1_39' title='bbox 663 643 727 675; x_wconf 90' lang='lat' dir='ltr'>pro</span> <span class='ocrx_word' id='word_1_40' title='bbox 747 630 807 662; x_wconf 87' lang='lat' dir='ltr'>illa</span> <span class='ocrx_word' id='word_1_41' title='bbox 824 629 1004 673; x_wconf 76' lang='lat' dir='ltr'>diligentia</span> <span class='ocrx_word' id='word_1_42' title='bbox 1023 629 1059 661; x_wconf 90' lang='lat' dir='ltr'>in</span> <span class='ocrx_word' id='word_1_43' title='bbox 1077 629 1169 662; x_wconf 90' lang='lat' dir='ltr'>salu-</span> 
     </span>
     <span class='ocr_line' id='line_1_9' title="bbox 182 680 1170 727; baseline -0.009 -7"><span class='ocrx_word' id='word_1_44' title='bbox 182 688 288 720; x_wconf 75' lang='lat' dir='ltr'>tando</span> <span class='ocrx_word' id='word_1_45' title='bbox 302 712 310 723; x_wconf 68' lang='grc'>,</span> <span class='ocrx_word' id='word_1_46' title='bbox 339 697 416 718; x_wconf 89' lang='lat' dir='ltr'>cmn</span> <span class='ocrx_word' id='word_1_47' title='bbox 435 696 498 727; x_wconf 84' lang='lat' dir='ltr'>per</span> <span class='ocrx_word' id='word_1_48' title='bbox 517 682 765 725; x_wconf 73' lang='lat' dir='ltr'>occupationes</span> <span class='ocrx_word' id='word_1_49' title='bbox 781 681 932 714; x_wconf 86' lang='lat' dir='ltr'>scribere</span> <span class='ocrx_word' id='word_1_50' title='bbox 949 692 1021 712; x_wconf 91' lang='lat' dir='ltr'>non</span> <span class='ocrx_word' id='word_1_51' title='bbox 1044 686 1094 713; x_wconf 83' lang='lat' dir='ltr'>est</span> <span class='ocrx_word' id='word_1_52' title='bbox 1118 680 1170 711; x_wconf 91' lang='lat' dir='ltr'>iu-</span> 
     </span>
     <span class='ocr_line' id='line_1_10' title="bbox 179 730 1171 780; baseline -0.008 -10"><span class='ocrx_word' id='word_1_53' title='bbox 179 746 337 780; x_wconf 64' lang='lat' dir='ltr'>tegrum,</span> <span class='ocrx_word' id='word_1_54' title='bbox 379 746 530 779; x_wconf 89' lang='lat' dir='ltr'>eumque</span> <span class='ocrx_word' id='word_1_55' title='bbox 566 731 776 765; x_wconf 73' lang='lat' dir='ltr'>adhortatur</span> <span class='ocrx_word' id='word_1_56' title='bbox 802 733 846 764; x_wconf 88' lang='lat' dir='ltr'>ad</span> <span class='ocrx_word' id='word_1_57' title='bbox 872 731 1107 764; x_wconf 69' lang='lat' dir='ltr'>constantiam</span> <span class='ocrx_word' id='word_1_58' title='bbox 1134 730 1171 762; x_wconf 87' lang='lat' dir='ltr'>in</span> 
     </span>
     <span class='ocr_line' id='line_1_11' title="bbox 181 782 1171 828; baseline -0.008 -7"><span class='ocrx_word' id='word_1_59' title='bbox 181 786 399 821; x_wconf 76' lang='lat' dir='ltr'>defendenda</span> <span class='ocrx_word' id='word_1_60' title='bbox 426 783 618 828; x_wconf 87' lang='lat' dir='ltr'>republica.</span> <span class='ocrx_word' id='word_1_61' title='bbox 686 782 881 815; x_wconf 78' lang='lat' dir='ltr'>Exordium</span> <span class='ocrx_word' id='word_1_62' title='bbox 907 783 1095 826; x_wconf 86' lang='lat' dir='ltr'>figuratum</span> <span class='ocrx_word' id='word_1_63' title='bbox 1120 787 1171 814; x_wconf 87' lang='lat' dir='ltr'>est</span> 
     </span>
     <span class='ocr_line' id='line_1_12' title="bbox 182 833 1170 876; baseline -0.008 -5"><span class='ocrx_word' id='word_1_64' title='bbox 182 838 370 872; x_wconf 79' lang='lat' dir='ltr'>collatione</span> <span class='ocrx_word' id='word_1_65' title='bbox 401 836 620 874; x_wconf 85' lang='lat' dir='ltr'>litterarum,</span> <span class='ocrx_word' id='word_1_66' title='bbox 662 840 695 866; x_wconf 86' lang='lat' dir='ltr'>et</span> <span class='ocrx_word' id='word_1_67' title='bbox 724 833 946 866; x_wconf 72' lang='lat' dir='ltr'>salutationis</span> <span class='ocrx_word' id='word_1_68' title='bbox 970 834 1081 864; x_wconf 85' lang='lat' dir='ltr'>sactae</span> <span class='ocrx_word' id='word_1_69' title='bbox 1107 844 1170 876; x_wconf 88' lang='lat' dir='ltr'>per</span> 
     </span>
     <span class='ocr_line' id='line_1_13' title="bbox 182 883 1171 932; baseline -0.007 -11"><span class='ocrx_word' id='word_1_70' title='bbox 182 890 301 922; x_wconf 78' lang='lat' dir='ltr'>alium.</span> <span class='ocrx_word' id='word_1_71' title='bbox 355 886 523 932; x_wconf 89' lang='lat' dir='ltr'>Sequitur</span> <span class='ocrx_word' id='word_1_72' title='bbox 538 884 656 917; x_wconf 78' lang='lat' dir='ltr'>brevis</span> <span class='ocrx_word' id='word_1_73' title='bbox 674 884 853 922; x_wconf 87' lang='lat' dir='ltr'>narratio,</span> <span class='ocrx_word' id='word_1_74' title='bbox 892 883 930 915; x_wconf 91' lang='lat' dir='ltr'>in</span> <span class='ocrx_word' id='word_1_75' title='bbox 955 895 1022 928; x_wconf 82' lang='lat' dir='ltr'>qua</span> <span class='ocrx_word' id='word_1_76' title='bbox 1048 888 1171 915; x_wconf 81' lang='lat' dir='ltr'>narrat</span> 
     </span>
     <span class='ocr_line' id='line_1_14' title="bbox 183 931 1169 978; baseline -0.005 -7"><span class='ocrx_word' id='word_1_77' title='bbox 183 938 409 972; x_wconf 72' lang='lat' dir='ltr'>concordiam</span> <span class='ocrx_word' id='word_1_78' title='bbox 440 949 517 969; x_wconf 91' lang='lat' dir='ltr'>cum</span> <span class='ocrx_word' id='word_1_79' title='bbox 544 936 687 978; x_wconf 75' lang='lat' dir='ltr'>collega.</span> <span class='ocrx_word' id='word_1_80' title='bbox 741 935 869 967; x_wconf 84' lang='lat' dir='ltr'>Postea</span> <span class='ocrx_word' id='word_1_81' title='bbox 893 940 943 966; x_wconf 87' lang='lat' dir='ltr'>est</span> <span class='ocrx_word' id='word_1_82' title='bbox 966 931 1169 966; x_wconf 87' lang='lat' dir='ltr'>adhortatio</span> 
     </span>
     <span class='ocr_line' id='line_1_15' title="bbox 183 985 1145 1030; baseline -0.006 -7"><span class='ocrx_word' id='word_1_83' title='bbox 183 992 226 1022; x_wconf 78' lang='lat' dir='ltr'>ad</span> <span class='ocrx_word' id='word_1_84' title='bbox 245 988 501 1022; x_wconf 74' lang='lat' dir='ltr'>defendendam</span> <span class='ocrx_word' id='word_1_85' title='bbox 520 985 775 1030; x_wconf 83' lang='lat' dir='ltr'>rempublicam</span> <span class='ocrx_word' id='word_1_86' title='bbox 798 991 831 1017; x_wconf 89' lang='lat' dir='ltr'>et</span> <span class='ocrx_word' id='word_1_87' title='bbox 849 985 892 1016; x_wconf 90' lang='lat' dir='ltr'>ad</span> <span class='ocrx_word' id='word_1_88' title='bbox 908 985 1145 1017; x_wconf 86' lang='lat' dir='ltr'>scribendum.</span> 
     </span>
    </p>
   </div>
   <div class='ocr_carea' id='block_1_5' title="bbox 439 1071 913 1113">
    <p class='ocr_par' dir='ltr' id='par_1_5' title="bbox 439 1071 913 1113">
     <span class='ocr_line' id='line_1_16' title="bbox 439 1071 913 1113; baseline -0.006 -10"><span class='ocrx_word' id='word_1_89' title='bbox 439 1071 572 1103; x_wconf 85' lang='lat' dir='ltr'>Aliud</span> <span class='ocrx_word' id='word_1_90' title='bbox 599 1075 913 1113; x_wconf 86' lang='lat' dir='ltr'>argumentum.</span> 
     </span>
    </p>
   </div>
   <div class='ocr_carea' id='block_1_6' title="bbox 183 1135 1171 1537">
    <p class='ocr_par' dir='ltr' id='par_1_6' title="bbox 183 1135 1171 1537">
     <span class='ocr_line' id='line_1_17' title="bbox 282 1135 1170 1181; baseline -0.007 -8"><span class='ocrx_word' id='word_1_91' title='bbox 282 1139 479 1173; x_wconf 82' lang='lat' dir='ltr'>Exordium</span> <span class='ocrx_word' id='word_1_92' title='bbox 518 1143 698 1181; x_wconf 88' lang='lat' dir='ltr'>sumptum</span> <span class='ocrx_word' id='word_1_93' title='bbox 736 1142 786 1169; x_wconf 88' lang='lat' dir='ltr'>est</span> <span class='ocrx_word' id='word_1_94' title='bbox 823 1148 840 1168; x_wconf 90' lang='lat' dir='ltr'>a</span> <span class='ocrx_word' id='word_1_95' title='bbox 878 1135 1170 1179; x_wconf 81' lang='lat' dir='ltr'>comprobatione</span> 
     </span>
     <span class='ocr_line' id='line_1_18' title="bbox 185 1186 1171 1237; baseline -0.006 -14"><span class='ocrx_word' id='word_1_96' title='bbox 185 1191 342 1237; x_wconf 77' lang='lat' dir='ltr'>praestiti</span> <span class='ocrx_word' id='word_1_97' title='bbox 367 1189 483 1222; x_wconf 80' lang='lat' dir='ltr'>officii.</span> <span class='ocrx_word' id='word_1_98' title='bbox 544 1187 712 1232; x_wconf 88' lang='lat' dir='ltr'>Sequitur</span> <span class='ocrx_word' id='word_1_99' title='bbox 735 1186 1000 1219; x_wconf 82' lang='lat' dir='ltr'>narratiuncula</span> <span class='ocrx_word' id='word_1_100' title='bbox 1022 1187 1064 1218; x_wconf 96' lang='lat' dir='ltr'>de</span> <span class='ocrx_word' id='word_1_101' title='bbox 1089 1198 1171 1218; x_wconf 90' lang='lat' dir='ltr'>con-</span> 
     </span>
     <span class='ocr_line' id='line_1_19' title="bbox 184 1237 1170 1283; baseline -0.003 -10"><span class='ocrx_word' id='word_1_102' title='bbox 184 1243 303 1275; x_wconf 70' lang='lat' dir='ltr'>cordia</span> <span class='ocrx_word' id='word_1_103' title='bbox 321 1253 400 1273; x_wconf 89' lang='lat' dir='ltr'>cum</span> <span class='ocrx_word' id='word_1_104' title='bbox 418 1239 548 1282; x_wconf 79' lang='lat' dir='ltr'>collega</span> <span class='ocrx_word' id='word_1_105' title='bbox 561 1265 570 1278; x_wconf 86' lang='lat'>,</span> <span class='ocrx_word' id='word_1_106' title='bbox 598 1250 687 1283; x_wconf 86' lang='lat' dir='ltr'>quae</span> <span class='ocrx_word' id='word_1_107' title='bbox 705 1237 878 1270; x_wconf 74' lang='lat' dir='ltr'>universis</span> <span class='ocrx_word' id='word_1_108' title='bbox 893 1243 943 1270; x_wconf 87' lang='lat' dir='ltr'>est</span> <span class='ocrx_word' id='word_1_109' title='bbox 959 1237 1170 1280; x_wconf 81' lang='lat' dir='ltr'>gratissima.</span> 
     </span>
     <span class='ocr_line' id='line_1_20' title="bbox 185 1285 1171 1331; baseline -0.006 -6"><span class='ocrx_word' id='word_1_110' title='bbox 185 1295 264 1326; x_wconf 76' lang='lat' dir='ltr'>l‘ost</span> <span class='ocrx_word' id='word_1_111' title='bbox 287 1290 588 1324; x_wconf 76' lang='lat' dir='ltr'>narratiunculam</span> <span class='ocrx_word' id='word_1_112' title='bbox 607 1295 657 1321; x_wconf 86' lang='lat' dir='ltr'>est</span> <span class='ocrx_word' id='word_1_113' title='bbox 671 1288 788 1320; x_wconf 71' lang='lat' dir='ltr'>brevis</span> <span class='ocrx_word' id='word_1_114' title='bbox 811 1285 1035 1331; x_wconf 73' lang='lat' dir='ltr'>adhortatio,</span> <span class='ocrx_word' id='word_1_115' title='bbox 1070 1294 1109 1320; x_wconf 93' lang='lat' dir='ltr'>ut</span> <span class='ocrx_word' id='word_1_116' title='bbox 1134 1287 1171 1319; x_wconf 92' lang='lat' dir='ltr'>in</span> 
     </span>
     <span class='ocr_line' id='line_1_21' title="bbox 183 1337 1171 1385; baseline -0.006 -10"><span class='ocrx_word' id='word_1_117' title='bbox 183 1344 273 1376; x_wconf 68' lang='lat' dir='ltr'>lzello</span> <span class='ocrx_word' id='word_1_118' title='bbox 292 1342 444 1385; x_wconf 71' lang='lat' dir='ltr'>gerendo</span> <span class='ocrx_word' id='word_1_119' title='bbox 461 1353 495 1373; x_wconf 88' lang='lat' dir='ltr'>se</span> <span class='ocrx_word' id='word_1_120' title='bbox 520 1340 635 1383; x_wconf 88' lang='lat' dir='ltr'>ipsum</span> <span class='ocrx_word' id='word_1_121' title='bbox 660 1338 837 1378; x_wconf 82' lang='lat' dir='ltr'>imitetur,</span> <span class='ocrx_word' id='word_1_122' title='bbox 873 1337 994 1369; x_wconf 83' lang='lat' dir='ltr'>addita</span> <span class='ocrx_word' id='word_1_123' title='bbox 1022 1338 1171 1370; x_wconf 89' lang='lat' dir='ltr'>transla-</span> 
     </span>
     <span class='ocr_line' id='line_1_22' title="bbox 184 1387 1171 1431; baseline -0.006 -5"><span class='ocrx_word' id='word_1_124' title='bbox 184 1395 279 1426; x_wconf 83' lang='lat' dir='ltr'>tione</span> <span class='ocrx_word' id='word_1_125' title='bbox 311 1391 492 1425; x_wconf 71' lang='lat' dir='ltr'>brevitatis</span> <span class='ocrx_word' id='word_1_126' title='bbox 522 1391 558 1422; x_wconf 88' lang='lat' dir='ltr'>in</span> <span class='ocrx_word' id='word_1_127' title='bbox 590 1389 787 1423; x_wconf 89' lang='lat' dir='ltr'>scribendo.</span> <span class='ocrx_word' id='word_1_128' title='bbox 853 1387 895 1420; x_wconf 93' lang='lat' dir='ltr'>In</span> <span class='ocrx_word' id='word_1_129' title='bbox 926 1388 994 1420; x_wconf 86' lang='lat' dir='ltr'>fine</span> <span class='ocrx_word' id='word_1_130' title='bbox 1025 1388 1171 1431; x_wconf 89' lang='lat' dir='ltr'>ponitur</span> 
     </span>
     <span class='ocr_line' id='line_1_23' title="bbox 184 1437 1170 1487; baseline -0.006 -11"><span class='ocrx_word' id='word_1_131' title='bbox 184 1443 390 1487; x_wconf 64' lang='lat' dir='ltr'>significatio</span> <span class='ocrx_word' id='word_1_132' title='bbox 430 1440 595 1475; x_wconf 85' lang='lat' dir='ltr'>desiderii</span> <span class='ocrx_word' id='word_1_133' title='bbox 638 1440 836 1473; x_wconf 90' lang='lat' dir='ltr'>litterarum</span> <span class='ocrx_word' id='word_1_134' title='bbox 869 1437 972 1471; x_wconf 87' lang='lat' dir='ltr'>Bruti</span> <span class='ocrx_word' id='word_1_135' title='bbox 1004 1439 1047 1471; x_wconf 87' lang='lat' dir='ltr'>‹le</span> <span class='ocrx_word' id='word_1_136' title='bbox 1077 1439 1170 1472; x_wconf 90' lang='lat' dir='ltr'>bello</span> 
     </span>
     <span class='ocr_line' id='line_1_24' title="bbox 186 1495 461 1537; baseline -0.011 -10"><span class='ocrx_word' id='word_1_137' title='bbox 186 1495 329 1527; x_wconf 62' lang='lat' dir='ltr'>feliciter</span> <span class='ocrx_word' id='word_1_138' title='bbox 353 1499 461 1537; x_wconf 74' lang='lat' dir='ltr'>gestO.</span> 
     </span>
    </p>
   </div>
   <div class='ocr_carea' id='block_1_7' title="bbox 356 1596 1002 1641">
    <p class='ocr_par' dir='ltr' id='par_1_7' title="bbox 356 1596 1002 1641">
     <span class='ocr_line' id='line_1_25' title="bbox 356 1596 1002 1641; baseline -0.005 -8"><span class='ocrx_word' id='word_1_139' title='bbox 356 1598 539 1633; x_wconf 86' lang='lat' dir='ltr'>Scholia</span> <span class='ocrx_word' id='word_1_140' title='bbox 568 1598 613 1630; x_wconf 92' lang='lat' dir='ltr'>in</span> <span class='ocrx_word' id='word_1_141' title='bbox 642 1597 885 1641; x_wconf 87' lang='lat' dir='ltr'>epistolam</span> <span class='ocrx_word' id='word_1_142' title='bbox 913 1596 1002 1630; x_wconf 63' lang='lat' dir='ltr'>XYI.</span> 
     </span>
    </p>
   </div>
   <div class='ocr_carea' id='block_1_8' title="bbox 188 1670 1173 1930">
    <p class='ocr_par' dir='ltr' id='par_1_8' title="bbox 188 1670 1173 1812">
     <span class='ocr_line' id='line_1_26' title="bbox 290 1670 1171 1720; baseline -0.009 -10"><span class='ocrx_word' id='word_1_143' title='bbox 290 1677 320 1720; x_wconf 55' lang='grc' dir='ltr'>ξ.</span> <span class='ocrx_word' id='word_1_144' title='bbox 346 1678 378 1709; x_wconf 83' lang='grc'>1.</span> <span class='ocrx_word' id='word_1_145' title='bbox 421 1676 602 1717; x_wconf 72' lang='lat' dir='ltr'>Permaym&#39;</span> <span class='ocrx_word' id='word_1_146' title='bbox 637 1670 794 1719; x_wconf 70' lang='lat' dir='ltr'>interest]</span> <span class='ocrx_word' id='word_1_147' title='bbox 837 1671 1059 1709; x_wconf 73' lang='lat' dir='ltr'>insinuatio,</span> <span class='ocrx_word' id='word_1_148' title='bbox 1104 1683 1171 1715; x_wconf 86' lang='lat' dir='ltr'>qua</span> 
     </span>
     <span class='ocr_line' id='line_1_27' title="bbox 188 1722 1173 1772; baseline -0.004 -13"><span class='ocrx_word' id='word_1_149' title='bbox 188 1728 329 1772; x_wconf 74' lang='lat' dir='ltr'>oblique</span> <span class='ocrx_word' id='word_1_150' title='bbox 356 1731 496 1759; x_wconf 75' lang='lat' dir='ltr'>excusat</span> <span class='ocrx_word' id='word_1_151' title='bbox 519 1736 554 1757; x_wconf 88' lang='lat' dir='ltr'>se</span> <span class='ocrx_word' id='word_1_152' title='bbox 587 1724 656 1762; x_wconf 80' lang='lat' dir='ltr'>illi,</span> <span class='ocrx_word' id='word_1_153' title='bbox 698 1725 793 1767; x_wconf 87' lang='lat' dir='ltr'>quod</span> <span class='ocrx_word' id='word_1_154' title='bbox 823 1723 911 1755; x_wconf 84' lang='lat' dir='ltr'>nolit</span> <span class='ocrx_word' id='word_1_155' title='bbox 944 1722 974 1755; x_wconf 89' lang='lat' dir='ltr'>ei</span> <span class='ocrx_word' id='word_1_156' title='bbox 1006 1722 1173 1755; x_wconf 81' lang='lat' dir='ltr'>molestus</span> 
     </span>
     <span class='ocr_line' id='line_1_28' title="bbox 191 1792 274 1812; baseline -0.012 0"><span class='ocrx_word' id='word_1_157' title='bbox 191 1792 274 1812; x_wconf 71' lang='lat' dir='ltr'>esse.</span> 
     </span>
    </p>

    <p class='ocr_par' dir='ltr' id='par_1_9' title="bbox 189 1829 819 1930">
     <span class='ocr_line' id='line_1_29' title="bbox 291 1829 819 1877; baseline -0.006 -10"><span class='ocrx_word' id='word_1_158' title='bbox 291 1833 320 1877; x_wconf 64' lang='grc' dir='ltr'>ξ.</span> <span class='ocrx_word' id='word_1_159' title='bbox 337 1835 370 1866; x_wconf 80' lang='lat'>3.</span> <span class='ocrx_word' id='word_1_160' title='bbox 398 1836 516 1872; x_wconf 61' lang='lat' dir='ltr'>Nunc,</span> <span class='ocrx_word' id='word_1_161' title='bbox 545 1834 575 1865; x_wconf 77' lang='grc' dir='ltr'>εἰ</span> <span class='ocrx_word' id='word_1_162' title='bbox 592 1829 661 1877; x_wconf 88' lang='lat' dir='ltr'>me]</span> <span class='ocrx_word' id='word_1_163' title='bbox 678 1831 819 1864; x_wconf 85' lang='lat' dir='ltr'>Petitio.</span> 
     </span>
     <span class='ocr_line' id='line_1_30' title="bbox 189 1884 450 1930; baseline -0.015 -11"><span class='ocrx_word' id='word_1_164' title='bbox 189 1884 450 1930; x_wconf 80' lang='lat' dir='ltr'>Epiphonema.</span> 
     </span>
    </p>
   </div>
   <div class='ocr_carea' id='block_1_9' title="bbox 873 1827 1172 1876">
    <p class='ocr_par' dir='ltr' id='par_1_10' title="bbox 873 1827 1172 1876">
     <span class='ocr_line' id='line_1_31' title="bbox 873 1827 1172 1876; baseline -0.007 -12"><span class='ocrx_word' id='word_1_165' title='bbox 873 1833 971 1865; x_wconf 65' lang='lat' dir='ltr'><em>Nihil</em></span> <span class='ocrx_word' id='word_1_166' title='bbox 986 1836 1033 1863; x_wconf 74' lang='lat' dir='ltr'>ess</span> <span class='ocrx_word' id='word_1_167' title='bbox 1050 1827 1172 1876; x_wconf 69' lang='lat' dir='ltr'>Brute]</span> 
     </span>
    </p>
   </div>
   <div class='ocr_carea' id='block_1_10' title="bbox 483 1964 873 2010">
    <p class='ocr_par' dir='ltr' id='par_1_11' title="bbox 483 1964 873 2010">
     <span class='ocr_line' id='line_1_32' title="bbox 483 1964 873 2010; baseline -0.003 -12"><span class='ocrx_word' id='word_1_168' title='bbox 483 1964 873 2010; x_wconf 60' lang='lat' dir='ltr'>Argumentumffi).</span> 
     </span>
    </p>
   </div>
   <div class='ocr_carea' id='block_1_11' title="bbox 190 2030 1178 2480">
    <p class='ocr_par' dir='ltr' id='par_1_12' title="bbox 190 2030 1178 2480">
     <span class='ocr_line' id='line_1_33' title="bbox 290 2030 1172 2074; baseline -0.006 -7"><span class='ocrx_word' id='word_1_169' title='bbox 290 2032 593 2067; x_wconf 86' lang='lat' dir='ltr'>Commendaticia</span> <span class='ocrx_word' id='word_1_170' title='bbox 626 2038 659 2064; x_wconf 90' lang='lat' dir='ltr'>et</span> <span class='ocrx_word' id='word_1_171' title='bbox 692 2031 793 2063; x_wconf 67' lang='lat' dir='ltr'>valde</span> <span class='ocrx_word' id='word_1_172' title='bbox 822 2031 1019 2063; x_wconf 82' lang='lat' dir='ltr'>luculenter</span> <span class='ocrx_word' id='word_1_173' title='bbox 1044 2030 1172 2074; x_wconf 88' lang='lat' dir='ltr'>scripta</span> 
     </span>
     <span class='ocr_line' id='line_1_34' title="bbox 191 2081 1176 2130; baseline -0.005 -12"><span class='ocrx_word' id='word_1_174' title='bbox 191 2086 350 2130; x_wconf 87' lang='lat' dir='ltr'>epistola.</span> <span class='ocrx_word' id='word_1_175' title='bbox 417 2082 652 2115; x_wconf 82' lang='lat' dir='ltr'>Commendat</span> <span class='ocrx_word' id='word_1_176' title='bbox 678 2082 771 2114; x_wconf 87' lang='lat' dir='ltr'>enim</span> <span class='ocrx_word' id='word_1_177' title='bbox 794 2081 957 2113; x_wconf 88' lang='lat' dir='ltr'>Lamiam</span> <span class='ocrx_word' id='word_1_178' title='bbox 985 2083 1176 2126; x_wconf 84' lang='lat' dir='ltr'>quendam,</span> 
     </span>
     <span class='ocr_line' id='line_1_35' title="bbox 190 2132 1177 2179; baseline -0.006 -10"><span class='ocrx_word' id='word_1_179' title='bbox 190 2144 223 2169; x_wconf 81' lang='lat' dir='ltr'>et</span> <span class='ocrx_word' id='word_1_180' title='bbox 240 2142 360 2179; x_wconf 81' lang='lat' dir='ltr'>rogat,</span> <span class='ocrx_word' id='word_1_181' title='bbox 389 2140 427 2166; x_wconf 88' lang='lat' dir='ltr'>ut</span> <span class='ocrx_word' id='word_1_182' title='bbox 441 2133 574 2166; x_wconf 87' lang='lat' dir='ltr'>Brutus</span> <span class='ocrx_word' id='word_1_183' title='bbox 590 2144 668 2165; x_wconf 91' lang='lat' dir='ltr'>eum</span> <span class='ocrx_word' id='word_1_184' title='bbox 686 2132 722 2164; x_wconf 92' lang='lat' dir='ltr'>in</span> <span class='ocrx_word' id='word_1_185' title='bbox 747 2133 896 2176; x_wconf 87' lang='lat' dir='ltr'>petenda</span> <span class='ocrx_word' id='word_1_186' title='bbox 925 2138 1088 2175; x_wconf 84' lang='lat' dir='ltr'>praetura</span> <span class='ocrx_word' id='word_1_187' title='bbox 1116 2133 1177 2163; x_wconf 88' lang='lat' dir='ltr'>ad-</span> 
     </span>
     <span class='ocr_line' id='line_1_36' title="bbox 191 2180 1176 2226; baseline -0.005 -8"><span class='ocrx_word' id='word_1_188' title='bbox 191 2188 296 2219; x_wconf 64' lang='lat' dir='ltr'>iuvet.</span> <span class='ocrx_word' id='word_1_189' title='bbox 348 2184 543 2217; x_wconf 75' lang='lat' dir='ltr'>Exordium</span> <span class='ocrx_word' id='word_1_190' title='bbox 563 2183 702 2226; x_wconf 83' lang='lat' dir='ltr'>elegans</span> <span class='ocrx_word' id='word_1_191' title='bbox 720 2189 788 2221; x_wconf 89' lang='lat' dir='ltr'>est,</span> <span class='ocrx_word' id='word_1_192' title='bbox 817 2188 850 2214; x_wconf 88' lang='lat' dir='ltr'>et</span> <span class='ocrx_word' id='word_1_193' title='bbox 866 2188 987 2225; x_wconf 90' lang='lat' dir='ltr'>aptum</span> <span class='ocrx_word' id='word_1_194' title='bbox 1005 2180 1086 2215; x_wconf 90' lang='lat' dir='ltr'>huic</span> <span class='ocrx_word' id='word_1_195' title='bbox 1105 2183 1176 2226; x_wconf 89' lang='lat' dir='ltr'>epi-</span> 
     </span>
     <span class='ocr_line' id='line_1_37' title="bbox 192 2233 1175 2279; baseline -0.004 -10"><span class='ocrx_word' id='word_1_196' title='bbox 192 2238 312 2275; x_wconf 79' lang='lat' dir='ltr'>stolae,</span> <span class='ocrx_word' id='word_1_197' title='bbox 339 2247 409 2279; x_wconf 90' lang='lat' dir='ltr'>quo</span> <span class='ocrx_word' id='word_1_198' title='bbox 426 2240 526 2278; x_wconf 87' lang='lat' dir='ltr'>optat</span> <span class='ocrx_word' id='word_1_199' title='bbox 541 2234 729 2266; x_wconf 89' lang='lat' dir='ltr'>commodo</span> <span class='ocrx_word' id='word_1_200' title='bbox 746 2240 905 2276; x_wconf 84' lang='lat' dir='ltr'>tempore</span> <span class='ocrx_word' id='word_1_201' title='bbox 921 2233 1054 2266; x_wconf 86' lang='lat' dir='ltr'>litteras</span> <span class='ocrx_word' id='word_1_202' title='bbox 1064 2233 1175 2266; x_wconf 84' lang='lat' dir='ltr'>Bruto</span> 
     </span>
     <span class='ocr_line' id='line_1_38' title="bbox 195 2283 1177 2329; baseline -0.001 -11"><span class='ocrx_word' id='word_1_203' title='bbox 195 2286 325 2319; x_wconf 73' lang='lat' dir='ltr'>afferri.</span> <span class='ocrx_word' id='word_1_204' title='bbox 394 2284 560 2329; x_wconf 87' lang='lat' dir='ltr'>Sequitur</span> <span class='ocrx_word' id='word_1_205' title='bbox 582 2283 763 2322; x_wconf 89' lang='lat' dir='ltr'>narratio,</span> <span class='ocrx_word' id='word_1_206' title='bbox 797 2295 866 2327; x_wconf 86' lang='lat' dir='ltr'>qua</span> <span class='ocrx_word' id='word_1_207' title='bbox 889 2283 1033 2327; x_wconf 87' lang='lat' dir='ltr'>exponit</span> <span class='ocrx_word' id='word_1_208' title='bbox 1057 2296 1177 2317; x_wconf 80' lang='lat' dir='ltr'>causas</span> 
     </span>
     <span class='ocr_line' id='line_1_39' title="bbox 194 2333 1178 2378; baseline -0.001 -10"><span class='ocrx_word' id='word_1_209' title='bbox 194 2335 510 2368; x_wconf 72' lang='lat' dir='ltr'>commendationis</span> <span class='ocrx_word' id='word_1_210' title='bbox 526 2346 544 2367; x_wconf 88' lang='lat' dir='ltr'>a</span> <span class='ocrx_word' id='word_1_211' title='bbox 563 2334 816 2367; x_wconf 87' lang='lat' dir='ltr'>consuetudine</span> <span class='ocrx_word' id='word_1_212' title='bbox 832 2333 925 2365; x_wconf 68' lang='lat' dir='ltr'>vitae</span> <span class='ocrx_word' id='word_1_213' title='bbox 946 2341 1116 2378; x_wconf 83' lang='lat' dir='ltr'>sumptas,</span> <span class='ocrx_word' id='word_1_214' title='bbox 1144 2341 1178 2367; x_wconf 87' lang='lat' dir='ltr'>et</span> 
     </span>
     <span class='ocr_line' id='line_1_40' title="bbox 195 2383 1178 2429; baseline -0.002 -10"><span class='ocrx_word' id='word_1_215' title='bbox 195 2386 344 2429; x_wconf 84' lang='lat' dir='ltr'>acceptis</span> <span class='ocrx_word' id='word_1_216' title='bbox 366 2385 544 2418; x_wconf 86' lang='lat' dir='ltr'>beneficiis</span> <span class='ocrx_word' id='word_1_217' title='bbox 570 2397 589 2417; x_wconf 86' lang='lat' dir='ltr'>a</span> <span class='ocrx_word' id='word_1_218' title='bbox 603 2383 748 2423; x_wconf 85' lang='lat' dir='ltr'>Lamia,</span> <span class='ocrx_word' id='word_1_219' title='bbox 783 2384 910 2429; x_wconf 81' lang='lat' dir='ltr'>quibus</span> <span class='ocrx_word' id='word_1_220' title='bbox 935 2385 1074 2417; x_wconf 87' lang='lat' dir='ltr'>subiicit</span> <span class='ocrx_word' id='word_1_221' title='bbox 1097 2397 1178 2428; x_wconf 90' lang='lat' dir='ltr'>pro-</span> 
     </span>
     <span class='ocr_line' id='line_1_41' title="bbox 199 2433 1176 2480; baseline 0.001 -13"><span class='ocrx_word' id='word_1_222' title='bbox 199 2436 409 2480; x_wconf 73' lang='lat' dir='ltr'>positionem</span> <span class='ocrx_word' id='word_1_223' title='bbox 426 2437 469 2468; x_wconf 84' lang='lat' dir='ltr'>ad</span> <span class='ocrx_word' id='word_1_224' title='bbox 485 2437 638 2468; x_wconf 84' lang='lat' dir='ltr'>formam</span> <span class='ocrx_word' id='word_1_225' title='bbox 665 2433 937 2479; x_wconf 77' lang='lat' dir='ltr'>enthymematis</span> <span class='ocrx_word' id='word_1_226' title='bbox 962 2433 1028 2467; x_wconf 89' lang='lat' dir='ltr'>hoc</span> <span class='ocrx_word' id='word_1_227' title='bbox 1052 2437 1176 2468; x_wconf 87' lang='lat' dir='ltr'>modo:</span> 
     </span>
    </p>
   </div>
   <div class='ocr_carea' id='block_1_12' title="bbox 231 2568 1181 2626">
    <p class='ocr_par' dir='ltr' id='par_1_13' title="bbox 231 2568 1181 2626">
     <span class='ocr_line' id='line_1_42' title="bbox 231 2568 1181 2600; baseline -0.001 -7"><span class='ocrx_word' id='word_1_228' title='bbox 231 2568 277 2600; x_wconf 75' lang='lat'>64)</span> <span class='ocrx_word' id='word_1_229' title='bbox 299 2570 354 2592; x_wconf 79' lang='lat' dir='ltr'>Hoc</span> <span class='ocrx_word' id='word_1_230' title='bbox 373 2570 558 2598; x_wconf 76' lang='lat' dir='ltr'>argumentum</span> <span class='ocrx_word' id='word_1_231' title='bbox 579 2572 606 2593; x_wconf 87' lang='lat' dir='ltr'>et</span> <span class='ocrx_word' id='word_1_232' title='bbox 631 2569 682 2594; x_wconf 82' lang='lat' dir='ltr'>duo</span> <span class='ocrx_word' id='word_1_233' title='bbox 700 2569 840 2600; x_wconf 83' lang='lat' dir='ltr'>sequentia</span> <span class='ocrx_word' id='word_1_234' title='bbox 858 2570 891 2593; x_wconf 83' lang='lat' dir='ltr'>ab</span> <span class='ocrx_word' id='word_1_235' title='bbox 910 2569 990 2593; x_wconf 82' lang='lat' dir='ltr'>Editt.</span> <span class='ocrx_word' id='word_1_236' title='bbox 1010 2569 1094 2599; x_wconf 61' lang='lat'>1556„</span> <span class='ocrx_word' id='word_1_237' title='bbox 1115 2568 1181 2592; x_wconf 79' lang='lat'>1565</span> 
     </span>
     <span class='ocr_line' id='line_1_43' title="bbox 262 2602 569 2626; baseline 0 0"><span class='ocrx_word' id='word_1_238' title='bbox 262 2603 380 2626; x_wconf 75' lang='grc'><strong>-1596,</strong></span> <span class='ocrx_word' id='word_1_239' title='bbox 401 2602 569 2626; x_wconf 80' lang='lat' dir='ltr'>exhihentur.</span> 
     </span>
    </p>
   </div>
   <div class='ocr_carea' id='block_1_13' title="bbox 230 2652 1180 2709">
    <p class='ocr_par' dir='ltr' id='par_1_14' title="bbox 230 2652 1180 2709">
     <span class='ocr_line' id='line_1_44' title="bbox 230 2652 1180 2684; baseline 0.001 -9"><span class='ocrx_word' id='word_1_240' title='bbox 230 2654 278 2679; x_wconf 74' lang='grc'>65)</span> <span class='ocrx_word' id='word_1_241' title='bbox 299 2653 354 2675; x_wconf 77' lang='lat' dir='ltr'>Boc</span> <span class='ocrx_word' id='word_1_242' title='bbox 373 2652 560 2679; x_wconf 68' lang='lat' dir='ltr'>argumentum</span> <span class='ocrx_word' id='word_1_243' title='bbox 579 2653 605 2675; x_wconf 85' lang='lat' dir='ltr'>et</span> <span class='ocrx_word' id='word_1_244' title='bbox 624 2653 674 2678; x_wconf 84' lang='lat' dir='ltr'>duo</span> <span class='ocrx_word' id='word_1_245' title='bbox 694 2654 836 2684; x_wconf 79' lang='lat' dir='ltr'>sequentia</span> <span class='ocrx_word' id='word_1_246' title='bbox 855 2654 882 2678; x_wconf 85' lang='lat' dir='ltr'>in</span> <span class='ocrx_word' id='word_1_247' title='bbox 902 2654 984 2678; x_wconf 84' lang='lat' dir='ltr'>Editt.</span> <span class='ocrx_word' id='word_1_248' title='bbox 1005 2654 1095 2684; x_wconf 79' lang='lat'>1556„</span> <span class='ocrx_word' id='word_1_249' title='bbox 1115 2653 1180 2677; x_wconf 70' lang='lat'>15⁶5</span> 
     </span>
     <span class='ocr_line' id='line_1_45' title="bbox 273 2685 852 2709; baseline -0.012 1"><span class='ocrx_word' id='word_1_250' title='bbox 273 2700 298 2704; x_wconf 91' lang='lat'>—</span> <span class='ocrx_word' id='word_1_251' title='bbox 314 2685 386 2709; x_wconf 75' lang='lat'>¹596.</span> <span class='ocrx_word' id='word_1_252' title='bbox 405 2686 522 2708; x_wconf 83' lang='lat' dir='ltr'>exstant.</span> <span class='ocrx_word' id='word_1_253' title='bbox 849 2686 852 2687; x_wconf 53' lang='lat'><em>⁷</em></span> 
     </span>
    </p>
   </div>
   <div class='ocr_carea' id='block_1_14' title="bbox 750 121 1620 160">
    <p class='ocr_par' dir='ltr' id='par_1_15' title="bbox 750 121 1620 160">
     <span class='ocr_line' id='line_1_46' title="bbox 750 121 1620 160; baseline 0 0"><span class='ocrx_word' id='word_1_254' title='bbox 750 125 873 160; x_wconf 84' lang='lat' dir='ltr'>PHIL.</span> <span class='ocrx_word' id='word_1_255' title='bbox 905 123 1020 159; x_wconf 80' lang='lat' dir='ltr'>MEL.</span> <span class='ocrx_word' id='word_1_256' title='bbox 1053 121 1254 159; x_wconf 80' lang='lat' dir='ltr'>SCRIPTA</span> <span class='ocrx_word' id='word_1_257' title='bbox 1284 124 1620 160; x_wconf 82' lang='lat' dir='ltr'>PHILOLOGICA.</span> 
     </span>
    </p>
   </div>
   <div class='ocr_carea' id='block_1_15' title="bbox 2133 127 2206 162">
    <p class='ocr_par' dir='ltr' id='par_1_16' title="bbox 2133 127 2206 162">
     <span class='ocr_line' id='line_1_47' title="bbox 2133 127 2206 162; baseline -0.014 0"><span class='ocrx_word' id='word_1_258' title='bbox 2133 127 2206 162; x_wconf 81' lang='lat'>396</span> 
     </span>
    </p>
   </div>
   <div class='ocr_carea' id='block_1_16' title="bbox 1218 210 2207 257">
    <p class='ocr_par' dir='ltr' id='par_1_17' title="bbox 1218 210 2207 257">
     <span class='ocr_line' id='line_1_48' title="bbox 1218 210 2207 257; baseline 0.003 -14"><span class='ocrx_word' id='word_1_259' title='bbox 1218 210 1384 245; x_wconf 86' lang='lat' dir='ltr'>Summus</span> <span class='ocrx_word' id='word_1_260' title='bbox 1401 223 1500 245; x_wconf 88' lang='lat' dir='ltr'>meus</span> <span class='ocrx_word' id='word_1_261' title='bbox 1519 212 1652 245; x_wconf 89' lang='lat' dir='ltr'>amicus</span> <span class='ocrx_word' id='word_1_262' title='bbox 1671 217 1721 245; x_wconf 87' lang='lat' dir='ltr'>est</span> <span class='ocrx_word' id='word_1_263' title='bbox 1731 211 1854 245; x_wconf 87' lang='lat' dir='ltr'>Lamia</span> <span class='ocrx_word' id='word_1_264' title='bbox 1869 238 1878 252; x_wconf 86' lang='lat'>‚</span> <span class='ocrx_word' id='word_1_265' title='bbox 1905 219 1939 245; x_wconf 92' lang='lat' dir='ltr'>et</span> <span class='ocrx_word' id='word_1_266' title='bbox 1958 225 2083 257; x_wconf 85' lang='lat' dir='ltr'>magna</span> <span class='ocrx_word' id='word_1_267' title='bbox 2102 214 2207 246; x_wconf 84' lang='lat' dir='ltr'>bene-</span> 
     </span>
    </p>
   </div>
   <div class='ocr_carea' id='block_1_17' title="bbox 1219 260 2206 356">
    <p class='ocr_par' dir='ltr' id='par_1_18' title="bbox 1219 260 2206 356">
     <span class='ocr_line' id='line_1_49' title="bbox 1219 260 2206 308; baseline 0.003 -14"><span class='ocrx_word' id='word_1_268' title='bbox 1219 261 1294 294; x_wconf 90' lang='lat' dir='ltr'>ficia</span> <span class='ocrx_word' id='word_1_269' title='bbox 1313 260 1401 295; x_wconf 89' lang='lat' dir='ltr'>mihi</span> <span class='ocrx_word' id='word_1_270' title='bbox 1418 262 1610 307; x_wconf 84' lang='lat' dir='ltr'>praestitit:</span> <span class='ocrx_word' id='word_1_271' title='bbox 1642 274 1725 306; x_wconf 83' lang='lat' dir='ltr'>ergo</span> <span class='ocrx_word' id='word_1_272' title='bbox 1743 275 1822 297; x_wconf 85' lang='lat' dir='ltr'>meo</span> <span class='ocrx_word' id='word_1_273' title='bbox 1840 264 1985 297; x_wconf 86' lang='lat' dir='ltr'>nomine</span> <span class='ocrx_word' id='word_1_274' title='bbox 2004 264 2039 296; x_wconf 89' lang='lat' dir='ltr'>in</span> <span class='ocrx_word' id='word_1_275' title='bbox 2057 266 2206 308; x_wconf 85' lang='lat' dir='ltr'>petenda</span> 
     </span>
     <span class='ocr_line' id='line_1_50' title="bbox 1220 313 1804 356; baseline 0.007 -12"><span class='ocrx_word' id='word_1_276' title='bbox 1220 319 1387 356; x_wconf 89' lang='lat' dir='ltr'>praetura</span> <span class='ocrx_word' id='word_1_277' title='bbox 1405 326 1485 347; x_wconf 87' lang='lat' dir='ltr'>eum</span> <span class='ocrx_word' id='word_1_278' title='bbox 1504 313 1671 346; x_wconf 76' lang='lat' dir='ltr'>adiuvare</span> <span class='ocrx_word' id='word_1_279' title='bbox 1688 315 1804 348; x_wconf 84' lang='lat' dir='ltr'>debes.</span> 
     </span>
    </p>
   </div>
   <div class='ocr_carea' id='block_1_18' title="bbox 1469 397 1960 443">
    <p class='ocr_par' dir='ltr' id='par_1_19' title="bbox 1469 397 1960 443">
     <span class='ocr_line' id='line_1_51' title="bbox 1469 397 1960 443; baseline 0.002 -13"><span class='ocrx_word' id='word_1_280' title='bbox 1469 397 1604 431; x_wconf 80' lang='lat' dir='ltr'>Aliud</span> <span class='ocrx_word' id='word_1_281' title='bbox 1631 406 1960 443; x_wconf 80' lang='lat' dir='ltr'>argumentum,</span> 
     </span>
    </p>
   </div>
   <div class='ocr_carea' id='block_1_19' title="bbox 1223 464 2209 1066">
    <p class='ocr_par' dir='ltr' id='par_1_20' title="bbox 1223 464 2209 1066">
     <span class='ocr_line' id='line_1_52' title="bbox 1323 464 2207 511; baseline 0.003 -14"><span class='ocrx_word' id='word_1_282' title='bbox 1323 464 1473 498; x_wconf 87' lang='lat' dir='ltr'>Prorsus</span> <span class='ocrx_word' id='word_1_283' title='bbox 1506 465 1574 498; x_wconf 87' lang='lat' dir='ltr'>alia</span> <span class='ocrx_word' id='word_1_284' title='bbox 1618 472 1669 500; x_wconf 86' lang='lat' dir='ltr'>est</span> <span class='ocrx_word' id='word_1_285' title='bbox 1702 467 1848 511; x_wconf 84' lang='lat' dir='ltr'>epistola</span> <span class='ocrx_word' id='word_1_286' title='bbox 1893 479 1911 499; x_wconf 88' lang='lat' dir='ltr'>a</span> <span class='ocrx_word' id='word_1_287' title='bbox 1953 466 2207 510; x_wconf 88' lang='lat' dir='ltr'>superioribus,</span> 
     </span>
     <span class='ocr_line' id='line_1_53' title="bbox 1223 515 2206 559; baseline 0.003 -13"><span class='ocrx_word' id='word_1_288' title='bbox 1223 515 1318 559; x_wconf 87' lang='lat' dir='ltr'>quod</span> <span class='ocrx_word' id='word_1_289' title='bbox 1346 516 1388 547; x_wconf 90' lang='lat' dir='ltr'>ad</span> <span class='ocrx_word' id='word_1_290' title='bbox 1414 523 1660 559; x_wconf 83' lang='lat' dir='ltr'>argumentum</span> <span class='ocrx_word' id='word_1_291' title='bbox 1688 518 1824 552; x_wconf 86' lang='lat' dir='ltr'>attinet.</span> <span class='ocrx_word' id='word_1_292' title='bbox 1892 517 1954 551; x_wconf 84' lang='lat' dir='ltr'>Est</span> <span class='ocrx_word' id='word_1_293' title='bbox 1985 517 2079 550; x_wconf 88' lang='lat' dir='ltr'>enim</span> <span class='ocrx_word' id='word_1_294' title='bbox 2112 529 2206 550; x_wconf 86' lang='lat' dir='ltr'>com-</span> 
     </span>
     <span class='ocr_line' id='line_1_54' title="bbox 1224 566 2206 613; baseline 0.004 -17"><span class='ocrx_word' id='word_1_295' title='bbox 1224 566 1435 598; x_wconf 81' lang='lat' dir='ltr'>mendaticia</span> <span class='ocrx_word' id='word_1_296' title='bbox 1468 566 1722 610; x_wconf 81' lang='lat' dir='ltr'>elegantissime</span> <span class='ocrx_word' id='word_1_297' title='bbox 1755 569 1904 613; x_wconf 88' lang='lat' dir='ltr'>scripta,</span> <span class='ocrx_word' id='word_1_298' title='bbox 1948 569 1983 600; x_wconf 93' lang='lat' dir='ltr'>in</span> <span class='ocrx_word' id='word_1_299' title='bbox 2017 580 2085 613; x_wconf 90' lang='lat' dir='ltr'>qua</span> <span class='ocrx_word' id='word_1_300' title='bbox 2112 579 2206 600; x_wconf 90' lang='lat' dir='ltr'>com-</span> 
     </span>
     <span class='ocr_line' id='line_1_55' title="bbox 1224 616 2207 662; baseline 0.003 -15"><span class='ocrx_word' id='word_1_301' title='bbox 1224 617 1367 649; x_wconf 89' lang='lat' dir='ltr'>mendat</span> <span class='ocrx_word' id='word_1_302' title='bbox 1382 616 1494 649; x_wconf 77' lang='lat' dir='ltr'>Bruto</span> <span class='ocrx_word' id='word_1_303' title='bbox 1512 616 1694 657; x_wconf 84' lang='lat' dir='ltr'>Lamiam,</span> <span class='ocrx_word' id='word_1_304' title='bbox 1722 626 1761 652; x_wconf 86' lang='lat' dir='ltr'>ut</span> <span class='ocrx_word' id='word_1_305' title='bbox 1785 632 1863 652; x_wconf 88' lang='lat' dir='ltr'>eum</span> <span class='ocrx_word' id='word_1_306' title='bbox 1890 619 2032 652; x_wconf 76' lang='lat' dir='ltr'>adiuvet</span> <span class='ocrx_word' id='word_1_307' title='bbox 2057 618 2093 650; x_wconf 91' lang='lat' dir='ltr'>in</span> <span class='ocrx_word' id='word_1_308' title='bbox 2118 618 2207 662; x_wconf 88' lang='lat' dir='ltr'>peti-</span> 
     </span>
     <span class='ocr_line' id='line_1_56' title="bbox 1224 666 2206 714; baseline 0.003 -16"><span class='ocrx_word' id='word_1_309' title='bbox 1224 666 1319 699; x_wconf 88' lang='lat' dir='ltr'>tione</span> <span class='ocrx_word' id='word_1_310' title='bbox 1346 674 1545 711; x_wconf 84' lang='lat' dir='ltr'>praeturae.</span> <span class='ocrx_word' id='word_1_311' title='bbox 1611 667 1805 703; x_wconf 74' lang='lat' dir='ltr'>Exordium</span> <span class='ocrx_word' id='word_1_312' title='bbox 1836 671 2024 714; x_wconf 83' lang='lat' dir='ltr'>figuratum</span> <span class='ocrx_word' id='word_1_313' title='bbox 2049 675 2099 702; x_wconf 90' lang='lat' dir='ltr'>est</span> <span class='ocrx_word' id='word_1_314' title='bbox 2122 680 2206 714; x_wconf 87' lang='lat' dir='ltr'>qua-</span> 
     </span>
     <span class='ocr_line' id='line_1_57' title="bbox 1223 718 2207 763; baseline 0.003 -14"><span class='ocrx_word' id='word_1_315' title='bbox 1223 718 1303 749; x_wconf 88' lang='lat' dir='ltr'>dam</span> <span class='ocrx_word' id='word_1_316' title='bbox 1337 718 1595 758; x_wconf 83' lang='lat' dir='ltr'>insinuatione,</span> <span class='ocrx_word' id='word_1_317' title='bbox 1637 719 1835 762; x_wconf 84' lang='lat' dir='ltr'>significans</span> <span class='ocrx_word' id='word_1_318' title='bbox 1866 732 1900 754; x_wconf 89' lang='lat' dir='ltr'>se.</span> <span class='ocrx_word' id='word_1_319' title='bbox 1930 718 1997 753; x_wconf 88' lang='lat' dir='ltr'>hoc</span> <span class='ocrx_word' id='word_1_320' title='bbox 2021 720 2207 763; x_wconf 81' lang='lat' dir='ltr'>diligenter</span> 
     </span>
     <span class='ocr_line' id='line_1_58' title="bbox 1224 768 2208 808; baseline 0.002 -8"><span class='ocrx_word' id='word_1_321' title='bbox 1224 768 1373 808; x_wconf 68' lang='lat' dir='ltr'>cavisse,</span> <span class='ocrx_word' id='word_1_322' title='bbox 1401 781 1445 801; x_wconf 89' lang='lat' dir='ltr'>ne</span> <span class='ocrx_word' id='word_1_323' title='bbox 1465 775 1553 802; x_wconf 89' lang='lat' dir='ltr'>esset</span> <span class='ocrx_word' id='word_1_324' title='bbox 1569 769 1600 801; x_wconf 88' lang='lat' dir='ltr'>ei</span> <span class='ocrx_word' id='word_1_325' title='bbox 1615 770 1783 804; x_wconf 88' lang='lat' dir='ltr'>molestus</span> <span class='ocrx_word' id='word_1_326' title='bbox 1811 769 1864 804; x_wconf 92' lang='lat' dir='ltr'>his</span> <span class='ocrx_word' id='word_1_327' title='bbox 1887 770 2024 804; x_wconf 90' lang='lat' dir='ltr'>litteris.</span> <span class='ocrx_word' id='word_1_328' title='bbox 2076 770 2208 804; x_wconf 83' lang='lat' dir='ltr'>Narra-</span> 
     </span>
     <span class='ocr_line' id='line_1_59' title="bbox 1224 819 2208 854; baseline 0.001 -3"><span class='ocrx_word' id='word_1_329' title='bbox 1224 819 1272 851; x_wconf 91' lang='lat' dir='ltr'>tio</span> <span class='ocrx_word' id='word_1_330' title='bbox 1291 825 1427 852; x_wconf 87' lang='lat' dir='ltr'>constat</span> <span class='ocrx_word' id='word_1_331' title='bbox 1445 820 1712 853; x_wconf 88' lang='lat' dir='ltr'>enumeratione</span> <span class='ocrx_word' id='word_1_332' title='bbox 1734 822 1956 854; x_wconf 88' lang='lat' dir='ltr'>occasionum</span> <span class='ocrx_word' id='word_1_333' title='bbox 1975 828 2007 854; x_wconf 86' lang='lat' dir='ltr'>et</span> <span class='ocrx_word' id='word_1_334' title='bbox 2024 832 2208 854; x_wconf 82' lang='lat' dir='ltr'>causarum</span> 
     </span>
     <span class='ocr_line' id='line_1_60' title="bbox 1224 870 2209 918; baseline -0.001 -15"><span class='ocrx_word' id='word_1_335' title='bbox 1224 881 1305 903; x_wconf 89' lang='lat' dir='ltr'>suae</span> <span class='ocrx_word' id='word_1_336' title='bbox 1331 870 1524 914; x_wconf 88' lang='lat' dir='ltr'>petitionis.</span> <span class='ocrx_word' id='word_1_337' title='bbox 1594 871 1695 903; x_wconf 90' lang='lat' dir='ltr'>Hanc</span> <span class='ocrx_word' id='word_1_338' title='bbox 1726 872 1885 918; x_wconf 84' lang='lat' dir='ltr'>sequitur</span> <span class='ocrx_word' id='word_1_339' title='bbox 1917 871 2134 915; x_wconf 79' lang='lat' dir='ltr'>propositio,</span> <span class='ocrx_word' id='word_1_340' title='bbox 2169 877 2209 903; x_wconf 91' lang='lat' dir='ltr'>ut</span> 
     </span>
     <span class='ocr_line' id='line_1_61' title="bbox 1224 919 2209 965; baseline 0 -12"><span class='ocrx_word' id='word_1_341' title='bbox 1224 933 1302 953; x_wconf 92' lang='lat' dir='ltr'>eum</span> <span class='ocrx_word' id='word_1_342' title='bbox 1323 921 1517 954; x_wconf 68' lang='lat' dir='ltr'>adiuvetin</span> <span class='ocrx_word' id='word_1_343' title='bbox 1543 933 1647 954; x_wconf 90' lang='lat' dir='ltr'>causa</span> <span class='ocrx_word' id='word_1_344' title='bbox 1669 919 1928 956; x_wconf 87' lang='lat' dir='ltr'>honestissima.</span> <span class='ocrx_word' id='word_1_345' title='bbox 1987 921 2026 955; x_wconf 90' lang='lat' dir='ltr'>In</span> <span class='ocrx_word' id='word_1_346' title='bbox 2051 922 2120 954; x_wconf 89' lang='lat' dir='ltr'>fine</span> <span class='ocrx_word' id='word_1_347' title='bbox 2145 933 2209 965; x_wconf 90' lang='lat' dir='ltr'>po-</span> 
     </span>
     <span class='ocr_line' id='line_1_62' title="bbox 1223 971 2209 1020; baseline 0.001 -17"><span class='ocrx_word' id='word_1_348' title='bbox 1223 971 1320 1004; x_wconf 87' lang='lat' dir='ltr'>nitur</span> <span class='ocrx_word' id='word_1_349' title='bbox 1337 972 1510 1012; x_wconf 85' lang='lat' dir='ltr'>clausula,</span> <span class='ocrx_word' id='word_1_350' title='bbox 1539 984 1629 1017; x_wconf 88' lang='lat' dir='ltr'>quae</span> <span class='ocrx_word' id='word_1_351' title='bbox 1647 978 1697 1006; x_wconf 88' lang='lat' dir='ltr'>est</span> <span class='ocrx_word' id='word_1_352' title='bbox 1713 974 1829 1007; x_wconf 70' lang='lat' dir='ltr'>brevis</span> <span class='ocrx_word' id='word_1_353' title='bbox 1847 974 2022 1020; x_wconf 81' lang='lat' dir='ltr'>quaedam</span> <span class='ocrx_word' id='word_1_354' title='bbox 2046 971 2209 1016; x_wconf 83' lang='lat' dir='ltr'>repetitio</span> 
     </span>
     <span class='ocr_line' id='line_1_63' title="bbox 1224 1023 1491 1066; baseline 0.007 -12"><span class='ocrx_word' id='word_1_355' title='bbox 1224 1023 1491 1066; x_wconf 88' lang='lat' dir='ltr'>propositionis.</span> 
     </span>
    </p>
   </div>
   <div class='ocr_carea' id='block_1_20' title="bbox 1472 1105 1966 1147">
    <p class='ocr_par' dir='ltr' id='par_1_21' title="bbox 1472 1105 1966 1147">
     <span class='ocr_line' id='line_1_64' title="bbox 1472 1105 1966 1147; baseline 0.002 -10"><span class='ocrx_word' id='word_1_356' title='bbox 1472 1105 1607 1138; x_wconf 79' lang='lat' dir='ltr'>Aliud</span> <span class='ocrx_word' id='word_1_357' title='bbox 1642 1110 1966 1147; x_wconf 85' lang='lat' dir='ltr'>argumentum.</span> 
     </span>
    </p>
   </div>
   <div class='ocr_carea' id='block_1_21' title="bbox 1223 1170 2211 1761">
    <p class='ocr_par' dir='ltr' id='par_1_22' title="bbox 1223 1170 2211 1761">
     <span class='ocr_line' id='line_1_65' title="bbox 1326 1170 2209 1216; baseline 0.002 -13"><span class='ocrx_word' id='word_1_358' title='bbox 1326 1171 1483 1215; x_wconf 88' lang='lat' dir='ltr'>Epistola</span> <span class='ocrx_word' id='word_1_359' title='bbox 1510 1177 1561 1204; x_wconf 84' lang='lat' dir='ltr'>est</span> <span class='ocrx_word' id='word_1_360' title='bbox 1584 1170 1889 1204; x_wconf 85' lang='lat' dir='ltr'>commendaticia.</span> <span class='ocrx_word' id='word_1_361' title='bbox 1941 1170 2123 1215; x_wconf 87' lang='lat' dir='ltr'>Principio</span> <span class='ocrx_word' id='word_1_362' title='bbox 2145 1183 2209 1216; x_wconf 92' lang='lat' dir='ltr'>po-</span> 
     </span>
     <span class='ocr_line' id='line_1_66' title="bbox 1224 1221 2211 1267; baseline 0.002 -13"><span class='ocrx_word' id='word_1_363' title='bbox 1224 1221 1320 1255; x_wconf 89' lang='lat' dir='ltr'>nitur</span> <span class='ocrx_word' id='word_1_364' title='bbox 1337 1221 1528 1255; x_wconf 88' lang='lat' dir='ltr'>insinuatio</span> <span class='ocrx_word' id='word_1_365' title='bbox 1546 1222 1803 1254; x_wconf 72' lang='lat' dir='ltr'>excusationem</span> <span class='ocrx_word' id='word_1_366' title='bbox 1820 1221 2003 1254; x_wconf 81' lang='lat' dir='ltr'>continens</span> <span class='ocrx_word' id='word_1_367' title='bbox 2018 1222 2211 1267; x_wconf 85' lang='lat' dir='ltr'>obliquam,</span> 
     </span>
     <span class='ocr_line' id='line_1_67' title="bbox 1226 1271 2209 1317; baseline 0 -12"><span class='ocrx_word' id='word_1_368' title='bbox 1226 1273 1321 1317; x_wconf 92' lang='lat' dir='ltr'>quod</span> <span class='ocrx_word' id='word_1_369' title='bbox 1336 1273 1426 1304; x_wconf 92' lang='lat' dir='ltr'>nolit</span> <span class='ocrx_word' id='word_1_370' title='bbox 1442 1272 1473 1304; x_wconf 92' lang='lat' dir='ltr'>ei</span> <span class='ocrx_word' id='word_1_371' title='bbox 1492 1273 1658 1304; x_wconf 86' lang='lat' dir='ltr'>molestus</span> <span class='ocrx_word' id='word_1_372' title='bbox 1676 1284 1759 1305; x_wconf 88' lang='lat' dir='ltr'>esse.</span> <span class='ocrx_word' id='word_1_373' title='bbox 1800 1271 1937 1304; x_wconf 86' lang='lat' dir='ltr'>Deinde</span> <span class='ocrx_word' id='word_1_374' title='bbox 1956 1273 2115 1317; x_wconf 89' lang='lat' dir='ltr'>sequitur</span> <span class='ocrx_word' id='word_1_375' title='bbox 2128 1285 2209 1305; x_wconf 90' lang='lat' dir='ltr'>nar-</span> 
     </span>
     <span class='ocr_line' id='line_1_68' title="bbox 1223 1322 2210 1367; baseline 0.002 -13"><span class='ocrx_word' id='word_1_376' title='bbox 1223 1322 1315 1354; x_wconf 87' lang='lat' dir='ltr'>ratio</span> <span class='ocrx_word' id='word_1_377' title='bbox 1328 1335 1340 1362; x_wconf 57' lang='lat'>,’</span> <span class='ocrx_word' id='word_1_378' title='bbox 1365 1334 1433 1367; x_wconf 91' lang='lat' dir='ltr'>qua</span> <span class='ocrx_word' id='word_1_379' title='bbox 1451 1323 1676 1355; x_wconf 85' lang='lat' dir='ltr'>commendat</span> <span class='ocrx_word' id='word_1_380' title='bbox 1690 1322 1849 1355; x_wconf 80' lang='lat' dir='ltr'>Lamiam</span> <span class='ocrx_word' id='word_1_381' title='bbox 1868 1323 1992 1356; x_wconf 86' lang='lat' dir='ltr'>Bruto.</span> <span class='ocrx_word' id='word_1_382' title='bbox 2047 1322 2210 1356; x_wconf 84' lang='lat' dir='ltr'>Comme-</span> 
     </span>
     <span class='ocr_line' id='line_1_69' title="bbox 1223 1373 2209 1416; baseline 0.001 -11"><span class='ocrx_word' id='word_1_383' title='bbox 1223 1379 1342 1405; x_wconf 85' lang='lat' dir='ltr'>morat</span> <span class='ocrx_word' id='word_1_384' title='bbox 1352 1379 1468 1406; x_wconf 89' lang='lat' dir='ltr'>autem</span> <span class='ocrx_word' id='word_1_385' title='bbox 1487 1379 1627 1416; x_wconf 87' lang='lat' dir='ltr'>praeter</span> <span class='ocrx_word' id='word_1_386' title='bbox 1642 1373 1918 1406; x_wconf 84' lang='lat' dir='ltr'>familiaritatem</span> <span class='ocrx_word' id='word_1_387' title='bbox 1936 1379 1969 1406; x_wconf 88' lang='lat' dir='ltr'>et</span> <span class='ocrx_word' id='word_1_388' title='bbox 1986 1373 2209 1406; x_wconf 83' lang='lat' dir='ltr'>nobilitatem</span> 
     </span>
     <span class='ocr_line' id='line_1_70' title="bbox 1223 1423 2208 1467; baseline 0.002 -12"><span class='ocrx_word' id='word_1_389' title='bbox 1223 1424 1379 1456; x_wconf 86' lang='lat' dir='ltr'>familiae</span> <span class='ocrx_word' id='word_1_390' title='bbox 1405 1424 1567 1467; x_wconf 88' lang='lat' dir='ltr'>inprimis</span> <span class='ocrx_word' id='word_1_391' title='bbox 1599 1423 1711 1456; x_wconf 85' lang='lat' dir='ltr'>officia</span> <span class='ocrx_word' id='word_1_392' title='bbox 1738 1424 1903 1467; x_wconf 86' lang='lat' dir='ltr'>praestita</span> <span class='ocrx_word' id='word_1_393' title='bbox 1933 1423 2000 1457; x_wconf 84' lang='lat' dir='ltr'>sibi</span> <span class='ocrx_word' id='word_1_394' title='bbox 2027 1436 2045 1457; x_wconf 89' lang='lat' dir='ltr'>a</span> <span class='ocrx_word' id='word_1_395' title='bbox 2071 1423 2208 1458; x_wconf 86' lang='lat' dir='ltr'>Lamia.</span> 
     </span>
     <span class='ocr_line' id='line_1_71' title="bbox 1224 1472 2209 1518; baseline 0.001 -11"><span class='ocrx_word' id='word_1_396' title='bbox 1224 1474 1393 1518; x_wconf 83' lang='lat' dir='ltr'>Epilogus</span> <span class='ocrx_word' id='word_1_397' title='bbox 1420 1472 1527 1506; x_wconf 90' lang='lat' dir='ltr'>habet</span> <span class='ocrx_word' id='word_1_398' title='bbox 1548 1474 1776 1518; x_wconf 85' lang='lat' dir='ltr'>petitionem,</span> <span class='ocrx_word' id='word_1_399' title='bbox 1817 1481 1856 1507; x_wconf 92' lang='lat' dir='ltr'>nt</span> <span class='ocrx_word' id='word_1_400' title='bbox 1881 1474 2025 1508; x_wconf 85' lang='lat' dir='ltr'>adiuvet</span> <span class='ocrx_word' id='word_1_401' title='bbox 2046 1474 2209 1508; x_wconf 85' lang='lat' dir='ltr'>Lamiam</span> 
     </span>
     <span class='ocr_line' id='line_1_72' title="bbox 1226 1524 2211 1569; baseline 0 -12"><span class='ocrx_word' id='word_1_402' title='bbox 1226 1525 1261 1556; x_wconf 91' lang='lat' dir='ltr'>in</span> <span class='ocrx_word' id='word_1_403' title='bbox 1280 1526 1429 1569; x_wconf 86' lang='lat' dir='ltr'>petenda</span> <span class='ocrx_word' id='word_1_404' title='bbox 1446 1531 1632 1568; x_wconf 88' lang='lat' dir='ltr'>praetura,</span> <span class='ocrx_word' id='word_1_405' title='bbox 1659 1531 1693 1557; x_wconf 89' lang='lat' dir='ltr'>et</span> <span class='ocrx_word' id='word_1_406' title='bbox 1718 1524 1878 1568; x_wconf 85' lang='lat' dir='ltr'>inprimis</span> <span class='ocrx_word' id='word_1_407' title='bbox 1905 1526 1949 1557; x_wconf 91' lang='lat' dir='ltr'>ad</span> <span class='ocrx_word' id='word_1_408' title='bbox 1964 1524 2104 1569; x_wconf 89' lang='lat' dir='ltr'>Lupum</span> <span class='ocrx_word' id='word_1_409' title='bbox 2129 1527 2211 1559; x_wconf 90' lang='lat' dir='ltr'>scri-</span> 
     </span>
     <span class='ocr_line' id='line_1_73' title="bbox 1224 1575 2210 1620; baseline 0.001 -13"><span class='ocrx_word' id='word_1_410' title='bbox 1224 1576 1303 1614; x_wconf 85' lang='lat' dir='ltr'>bat,</span> <span class='ocrx_word' id='word_1_411' title='bbox 1332 1588 1402 1620; x_wconf 89' lang='lat' dir='ltr'>qno</span> <span class='ocrx_word' id='word_1_412' title='bbox 1419 1575 1447 1608; x_wconf 90' lang='lat' dir='ltr'>is</span> <span class='ocrx_word' id='word_1_413' title='bbox 1469 1581 1657 1618; x_wconf 81' lang='lat' dir='ltr'>congreget</span> <span class='ocrx_word' id='word_1_414' title='bbox 1678 1575 1812 1619; x_wconf 86' lang='lat' dir='ltr'>equites</span> <span class='ocrx_word' id='word_1_415' title='bbox 1836 1576 1881 1607; x_wconf 82' lang='lat' dir='ltr'>ad</span> <span class='ocrx_word' id='word_1_416' title='bbox 1905 1576 2019 1607; x_wconf 88' lang='lat' dir='ltr'>danda</span> <span class='ocrx_word' id='word_1_417' title='bbox 2044 1576 2210 1619; x_wconf 82' lang='lat' dir='ltr'>suffragia</span> 
     </span>
     <span class='ocr_line' id='line_1_74' title="bbox 1225 1625 2210 1670; baseline 0.001 -13"><span class='ocrx_word' id='word_1_418' title='bbox 1225 1625 1370 1658; x_wconf 88' lang='lat' dir='ltr'>Lamiae</span> <span class='ocrx_word' id='word_1_419' title='bbox 1404 1626 1441 1658; x_wconf 89' lang='lat' dir='ltr'>in</span> <span class='ocrx_word' id='word_1_420' title='bbox 1476 1625 1627 1658; x_wconf 88' lang='lat' dir='ltr'>comitiis</span> <span class='ocrx_word' id='word_1_421' title='bbox 1663 1625 1878 1659; x_wconf 88' lang='lat' dir='ltr'>centuriatis.</span> <span class='ocrx_word' id='word_1_422' title='bbox 1944 1625 1984 1658; x_wconf 93' lang='lat' dir='ltr'>In</span> <span class='ocrx_word' id='word_1_423' title='bbox 2016 1627 2083 1659; x_wconf 89' lang='lat' dir='ltr'>fine</span> <span class='ocrx_word' id='word_1_424' title='bbox 2108 1627 2210 1670; x_wconf 76' lang='lat' dir='ltr'>poni·</span> 
     </span>
     <span class='ocr_line' id='line_1_75' title="bbox 1226 1676 2211 1719; baseline 0 -10"><span class='ocrx_word' id='word_1_425' title='bbox 1226 1683 1283 1709; x_wconf 87' lang='lat' dir='ltr'>tur</span> <span class='ocrx_word' id='word_1_426' title='bbox 1311 1677 1463 1709; x_wconf 90' lang='lat' dir='ltr'>clausula</span> <span class='ocrx_word' id='word_1_427' title='bbox 1489 1676 1555 1709; x_wconf 89' lang='lat' dir='ltr'>sibi</span> <span class='ocrx_word' id='word_1_428' title='bbox 1579 1687 1652 1708; x_wconf 91' lang='lat' dir='ltr'>non</span> <span class='ocrx_word' id='word_1_429' title='bbox 1675 1688 1775 1719; x_wconf 85' lang='lat' dir='ltr'>posse</span> <span class='ocrx_word' id='word_1_430' title='bbox 1803 1676 1934 1719; x_wconf 79' lang='lat' dir='ltr'>gratius</span> <span class='ocrx_word' id='word_1_431' title='bbox 1960 1677 2115 1709; x_wconf 87' lang='lat' dir='ltr'>accidere</span> <span class='ocrx_word' id='word_1_432' title='bbox 2145 1677 2211 1711; x_wconf 84' lang='lat' dir='ltr'>isto</span> 
     </span>
     <span class='ocr_line' id='line_1_76' title="bbox 1227 1727 1353 1761; baseline -0.008 -2"><span class='ocrx_word' id='word_1_433' title='bbox 1227 1727 1353 1761; x_wconf 84' lang='lat' dir='ltr'>officio.</span> 
     </span>
    </p>
   </div>
   <div class='ocr_carea' id='block_1_22' title="bbox 1446 1802 1988 1848">
    <p class='ocr_par' dir='ltr' id='par_1_23' title="bbox 1446 1802 1988 1848">
     <span class='ocr_line' id='line_1_77' title="bbox 1446 1802 1988 1848; baseline 0.004 -14"><span class='ocrx_word' id='word_1_434' title='bbox 1446 1802 1578 1835; x_wconf 83' lang='lat' dir='ltr'>Aliud</span> <span class='ocrx_word' id='word_1_435' title='bbox 1608 1802 1988 1848; x_wconf 66' lang='lat' dir='ltr'>argumentumffi).</span> 
     </span>
    </p>
   </div>
   <div class='ocr_carea' id='block_1_23' title="bbox 1227 1869 2213 2269">
    <p class='ocr_par' dir='ltr' id='par_1_24' title="bbox 1227 1869 2213 2269">
     <span class='ocr_line' id='line_1_78' title="bbox 1329 1869 2209 1914; baseline 0.002 -12"><span class='ocrx_word' id='word_1_436' title='bbox 1329 1869 1480 1913; x_wconf 83' lang='lat' dir='ltr'>Elegans</span> <span class='ocrx_word' id='word_1_437' title='bbox 1515 1870 1662 1914; x_wconf 87' lang='lat' dir='ltr'>epistola</span> <span class='ocrx_word' id='word_1_438' title='bbox 1699 1876 1769 1909; x_wconf 86' lang='lat' dir='ltr'>est,</span> <span class='ocrx_word' id='word_1_439' title='bbox 1809 1870 1845 1902; x_wconf 90' lang='lat' dir='ltr'>in</span> <span class='ocrx_word' id='word_1_440' title='bbox 1881 1881 1950 1914; x_wconf 87' lang='lat' dir='ltr'>qua</span> <span class='ocrx_word' id='word_1_441' title='bbox 1985 1872 2209 1904; x_wconf 87' lang='lat' dir='ltr'>commendat</span> 
     </span>
     <span class='ocr_line' id='line_1_79' title="bbox 1227 1920 2212 1954; baseline 0.002 -2"><span class='ocrx_word' id='word_1_442' title='bbox 1227 1920 1339 1953; x_wconf 89' lang='lat' dir='ltr'>Bruto</span> <span class='ocrx_word' id='word_1_443' title='bbox 1360 1921 1525 1953; x_wconf 78' lang='lat' dir='ltr'>amicum.</span> <span class='ocrx_word' id='word_1_444' title='bbox 1578 1921 1669 1953; x_wconf 85' lang='lat' dir='ltr'>Usus</span> <span class='ocrx_word' id='word_1_445' title='bbox 1687 1927 1738 1953; x_wconf 85' lang='lat' dir='ltr'>est</span> <span class='ocrx_word' id='word_1_446' title='bbox 1751 1921 1828 1953; x_wconf 90' lang='lat' dir='ltr'>loco</span> <span class='ocrx_word' id='word_1_447' title='bbox 1847 1920 2027 1954; x_wconf 88' lang='lat' dir='ltr'>communi</span> <span class='ocrx_word' id='word_1_448' title='bbox 2052 1921 2088 1953; x_wconf 93' lang='lat' dir='ltr'>in</span> <span class='ocrx_word' id='word_1_449' title='bbox 2113 1933 2212 1954; x_wconf 77' lang='lat' dir='ltr'>exor-</span> 
     </span>
     <span class='ocr_line' id='line_1_80' title="bbox 1228 1970 2211 2016; baseline 0.001 -13"><span class='ocrx_word' id='word_1_450' title='bbox 1228 1971 1300 2010; x_wconf 87' lang='lat' dir='ltr'>dio,</span> <span class='ocrx_word' id='word_1_451' title='bbox 1329 1972 1424 2016; x_wconf 86' lang='lat' dir='ltr'>quod</span> <span class='ocrx_word' id='word_1_452' title='bbox 1442 1970 1560 2015; x_wconf 80' lang='lat' dir='ltr'>magni</span> <span class='ocrx_word' id='word_1_453' title='bbox 1578 1972 1705 2003; x_wconf 85' lang='lat' dir='ltr'>referat</span> <span class='ocrx_word' id='word_1_454' title='bbox 1721 1971 1758 2003; x_wconf 91' lang='lat' dir='ltr'>in</span> <span class='ocrx_word' id='word_1_455' title='bbox 1775 1977 1934 2014; x_wconf 86' lang='lat' dir='ltr'>tempore</span> <span class='ocrx_word' id='word_1_456' title='bbox 1952 1971 2051 2004; x_wconf 89' lang='lat' dir='ltr'>reddi</span> <span class='ocrx_word' id='word_1_457' title='bbox 2066 1972 2211 2007; x_wconf 86' lang='lat' dir='ltr'>litteras.</span> 
     </span>
     <span class='ocr_line' id='line_1_81' title="bbox 1229 2021 2213 2067; baseline 0.002 -13"><span class='ocrx_word' id='word_1_458' title='bbox 1229 2022 1366 2055; x_wconf 89' lang='lat' dir='ltr'>Deinde</span> <span class='ocrx_word' id='word_1_459' title='bbox 1389 2022 1633 2054; x_wconf 89' lang='lat' dir='ltr'>narrationem</span> <span class='ocrx_word' id='word_1_460' title='bbox 1650 2021 1815 2061; x_wconf 70' lang='lat' dir='ltr'>subiicit,</span> <span class='ocrx_word' id='word_1_461' title='bbox 1851 2022 1887 2054; x_wconf 91' lang='lat' dir='ltr'>in</span> <span class='ocrx_word' id='word_1_462' title='bbox 1911 2034 1980 2066; x_wconf 84' lang='lat' dir='ltr'>qua</span> <span class='ocrx_word' id='word_1_463' title='bbox 1999 2029 2033 2055; x_wconf 89' lang='lat' dir='ltr'>et</span> <span class='ocrx_word' id='word_1_464' title='bbox 2051 2022 2136 2067; x_wconf 88' lang='lat' dir='ltr'>quid</span> <span class='ocrx_word' id='word_1_465' title='bbox 2153 2035 2213 2067; x_wconf 87' lang='lat' dir='ltr'>pe-</span> 
     </span>
     <span class='ocr_line' id='line_1_82' title="bbox 1229 2071 2211 2118; baseline 0.003 -14"><span class='ocrx_word' id='word_1_466' title='bbox 1229 2079 1291 2112; x_wconf 81' lang='lat' dir='ltr'>tat,</span> <span class='ocrx_word' id='word_1_467' title='bbox 1320 2072 1476 2117; x_wconf 74' lang='lat' dir='ltr'>exponit,</span> <span class='ocrx_word' id='word_1_468' title='bbox 1503 2078 1537 2105; x_wconf 86' lang='lat' dir='ltr'>et</span> <span class='ocrx_word' id='word_1_469' title='bbox 1553 2071 1752 2118; x_wconf 63' lang='lat' dir='ltr'>cansasffla)</span> <span class='ocrx_word' id='word_1_470' title='bbox 1771 2072 1825 2105; x_wconf 89' lang='lat' dir='ltr'>sui</span> <span class='ocrx_word' id='word_1_471' title='bbox 1843 2073 1947 2105; x_wconf 84' lang='lat' dir='ltr'>officii</span> <span class='ocrx_word' id='word_1_472' title='bbox 1965 2073 2129 2113; x_wconf 81' lang='lat' dir='ltr'>ostendit,</span> <span class='ocrx_word' id='word_1_473' title='bbox 2150 2086 2211 2108; x_wconf 91' lang='lat' dir='ltr'>cur</span> 
     </span>
     <span class='ocr_line' id='line_1_83' title="bbox 1230 2122 2211 2169; baseline 0.004 -14"><span class='ocrx_word' id='word_1_474' title='bbox 1230 2124 1334 2156; x_wconf 89' lang='lat' dir='ltr'>amici</span> <span class='ocrx_word' id='word_1_475' title='bbox 1360 2135 1500 2157; x_wconf 84' lang='lat' dir='ltr'>causam</span> <span class='ocrx_word' id='word_1_476' title='bbox 1526 2123 1727 2167; x_wconf 82' lang='lat' dir='ltr'>susceperit.</span> <span class='ocrx_word' id='word_1_477' title='bbox 1793 2122 1832 2156; x_wconf 80' lang='lat' dir='ltr'>In</span> <span class='ocrx_word' id='word_1_478' title='bbox 1857 2124 1924 2156; x_wconf 90' lang='lat' dir='ltr'>fine</span> <span class='ocrx_word' id='word_1_479' title='bbox 1950 2125 2047 2158; x_wconf 89' lang='lat' dir='ltr'>addit</span> <span class='ocrx_word' id='word_1_480' title='bbox 2072 2124 2211 2169; x_wconf 84' lang='lat' dir='ltr'>petitio-</span> 
     </span>
     <span class='ocr_line' id='line_1_84' title="bbox 1229 2173 2211 2219; baseline 0.003 -12"><span class='ocrx_word' id='word_1_481' title='bbox 1229 2186 1329 2215; x_wconf 89' lang='lat' dir='ltr'>nem,</span> <span class='ocrx_word' id='word_1_482' title='bbox 1363 2181 1402 2207; x_wconf 89' lang='lat' dir='ltr'>ut</span> <span class='ocrx_word' id='word_1_483' title='bbox 1425 2173 1591 2218; x_wconf 86' lang='lat' dir='ltr'>suffragia</span> <span class='ocrx_word' id='word_1_484' title='bbox 1617 2173 1774 2219; x_wconf 86' lang='lat' dir='ltr'>equitum</span> <span class='ocrx_word' id='word_1_485' title='bbox 1802 2187 1947 2208; x_wconf 89' lang='lat' dir='ltr'>suorum</span> <span class='ocrx_word' id='word_1_486' title='bbox 1965 2175 2110 2209; x_wconf 89' lang='lat' dir='ltr'>Lamiae</span> <span class='ocrx_word' id='word_1_487' title='bbox 2129 2188 2211 2210; x_wconf 90' lang='lat' dir='ltr'>con-</span> 
     </span>
     <span class='ocr_line' id='line_1_85' title="bbox 1230 2225 1704 2269; baseline 0 -11"><span class='ocrx_word' id='word_1_488' title='bbox 1230 2225 1322 2258; x_wconf 89' lang='lat' dir='ltr'>ficiat</span> <span class='ocrx_word' id='word_1_489' title='bbox 1338 2225 1470 2269; x_wconf 89' lang='lat' dir='ltr'>petenti</span> <span class='ocrx_word' id='word_1_490' title='bbox 1489 2230 1704 2269; x_wconf 84' lang='lat' dir='ltr'>praeturam.</span> 
     </span>
    </p>
   </div>
   <div class='ocr_carea' id='block_1_24' title="bbox 1389 2315 2055 2361">
    <p class='ocr_par' dir='ltr' id='par_1_25' title="bbox 1389 2315 2055 2361">
     <span class='ocr_line' id='line_1_86' title="bbox 1389 2315 2055 2361; baseline 0.003 -10"><span class='ocrx_word' id='word_1_491' title='bbox 1389 2315 1570 2351; x_wconf 87' lang='lat' dir='ltr'>Scholia</span> <span class='ocrx_word' id='word_1_492' title='bbox 1606 2318 1649 2349; x_wconf 90' lang='lat' dir='ltr'>in</span> <span class='ocrx_word' id='word_1_493' title='bbox 1685 2317 1924 2361; x_wconf 84' lang='lat' dir='ltr'>epistolam</span> <span class='ocrx_word' id='word_1_494' title='bbox 1950 2317 2055 2353; x_wconf 68' lang='lat' dir='ltr'>XVII.</span> 
     </span>
    </p>
   </div>
   <div class='ocr_carea' id='block_1_25' title="bbox 1335 2391 2008 2490">
    <p class='ocr_par' dir='ltr' id='par_1_26' title="bbox 1335 2391 2008 2490">
     <span class='ocr_line' id='line_1_87' title="bbox 1335 2391 2008 2440; baseline 0.003 -14"><span class='ocrx_word' id='word_1_495' title='bbox 1335 2391 1364 2435; x_wconf 61' lang='grc' dir='ltr'>ἓ.</span> <span class='ocrx_word' id='word_1_496' title='bbox 1384 2393 1417 2426; x_wconf 91' lang='grc'>1.</span> <span class='ocrx_word' id='word_1_497' title='bbox 1444 2394 1565 2426; x_wconf 69' lang='lat' dir='ltr'>Lamia</span> <span class='ocrx_word' id='word_1_498' title='bbox 1581 2405 1646 2426; x_wconf 79' lang='lat' dir='ltr'>uno</span> <span class='ocrx_word' id='word_1_499' title='bbox 1665 2391 1748 2440; x_wconf 87' lang='lat' dir='ltr'>etc.]</span> <span class='ocrx_word' id='word_1_500' title='bbox 1774 2393 1940 2427; x_wconf 86' lang='lat' dir='ltr'>Narratio</span> <span class='ocrx_word' id='word_1_501' title='bbox 1950 2394 2008 2440; x_wconf 82' lang='lat'>⁶⁷).</span> 
     </span>
     <span class='ocr_line' id='line_1_88' title="bbox 1335 2442 1864 2490; baseline 0.002 -14"><span class='ocrx_word' id='word_1_502' title='bbox 1335 2445 1365 2486; x_wconf 53' lang='grc' dir='ltr'>ᾖ.</span> <span class='ocrx_word' id='word_1_503' title='bbox 1383 2446 1418 2478; x_wconf 73' lang='grc'>2.</span> <span class='ocrx_word' id='word_1_504' title='bbox 1451 2444 1554 2477; x_wconf 78' lang='lat' dir='ltr'>Velim</span> <span class='ocrx_word' id='word_1_505' title='bbox 1572 2442 1694 2490; x_wconf 74' lang='lat' dir='ltr'>iyitur]</span> <span class='ocrx_word' id='word_1_506' title='bbox 1724 2444 1864 2478; x_wconf 74' lang='lat' dir='ltr'>Potitio,</span> 
     </span>
    </p>
   </div>
   <div class='ocr_carea' id='block_1_26' title="bbox 1265 2559 2215 2635">
    <p class='ocr_par' dir='ltr' id='par_1_27' title="bbox 1265 2559 2215 2635">
     <span class='ocr_line' id='line_1_89' title="bbox 1265 2559 2016 2592; baseline -0.005 -4"><span class='ocrx_word' id='word_1_507' title='bbox 1265 2565 1314 2592; x_wconf 84' lang='lat'>66)</span> <span class='ocrx_word' id='word_1_508' title='bbox 1334 2564 1391 2587; x_wconf 81' lang='lat' dir='ltr'>Hoc</span> <span class='ocrx_word' id='word_1_509' title='bbox 1408 2562 1596 2592; x_wconf 81' lang='lat' dir='ltr'>argumentum</span> <span class='ocrx_word' id='word_1_510' title='bbox 1614 2561 1713 2585; x_wconf 84' lang='lat' dir='ltr'>habent</span> <span class='ocrx_word' id='word_1_511' title='bbox 1725 2559 1809 2586; x_wconf 75' lang='lat' dir='ltr'>Editt.</span> <span class='ocrx_word' id='word_1_512' title='bbox 1829 2559 2016 2584; x_wconf 71' lang='lat'>1565—1598.</span> 
     </span>
     <span class='ocr_line' id='line_1_90' title="bbox 1267 2603 2215 2635; baseline -0.002 -5"><span class='ocrx_word' id='word_1_513' title='bbox 1267 2608 1335 2635; x_wconf 72' lang='lat'><strong>66³)</strong></span> <span class='ocrx_word' id='word_1_514' title='bbox 1355 2608 1381 2629; x_wconf 81' lang='lat' dir='ltr'>et</span> <span class='ocrx_word' id='word_1_515' title='bbox 1400 2606 1515 2633; x_wconf 83' lang='lat' dir='ltr'>causas]</span> <span class='ocrx_word' id='word_1_516' title='bbox 1533 2605 1573 2628; x_wconf 85' lang='lat' dir='ltr'>sic</span> <span class='ocrx_word' id='word_1_517' title='bbox 1589 2605 1636 2629; x_wconf 85' lang='lat' dir='ltr'>Ed.</span> <span class='ocrx_word' id='word_1_518' title='bbox 1655 2605 1745 2633; x_wconf 78' lang='lat'>1565.;</span> <span class='ocrx_word' id='word_1_519' title='bbox 1765 2604 1848 2628; x_wconf 84' lang='lat' dir='ltr'>Editt.</span> <span class='ocrx_word' id='word_1_520' title='bbox 1865 2603 1950 2634; x_wconf 62' lang='lat'>15⁷1„</span> <span class='ocrx_word' id='word_1_521' title='bbox 1970 2603 2045 2629; x_wconf 78' lang='lat'>1596.</span> <span class='ocrx_word' id='word_1_522' title='bbox 2064 2609 2163 2629; x_wconf 81' lang='lat' dir='ltr'>causas</span> <span class='ocrx_word' id='word_1_523' title='bbox 2181 2608 2215 2630; x_wconf 80' lang='lat' dir='ltr'>et.</span> 
     </span>
    </p>
   </div>
   <div class='ocr_carea' id='block_1_27' title="bbox 1267 2646 2217 2710">
    <p class='ocr_par' dir='ltr' id='par_1_28' title="bbox 1267 2646 2217 2710">
     <span class='ocr_line' id='line_1_91' title="bbox 1267 2646 2217 2679; baseline -0.002 -6"><span class='ocrx_word' id='word_1_524' title='bbox 1267 2650 1315 2677; x_wconf 85' lang='grc'>67)</span> <span class='ocrx_word' id='word_1_525' title='bbox 1335 2650 1409 2673; x_wconf 81' lang='lat' dir='ltr'>Haec</span> <span class='ocrx_word' id='word_1_526' title='bbox 1427 2649 1492 2671; x_wconf 89' lang='lat' dir='ltr'>nota</span> <span class='ocrx_word' id='word_1_527' title='bbox 1510 2649 1537 2671; x_wconf 87' lang='lat' dir='ltr'>et</span> <span class='ocrx_word' id='word_1_528' title='bbox 1552 2654 1668 2677; x_wconf 83' lang='lat' dir='ltr'>sequens</span> <span class='ocrx_word' id='word_1_529' title='bbox 1683 2647 1709 2670; x_wconf 77' lang='lat' dir='ltr'>in</span> <span class='ocrx_word' id='word_1_530' title='bbox 1725 2647 1808 2671; x_wconf 77' lang='lat' dir='ltr'>Editt.</span> <span class='ocrx_word' id='word_1_531' title='bbox 1827 2646 1911 2676; x_wconf 61' lang='lat'>1537„</span> <span class='ocrx_word' id='word_1_532' title='bbox 1932 2647 2017 2675; x_wconf 68' lang='lat'>¹540..</span> <span class='ocrx_word' id='word_1_533' title='bbox 2037 2647 2122 2679; x_wconf 61' lang='lat'>1545„</span> <span class='ocrx_word' id='word_1_534' title='bbox 2144 2649 2217 2672; x_wconf 79' lang='grc'><strong>1560.</strong></span> 
     </span>
     <span class='ocr_line' id='line_1_92' title="bbox 1304 2681 2073 2710; baseline -0.001 -3"><span class='ocrx_word' id='word_1_535' title='bbox 1304 2684 1470 2707; x_wconf 77' lang='lat' dir='ltr'>afferuntur:</span> <span class='ocrx_word' id='word_1_536' title='bbox 1496 2682 1523 2704; x_wconf 84' lang='lat' dir='ltr'>in</span> <span class='ocrx_word' id='word_1_537' title='bbox 1543 2682 1625 2705; x_wconf 78' lang='lat' dir='ltr'>Editt.</span> <span class='ocrx_word' id='word_1_538' title='bbox 1648 2682 1739 2705; x_wconf 67' lang='lat'>15⁴4..</span> <span class='ocrx_word' id='word_1_539' title='bbox 1761 2681 1853 2710; x_wconf 58' lang='lat'>1554..</span> <span class='ocrx_word' id='word_1_540' title='bbox 1874 2681 1946 2704; x_wconf 80' lang='lat'>1557.</span> <span class='ocrx_word' id='word_1_541' title='bbox 1967 2681 2073 2706; x_wconf 80' lang='lat' dir='ltr'>desunt.</span> 
     </span>
    </p>
   </div>
   <div class='ocr_carea' id='block_1_28' title="bbox 2314 1593 2328 2363">
    <p class='ocr_par' dir='ltr' id='par_1_29' title="bbox 2314 1593 2328 2363">
     <span class='ocr_line' id='line_1_93' title="bbox 2314 1593 2328 2363; baseline 0 0"><span class='ocrx_word' id='word_1_542' title='bbox 2314 1593 2328 2363; x_wconf 95' lang='lat' dir='ltr'> </span> 
     </span>
    </p>
   </div>
  </div>
 </body>
</html>
