2351 2990
206 122 282 159 855

208 208 387 254 republica
407 213 522 251 partes
546 206 700 250 elegisti,
730 213 917 251 postquam
947 211 979 237 et
1004 202 1071 237 hoc
1097 215 1199 247 agere

210 259 372 297 xoluisti,
401 258 593 291 utssoreuti
611 265 644 291 et
660 258 828 290 incolumi
850 256 963 300 patria
990 255 1123 300 leporis
1150 255 1200 287 vi-

208 319 280 345 tam
299 311 434 344 viveres
453 310 594 347 timide,
624 310 759 352 trepide
785 315 817 340 et
844 318 984 352 semper
1012 313 1200 351 expectans

207 363 376 396 scelerum
397 374 549 406 poenas,
578 372 731 405 quorum
752 360 814 392 tibi
833 359 992 392 conscius
1015 370 1112 397 eras,
1139 358 1200 391 sed

207 414 244 446 in
261 414 399 457 publica
417 412 616 445 calamitate
633 423 710 445 eras
726 411 835 444 alacri
852 411 986 444 animo.
1026 410 1099 455 Qui
1114 421 1199 443 vero

206 465 303 498 mille
341 465 474 497 cix-ibus
512 463 702 496 intersectis
741 464 777 495 tit
820 461 1030 497 insolentior
1048 488 1057 501 ,
1107 459 1201 494 hunc

207 516 409 560 superstites
444 526 511 560 qua
551 527 666 558 poena
700 514 847 557 dignum
883 526 956 547 esse
985 513 1201 546 censebunt?

206 567 343 601 Omitto
361 572 477 599 autem
496 566 671 609 plurima,
707 578 797 611 quae
816 567 859 599 de
879 578 920 599 eo
938 577 1066 607 genere
1083 564 1201 598 dicere

206 630 356 663 possem.
410 617 492 651 Non
512 617 605 649 enim
635 617 755 650 onmia
784 617 857 651 eius
881 617 1012 661 probra
1038 616 1200 650 existimo

206 670 306 703 t'acile
323 669 637 701 commemoraiida
658 681 729 702 esse
743 696 752 709 ,
780 670 840 702 sed
861 669 940 707 illa,
969 680 1122 713 quorum
1147 680 1202 700 re-

206 720 326 753 citatio
348 718 435 752 mihi
454 732 527 752 non
546 726 596 753 est
614 720 738 764 turpis.
799 720 970 753 Conferas
996 719 1104 763 igitur
1125 719 1200 753 sine

206 771 395 804 acerbitate
416 778 514 804 tuam
539 778 572 804 et
598 784 715 804 meam
740 771 870 811 vitam,
908 771 1035 804 deinde
1059 769 1124 805 hos
1148 771 1202 803 in-

207 830 360 866 terroga,
384 823 498 856 utrius
515 824 696 856 fortunam
715 823 959 868 unusquisque
976 822 1088 856 malit.
1128 821 1201 855 Do-

206 873 308 907 cuisti
333 874 485 914 litteras,
529 886 592 917 ego
619 874 743 911 didici;
786 875 882 908 suisti
907 875 1095 914 lustrator,
1136 886 1200 918 ego

204 925 365 958 initiatus
392 937 488 963 sum;
525 925 619 959 suisti
646 923 791 965 histrio,
823 938 886 969 ego
911 932 1072 970 sumptus
1098 937 1202 970 prae-

204 976 285 1013 bui;
327 976 424 1009 suisti
455 976 589 1016 scriba,
632 990 695 1019 ego
718 978 932 1010 sententiam
959 977 1031 1010 dixi
1056 976 1093 1009 in
1119 989 1202 1010 con-

206 1027 325 1064 cione;
354 1027 449 1061 suisti
469 1025 595 1061 histrio
615 1028 801 1061 tertiarum
824 1028 1001 1072 partium,
1037 1039 1101 1071 ego
1125 1040 1202 1072 spe-

205 1085 338 1115 ctator;
372 1091 558 1123 perperam
578 1079 713 1125 aliquid
732 1079 906 1121 recitasti,
935 1092 999 1124 ego
1018 1079 1201 1118 exibilavi;

204 1129 241 1162 in
259 1130 439 1173 republica
468 1130 587 1163 omnia
612 1143 678 1175 pro
702 1129 863 1165 hostibus
887 1131 1006 1175 egisti,
1044 1143 1108 1175 ego
1134 1143 1201 1176 pro

204 1181 334 1225 patria.
386 1180 523 1214 Omitto
550 1188 700 1216 caetera.
754 1182 869 1216 Hodie
892 1195 1036 1229 quoque
1060 1194 1135 1216 non
1158 1183 1201 1216 de

204 1232 332 1265 scelere
352 1234 508 1277 quodam
527 1233 632 1266 venio
652 1233 688 1266 in
706 1233 895 1275 iudicium,
920 1235 981 1267 sed
996 1235 1039 1267 de
1056 1246 1201 1268 corona.

203 1283 256 1316 Te
275 1290 391 1317 autem
411 1283 670 1329 sycophantam
690 1297 763 1318 esse
782 1298 906 1320 omnes
923 1286 1094 1326 sentiunt,
1113 1292 1146 1318 et
1164 1285 1202 1318 in

202 1332 271 1367 hoc
287 1335 483 1379 periculum
503 1342 535 1369 te
553 1336 750 1376 adduxisti,
777 1343 816 1370 ut
835 1338 982 1371 dubium
1000 1338 1057 1377 sit,
1085 1349 1131 1369 an
1146 1349 1202 1381 sy-

202 1384 452 1430 cophanticam
473 1387 605 1421 diutius
623 1400 783 1421 exercere
801 1389 932 1432 possis,
960 1401 1006 1421 an
1031 1400 1116 1421 vero
1142 1389 1201 1421 de-

201 1438 332 1471 siturus
356 1438 402 1472 sis
428 1451 501 1472 non
525 1445 668 1483 accepta
694 1439 817 1484 quinta
838 1446 940 1483 parte
970 1439 1200 1473 calculorum.

202 1489 308 1523 Vides
324 1490 452 1533 igitur,
485 1503 591 1536 quam
611 1491 705 1523 bona
725 1503 808 1524 usus
824 1491 968 1524 fortuna
988 1503 1103 1523 meam
1123 1497 1201 1523 tan-

202 1553 309 1586 quam
335 1542 466 1574 malam
491 1541 681 1585 vituperes.
733 1541 856 1575 Recita
876 1554 971 1576 nunc
995 1542 1199 1576 testimonia

202 1605 365 1625 meorum
396 1605 608 1633 nnmerum,
653 1604 743 1638 quac
776 1593 867 1633 obii,
911 1600 945 1626 et
979 1599 1200 1637 sumptuum,

202 1656 291 1689 quos
307 1644 371 1676 feci
396 1644 432 1676 in
457 1644 534 1678 aliis
559 1645 707 1688 puhlicis
733 1645 951 1678 muneribus.
1005 1643 1142 1678 Interea
1161 1650 1200 1678 tu

201 1696 349 1729 recitato
368 1707 508 1735 versus,
537 1708 625 1740 quos
642 1696 678 1728 in
696 1697 831 1737 agendo
851 1697 1124 1740 corrumpebas:

286 1746 395 1774 Adsum
417 1747 526 1775 relictis
548 1747 680 1775 manibus
707 1755 740 1774 ac
762 1752 825 1775 atro
847 1756 935 1785 specu
950 1745 1009 1787 4²).

202 1795 235 1822 et
260 1789 365 1822 illud:

286 1840 388 1877 Cogito
411 1838 488 1866 mala
510 1839 646 1867 nuntiare
669 1848 728 1866 non
751 1840 862 1870 volens.

201 1888 235 1915 et
256 1882 359 1916 illud:
389 1882 525 1915 Malum
548 1889 579 1915 te
606 1883 759 1926 perdant
775 1883 835 1916 Dii
862 1883 972 1923 male,
1007 1889 1042 1916 et
1065 1882 1198 1917 iudices

202 1933 314 1967 civem
329 1934 505 1979 pertidum
525 1940 558 1966 et
572 1934 792 1978 proditorem
819 1941 852 1968 et
876 1947 1031 1980 nequam
1055 1932 1198 1968 histrio-

200 1997 294 2020 nem.
348 1985 472 2018 Recita
493 1985 709 2018 testimonia.

480 2069 922 2116 Testimonia‘ffia).

303 2144 402 2179 Talis
417 2144 469 2177 fui
484 2144 521 2177 in
538 2144 678 2188 publica
697 2145 952 2179 munificentia.
1006 2145 1059 2179 De
1077 2146 1198 2191 priva—

200 2197 244 2231 tis
262 2203 379 2230 autem
403 2195 502 2242 (quia
521 2195 616 2230 scitis
634 2208 690 2229 me
706 2208 778 2229 esse
796 2209 1043 2237 communem,
1070 2195 1197 2232 huma-

200 2261 286 2282 num
304 2255 338 2282 et
354 2248 539 2281 liberalem
558 2259 639 2291 erga
659 2248 816 2294 egentes)
836 2254 955 2288 taceo,
992 2261 1057 2282 nec
1081 2251 1123 2282 de
1148 2250 1196 2284 eis

200 2300 355 2333 recitabo
376 2298 601 2339 testimonia,
628 2311 717 2344 quos
740 2299 952 2332 redemerim
977 2312 995 2332 a
1022 2298 1196 2342 hostibus,

200 2358 262 2385 aut
295 2363 447 2396 quorum
480 2350 690 2385 elocaverim
719 2350 808 2385 filias
839 2357 900 2384 aut
934 2352 977 2384 de
1010 2351 1195 2388 similibus.

199 2402 256 2436 Sic
273 2402 367 2436 enim
384 2403 567 2442 existimo,
594 2414 793 2436 memorem
813 2414 886 2437 esse
910 2409 1076 2447 oportere
1101 2416 1196 2445 eum,

200 2453 263 2499 qui
288 2455 423 2497 accepit
445 2454 675 2494 beneficium,
716 2454 745 2488 si
776 2455 852 2489 vult
885 2466 958 2488 esse
982 2454 1038 2487 vir
1061 2455 1194 2495 bonus;

200 2504 360 2539 oblivisci
381 2517 465 2539 vero
484 2507 626 2539 dantem
639 2532 648 2546 ,
675 2506 705 2539 si
725 2518 799 2539 non
823 2506 901 2540 vult
922 2517 994 2540 esse
1017 2507 1195 2548 sordidus,

200 2562 235 2590 et
256 2568 537 2590 commemorare
561 2570 623 2591 sua
648 2557 840 2599 beneficia,
875 2557 1103 2603 exprobratio
1131 2565 1193 2592 est.

198 2607 281 2643 Non
298 2607 407 2652 igitur
430 2610 475 2642 ad
501 2606 594 2642 hanc
617 2609 997 2644 commemorationem
1022 2610 1193 2651 adducor,

236 2692 284 2720 42)
302 2691 396 2722 Eurip.
415 2691 523 2716 Hecabe
544 2691 568 2717 1.

233 2735 300 2763 42³)
320 2734 398 2760 Couf.
417 2740 502 2765 supra
520 2741 545 2765 Ρ.
565 2734 626 2761 845.
643 2736 710 2759 nota
727 2735 770 2760 33.

792 119 914 155 PHIL.
949 117 1063 153 MEL.
1097 116 1300 152 SCRIPTA
1334 117 1671 154 PHILOLOGICA.

2176 119 2251 155 856

1254 204 1315 237 sed
1335 203 1505 247 opinione
1526 204 1607 244 illa,
1635 216 1742 249 quam
1764 210 1867 237 antea
1884 204 1926 237 de
1943 202 1998 238 his
2012 202 2143 246 habui,
2170 218 2252 240 con-

1255 260 1371 288 tentus
1390 267 1480 289 sum.

1357 305 1426 339 Sed
1443 305 1570 339 omitto
1592 306 1814 351 privatarum
1843 318 1963 340 rerum
1990 319 2249 342 commemora-

1255 356 1410 397 tionem,
1438 364 1473 390 et
1492 359 1535 389 ad
1562 358 1701 401 publica
1727 359 1846 392 redeo.
1910 358 1947 391 Si
1974 371 2081 404 quam
2109 366 2250 404 gentem

1255 414 1316 442 aut
1340 409 1465 441 urbem
1494 406 1562 441 hoc.
1584 415 1743 454 tempore
1766 416 1966 444 monstrare
1992 417 2113 455 potes,
2142 424 2250 458 quam

1255 472 1329 492 non
1347 460 1443 503 prius
1462 458 1640 504 Philippi,
1667 473 1762 494 nunc
1773 461 1965 495 Alexandri
1984 463 2141 506 potentia
2162 463 2250 497 asssi-

1255 511 1365 550 xerit,
1394 511 1567 545 assentiar
1582 524 1699 544 meam
1716 513 1896 546 fortunam
1914 513 1987 547 sive
2004 514 2247 548 infelicitatem

1257 573 1398 596 causam
1416 562 1521 596 fuisse
1538 574 1675 603 eorum,
1704 576 1794 608 quae
1811 564 2026 599 acciderunt.
2081 565 2170 600 Cum
2187 577 2250 600 au-

1256 620 1326 647 tem
1344 614 1459 655 multi,
1486 614 1546 659 qui
1566 627 1621 647 me
1637 626 1822 660 nunquam
1839 616 2017 657 viderunt,
2044 629 2107 650 nec
2122 629 2248 651 vocem

1256 678 1371 698 meam
1397 665 1606 705 audierunt,
1648 666 1759 699 multa
1786 667 1898 700 tristia
1925 668 2018 711 passi
2042 668 2133 710 sint,
2173 680 2250 702 non

1255 717 1371 750 solum
1390 717 1538 761 singuli,
1574 719 1632 751 sed
1650 723 1743 750 totae
1764 724 1885 761 gentes
1903 724 1936 751 et
1953 719 2077 760 urbes,
2112 726 2248 765 quanto

1256 768 1380 802 iustius
1405 775 1456 802 est
1475 775 1508 801 et
1523 769 1640 802 verius
1659 781 1801 802 causam
1821 770 1981 802 conferre
2006 770 2043 802 in
2067 770 2250 806 universa-

1255 820 1322 852 lem
1340 817 1444 853 huius
1462 820 1633 864 temporis
1647 821 1827 854 fortunam
1847 827 1880 854 et
1895 821 2112 865 periculosas
2127 833 2249 855 rerum

1256 870 1476 911 occasiones,
1519 883 1609 916 quae
1633 885 1668 905 se
1689 872 1738 905 sic
1762 873 1979 906 obtulerunt.
2045 871 2121 906 Hac.
2146 884 2251 907 causa

1255 922 1474 956 dissimulata
1494 923 1633 967 culpam
1650 924 1687 956 in
1703 935 1759 957 me
1778 923 1815 956 in
1831 921 1897 957 hac
1913 935 1984 957 una
2001 924 2089 957 urbe
2105 936 2250 958 versan-

1256 979 1326 1007 tem
1353 975 1507 1013 conl'ert,
1549 986 1627 1007 cum
1652 981 1773 1008 tamen
1799 975 1886 1009 scias
1913 973 2005 1008 hanc
2029 975 2250 1009 criminatio·

1256 1037 1358 1066 nem,
1398 1025 1425 1058 si
1452 1037 1527 1058 non
1553 1031 1686 1066 totam,
1729 1032 1848 1059 tamen
1874 1026 1994 1072 aliqua
2018 1038 2060 1060 ex
2079 1033 2181 1071 parte
2203 1027 2250 1060 ad

1255 1076 1441 1110 universos
1473 1077 1564 1110 cives
1589 1083 1623 1110 et
1651 1076 1805 1110 maxime
1828 1078 1872 1110 ad
1897 1084 1928 1111 te
1954 1078 2145 1123 pertinere.
2212 1077 2251 1112 Si

1257 1128 1349 1161 enim
1369 1128 1464 1161 solus
1485 1128 1716 1162 decrevissem
1737 1129 1856 1161 omnia
1868 1141 1949 1162 meo
1967 1129 2075 1163 solius
2086 1129 2250 1171 arbitrio,

1257 1179 1386 1212 caeteri
1403 1185 1564 1213 oratores
1582 1192 1638 1213 me
1655 1179 1744 1214 iuste
1761 1186 1978 1214 accusarent.
2022 1180 2111 1214 Cum
2129 1186 2249 1214 autem

1256 1231 1293 1263 in
1312 1231 1477 1264 omnibus
1495 1231 1727 1265 concionibus
1742 1231 1933 1271 affueritis,
1962 1238 1996 1265 et
2010 1231 2148 1265 iuberet
2163 1231 2248 1265 civi-

1256 1289 1321 1322 tas,
1338 1288 1378 1315 nt
1392 1294 1492 1316 suam
1513 1282 1662 1327 quisque
1680 1282 1891 1316 sententiam
1911 1282 2054 1323 diceret,
2080 1289 2115 1316 et
2131 1283 2247 1316 omni-

1255 1334 1320 1366 bus
1338 1330 1425 1365 haec
1444 1333 1651 1366 viderentur
1669 1333 1804 1377 optima
1821 1345 1912 1373 esse,
1942 1339 1976 1366 et
1992 1333 2145 1366 maxime
2169 1334 2247 1375 tibi,

1256 1384 1317 1429 qui
1336 1382 1424 1417 mihi
1442 1396 1515 1417 non
1534 1391 1681 1429 propter
1696 1384 1983 1417 benevolentiam
2004 1385 2046 1417 de
2063 1384 2176 1427 gloria
2194 1397 2249 1418 ce-

1255 1436 1374 1475 debas,
1390 1448 1481 1480 quae
1498 1448 1556 1469 eas
1572 1436 1730 1469 actiones
1744 1435 1995 1475 comitabatur,
2012 1435 2073 1468 sed
2090 1435 2172 1481 quia
2190 1447 2250 1469 ve-

1254 1486 1340 1519 ritas
1356 1492 1389 1519 te
1407 1487 1571 1520 assentiri
1582 1487 1741 1530 cogebat,
1758 1499 1836 1519 cum
1847 1484 1938 1518 nihil
1946 1484 2101 1520 habebas
2111 1486 2249 1528 melius,

1254 1537 1383 1571 iniuste
1403 1550 1497 1570 nunc
1521 1538 1624 1578 facis,
1661 1539 1757 1583 quod
1784 1550 1824 1571 ea
1849 1537 2013 1578 consilia,
2049 1550 2139 1583 quae
2163 1543 2249 1572 tunc

1254 1589 1454 1633 probabas,
1482 1590 1554 1622 iam
1581 1602 1735 1623 accusas.
1788 1589 1978 1622 Praeterea
2005 1589 2100 1634 apud
2124 1601 2248 1624 omnes

1254 1638 1418 1674 homines
1442 1640 1633 1674 discrimen
1662 1647 1713 1674 est
1735 1640 1827 1673 inter
1851 1641 1994 1681 dolum,
2029 1652 2187 1674 errorem
2213 1647 2248 1674 et

1253 1692 1421 1725 adversos
1438 1704 1547 1726 casus.
1601 1692 1637 1725 Si
1653 1692 1731 1737 quis
1750 1692 1872 1725 volens
1887 1697 2028 1736 peccat,
2057 1703 2174 1736 poena
2196 1692 2247 1725 af-

1252 1743 1386 1781 ficitur;
1428 1743 1457 1777 si
1487 1744 1565 1789 quis
1591 1755 1665 1775 non
1690 1743 1812 1776 volens
1834 1743 1953 1787 lapsus
1977 1749 2046 1783 est,
2085 1742 2189 1776 venia
2213 1742 2247 1776 ei

1253 1795 1369 1828 datur.
1424 1794 1496 1839 Qui
1511 1801 1629 1828 autem
1648 1806 1712 1827 nec
1729 1794 1858 1828 iniuste
1875 1794 1976 1835 facit,
2011 1806 2077 1828 nec
2101 1792 2246 1835 erravit,

1253 1851 1287 1878 et
1302 1858 1360 1885 ea,
1390 1857 1480 1891 quae
1506 1846 1550 1879 ab
1573 1846 1749 1879 universis
1771 1847 1911 1879 decreta
1933 1851 2034 1886 sunt,
2067 1845 2247 1890 probavit,

1253 1903 1287 1929 et
1303 1897 1391 1930 adiit
1408 1897 1626 1941 periculum,
1663 1909 1728 1930 nec
1750 1894 1876 1930 habuit
1899 1909 2076 1931 successus
2098 1908 2246 1941 prospe-

1252 1960 1330 1988 ros,
1358 1946 1441 1981 huic
1458 1960 1532 1981 non
1556 1950 1656 1982 decet
1682 1949 1896 1993 exprobrare
1921 1949 2107 1981 adversam
2133 1948 2247 1981 sortu-

1251 2011 1356 2039 nam,
1384 2001 1444 2034 sed
1462 1999 1574 2033 vicem
1594 2000 1755 2033 omnium
1780 2000 1913 2033 dolere.
1972 1999 2068 2032 Haec
2094 1997 2245 2033 honesta

1253 2063 1326 2084 esse
1344 2063 1418 2084 non
1441 2052 1555 2084 solum
1579 2051 1729 2096 scriptae
1750 2052 1842 2094 leges
1864 2051 2011 2091 docent,
2041 2051 2101 2084 sed
2126 2057 2160 2084 et
2181 2062 2245 2083 na-

1254 2108 1332 2135 tura
1350 2102 1425 2147 ipsa
1445 2102 1580 2146 legibus
1603 2115 1676 2136 non
1699 2101 1838 2146 scriptis
1866 2102 1903 2134 in
1926 2102 2105 2136 mentibus
2129 2099 2246 2135 homi-

1251 2166 1337 2186 num
1357 2154 1546 2198 impressit.
1601 2153 1758 2186 Tantum
1775 2153 1883 2196 igitur
1900 2151 2245 2197 superatAeschines

1253 2216 1376 2239 omnes
1410 2203 1592 2245 homines,
1643 2204 1704 2250 qui
1741 2204 1948 2238 crudelitate
1983 2211 2018 2238 et
2052 2204 2151 2238 rabie
2187 2215 2244 2237 ca-

1250 2256 1491 2297 lumniantur,
1518 2262 1558 2289 ut
1574 2257 1617 2289 de
1635 2256 1677 2290 iis
1695 2256 1878 2290 eventibus
1895 2268 1951 2289 me
1970 2262 2127 2297 accuset,
2153 2267 2243 2301 quos

1249 2308 1381 2341 fatetur
1403 2309 1480 2353 ipse
1505 2307 1707 2341 adversanti
1730 2309 1895 2341 fortunae
1918 2307 2128 2341 tribuendos
2158 2318 2243 2340 esse.

1249 2359 1376 2393 Postea
1402 2359 1504 2405 quasi
1532 2359 1605 2403 ipse
1631 2358 1721 2392 nihil
1745 2359 1962 2393 calumniose
1987 2358 2148 2399 dixisset,
2181 2357 2243 2392 sed

1250 2413 1372 2444 onmia
1391 2411 1538 2444 candide
1555 2416 1589 2443 et
1605 2423 1683 2444 cum
1700 2410 1948 2444 benevolentia
1966 2415 2161 2450 narrasset,
2188 2408 2243 2442 iu-

1247 2463 1326 2503 bet,
1354 2468 1394 2496 ut
1412 2461 1563 2496 caveatis
1581 2461 1746 2503 insidias,
1774 2475 1819 2497 ne
1842 2475 1906 2497 vos
1927 2461 2114 2506 decipiam.
2166 2459 2242 2494 No-

1248 2514 1362 2546 minat
1378 2526 1434 2546 me
1451 2519 1687 2547 veteratorem
1700 2541 1709 2555 ,
1742 2514 2053 2559 praestigiatorem
2070 2518 2104 2546 et
2118 2508 2241 2556 sophi-

1247 2571 1357 2605 stam,
1401 2565 1501 2611 quasi
1534 2577 1612 2598 cum
1645 2565 1821 2612 quispiam
1853 2566 1952 2610 prius
1983 2563 2112 2598 obiecit
2136 2561 2241 2596 alteri

1247 2616 1404 2650 convicia
1418 2643 1427 2657 ,
1456 2628 1546 2662 quae
1563 2616 1712 2651 dicentis
1727 2617 1875 2662 propria
1893 2621 1975 2651 sunt
1987 2643 1995 2656 ,
2020 2627 2105 2648 mox
2122 2626 2241 2648 assen-

1246 2668 1306 2701 tiri
1332 2668 1512 2702 auditores
1536 2675 1721 2713 oporteat,
1753 2681 1819 2703 nec
1846 2667 2090 2708 considerare,
2124 2665 2240 2712 qualis

1246 2719 1310 2760 sit,
1339 2719 1399 2766 qui
1415 2720 1510 2755 dicit.
1546 2720 1626 2755 Scio
1644 2727 1762 2755 autem
1780 2717 1875 2754 hunc
1891 2719 1992 2754 vobis
2009 2725 2134 2753 notum
2151 2728 2238 2758 esse,
