2351 2990
133 107 208 143 345
268 105 388 142 XXIII.

132 206 253 228 rarum
290 192 474 237 elegantia.
546 191 674 224 Postea
707 190 852 233 longam
881 189 1125 222 narrationem

134 245 286 279 instituit
316 245 359 277 de
393 242 491 276 omni
515 241 649 274 laetitia
675 247 709 273 et
735 240 888 273 maxime
911 241 954 274 de
983 247 1126 273 conten—

132 296 251 336 tione,
293 307 384 341 quae
409 294 546 327 Romae
583 290 704 325 hahita
731 298 783 325 est
812 298 959 336 propter
990 292 1125 325 litteras

131 347 266 381 Planci.
325 345 416 378 Huic
442 343 643 377 narrationi
669 342 811 376 subiicit
836 341 1125 376 adhortationem

132 399 175 431 ad
194 398 392 431 institutum
409 396 620 439 urgendum.
657 394 766 427 Ratio
785 401 923 438 sumpta
944 400 994 427 est
1012 406 1031 426 a
1048 395 1126 426 loco

133 448 314 482 communi
329 448 371 480 de
396 447 488 480 veris
511 444 724 479 honoribus.
786 443 825 477 In
850 446 918 478 fine
945 446 1056 478 desert
1077 445 1128 477 illi

132 512 235 533 suum
260 498 428 532 officium.

375 582 516 616 Aliud
556 588 886 626 argumentum.

233 651 393 696 Epistola
413 650 546 694 partim
565 656 616 683 est
634 649 888 693 gratulatoria,
913 648 1044 694 partim
1068 648 1128 680 ad-

132 701 344 736 hortatoria.
397 701 512 735 Huius
533 700 718 734 exordium
737 706 919 745 sumptum
940 706 991 734 est
1007 712 1027 732 a
1048 711 1129 732 cau-

133 754 179 787 sis
200 753 461 798 gratulationis.
512 751 669 785 Exordio
687 751 871 785 subiicitur
893 751 1000 793 longa
1025 761 1129 793 expo-

137 805 217 838 sitio
235 805 434 837 litterarum
454 803 675 847 publicarum
694 809 727 835 et
742 802 977 846 privatarum,
1002 800 1129 846 quibus

135 861 341 888 consecutus
372 861 423 888 est
461 854 556 897 apud
595 865 717 885 omnes
758 864 934 885 summam
976 852 1129 884 laudem.

134 906 287 939 Additur
304 912 337 938 et
354 903 648 937 commemoratio
667 903 901 936 certaminum
921 904 964 935 de
983 900 1129 935 lionori-

133 958 198 990 bus
215 957 338 989 Planci
362 956 399 988 in
424 961 558 989 senatu.
611 954 738 986 Postea
764 953 907 986 additur
930 953 1129 997 propositio

134 1006 416 1045 adhortationis,
458 1012 497 1038 ut
525 1005 707 1038 communi
730 1005 847 1038 studio
873 1005 1128 1048 rempublicam

134 1059 311 1091 defendat.
366 1056 471 1089 Ratio
490 1062 631 1099 sumpta
649 1062 699 1089 est
716 1068 756 1088 ex
774 1053 943 1094 honesto,
972 1068 1061 1100 quae
1080 1060 1131 1087 est

133 1109 345 1153 amplificata
373 1107 561 1140 collatione
587 1106 662 1138 veri
688 1112 721 1138 et
744 1106 823 1139 salsi
854 1104 1014 1139 lionoris.
1089 1104 1128 1137 In

134 1161 201 1193 fine
219 1160 330 1193 desert
348 1170 451 1191 suum
471 1157 637 1191 officium.

384 1250 524 1284 Aliud
552 1255 881 1293 argumentum.

235 1319 432 1353 Exordium
449 1325 631 1363 sumptum
649 1324 700 1351 est
723 1318 766 1350 ab
792 1316 908 1350 officio
936 1315 1022 1349 boni
1045 1315 1130 1349 civis

134 1384 197 1416 per
228 1371 475 1410 collationem,
519 1376 640 1415 estque
676 1366 763 1401 haec
799 1380 937 1401 summa
975 1367 1128 1400 exordii:

134 1422 209 1456 Etsi
242 1421 436 1466 plurimum
459 1420 570 1453 debeo
596 1420 749 1464 gaudere
772 1419 987 1464 reipublicae
1013 1430 1130 1459 causa,

136 1480 256 1506 tamen
281 1473 387 1505 etiam
414 1478 473 1505 tua
499 1483 601 1504 causa
627 1471 798 1504 laetabor.
858 1469 1056 1502 Exordium
1078 1482 1129 1503 se-

135 1524 257 1569 quitur
279 1523 458 1562 narratio,
492 1522 528 1554 in
554 1533 622 1567 qua
650 1521 812 1565 pluribus
833 1521 950 1554 verbis
973 1521 1129 1564 exponit,

136 1587 243 1619 quam
275 1580 396 1617 gratae
427 1573 560 1606 suerint
590 1573 728 1605 litterae
759 1572 899 1605 senatui
924 1578 958 1604 et
982 1572 1129 1616 populo,

133 1624 221 1658 Item
241 1624 384 1657 additur
402 1625 443 1657 de
459 1624 530 1657 suis
557 1623 846 1656 contentionibus
871 1623 1040 1666 susceptis
1064 1635 1129 1667 pro

137 1676 356 1709 defendenda
379 1675 550 1718 dignitate
567 1674 703 1707 Planci.
754 1674 927 1717 Epilogus
944 1671 1051 1706 habet
1070 1675 1130 1706 ad-

136 1725 400 1765 hortationem,
428 1731 466 1758 ut
489 1730 692 1768 perseveret
716 1723 752 1755 in
781 1725 1000 1757 defendenda
1026 1737 1129 1770 repu-

136 1778 240 1811 blica.
295 1776 333 1810 ln
350 1778 418 1809 fine
437 1777 548 1809 desert
565 1788 668 1809 suum
688 1774 855 1808 officium.

383 1868 522 1901 Aliud
550 1873 872 1911 argumentum.

236 1936 360 1970 Primo
379 1943 430 1970 est
445 1935 605 1968 narratio
618 1962 626 1976 ‚
656 1941 789 1980 quanto
806 1933 936 1978 gaudio
954 1940 987 1967 et
1002 1933 1075 1978 ipse
1096 1941 1130 1967 et

139 1989 268 2024 caeteri
290 1987 377 2021 boni
401 1987 469 2019 viri
495 1985 611 2019 affecti
633 1987 704 2019 sint
727 1985 824 2019 lectis
847 1985 974 2019 litteris
994 1985 1129 2020 Planci.

136 2041 265 2075 Postea
298 2045 422 2071 narrat
454 2038 505 2078 ei,
543 2037 628 2083 quid
653 2043 770 2070 actum
793 2037 837 2070 sit
860 2036 897 2069 in
919 2043 1062 2077 senatu,
1096 2043 1130 2070 et

136 2104 227 2138 quae
256 2089 389 2123 fuerint
418 2090 643 2134 quorundam
675 2095 882 2122 senatorum
921 2088 1128 2122 sententiae.

139 2144 328 2176 Postremo
362 2138 592 2180 adhortatur,
630 2146 669 2173 ut
701 2139 957 2184 rempublicam
989 2140 1128 2172 sortiter

135 2199 259 2239 pergat
285 2193 484 2225 defendere.
549 2190 747 2225 Exordium
773 2190 931 2224 continet
957 2191 1128 2235 captatio-

135 2257 217 2278 nem
233 2243 514 2276 benevolentiae.
551 2241 603 2275 Ea
620 2249 757 2277 constat
774 2241 1023 2276 translatione:
1051 2241 1127 2275 Etsi

136 2294 352 2339 reipublicae
371 2305 472 2327 causa
498 2294 654 2337 gaudeo,
688 2300 809 2327 tamen
835 2293 941 2326 etiam
964 2304 1038 2326 non
1059 2293 1126 2325 mi-

134 2359 201 2380 nus
217 2350 363 2390 propter
379 2351 412 2377 te
432 2344 580 2388 gaudeo.

334 2437 471 2470 Aliud
506 2443 826 2480 argumentum
843 2436 926 2483 ⁷5³).

237 2505 343 2539 Initio
374 2505 572 2549 gratulatur
597 2505 729 2538 Planco
752 2505 981 2549 dignitatem,
1017 2515 1121 2549 quam

137 2558 232 2603 apud
250 2563 411 2591 senatum
438 2561 644 2590 consecutus
666 2556 711 2590 sit
735 2556 804 2590 illis
828 2555 972 2596 litteris,
995 2555 1123 2602 quibus

170 2691 237 2720 75³)
256 2692 312 2716 Hoc
330 2691 519 2722 argumentum
537 2689 564 2714 in
582 2659 666 2714 ΕἫίῑῒ.
682 2688 872 2714 1565-1596,
891 2691 991 2715 exstat.

441 103 751 140 ARGUMENTA
775 102 839 137 ET
867 102 1071 138 SCHOLIA
1097 101 1147 138 IN
1171 103 1319 141 EPIST.
1346 106 1458 142 FAM.
1476 106 1559 143 CIC.
1587 108 1675 144 LIB.
1693 111 1735 145 X.
1762 110 1833 147 ΕΡ.
1856 114 2030 148 10-13,

2085 114 2158 148 346

1180 192 1223 225 de
1248 193 1319 227 suis
1347 193 1501 228 consiliis
1526 201 1559 228 et
1577 195 1759 230 voluntate
1780 199 1978 242 scripserat.
2029 198 2165 231 Deinde

1180 244 1222 275 de
1250 243 1309 284 iis,
1345 258 1435 290 quae
1463 246 1571 290 ipsius
1597 259 1700 281 causa
1725 247 1763 281 in
1788 256 1912 283 senatu
1944 257 2045 283 erant
2078 257 2166 285 acta,

1181 303 1448 330 commemorat.
1500 296 1540 330 In
1556 298 1625 331 fine
1647 296 1812 334 hortatur
1838 313 1918 334 eum
1942 301 2096 345 graviter
2124 304 2166 333 aa

1180 347 1436 391 rempublicam
1461 349 1732 385 defendendam.

1231 465 1552 510 Argumentum
1586 475 1628 501 et
1659 466 1834 502 scholia
1871 471 1913 503 in
1950 470 2118 514 episto-

1573 520 1611 552 la
1622 532 1657 552 m
1685 519 1774 555 Xlll.

1283 591 1451 626 Narratio
1461 592 1526 639 ⁷⁰),
1562 593 1599 626 in
1619 607 1688 639 qua
1706 601 1962 628 commemorat
1980 608 2080 629 suum
2102 603 2171 629 stu—

1183 641 1279 675 dium
1296 643 1332 674 in
1351 645 1513 685 augenda
1531 645 1701 688 (lignitate
1718 645 1910 691 Planciff).

1285 691 1314 736 §-
1330 696 1365 728 2.
1397 697 1448 728 Teo
1463 694 1701 742 ρωποι-8375)]
1729 695 1884 741 Obliquat
1902 695 2119 730 adhortatio.

1399 787 1467 819 Ali
1480 801 1499 821 n
1511 789 1532 820 d
1561 802 1579 821 a
1593 801 1606 822 ἱ
1620 802 1715 833 guni
1727 795 1876 822 entum
1891 789 1949 836 79).

1287 855 1525 889 Commendat
1554 870 1655 891 suum
1689 857 1844 890 studium
1868 857 2000 889 Planco
2031 858 2066 889 iu
2100 859 2171 890 eius

1183 906 1355 949 dignitate
1373 909 1533 941 ornanda
1550 916 1583 942 et
1600 906 1841 953 provehenda.
1894 908 2114 951 Principium
2126 909 2171 951 δ”)

1183 955 1289 990 habet
1315 959 1560 992 narrationem
1596 961 1638 992 de
1672 972 1735 993 suo
1769 958 1906 999 studio,
1958 971 1993 992 se
2022 959 2174 991 multum

1184 1008 1292 1051 egisse
1310 1021 1374 1053 pro
1393 1010 1564 1053 dignitate
1584 1011 1708 1043 Planci
1731 1011 1903 1053 augenda.
1957 1008 2066 1054 quue
2092 1023 2174 1042 cou-

1184 1060 1301 1092 firmat
1335 1061 1540 1093 testimonio
1572 1061 1868 1096 senatusconsulti
1900 1066 1933 1093 et
1955 1073 2018 1093 suo
2046 1061 2171 1093 officio.

1183 1109 1221 1142 ln
1236 1112 1303 1143 fine
1321 1111 1494 1151 brevitor,
1522 1115 1581 1146 sed
1598 1112 1733 1146 erudite
1753 1109 2014 1156 exhortum-⁸¹)
2031 1124 2109 1144 eum
2129 1115 2170 1143 111³.

1185 1161 1461 1205 extinguendmn
1488 1162 1685 1197 Antonium
1715 1169 1856 1206 sumpto
1887 1169 2096 1205 argumento
2129 1164 2171 1194 ab

1185 1213 1344 1256 exemplo
1364 1213 1511 1258 Ulyssis.

1427 1307 1565 1340 Aliud
1597 1313 1925 1351 argumentum.

1285 1372 1452 1407 officiosa
1479 1373 1584 1421 est⁸‘·'·)
1611 1375 1779 1418 epistola,
1822 1374 1859 1407 in
1887 1386 1957 1420 qua
1984 1380 2103 1407 monet
2131 1376 2174 1405 do

1183 1435 1246 1456 suo
1265 1424 1382 1457 studio
1398 1426 1434 1457 in
1453 1427 1616 1458 ornando
1632 1426 1766 1458 Planco
1785 1432 1817 1458 et
1836 1427 1878 1458 de
1904 1426 2095 1469 impetrato
2122 1439 2174 1458 st·-

1182 1476 1462 1510 natusconsulto.
1524 1476 1671 1509 Constat
1695 1477 1814 1521 itaque
1838 1477 1974 1509 duabus
2000 1476 2173 1520 partibus.

1182 1525 1365 1570 Principio
1384 1527 1532 1570 ponitur
1547 1527 1663 1560 brevis
1681 1527 1841 1560 narratio
1865 1528 1919 1560 sui
1936 1527 2044 1560 studii
2061 1533 2093 1559 et
2112 1540 2173 1558 xo-

1183 1577 1328 1610 luntatis
1362 1584 1516 1612 senatus.
1596 1578 1734 1611 Deinde
1766 1578 1925 1623 sequitur
1968 1576 2171 1611 adhortatio

1183 1628 1226 1659 ad
1247 1629 1521 1672 opprimendum
1538 1629 1734 1662 Antonium
1749 1656 1758 1669 ,
1782 1629 1903 1662 addito
1928 1629 2088 1673 exemplo
2112 1630 2173 1660 ad-

1183 1680 1329 1712 modum
1361 1680 1488 1714 illustri
1518 1692 1536 1713 a
1569 1681 1716 1713 ducibus
1748 1680 1967 1713 Graecorum
2000 1680 2037 1712 in
2067 1692 2173 1723 expu-

1183 1731 1322 1773 gnanda
1343 1731 1467 1765 Troia.
1519 1731 1636 1765 Porro
1654 1730 1711 1764 hic
1735 1732 1833 1765 locus
1859 1738 1910 1764 est
1934 1732 2027 1775 apud
2042 1731 2173 1763 Honn’-

1183 1793 1262 1813 rum
1284 1784 1319 1816 2.
1338 1782 1398 1816 lib.
1431 1782 1579 1823 Iliados,
1621 1782 1659 1815 in
1685 1795 1755 1827 quo
1781 1783 1992 1826 exponendo
2019 1788 2052 1815 et
2080 1789 2172 1814 certe

1183 1832 1390 1876 accipiendo
1421 1833 1555 1866 utiliter
1587 1840 1709 1866 monet
1734 1833 1895 1878 Ulyssem
1927 1833 2046 1865 xocari
2077 1835 2172 1876 apud

1183 1883 1380 1916 Homerum
1403 1884 1614 1918 Eversorem
1640 1884 1812 1929 urbisffl),
1845 1896 1909 1928 per
1931 1884 2080 1927 figuram
2099 1883 2171 1927 Hy—

1184 1934 1375 1978 perbaton,
1403 1936 1500 1980 quod
1523 1935 1687 1968 videlicet
1710 1935 1887 1967 monitore
1905 1934 2030 1979 Ulysse
2054 1935 2095 1967 de
2122 1934 2172 1966 in-

1183 1986 1403 2019 troducendo
1422 1998 1512 2031 equo
1531 1992 1631 2030 capta
1650 1986 1694 2019 sit
1712 1985 1836 2019 Troia.

1214 2125 1262 2156 76)
1282 2125 1350 2149 Huic
1374 2124 1434 2149 voci
1459 2123 1485 2148 iu
1505 2123 1588 2148 Editt.
1611 2125 1701 2156 1540„
1724 2125 1814 2156 ¹544.‚
1835 2124 1928 2157 1554„
1950 2124 2024 2150 1557.
2049 2125 2170 2155 prat-lixa.

1250 2162 1314 2183 sunt
1333 2160 1388 2184 Cic.
1409 2160 1494 2183 verba
1513 2158 1553 2190 (g.
1569 2160 1623 2186 1.):
1653 2161 1688 2184 t't
1705 2161 1839 2191 primum.

1213 2210 1338 2269 772-{3180
1351 2211 1539 2241 argumentum
1553 2210 1652 2235 habent
1666 2210 1751 2236 Editt.
1767 2211 1955 2241 1537—1545.,
1975 2211 2062 2237 1554„
2084 2211 2168 2235 ¹557..

1265 2254 1281 2269 Ο
1319 2263 1325 2269 -

1216 2297 1263 2325 78)
1283 2296 1336 2320 Pro
1360 2296 1402 2319 his
1427 2295 1482 2320 Cic.
1507 2295 1598 2320 verbis
1622 2294 1649 2319 ἰιι
1675 2296 1757 2321 Editt.
1779 2295 1870 2322 1545..
1897 2296 1971 2320 1560.
1997 2295 2058 2320 nuic
2084 2299 2165 2321 uotae

1249 2331 1388 2360 adscripta
1407 2331 1472 2354 sunt
1490 2330 1646 2360 sequentia:
1675 2331 1731 2361 Qui
1751 2331 1825 2355 enim
1842 2331 1882 2356 M.
1903 2331 2067 2355 Antonium.

1212 2383 1259 2410 79)
1279 2383 1336 2405 Hoc
1354 2382 1543 2412 argumentum
1563 2382 1590 2404 et
1609 2381 1660 2404 duo
1680 2381 1824 2411 sequentia
1842 2381 1870 2404 iu
1889 2381 2079 2408 Editt.1556..
2102 2383 2167 2406 1565

1247 2417 1364 2441 -1596.
1385 2415 1568 2439 inveniuntur.

1210 2467 1264 2525 801),
1278 2465 1456 2506 Principium]
1485 2464 1526 2489 sic
1549 2463 1599 2489 Ed.
1620 2464 1712 2495 1556.;
1744 2464 1830 2491 Editt.
1851 2465 1943 2497 1565„
1969 2466 2061 2498 1571.,
2089 2468 2163 2491 1596.

1268 2506 1390 2531 rnicipio.
2162 2520 2165 2523 .

1209 2552 1455 2610 81)ᾱῗχῐιῗι·ἔὶιῐιιι·]
1481 2550 1521 2575 sic
1544 2550 1594 2575 Ed.
1617 2549 1707 2581 1556.;
1743 2550 1826 2576 Editt.
1848 2551 1938 2584 1565„
1966 2552 2055 2583 1571„
2084 2553 2148 2577 1596

1243 2593 1259 2611 a
1287 2593 1328 2610 ιυι·
1343 2592 1359 2609 a
1373 2591 1414 2609 ur.

1208 2638 1258 2666 82)
1279 2639 1335 2666 est]
1355 2637 1382 2660 iu
1400 2636 1450 2660 Ed.
1471 2635 1545 2661 1556.
1565 2634 1658 2660 omnis.

1207 2689 1255 2718 83)
1275 2689 1352 2713 Hom.
1369 2687 1401 2712 11.
1419 2686 1454 2718 11,
1472 2686 1532 2712 278.
1551 2685 1738 2720 πτολίπορθος
1754 2683 1909 2717 Ὀδυσσεύς.
