2351 2990
121 113 221 148 1015

123 201 179 235 nis
205 197 431 232 velutarietes
459 197 513 229 vel
540 196 740 240 catapultae
765 193 1011 227 mittebantur.
1066 190 1119 224 De

126 263 243 297 pugna
265 251 307 283 ad
327 247 573 283 Chaeroneam
600 248 710 285 sacta,
738 257 803 278 nec
825 250 906 289 post
933 242 1121 277 victoriam

126 303 229 337 desiit
253 301 476 347 praedicare,
505 304 678 344 quantum
697 295 753 330 hic
779 296 834 329 vir
858 301 1015 330 creasset·
1030 293 1122 339 peri-

128 355 245 389 culum
276 353 356 398 ipsi.
424 350 499 386 Nisi
532 349 625 381 enim
658 355 798 393 praeter
830 359 950 392 spem,
993 344 1123 390 inquit,

129 412 278 452 propter
299 406 428 439 ducum
451 400 647 439 inscitiam,
680 406 715 432 et
737 400 849 432 aciem
874 398 967 431 male
993 396 1123 430 instru-

130 465 245 497 ctam,
270 463 303 489 et
317 457 532 498 insperatam
551 451 732 484 fortunam
746 478 754 489 ,
778 462 870 496 quae
885 449 997 482 multa
1020 447 1124 481 nobis

130 510 302 543 conficere
325 506 432 544 solet,
467 503 690 541 vicissemus,
734 514 807 535 uno
832 501 889 534 die
914 512 989 533 non
1014 499 1124 532 modo

129 572 299 604 reguum,
334 558 393 590 sed
424 562 457 589 et
486 555 594 587 vitam
624 566 740 587 meam
770 554 806 585 in
839 552 1030 586 discrimen
1063 551 1124 583 ad—

130 615 291 646 duxerat.
344 607 587 642 Coniunxerat
611 605 875 650 potentissimas
897 604 1022 643 urbes,
1047 609 1125 636 coe:-

130 669 230 708 gerat
257 672 381 694 omnes
404 659 497 692 vires
524 657 717 696 Graeciae,
749 654 1004 694 Athenienses,
1031 652 1126 687 The-

130 717 262 753 banos,
290 711 481 749 Boeotios,
510 706 736 747 Corinthios,
771 707 1019 745 Euboeense's,
1049 704 1126 738 Me-

131 777 318 811 garenses,
354 769 387 795 et
412 761 548 799 effecit,
583 767 621 793 ut
647 760 845 804 periculum
873 758 978 792 simul
1002 767 1127 790 omnes

132 818 292 852 civitates
317 815 496 853 subirent,
526 819 559 845 et
583 810 672 844 mihi
701 811 889 844 transitum
914 810 950 843 in
970 809 1125 842 Atticam

131 867 342 902 interclusit.
421 865 528 898 Tales
564 869 664 896 erant
698 861 804 896 huius
836 863 878 895 de
901 862 953 907 ¹¹⁹)
993 861 1127 894 Demo-

132 919 256 955 sthene
280 930 460 953 sermones
482 921 656 961 perpetuo
675 941 682 954 ‚
721 921 755 947 et
778 926 857 947 cum
881 914 1058 947 diceretur
1083 912 1128 944 ad

133 985 234 1011 eum,
262 971 359 1016 quod
374 981 545 1012 magnum
566 966 816 1009 antagonisten
841 964 990 999 haberet
1014 976 1129 1008 popu-

133 1025 207 1057 lum
232 1021 505 1060 Atheniensem,
539 1019 779 1062 respondebat
801 1030 835 1051 se
858 1030 971 1051 unum
995 1014 1128 1049 habere

134 1075 384 1118 antagonisten
410 1068 702 1105 Demosthenem.
754 1070 847 1104 Nam
870 1069 967 1115 quod
995 1068 1128 1113 absque

132 1124 375 1160 Demosthene
392 1124 456 1163 sit,
483 1120 719 1156 Athenienses
743 1121 876 1155 similes
902 1132 974 1154 esse
999 1119 1129 1154 Aenia-

133 1178 298 1212 nensium
319 1182 353 1209 et
370 1174 640 1209 Thessalorum.
694 1172 739 1205 Et
757 1174 903 1218 quando
922 1172 1057 1216 legatos
1085 1171 1129 1203 ad

134 1231 239 1264 urbes
254 1229 437 1267 mittebat,
463 1227 490 1261 si
517 1238 607 1271 quos
633 1224 721 1258 alios
749 1224 921 1258 miserant
936 1222 1131 1258 Athenien-

133 1295 207 1322 ses,
233 1281 334 1314 sacile
357 1279 521 1312 vincebat
548 1277 642 1322 ipse,
678 1276 738 1310 sed
762 1274 1004 1310 Demosthene
1027 1286 1131 1319 prae-

132 1340 247 1374 sente,
274 1333 426 1371 srustra,
452 1329 590 1375 inquit,
616 1340 651 1362 se
677 1328 812 1372 legatos
837 1328 989 1361 mittere.
1049 1325 1132 1360 :Non

135 1386 230 1419 enim
267 1390 417 1429 possunt
450 1388 574 1415 contra
597 1377 852 1413 Demosthenis
887 1377 1131 1423 eloquentiam

135 1438 270 1481 erigere
288 1433 516 1480 trophaeum.
571 1432 627 1466 Sic
645 1429 834 1475 Philippus
858 1430 1010 1463 dicebat.
1063 1427 1133 1461 lta-

135 1501 204 1535 que
228 1500 313 1532 ego,
350 1486 412 1532 qui
437 1485 582 1531 quidem
608 1483 713 1526 longe
731 1482 881 1515 inferior
898 1493 975 1515 sum
995 1478 1133 1524 Philip-

136 1553 204 1586 po,
231 1540 259 1574 si
282 1538 450 1583 cepissem
467 1536 514 1583 50)
541 1536 648 1568 talem
675 1535 811 1574 virum,
826 1546 924 1566 >num
952 1533 1048 1566 velut
1069 1532 1133 1565 bo-

138 1605 215 1626 vem
242 1592 287 1623 ad
311 1591 454 1623 caedem
488 1586 728 1621 abducerem?
773 1598 817 1618 an
845 1597 929 1618 vero
952 1584 1072 1629 potius
1095 1582 1133 1615 in

137 1643 325 1678 consilium
357 1643 400 1675 de
432 1647 508 1674 toto
540 1651 651 1683 regno
677 1637 848 1671 Graeciae
881 1635 1132 1670 constituendo

139 1693 371 1730 adhiberem?
412 1694 504 1727 Nam
532 1690 635 1724 initio
659 1696 787 1723 natura
815 1689 847 1722 ei
871 1689 961 1722 bene
988 1688 1133 1721 affectus

138 1749 189 1782 fui
206 1753 354 1792 propter
370 1756 426 1778 res
444 1745 518 1777 eius
536 1749 649 1788 gestas
661 1769 669 1781 ‚
699 1753 737 1774 ac
756 1741 867 1785 magis
884 1746 1033 1786 propter
1051 1738 1132 1773 Ari-

139 1799 274 1834 stotelis
300 1796 544 1831 testimonium
563 1794 648 1840 ⁵⁰³),
677 1793 739 1839 qui
762 1793 900 1827 solebat
923 1805 1002 1826 eum
1029 1803 1133 1835 saepe

141 1853 186 1885 ad
202 1850 445 1884 Alexandrum
465 1854 498 1881 et
512 1848 555 1879 ad
574 1858 639 1879 nos
658 1846 798 1879 ducere.
853 1844 900 1877 Et
916 1857 995 1878 cum
1012 1849 1065 1876 tot
1083 1855 1135 1877 es-

140 1909 236 1942 sent,
265 1901 326 1947 qui
344 1901 388 1933 ad
407 1912 488 1933 eum
507 1899 629 1931 venire
648 1903 925 1936 consueverant,
952 1895 1133 1929 neminem

140 1955 189 1989 sic
223 1952 471 1986 admirabatur
501 1956 649 1995 propter
677 1949 961 1992 magnitudinem
989 1946 1136 1991 ingenii,

140 2004 416 2049 temperantiam
430 2030 438 2043 ‚
462 2002 695 2046 gravitatem,
725 2012 893 2039 acumen,
912 2000 1135 2038 libertatem,

141 2064 175 2091 et
190 2055 431 2090 tolerantiam.
473 2053 564 2093 Vos,
594 2053 710 2098 inquit
727 2051 954 2091 Aristoteles,
982 2050 1134 2085 similem

141 2109 275 2154 putatis
299 2119 371 2142 esse
395 2103 674 2140 Demosthenem
702 2103 864 2144 Eubulo,
890 2101 1079 2148 Phrynoni
1104 2108 1138 2134 et

141 2159 365 2199 Philocrati,
407 2165 441 2191 et
469 2157 651 2191 conamini
683 2154 777 2189 hunc
813 2167 956 2201 quoque
986 2153 1136 2199 pecunia

143 2223 386 2256 corrumpere,
405 2210 466 2255 qui
481 2209 687 2243 universum
707 2207 967 2252 patrimonium
984 2206 1020 2238 in
1029 2203 1138 2240 Athe-

143 2265 282 2298 nienses
310 2261 478 2307 privatim
517 2267 550 2293 et
581 2259 721 2305 publice
746 2258 907 2292 contulit.
978 2257 1025 2290 Et
1054 2256 1137 2302 quia

142 2314 235 2349 nihil
258 2313 430 2359 proficitis
454 2313 624 2357 pecunia,
668 2311 785 2344 minas
818 2308 1014 2349 adhibetis,
1059 2320 1136 2341 cnm

144 2367 208 2400 iste
224 2364 315 2399 nihil
331 2365 468 2399 dubitet
484 2376 550 2408 pro
568 2362 684 2407 patria
702 2368 854 2395 mortem
874 2367 1054 2406 oppetere.
1094 2359 1140 2392 Et

145 2418 174 2452 si
190 2418 273 2463 quid
293 2417 330 2449 in
348 2416 449 2449 vobis
467 2413 717 2459 reprehendit,
743 2425 846 2457 aegre
860 2413 973 2446 fertis.
1017 2413 1064 2445 At
1082 2411 1139 2444 ille

146 2481 191 2502 ne
220 2468 393 2513 populum
417 2467 561 2512 quidem
588 2465 726 2499 metuit.
788 2465 871 2499 Non
898 2463 1027 2497 videtis
1058 2475 1139 2496 eum

148 2532 270 2554 amore
306 2518 441 2562 patriae
478 2517 734 2562 rempublicam
771 2529 893 2560 gerere
929 2528 969 2549 ac
999 2516 1141 2554 ducere,

184 2622 229 2653 ⁴9)
250 2622 298 2650 de]
318 2621 358 2644 sic
376 2620 460 2643 Editt.
481 2619 571 2642 1533..
597 2618 688 2643 1538.:
703 2604 734 2640 Vin
755 2618 803 2642 Ed.
824 2618 896 2641 1543.
918 2617 1013 2641 omiss.

182 2667 229 2693 50]
252 2665 403 2694 cepissem]
424 2663 464 2685 sic
478 2663 560 2685 Editt.
581 2662 671 2687 1538..
694 2661 784 2685 154³:
806 2661 853 2685 Ed.
873 2661 946 2684 153³.
963 2660 1124 2689 coepissem.

184 2709 249 2735 502]
270 2708 300 2731 Η.
317 2707 333 2729 Ι.
354 2706 381 2729 in
402 2705 484 2730 Editt.
504 2704 576 2727 153⁸.
589 2720 595 2726 .
618 2703 691 2726 1543.
711 2706 775 2728 nota
795 2704 909 2735 margin.
929 2703 1053 2734 Micylli:
1080 2703 1142 2726 Alia

218 2748 232 2765 a
253 2740 410 2765 testimonio
430 2738 595 2763 Aristotelis.

701 107 824 144 PHIL.
860 105 973 141 MEL.
1008 101 1211 140 SCRIPTA
1244 100 1600 138 PHILOLOGICA.

1173 188 1267 224 hane
1291 188 1639 224 administrationem
1658 186 1704 233 ⁵¹)
1730 192 1902 232 tanquam
1919 183 2171 231 philosophiae

1176 251 1226 275 ac*
1249 240 1391 275 virtutis
1426 238 1583 274 scholam
1612 239 1794 284 quandam
1823 241 1916 278 esses,
1961 243 2170 283 quarn'non

1177 292 1366 326 conveniat
1391 292 1436 324 ad
1460 297 1646 336 quaestum
1672 296 1733 324 aut
1751 290 1838 323 alias
1856 287 2170 334 cupiditatescon-

1175 346 1280 376 serre.
1326 343 1523 390 Propterea
1537 339 1670 387 Archia
1687 342 1790 375 valde
1808 347 1970 386 optarem
1987 339 2079 374 mihi
2092 339 2171 374 eius

1178 393 1471 427 'consuetudinem
1509 391 1716 436 contigisse,
1751 399 1791 427 ut
1828 393 1978 427 consilio
2010 392 2084 426 eius
2119 390 2171 426 uti

1172 445 1310 490 >possim
1343 445 1381 477 in
1410 443 1634 489 praesentia,
1677 449 1711 476 et
1736 442 1860 489 audire
1888 457 2013 478 vocem
2038 444 2172 477 liberae

1178 497 1321 536 mentis,
1333 492 1390 529 ¹'tut
1405 494 1542 540 alioqui
1557 495 1788 529 circumfusus
1799 488 2096 530 assentatoribus.
2120 490 2174 528 *Arc

1178 546 1269 581 mihi
1299 559 1384 581 sane
1417 547 1559 579 videtur
1588 543 1657 579 hoc
1679 546 1827 580 nomine
1858 545 2174 593 reprehendendus

1179 611 1251 633 esse
1264 626 1273 639 ,
1301 600 1396 644 quod
1416 598 1526 630 vitam
1541 609 1642 631 suam
1657 597 1696 629 i'n
1712 597 1901 631 discrimen
1918 599 2082 639 adduxit,
2105 609 2172 642 pro

1172 657 1252 684 tam
1279 649 1430 695 ingratis
1452 648 1609 689 civibus,
1651 659 1731 682 cum
1755 655 1875 695 posset
1899 650 1987 684 alios
2012 649 2175 683 invenire

1182 702 1318 735 amicos
1351 701 1530 735 fideliores
1557 706 1591 733 et
1619 700 1891 734 constantiores.
1959 702 2069 736 Αϊτήι.Γ
2088 694 2177 734 vAlia

1181 754 1325 800 quidem
1342 759 1436 787 recte
1453 751 1592 793 dixisti,
1618 753 1678 785 sed
1704 749 1771 785 hoc
1786 753 1918 785 frustra
1944 752 2089 787 dixisses
2111 751 2177 792 illi,

1181 806 1270 839 adeo
1288 805 1429 839 furebat
1454 815 1577 837 amore
1598 804 1749 848 patriae.
1802 805 1886 838 Ant.
1914 803 1972 837 Sic
1993 810 2062 842 est;
2091 803 2178 849 quid

1181 857 1275 890 enim
1302 857 1489 890 manifesta
1515 855 1667 900 negem?
1710 856 1771 889 sed
1801 857 1985 901 quomodo
2015 860 2181 888 mortuus

1182 908 1257 943 est?
1273 908 1320 955 5“-’)
1375 909 1480 943 ΑνοῘι.
1509 907 1624 951 Magis
1640 907 1747 940 etiam
1764 907 1906 941 mireris
1926 919 2006 941 eum
2019 933 2030 948 ‚
2063 905 2092 940 si
2109 903 2179 939 hoc

1182 961 1282 995 scias.
1347 959 1440 994 Nam
1466 965 1500 992 et
1527 971 1613 999 nos,
1651 959 1713 1004 qui
1737 959 1934 1000 adfuimus,
1961 971 2037 993 non
2060 957 2179 991 minus

1183 1011 1453 1056 obstupuimus,
1495 1022 1603 1056 quam
1640 1010 1700 1043 alii
1735 1016 1963 1055 spectatores.
2028 1004 2181 1043 Videtur

1184 1064 1278 1097 enim
1304 1063 1375 1096 iam
1405 1063 1490 1096 olim
1517 1062 1613 1106 apud
1638 1074 1673 1095 se
1700 1062 1923 1097 constituisse
1935 1064 1983 1107 nde
1999 1059 2067 1095 hoc
2086 1060 2181 1094 exitu

1184 1116 1297 1154 vitae,
1327 1115 1425 1160 quod
1450 1113 1600 1158 intelligi
1621 1119 1739 1158 potest
1763 1126 1805 1147 ex
1833 1120 2036 1159 apparatu.·
2076 1113 2183 1146 Sede-

1184 1168 1245 1201 bat
1264 1167 1358 1200 enim
1379 1167 1474 1200 intus
1492 1165 1530 1198 in
1548 1165 1682 1210 templo
1694 1193 1703 1206 ,
1731 1178 1770 1198 ac
1787 1166 1917 1199 frustra
1931 1164 2182 1211 *superioribus

1185 1219 1310 1252 (liebus
1338 1231 1417 1251 cum
1442 1230 1483 1251 eo
1513 1217 1677 1250 collocuti
1707 1226 1860 1251 eramus.
1925 1220 2010 1252 Ant.
2050 1215 2184 1262 Quales

1185 1272 1329 1304 fuerunt
1346 1269 1454 1302 vestri
1471 1267 1678 1302 sermones?
1732 1270 1837 1302 Arch.
1865 1268 1980 1302 Multa
1998 1267 2183 1302 humanis-

1185 1322 1273 1355 sime
1296 1320 1567 1364 proponebam,
1601 1319 1855 1363 promittebam
1887 1321 1919 1353 ei
1946 1320 2087 1353 veniam
2119 1319 2181 1353 abs

1187 1379 1240 1413 te,
1268 1384 1341 1405 non
1360 1382 1444 1406 sane
1470 1377 1678 1416 expectans;
1712 1384 1788 1404 non
1811 1371 1905 1405 enim
1936 1383 2066 1405 noram
2091 1368 2184 1403 hanc

1186 1430 1284 1457 tuam
1314 1424 1557 1463 voluntatem,
1599 1424 1659 1456 sed
1686 1423 1890 1456 arbitrabar
1914 1429 1948 1456 te
1971 1419 2057 1457 huic
2078 1419 2185 1455 vehe-

1186 1482 1325 1508 menter
1344 1475 1474 1508 iratum
1494 1486 1586 1514 esse,
1613 1480 1754 1508 tantum
1773 1475 1838 1509 ista
1857 1475 2018 1508 dicebam
2039 1485 2186 1520 persua-

1187 1527 1293 1561 dendi
1312 1538 1429 1561 causa.
1476 1528 1558 1560 Ant.
1586 1526 1781 1572 Quomodo
1799 1527 1937 1572 accepit
1949 1527 2008 1561 ille
2025 1532 2183 1560 vestram

1188 1578 1415 1612 orationem?
1443 1584 1477 1611 et
1495 1576 1586 1611 nihil
1610 1590 1666 1611 me
1691 1579 1792 1613 celes.
1845 1579 1983 1612 Vellem
2006 1578 2102 1612 enim
2127 1589 2185 1611 me

1187 1643 1307 1664 coram
1327 1630 1522 1668 audivisse;
1550 1630 1611 1663 sed
1628 1636 1667 1663 tu
1684 1628 1775 1663 nihil
1789 1631 1944 1665 omittas.
1978 1630 2110 1675 Magna
2126 1641 2183 1663 res

1188 1688 1239 1717 est
1260 1682 1349 1715 tanti
1365 1682 1434 1716 viri
1454 1694 1572 1715 mores
1591 1681 1657 1715 sub
1674 1682 1805 1716 exitum
1824 1682 1918 1716 vitae
1935 1680 2185 1727 contemplari,

1188 1741 1307 1768 utrum
1335 1733 1481 1779 spiritus
1508 1733 1693 1774 defecerit,
1728 1741 1848 1768 utrum
1871 1733 2102 1779 expalluerit,
2134 1743 2184 1766 an

1189 1786 1426 1820 constantiam
1463 1785 1576 1818 animi
1615 1786 1817 1820 retinuerit.
1888 1787 1993 1821 Arck.
2037 1785 2183 1820 Nullam

1188 1838 1483 1882 significationem
1509 1837 1655 1882 pavoris
1679 1838 1802 1873 edidit.
1855 1840 1938 1873 Ant.
1967 1835 2186 1883 Quomodo?

1188 1891 1294 1924 Arch.
1340 1889 1506 1923 Suaviter
1530 1889 1624 1923 enim
1651 1890 1748 1930 risit,
1784 1902 1824 1923 ac
1846 1889 1930 1923 lusit
1954 1889 1994 1922 in
2023 1888 2184 1933 priorem

1189 1943 1299 1975 vitam
1326 1954 1462 1981 meam,
1490 1941 1579 1974 dixit
1601 1953 1658 1974 me
1686 1941 1846 1986 ineptum
1872 1939 2084 1974 histrionem
2111 1944 2185 1974 esse

1190 2000 1334 2026 tuorum
1350 1993 1634 2033 mendaciorum,
1660 2005 1724 2026 nec
1741 2005 1842 2037 posse
1860 1994 2183 2037 commoverelspe-

1190 2051 1374 2079 ctatorem.
1427 2047 1510 2080 Ant.
1536 2043 1659 2090 ltaque
1675 2057 1748 2077 non
1767 2045 1913 2078 credens
1940 2044 2009 2078 tuis
2034 2043 2186 2088 promis-

1190 2097 1257 2137 sis,
1294 2097 1485 2142 despondit
1511 2096 1699 2130 animum?
1742 2097 1846 2131 Arch.
1874 2096 1968 2130 Non.
2022 2095 2129 2141 Quod
2155 2095 2184 2129 si

1191 2149 1313 2182 audies
1338 2149 1499 2194 reliqua,
1541 2160 1615 2181 non
1647 2153 1784 2181 tantum
1816 2147 2082 2182 videbis‘fidem
2108 2157 2183 2180 non

1191 2198 1375 2240 habuisse,
1417 2201 1476 2235 sed
1509 2200 1615 2233 etiam
1648 2212 1763 2232 acrem
1791 2199 2079 2243 obiurgationem
2105 2198 2185 2232 atti-

1192 2252 1292 2296 gisse.
1329 2252 1454 2285 DIcam
1476 2251 1584 2292 enim,
1609 2251 1690 2297 quia
1710 2251 1820 2285 iubes.
1856 2250 1955 2293 Non,
1972 2250 2104 2296 inquit,
2131 2250 2184 2283 in'-

1193 2304 1338 2348 dignum
1367 2310 1418 2337 est
1441 2309 1502 2337 aut
1524 2316 1679 2343 novum,
1708 2303 1965 2337 'Macedonibus
1988 2302 2036 2336 sic
2057 2312 2184 2347 capere

1193 2354 1485 2395 Demosthenem,
1513 2361 1552 2388 nt
1567 2353 1828 2399 Amphipolim,
1856 2352 2069 2400 Olynthum,
2091 2353 2185 2388 Oro-

1194 2420 1291 2452 pum.
1345 2407 1446 2440 Talia
1465 2407 1576 2439 multa
1595 2406 1694 2440 dixit.
1734 2404 1973 2439 Adhibuimus
1988 2406 2084 2440 enim
2102 2404 2187 2439 scri-

1195 2466 1333 2504 ptores,
1364 2459 1426 2504 qui
1449 2458 1522 2491 eius
1541 2458 1632 2491 dicta
1653 2459 1866 2502 exciperent.
1924 2457 2021 2501 Ego,
2056 2456 2185 2502 inquit,

1194 2517 1291 2544 metu
1315 2516 1578 2543 tormentorum
1606 2517 1665 2543 aut
1693 2509 1819 2544 mortis
1845 2521 1919 2542 non
1942 2518 2114 2549 moveor,
2148 2513 2187 2540 ut

1228 2625 1277 2652 51)
1308 2620 1587 2649 administrationem]
1612 2620 1651 2644 sic
1675 2619 1761 2645 Editt.
1787 2619 1880 2643 ¹538..
1913 2616 2006 2647 15434
2038 2616 2087 2642 Ed.
2112 2616 2186 2641 153³.

1263 2657 1511 2681 administratione.

1227 2702 1274 2731 52)
1296 2701 1327 2724 Η.
1348 2700 1364 2723 1.
1380 2699 1405 2723 in
1420 2699 1503 2723 Editt.
1523 2698 1613 2729 1538„
1635 2698 1709 2722 15⁴3.
1733 2698 1798 2720 nota
1810 2695 1926 2726 margin.
1942 2694 2064 2726 Micyni:
2084 2695 2188 2718 'ru-ans-

1264 2735 1311 2759 itio
1331 2735 1364 2759 ad
1386 2740 1433 2765 ea,
1455 2739 1522 2764 quae
1543 2734 1592 2756 sub
1613 2734 1726 2757 mortem
1741 2730 1935 2755 Demosthenis
1959 2730 2068 2760 abipso
2082 2731 2152 2753 acta.
