2294 2975
71 124 120 160 17
180 121 302 159 XXIII.
355 120 666 158 ARGUMENTA
699 120 763 156 ET
796 119 1001 156 SCHOLIA
1034 118 1082 156 IN
1119 119 1370 156 CICERONIS
1404 118 1665 156 EPISTOLAS
1698 121 1999 161 FAMILIARES.

63 210 109 245 Et
130 216 170 245 ut
193 211 237 244 de
259 209 376 255 prima
399 208 536 250 dicam,
578 207 664 255 quid
688 207 806 253 potuit
829 207 966 242 civilius
999 213 1061 240 aut

64 260 249 296 honestius
267 262 313 295 ad
329 261 483 294 amicum
501 260 627 300 scribi,
664 272 772 306 quam
790 260 888 305 quod
904 258 1058 292 Lentulo

64 314 102 347 in
120 325 224 347 causa
243 319 316 346 tam
332 311 465 345 difficili
481 312 614 352 scribit,
637 311 735 345 cuius
751 323 855 344 causa
873 323 952 344 cum
969 311 1060 343 mul-

63 372 140 399 tum
155 365 355 404 laboraret,
381 376 446 397 nec
463 369 582 396 tamen
600 363 735 409 aliquid
750 364 947 407 perficeret,
975 374 1059 408 qne-

63 416 155 449 ritur
183 415 250 449 sibi
282 415 407 459 negari
434 415 639 448 facultatem
671 414 905 447 declarandae
934 413 1057 459 suae7)

62 467 100 500 in
115 466 216 500 illum
238 466 485 510 gratitudinis,
520 478 595 499 non
620 467 738 499 deesse
757 466 999 505 voluntatem,
1025 471 1060 498 et

63 525 185 552 tamen
218 517 407 562 pollicetur
439 529 582 550 omnem
613 529 712 551 suam
746 529 891 561 operam
931 517 1058 550 amico.

63 569 159 603 Haec
184 580 258 601 non
281 569 397 603 solum
420 568 615 601 maximam
639 568 790 613 gratiam
810 566 943 601 habent
963 568 1059 612 apud

63 621 252 660 lectorem,
281 621 341 654 sed
360 626 442 653 sunt
464 632 591 663 magna
619 626 829 664 argumenta
854 619 1058 652 reconditae

62 671 294 717 prudentiae,
322 678 355 705 et
373 671 561 715 singularis
580 671 617 704 in
636 671 823 705 scribendo
843 670 1058 714 diligentiae.

64 724 133 757 Sed
163 720 251 756 haec
282 722 443 756 monebit
475 723 625 766 diligens
649 729 859 767 praeceptor
879 735 942 756 suo
967 722 1058 755 loco.

63 774 140 808 Hoc
155 780 272 807 autem
290 787 498 818 persuasum
516 775 619 807 debet
637 786 710 807 esse
736 773 902 806 omnibus
924 773 1058 806 studio—

63 826 130 865 sis,
167 836 243 858 non
273 832 391 858 extare
413 825 521 858 alium
548 825 679 857 librum
706 824 743 856 in
768 823 895 856 Latina
924 824 1058 867 lingua,

63 877 125 923 qui
140 877 220 920 plus
239 876 389 923 prosits)
409 876 600 915 iuventuti,
629 881 705 908 tum
724 876 768 908 ob
787 873 851 909 has
875 875 1058 915 utilitates,

65 939 153 974 quas
182 927 361 967 recensui,
402 933 477 960 tum
508 927 553 959 ob
584 926 670 959 alias
701 939 866 973 quoque,
910 939 1000 972 quae
1023 938 1058 959 se

65 980 160 1021 ultro
186 978 346 1011 offerent.
407 977 528 1023 Quare
556 989 741 1023 nunquam
766 990 783 1011 e
811 977 976 1011 manibus
1000 979 1058 1011 de-

63 1029 251 1074 ponendus
270 1028 349 1063 erit.

64 1113 165 1147 Alia
201 1112 480 1160 praefati09)
517 1112 561 1145 in
599 1112 823 1157 epistolas
854 1113 1059 1146 familia-

103 1177 172 1199 res
201 1164 437 1199 Ciceronis
465 1165 514 1196 (le
541 1164 719 1208 duplici
747 1165 1014 1198 litterarum

446 1215 668 1250 utilitate.

167 1290 308 1336 Duplex
327 1297 378 1324 est
393 1290 547 1332 utilitas,
576 1304 668 1337 quae
685 1303 725 1324 ex
745 1291 843 1324 omni
857 1291 1057 1325 litterarum

64 1343 276 1377 tractatione
297 1342 372 1387 peti
396 1343 497 1376 solet.
558 1343 650 1377 lNam
673 1355 887 1389 quocunque
914 1346 1058 1377 tandem

63 1395 101 1427 in
116 1406 243 1439 genere
260 1394 459 1428 studiorum
472 1395 708 1435 versabimur,
733 1395 850 1428 danda
871 1402 922 1428 est
939 1407 1061 1440 opera,

63 1452 104 1480 ut
127 1457 374 1490 comparemus
399 1446 502 1479 nobis
528 1446 709 1479 iudicandi
732 1446 916 1480 scientiam
948 1453 982 1479 et
1010 1447 1061 1479 di-

66 1498 168 1531 cendi
200 1497 417 1531 facultatem.
490 1497 553 1531 Est
584 1504 701 1531 autem
733 1498 910 1538 iudicare,
960 1498 1061 1538 scire,

65 1561 156 1594 quae
181 1548 218 1581 in
243 1548 349 1582 rebus
375 1549 624 1582 communibus
652 1555 735 1583 sunt
757 1546 927 1589 honesta,
970 1562 1061 1595 quae

64 1598 267 1634 inhonesta.
334 1599 460 1633 Dicere
495 1606 545 1633 est
576 1613 636 1639 ea,
681 1612 772 1647 quae
797 1600 918 1633 animo
941 1601 1061 1641 sentis,

64 1652 218 1685 dilucide
242 1658 277 1684 et
301 1652 484 1695 perspicue
503 1664 693 1696 exponere.
746 1651 795 1685 Ita
815 1651 980 1696 inprimis
998 1665 1062 1685 no-

65 1703 119 1736 bis
150 1714 270 1735 rerum
295 1703 449 1745 cognitio
473 1705 714 1747 comparanda
741 1709 809 1743 est,
850 1710 884 1736 et
907 1705 1059 1737 tenenda

66 1753 272 1787 discrimina
290 1754 462 1786 virtutum
484 1754 573 1800 et¹⁰)
599 1755 782 1788 xitiornm.
843 1754 982 1788 Deinde
1008 1768 1061 1788 re-

65 1806 132 1839 bus
153 1805 275 1837 animo
302 1803 585 1848 comprehensis,
612 1818 700 1849 opus
724 1804 894 1840 hahemus
920 1807 1060 1840 dicendi

66 1856 226 1896 ratione,
269 1868 338 1902 qna
372 1856 498 1889 efferre
530 1857 705 1900 possimus
738 1857 865 1891 mentis
895 1858 1060 1902 cogitata.

67 1908 200 1954 Estque
217 1905 274 1940 hic
290 1908 503 1952 praecipuus
520 1921 658 1952 scopus,
686 1909 729 1941 ad
749 1920 855 1954 quem
875 1910 1060 1942 reserenda

68 1966 151 1994 sunt
171 1959 289 1992 omnia
312 1966 432 1992 nostra
451 1960 579 1994 studia.

145 2011 240 2044 Haec
258 2011 361 2044 nobis
380 2012 509 2044 debent
526 2024 597 2045 esse
615 2012 660 2044 ob
678 2012 798 2046 oculos
811 2019 845 2045 et
862 2012 967 2046 infixa
988 2011 1062 2044 ani-

68 2062 135 2096 mis
151 2062 300 2102 nostris,
323 2063 458 2108 alioqui
476 2064 605 2107 peribit
623 2064 739 2097 omnis
757 2076 865 2108 opera
882 2064 918 2097 in
937 2063 1063 2097 litteris

69 2115 235 2158 cogitata.
302 2113 348 2147 Et
374 2114 411 2147 in
435 2112 503 2147 hoc
525 2122 779 2160 proponuntur
803 2115 906 2150 nobis
937 2115 1065 2160 optimi

71 2166 204 2211 quique
231 2171 393 2206 autores,
429 2172 469 2199 ut
489 2166 571 2200 inde
595 2167 837 2212 concipiamus
862 2174 956 2201 recte
988 2179 1065 2200 sen-

71 2217 182 2251 tiendi
207 2229 246 2250 ac
271 2217 411 2250 dicendi
428 2219 580 2251 sormam
608 2232 669 2253 seu
690 2220 880 2254 rationem.
942 2218 1065 2264 Neque

70 2269 144 2302 ulla
168 2275 219 2302 est
243 2268 310 2301 alia
331 2281 456 2309 causa,
491 2282 553 2303 cur
575 2272 617 2303 ad
641 2271 841 2304 litterarum
865 2270 979 2305 studia
1006 2271 1067 2302 ad-

70 2332 301 2360 moveamur,
335 2334 441 2366 quam
474 2328 514 2355 ut
545 2335 600 2355 res
628 2323 775 2367 propius
801 2323 933 2357 intueri
956 2322 1068 2355 disca-

72 2384 171 2411 mus,
217 2378 250 2403 et
279 2378 374 2404 recto
406 2372 537 2405 iudicio
570 2386 751 2408 secernere
790 2375 858 2408 alia
899 2375 942 2406 ab
979 2373 1067 2406 aliis.

72 2422 186 2456 Multa
205 2422 298 2455 enim
317 2423 400 2455 vitia
421 2436 506 2468 prae
523 2438 557 2458 se
580 2426 697 2459 serunt
715 2426 868 2470 speclem
888 2426 1067 2472 quandam

73 2473 291 2513 honestatis,
327 2480 361 2506 et
384 2487 507 2509 verum
532 2478 657 2521 procul
681 2478 841 2511 abditum
866 2484 929 2512 est.
996 2476 1069 2511 Nec
1094 2477 1097 2521 2

110 2575 141 2604 7)
161 2576 242 2604 suae]
262 2574 301 2598 sic
321 2575 369 2598 Ed.
390 2575 482 2604 t556.;
506 2577 533 2600 in
555 2578 636 2602 Editt.
659 2579 744 2609 1565„
767 2580 852 2610 1569.,
875 2579 948 2603 ¹577.
968 2578 1053 2601 deest.

109 2620 142 2647 8)
162 2618 264 2649 prosit]
285 2618 333 2641 Ed.
352 2619 426 2643 1556.
447 2620 555 2648 prosiit.

110 2661 141 2688 9)
161 2661 224 2684 Alia
242 2660 378 2690 praefatio
398 2662 464 2689 ete]
491 2662 531 2685 sic
558 2663 606 2688 Ed.
633 2664 725 2693 1556.;

149 2695 222 2719 1577.
244 2695 306 2718 Alia
324 2696 459 2724 praefatio
481 2696 549 2721 Phil.
570 2698 633 2721 Met.
654 2700 704 2722 etc.

113 2739 160 2767 ιο)
180 2739 221 2767 et]
245 2738 284 2761 sic
302 2737 387 2764 Editt.
404 2739 495 2769 ¹565.‚
518 2740 593 2763 1569.
607 2757 615 2769 ,
636 2741 728 2773 1577.;
755 2742 803 2766 Ed.
822 2742 895 2766 1556.
915 2748 955 2767 ac.

79 2782 263 2815 MELANTH.
294 2780 401 2813 OPER.
426 2783 510 2814 Voi..
535 2784 644 2814 XVII.

762 2665 847 2690 Editt.
872 2665 945 2689 1565.
958 2681 965 2695 ‚
987 2663 1073 2690 1569..

1098 2679 1100 2687 ι

2063 127 2108 161 18

1113 207 1223 241 cuivis
1256 207 1293 240 in
1327 207 1476 252 proclivi
1508 214 1559 242 est
1581 209 1737 242 detracta
1760 210 1875 254 specie
1899 208 2107 252 honestatis,

1112 259 1164 292 rei
1185 260 1445 304 turpitudinem
1467 257 1746 304 deprehendere.
1805 260 1845 295 In
1869 263 2021 297 lectione
2043 265 2106 298 bo-

1112 323 1242 344 norum
1275 318 1443 345 autorum
1478 318 1529 345 est
1561 324 1725 353 cernere,
1768 314 1854 358 quid
1881 315 2030 361 quisque
2062 317 2105 349 de

1114 362 1238 407 quavis
1265 375 1303 395 re
1329 363 1497 404 senserit,
1541 363 1675 408 etquid
1693 364 1929 399 iudicaverint
1940 366 2008 414 loa)
2027 380 2104 402 eru-

1112 414 1176 447 diti
1195 426 1267 447 esse
1284 412 1472 449 honestum
1492 415 1547 448 vel
1564 413 1806 451 inhonestum.

1216 466 1272 498 Ad
1287 464 1373 499 haec
1390 467 1652 509 cognoscenda,
1681 467 1764 512 quia
1780 468 1898 503 nullus
1916 469 2005 504 alius
2022 470 2105 504 scri-

1113 522 1194 559 ptor
1219 523 1270 550 est
1294 517 1463 550 Cicerone
1488 518 1631 557 utilior,
1669 519 1747 551 ideo
1776 531 1854 553 eum
1880 521 2105 564 potissimum

1113 568 1355 601 enarrandum
1387 569 1536 613 suscepi.
1601 568 1661 602 Ille
1695 570 1790 603 enim
1825 571 1879 605 vir
1912 574 2103 606 maximam

1114 619 1382 662 rempublicam,
1405 620 1690 664 potentissimum
1710 622 1901 666 imperium
1917 624 2012 659 solus
2030 637 2104 658 sus-

1113 670 1237 710 tinuit,
1265 683 1400 716 suoque
1418 671 1565 705 consilio
1586 673 1808 715 gubernavit.
1851 674 1991 709 Deinde
2016 678 2107 710 mul-

1113 721 1154 754 tis
1173 722 1277 755 rebus
1293 723 1455 765 gerendis
1476 723 1648 767 praefuit,
1683 731 1716 757 et
1740 726 1887 760 summis
1908 724 2107 762 honoribus

1112 785 1194 805 usus
1229 780 1279 806 est
1310 773 1458 807 florente
1483 775 1664 818 republica
1689 775 1876 817 Romana,
1911 779 2105 825 tranquillo

1112 824 1263 858 civitatis
1285 831 1397 864 statu,
1422 825 1526 859 rebus
1551 827 1716 860 omnibus
1741 828 1886 871 pacatis.
1939 829 2107 865 Versatus

1113 875 1215 908 estin
1238 877 1455 919 gravissimis
1478 877 1610 917 causis,
1639 878 1748 911 multa
1775 878 1883 920 vidit,
1911 882 2021 915 multa
2045 895 2107 916 au-

1113 926 1218 966 divit,
1251 928 1360 960 multa
1387 928 1520 962 didicit.
1580 929 1768 963 Postremo
1794 931 1937 965 labante
1961 933 2105 967 fortuna

1115 977 1254 1022 imperii
1276 979 1433 1013 Romani
1459 986 1492 1013 et
1515 980 1729 1024 reipublicae
1754 981 1888 1017 civibus
1914 985 2022 1019 armis
2046 998 2108 1030 op-

1115 1030 1261 1073 pressis,
1289 1043 1369 1065 cum
1387 1044 1501 1077 neque
1518 1032 1671 1076 legibus,
1699 1046 1814 1080 neque
1836 1035 2020 1079 dignitati,
2048 1044 2108 1070 aut

1115 1081 1237 1115 [itteris
1255 1082 1353 1116 Iocus
1369 1090 1476 1123 esset,
1502 1083 1551 1117 ibi
1570 1091 1643 1118 tum
1662 1092 1825 1129 expertus
1844 1093 1894 1120 est
1907 1098 2027 1121 rerum
2045 1086 2109 1122 hu·

1114 1145 1301 1166 manarum
1320 1142 1595 1169 lnconstantiam
1618 1143 1651 1169 et
1667 1138 1889 1172 varietatem.

1216 1185 1327 1219 Nobis
1342 1186 1450 1230 igitur
1465 1186 1594 1232 singuli
1610 1187 1791 1222 Ciceronis
1809 1202 1928 1224 versus
1944 1203 2010 1235 pro
2029 1204 2108 1225 ora-

1115 1235 1200 1268 culis
1231 1234 1386 1270 habendi
1415 1243 1515 1278 sunt,
1558 1245 1748 1284 propterea
1775 1242 1871 1286 quod
1897 1254 1963 1275 usu
1986 1243 2107 1276 omnia

1114 1286 1249 1321 didicit.
1302 1289 1418 1322 Porro
1437 1301 1510 1322 non
1530 1296 1666 1324 tantum
1685 1298 1832 1336 propter
1848 1305 1968 1327 rerum
1990 1295 2110 1338 cogni-

1116 1338 1269 1380 tionem,
1299 1342 1395 1385 quod
1414 1341 1610 1375 maximum
1629 1350 1697 1382 est,
1732 1343 1920 1387 diligenter
1943 1344 2013 1389 legi
2036 1358 2109 1379 me-

1114 1396 1232 1431 retur,
1257 1393 1318 1425 sed
1335 1393 1432 1438 quod
1447 1392 1553 1426 etiam
1580 1394 1741 1438 exemplo
1766 1396 1855 1429 bene
1880 1396 2023 1430 dicendi
2046 1410 2111 1430 no-

1116 1441 1167 1474 bis
1186 1454 1259 1475 esse
1277 1450 1405 1487 potest.
1460 1444 1630 1478 Continet
1645 1445 1740 1479 enim
1764 1444 1822 1480 hic
1844 1448 1983 1482 libellus
2008 1449 2111 1482 fami-

1117 1493 1257 1526 liarium
1292 1495 1522 1539 epistolarum
1553 1497 1745 1542 praecipua
1782 1498 2012 1542 epistolarum
2054 1513 2111 1544 ge-

1117 1557 1213 1578 nera.
1280 1545 1355 1579 Iam
1381 1547 1547 1591 scripturi
1571 1548 1689 1593 aliqua
1716 1549 1758 1581 de
1783 1561 1841 1589 re,
1880 1557 1941 1583 aut
1964 1551 2110 1594 petituri

1117 1596 1251 1642 aliquid
1277 1599 1434 1643 exempla
1467 1599 1680 1643 requirenda
1706 1607 1806 1640 sunt,
1848 1607 1881 1633 et
1906 1602 1943 1635 in
1966 1602 2034 1636 illis
2062 1603 2112 1635 vi—

1116 1649 1291 1688 dendum,
1318 1650 1446 1695 quibus
1464 1652 1838 1695 utaturargumentis,
1866 1665 1934 1698 qua
1961 1654 2111 1699 disposi-

1117 1700 1211 1732 tione
1231 1709 1546 1744 argumentorum,
1572 1709 1611 1735 ut
1628 1716 1704 1736 eam
1731 1704 1910 1737 scribendi
1933 1705 2109 1739 rationem

1117 1764 1180 1784 nos
1199 1765 1341 1797 quoque
1358 1766 1568 1799 sequamur,
1594 1755 1873 1798 suppeditabunt
1891 1756 1997 1789 etiam
2021 1759 2110 1791 mul-

1117 1811 1189 1836 tum
1211 1804 1389 1837 bonorum
1408 1805 1598 1838 xerborum
1614 1813 1647 1838 et
1664 1807 1919 1841 sententiarum
1940 1808 2111 1852 epistolae

1116 1854 1200 1888 eius.
1255 1855 1350 1889 Haec
1367 1857 1451 1890 satis
1466 1857 1510 1890 sit
1534 1858 1576 1890 de
1603 1858 1754 1892 utilitate
1776 1856 1880 1893 huius
1909 1860 2026 1904 operis
2052 1861 2112 1894 ad-

1117 1918 1307 1940 monulsse.

1117 1993 1215 2025 ,xlia
1243 1994 1535 2040 praesatio¹¹)
1570 1996 1618 2027 de
1648 1995 1855 2029 utilitate
1885 1997 2111 2041 epistola-

1422 2057 1518 2077 rum
1549 2045 1800 2080 Ciceronis.

1221 2122 1310 2155 Cum
1329 2120 1477 2154 omnino
1497 2128 1633 2155 constet
1650 2121 1806 2166 linguam
1827 2122 1992 2158 Latinam
2011 2126 2110 2158 nullo

1121 2182 1279 2218 tempore
1310 2173 1367 2206 vel
1400 2172 1595 2206 auctiorem
1628 2174 1682 2206 vel
1718 2174 1971 2218 elegantiorem
1994 2176 2112 2215 fuisse,

1121 2238 1227 2272 quam
1245 2238 1315 2271 quo
1333 2225 1457 2257 Cicero
1476 2224 1580 2265 vixit,
1609 2225 1669 2270 qui
1694 2238 1780 2269 prae
1796 2226 1872 2259 aliis
1890 2228 2055 2262 omnibus
2067 2228 2110 2274 12)

1122 2278 1311 2310 maximam
1330 2276 1552 2322 eloquentiae
1571 2277 1711 2310 laudem
1729 2277 1821 2317 tulit,
1848 2275 1938 2310 nihil
1955 2285 2004 2312 est
2024 2292 2112 2324 opus

1123 2331 1225 2374 longa
1251 2329 1370 2374 aliqua
1396 2328 1450 2360 vel
1474 2328 1696 2372 praefatione
1723 2329 1777 2361 vel
1801 2331 2112 2364 commendatione

1124 2382 1158 2413 in
1181 2381 1374 2414 familiares
1401 2379 1581 2413 Ciceronis
1607 2379 1792 2423 epistolas,
1835 2393 1925 2426 quae
1961 2383 2016 2415 vel
2047 2381 2113 2416 linc

1123 2433 1267 2466 nomine
1291 2444 1466 2466 summam
1490 2437 1673 2464 merentur
1697 2431 1859 2472 laudem,
1904 2434 2000 2478 quod
2033 2448 2111 2467 eum

1159 2546 1224 2573 10³)
1243 2542 1439 2570 iudicaverint]
1461 2541 1500 2564 sic
1519 2541 1593 2564 recte
1614 2540 1663 2564 Ed.
1685 2539 1776 2568 ¹577.;
1810 2540 1892 2565 Editt.
1916 2541 2005 2569 ¹556..
2027 2543 2111 2570 1565,

1196 2581 1270 2604 1569.
1290 2578 1486 2602 iudicaverunt,

1161 2625 1206 2651 11)
1227 2623 1289 2646 Alia
1308 2620 1441 2651 praefatio
1463 2619 1529 2647 etc]
1555 2618 1595 2642 sic
1614 2618 1663 2642 Ed.
1686 2618 1774 2646 1556.;

1198 2657 1270 2681 1577.
1291 2656 1353 2679 Alia
1373 2653 1507 2684 praefatio
1526 2653 1594 2678 Phil.
1614 2654 1713 2676 Melan.
1734 2654 1783 2676 etc.

1163 2703 1207 2726 12)
1228 2700 1291 2723 attis
1313 2697 1451 2725 omnibus]
1470 2697 1509 2720 sic
1528 2697 1610 2720 Editt.
1633 2696 1725 2724 ¹565„
1748 2695 1832 2725 1569„
1856 2695 1944 2724 1577.;
1969 2695 2018 2721 Ed.
2039 2696 2112 2720 1556,

1198 2734 1320 2759 onuiibus
1340 2732 1412 2756 aliis.
1584 2769 1607 2801 2

1811 2618 1895 2643 Editt.
1918 2619 2007 2649 1565.,
2030 2621 2113 2649 ¹569,
