2351 2990
186 126 257 161 519

770 128 890 166 PHIL.
920 129 1031 167 MEL.
1067 129 1267 165 SCRIPTA
1297 129 1630 168 PHILOLOGICA.

2140 131 2213 169 520

1041 275 1253 305 LIBER
1298 275 1363 304 XV.

336 396 657 441 Argumentum
689 397 915 442 epistolae
942 398 1021 445 I.¹).

292 479 518 513 Nuntiatoria
535 481 565 525 2)
605 487 639 513 01
680 482 844 524 petitoria
884 483 1030 527 epistola
1067 484 1175 531 0513).

192 528 343 573 Exponit
364 531 454 562 enim
469 557 477 569 ‚
514 543 620 575 quam
637 533 725 564 varii
743 533 812 566 sint
835 547 996 569 rumores
1016 536 1175 569 timores-

193 593 258 623 que
284 582 325 612 de
352 579 567 614 Parthorum
596 584 762 618 adventu.

192 630 361 663 maiorem
381 631 571 665 exercitum
592 634 730 680 petit'¹).

835 585 973 619 Deinde
1004 598 1023 619 a
1052 594 1175 620 senatu

422 730 556 765 Aliud
584 741 891 778 argumentum
907 736 950 782 5).

293 806 384 841 Satis
402 816 549 852 apparet
567 822 607 843 ex
626 812 843 854 argumentis
860 813 1089 857 epistolarum
1114 811 1179 846 liu-

194 856 245 890 ius
270 857 369 898 libri,
405 861 500 904 quod
523 861 595 893 fere
617 873 739 895 01111105
764 864 887 895 eodem
914 870 1072 908 tempore
1096 864 1180 897 scri-

193 914 274 951 ptae
297 908 387 949 sint,
423 923 493 955 quo
520 911 642 944 Cicero
673 914 964 956 proconsulatum
997 915 1033 948 iu
1057 915 1178 948 Cilicia

194 959 309 1001 gessit.
376 960 467 994 Nam
493 962 536 994 de
561 962 628 996 illis
650 964 754 997 rebus
780 962 836 998 hic
862 965 951 1008 agit,
987 978 1078 1011 quae
1103 972 1177 999 tum

193 1009 414 1051 acciderunt,
443 1012 547 1057 idque
567 1019 702 1046 constat
722 1027 762 1047 ex
783 1016 1024 1059 superioribus
1052 1017 1180 1061 episto-

193 1060 235 1093 lis
252 1061 332 1093 libri
351 1064 385 1096 2.
404 1068 437 1094 01
453 1063 506 1102 3.,
539 1064 599 1096 11111
623 1066 745 1097 eadem
768 1066 839 1099 fere
857 1073 1065 1102 tractantur.
1118 1067 1181 1101 Est

193 1118 308 1145 autem
327 1114 488 1156 generale
505 1122 752 1158 argumentum
779 1117 1030 1164 plerarumque
1052 1118 1180 1163 episto-

195 1162 327 1202 larum,
356 1165 451 1208 quod
471 1166 615 1209 exponit
631 1179 692 1199 sua
715 1169 880 1208 consilia,
914 1169 997 1202 item
1023 1170 1177 1215 pericula

196 1219 229 1245 et
246 1225 299 1247 res
315 1221 426 1257 gestas
445 1222 566 1249 contra
585 1215 758 1258 Parthos,
793 1219 965 1264 populum
983 1221 1087 1255 Asiae
1104 1221 1180 1253 Ma-

195 1263 299 1303 ioris,
334 1277 445 1310 prope
465 1267 624 1301 Persiam
650 1269 802 1302 vicinam
826 1270 968 1304 Ciliciae
992 1279 1025 1305 et
1046 1272 1181 1316 Syriae,

195 1314 231 1346 in
258 1327 386 1361 easque
412 1318 614 1360 provincias
640 1321 778 1354 crebras
802 1321 1021 1356 incursiones
1052 1322 1180 1355 facien-

195 1371 277 1400 tem.
329 1365 450 1412 ltaque
469 1368 590 1402 Cicero
618 1382 696 1403 cuin
719 1371 761 1404 iis
783 1372 875 1405 bella
899 1385 1018 1415 gerere
1045 1380 1078 1406 et
1101 1373 1181 1406 sub-

194 1416 276 1449 inde
302 1418 488 1462 confligere
520 1427 659 1453 coactus
688 1428 749 1454 est.
815 1422 892 1456 lstis
915 1424 1180 1456 narrationibus

195 1467 292 1500 addit
308 1469 515 1512 petitiones,
543 1471 670 1515 quibus
686 1478 826 1512 mouet,
854 1479 893 1506 ut
915 1474 1108 1507 subsidium
1137 1475 1180 1505 ad

194 1519 473 1562 propulsandam
521 1520 592 1553 11111
641 1520 857 1556 Parthorum
900 1524 966 1557 51111
1009 1525 1180 1557 mittatur.

195 1568 291 1602 Haec
316 1571 386 1602 duo
418 1570 455 1602 111
487 1583 613 1615 genere
646 1578 862 1614 tractantur,
902 1575 1108 1618 praesertim
1142 1575 1180 1607 in

195 1620 374 1663 prioribus
391 1621 546 1664 epistolis
564 1620 667 1656 huius
684 1624 776 1658 libri.
829 1625 970 1658 Primae
987 1626 1083 1659 aliud
1103 1626 1181 1658 11111-

195 1670 267 1703 lum
285 1678 532 1715 argumentum
550 1680 618 1713 est,
647 1674 744 1708 cuius
758 1676 941 1708 exordium
965 1677 1007 1709 ab
1032 1688 1181 1720 occupa-

198 1721 294 1754 tione
309 1723 471 1763 sumitur,
491 1736 561 1769 quo
581 1737 720 1758 causam
738 1726 914 1759 scribendi
929 1727 1055 1761 reddit.
1089 1727 1180 1759 Hinc

196 1773 354 1817 sequitur
372 1776 530 1808 narratio
549 1775 590 1808 de
611 1776 790 1820 explorata
812 1778 1011 1811 incursione
1031 1776 1181 1811 Partho-

196 1835 293 1862 rum,
322 1832 354 1857 et
372 1837 434 1857 suo
453 1826 652 1869 praesidio,
679 1827 832 1868 viribus,
858 1842 898 1861 ac
923 1829 1070 1862 consilio
1095 1829 1180 1862 resi-

196 1874 320 1908 stendi.
374 1876 459 1908 Post
475 1878 718 1910 narrationem
741 1880 886 1922 ponitur
901 1880 1099 1924 propositio
1123 1892 1181 1924 pe—

198 1924 315 1957 titoria
330 1952 338 1964 ,
365 1933 402 1959 ut
420 1933 561 1960 senatus
579 1929 773 1962 subsidium
794 1930 928 1970 mittat,
961 1931 1017 1964 cui
1041 1931 1182 1964 subiicit

195 1975 339 2009 brevem
375 1979 663 2021 occupationem,
704 1992 766 2013 cur
789 1993 862 2013 non
883 1981 967 2014 satis
990 1981 1180 2014 instructus

200 2026 283 2058 illud
323 2028 502 2071 negotium
539 2030 742 2074 susceperit.
810 2031 947 2064 Deinde
981 2032 1179 2065 rationibus

199 2078 385 2121 praecipue
404 2092 421 2110 a
446 2079 603 2123 periculo
626 2088 660 2113 et
683 2082 888 2115 necessitate
913 2083 1024 2116 ductis
1050 2095 1180 2126 propo-

198 2128 358 2161 51110110111
379 2131 575 2164 confirmat.
621 2131 717 2164 Loco
735 2133 864 2175 epilogi
882 2133 1065 2177 pollicetur
1080 2146 1180 2167 sena-

199 2179 248 2211 tui
264 2193 363 2212 51111111
383 2181 537 2214 studium
555 2182 592 2214 in
608 2195 645 2215 re
665 2184 857 2226 prudenter
873 2185 1038 2227 gerenda.

237 2305 264 2331 1)
284 2304 317 2331 1.]
339 2304 363 2327 111
385 2304 466 2328 Πάῐιῐ.
484 2305 567 2328 1515..
588 2305 660 2328 1601.
681 2305 800 2329 numeris
818 2306 994 2336 epistolarum
1013 2307 1180 2336 praeceden-

272 2338 305 2360 tis
326 2338 385 2360 111111
405 2339 587 2363 continuatis.
610 2341 676 2362 hae(-
694 2341 812 2369 epistota.
831 2347 942 2364 munero
961 2341 1037 2371 376.‚
1062 2348 1180 2371 sequens

272 2378 380 2394 {innuero
400 2372 449 2395 :277
469 2377 537 2397 etc..
558 2375 584 2396 et
603 2374 628 2396 in
647 2374 694 2398 Ed.
712 2375 784 2397 15⁸6:
803 2375 894 2397 eadem
913 2375 1020 2398 ratione
1039 2376 1104 2398 haec
1124 2375 1181 2404 pri-

272 2411 312 2427 ma
334 2412 442 2429 numero
461 2407 536 2432 377..
563 2414 679 2437 sequens
697 2414 808 2431 munero
827 2408 878 2432 378
894 2410 944 2432 etc.
963 2409 1089 2437 signatae
1108 2410 1181 2433 sunt.

237 2456 267 2482 2)
288 2455 353 2478 nuic
378 2457 436 2479 vovi
461 2457 485 2479 in
512 2458 592 2481 Editt.
617 2459 703 2483 1510..
732 2460 824 2489 1544„
852 2460 1037 2491 1554-‚1552
1063 2461 1183 2489 praefixa

271 2493 332 2511 suut
352 2491 406 2513 cir.
426 2492 524 2515 wrha:
550 2493 615 2516 Etsi
635 2500 689 2516 uon
710 2494 802 2518 dubie.

237 2540 266 2564 3)
286 2540 401 2568 epizo-ta
422 2543 476 2567 est}
497 2542 544 2565 hd.
567 2543 639 2567 ¹550.
660 2546 702 2566 est
722 2545 848 2573 epistota.

237 2594 266 2619 4)
286 2592 343 2647 Ιὸίὲἰξ
356 2595 541 2620 argumentum
556 2593 652 2616 hahent
668 2595 749 2619 Etim.
768 2595 942 2620 1537—1545.
954 2612 962 2625 ‚
985 2595 1074 2625 1554.,
1097 2595 1183 2623 1557..

274 2628 280 2648 Ι
340 2643 344 2647 ,

237 2678 266 2704 5,)
287 2677 343 2700 floc
361 2677 548 2705 argumentum
567 2678 593 2699 et
618 2677 671 2702 tria
695 2679 837 2709 sequentia
855 2679 881 2704 iu
899 2680 984 2704 Editt.
1005 2681 1091 2711 1556,
1118 2681 1184 2705 1565

270 2709 386 2734 -1596,
409 2710 568 2734 effruntur.

1428 365 1430 368 ¹
1477 368 1612 403 Aliud
1642 376 1977 414 argumentum.

1327 433 1504 478 Epistolas
1526 434 1629 471 liuius
1650 437 1732 471 libri
1753 438 1891 483 scripsit
1912 438 2034 471 Cicero
2065 436 2213 470 existens

1230 484 1264 517 in
1281 486 1484 528 provincia,
1511 487 1547 520 in
1567 488 1693 533 quibus
1717 495 1991 529 commemorat,
2019 499 2109 533 quae
2127 487 2215 520 acci—

1229 536 1363 576 derint,
1392 550 1478 582 quas
1496 550 1550 571 res
1570 539 1642 583 ipse
1661 540 1822 583 gesserit,
1850 540 1933 573 item
1956 552 2046 585 quae
2064 538 2139 571 fieri
2157 550 2215 571 ve-

1230 587 1269 619 lit
1285 599 1302 619 a
1323 594 1458 622 senatu.
1493 588 1555 622 His
1572 597 1693 633 postea
1711 591 1809 623 addit
1827 591 1894 623 alia
1912 591 2100 635 quaedam,
2123 600 2214 635 quae

1231 638 1335 681 plane
1358 645 1440 672 sunt
1463 640 1665 674 familiaria.
1730 641 1852 674 Prima
1883 641 2030 685 epistola
2062 646 2134 673 tota
2164 646 2215 673 est

1231 689 1448 722 nuntiatoria
1467 697 1499 722 et
1518 691 1696 734 petitoria.
1754 691 1915 725 Primum
1943 692 2036 724 enim
2058 690 2214 734 exponit,

1231 751 1336 783 quam
1357 740 1447 772 varii
1463 741 1534 773 sint
1561 753 1723 774 rumores
1745 742 1786 774 de
1813 743 1968 775 adventu
1983 739 2215 781 Parthorum,

1232 796 1265 822 et
1292 790 1376 834 quid
1401 791 1474 835 ipse
1501 792 1538 824 in
1563 804 1601 824 ea
1628 804 1666 825 re
1692 804 1795 835 agere
1822 792 2024 826 instituerit.
2076 791 2214 825 Deinde

1233 841 1319 884 petit
1353 853 1369 873 a
1403 848 1528 875 senatu
1556 843 1728 876 maiorem
1751 843 1953 877 exercitum.
2017 842 2215 876 ExordIum

1231 891 1383 925 sumitur
1406 893 1449 925 ab
1474 894 1656 927 occasione
1684 894 1859 927 scribendi
1884 900 1918 927 et
1936 895 1978 927 de
2002 905 2065 927 suo
2090 892 2217 926 officio.

1232 942 1397 975 'Narratio
1420 941 1526 977 habet
1545 945 1919 978 commemorationem
1944 944 2150 977 nuntiorum
2173 943 2217 976 de

1232 993 1630 1035 adventuParthorum,
1656 996 1773 1028 addita
1792 996 2046 1039 significatione
2063 994 2117 1029 sui
2134 1005 2216 1028 con-

1232 1044 1300 1077 silii
1319 1056 1357 1076 ac
1381 1046 1487 1078 studii
1510 1047 1677 1080 adversus
1700 1044 1828 1080 hostes.
1888 1046 2141 1081 Narrationem
2165 1056 2217 1078 se-

1234 1096 1354 1139 quitur
1369 1096 1515 1139 petitio,
1542 1103 1581 1129 ut
1597 1109 1702 1142 quam
1728 1097 1883 1141 primum
1906 1096 2077 1130 exercitus
2099 1095 2218 1128 mitta-

1234 1153 1289 1179 tur
1308 1147 1350 1179 ad
1366 1147 1605 1180 defensionem
1624 1148 1901 1192 provinciarum.
1938 1147 2110 1180 Rationes
2126 1147 2216 1179 duae

1233 1203 1334 1237 sunt,
1363 1198 1472 1230 altera
1498 1210 1515 1230 a
1542 1199 1718 1242 paucitate
1744 1199 1916 1238 militum,
1951 1198 2059 1231 altera
2084 1198 2128 1230 ab
2151 1196 2216 1228 im-

1234 1248 1390 1280 minente
1415 1249 1630 1283 necessitate.
1697 1249 1760 1283 His
1791 1249 1933 1282 additur
1955 1248 2150 1282 confutatio
2174 1247 2217 1280 de

1233 1298 1443 1342 provinciali
1474 1300 1609 1333 delectu
1635 1306 1668 1332 et
1691 1301 1733 1332 de
1758 1300 1896 1333 auxiliis
1920 1299 2110 1333 sociorum.
2178 1296 2217 1330 In

1234 1350 1301 1381 fine
1319 1355 1369 1382 051
1384 1349 1592 1392 pollicitatio
1615 1363 1698 1383 suae
1719 1350 1940 1393 diligentiae,
1974 1350 2094 1382 addito
2120 1354 2218 1387 voto,

1234 1406 1271 1431 ut
1288 1412 1342 1432 res
1360 1406 1474 1434 tantas
1492 1413 1558 1445 pro
1576 1401 1727 1434 utilitate
1749 1401 1962 1445 reipublicae
1986 1400 2134 1433 feliciter
2157 1399 2218 1432 ad-

1234 1456 1420 1483 muustret.

1481 1531 1615 1566 Aliud
1643 1537 1966 1576 argumentum.

1233 1648 1402 1683 hactenus
1434 1650 1613 1693 scripserit
1647 1651 1688 1682 de
1707 1647 1850 1683 Parthis
1878 1656 1912 1682 et
1943 1648 2125 1682 occasione
2149 1647 2218 1681 hoc

1233 1707 1392 1745 tempore
1414 1701 1590 1734 scribendi
1615 1701 1658 1733 de
1683 1700 1833 1733 transitu
1848 1697 2077 1733 Parthorum.
2129 1699 2219 1733 Nar-

1233 1752 1324 1784 ratio
1342 1752 1499 1784 continet
1517 1752 1659 1784 brevem
1677 1751 1982 1784 enumerationem
2005 1750 2217 1790 litterarum,

1234 1815 1320 1848 quas
1341 1803 1515 1846 acceperit
1531 1803 1573 1834 de
1589 1800 1757 1835 Parthico
1774 1802 1943 1840 transitu,
1977 1806 2010 1833 et
2031 1800 2114 1845 quid
2141 1800 2216 1843 ipse

1234 1854 1343 1897 egerit
1358 1860 1480 1886 contra
1493 1851 1657 1886 Parthos.
1709 1852 1917 1887 Narrationi
1933 1851 2073 1884 additur
2089 1848 2217 1883 adhor-

1234 1905 1341 1943 tatio,
1377 1910 1415 1937 ut
1439 1910 1580 1937 senatus
1603 1916 1711 1949 quam
1732 1903 1888 1947 primum
1912 1901 2030 1935 mittat
2051 1901 2140 1934 bene
2164 1902 2217 1933 in-

1679 1953 1848 1986 Rationes
1868 1954 2047 1986 adduntur
2064 1964 2083 1984 a
2100 1964 2218 1985 neces-

1233 2006 1326 2039 sario
1354 2011 1387 2037 et
1410 2005 1678 2038 imminentibus
1701 2004 1877 2048 periculis.
1938 2003 2108 2047 Epilogus
2134 2015 2216 2035 con-

1234 2056 1322 2089 tinet
1338 2056 1480 2088 brevem
1499 2055 1745 2100 repetitionem
1763 2053 2034 2087 adhortationi&
2084 2052 2124 2086 ln
2148 2055 2217 2086 fine

1233 2108 1402 2139 admonet
1418 2113 1578 2139 senatum
1597 2107 1639 2139 de
1656 2105 1828 2138 Deiotaro
1844 2117 1925 2149 rege
1942 2104 2153 2144 Armeniae,
2179 2104 2216 2137 in

1233 2170 1304 2202 quo
1322 2169 1394 2191 uno
1413 2155 1526 2190 adhuc
1542 2169 1620 2200 spes
1639 2157 1683 2189 sit
1698 2156 1855 2200 reliqua,
1882 2155 1919 2188 in
1945 2155 2022 2188 aliis
2044 2167 2129 2188 vero
2151 2155 2217 2187 mi-

1232 2209 1339 2242 nime.
1389 2207 1499 2240 Addit
1513 2213 1546 2240 et
1562 2208 1604 2239 de
1621 2219 1684 2240 suo
1704 2206 1819 2239 officio
1838 2218 1877 2240 ac
1892 2205 2071 2250 diligentia
2095 2205 2132 2238 in
2156 2207 2216 2239 ad-

1233 2259 1468 2293 ministrando
1483 2258 1588 2291 bello.

1333 1598 1529 1633 Exordium
1553 1605 1690 1632 constat
1712 1598 1954 1638 excusatione,
1994 1609 2104 1643 quare
2128 1595 2219 1630 nihil

1233 1961 1403 1988 structum
1424 1955 1625 1987 exercitum.

1484 2341 1620 2374 Aliud
1648 2347 1973 2385 argumentum.

1335 2408 1410 2441 Hae
1435 2408 1602 2452 epistolae
1631 2414 1713 2441 sunt
1739 2407 1890 2453 scriptae
1920 2420 1961 2441 ex
1982 2406 2104 2441 Cilicia
2132 2419 2213 2452 pro-

1208 2485 1211 2517 Ι
1234 2458 1369 2499 vincia,
1396 2471 1485 2504 quae
1502 2457 1642 2492 habeta
1658 2459 1806 2492 meridie
1819 2458 2117 2493 mediterraneum
2140 2469 2213 2490 ma-

1205 2524 1210 2564 ,
1235 2522 1291 2550 10,
1326 2510 1371 2543 ad
1392 2516 1509 2543 ortum
1532 2509 1710 2542 Amanum
1720 2509 1751 2557 ⁶)
1779 2516 1936 2543 montem
1961 2515 1995 2542 et
2018 2513 2098 2553 post
2121 2520 2213 2547 eum,

1206 2567 1209 2603 1
1235 2567 1426 2594 extremam
1451 2567 1588 2605 partem
1612 2560 1754 2605 Syriae,
1787 2561 1829 2594 ad
1853 2558 2126 2605 septentrionem
2144 2558 2213 2603 Ly-

1267 2677 1298 2705 6)
1318 2677 1463 2706 Amanum]
1483 2677 1523 2700 5ῖο
1541 2676 1589 2701 Ed.
1607 2676 1698 2706 1556.;
1718 2674 1899 2706 Eam-1565„
1921 2673 2004 2703 ¹571..
2026 2674 2099 2698 1596.
2119 2680 2213 2699 errore

1304 2714 1429 2743 1111115121
1457 2714 1601 2736 Amanum.
