2351 2990
146 102 220 136 373
281 101 403 138 xxm.
454 100 766 138 ARGUMENTA
792 100 857 136 ET
885 99 1088 136 SCHOLIA
1115 100 1162 137 IN
1186 100 1336 138 EPIST.
1362 101 1476 139 FAM.
1503 102 1588 140 CIC.
1616 103 1703 140 LIB.
1722 107 1764 142 X.
1790 107 1862 144 ΕΡ.
1878 110 2054 148 31-34.

137 189 303 233 rapinas,
332 197 365 223 et
391 190 566 235 quaedam
591 188 746 221 crudelia
771 189 876 223 facta.

139 291 275 326 animo.

239 384 427 421 Scholia
457 385 501 418 in
529 384 772 429 epistolam
800 383 1022 429 XXXIII.S⁰).

239 452 269 498 ξ.
290 455 322 488 1.
358 456 426 496 Quo
443 454 592 498 tardius]
620 453 672 486 Ex
699 453 895 487 occasione.
978 454 1126 486 Tametsi

134 510 265 539 imnum
286 502 527 552 calamitatem]
565 501 689 544 πάθος
702 503 760 549 ⁸¹).
841 507 951 551 Atque
974 501 1124 549 utinam]

134 554 315 590 Narratio.

237 605 266 651 ἓ.
285 606 319 641 5.
355 609 446 648 Quae
467 610 499 641 si
516 620 594 641 vera
615 612 712 647 sunl,
739 604 886 653 nemini]
914 605 1124 645 Consilium,

132 662 171 689 ut
191 658 272 691 totis
298 658 432 692 viribus
454 659 529 692 sine
554 658 777 691 cunctatione
794 657 934 690 resistat
950 657 1124 697 Antonio,

131 707 169 739 in
193 721 261 754 qua
286 722 322 743 re
338 710 526 754 pollicetur
544 709 759 754 reipublicae
778 721 878 742 suam
903 720 1063 753 operam.

424 793 751 837 Argumentum
769 792 828 838 εμὲ).

232 860 345 893 Paulo
374 867 455 904 post
487 861 690 893 conflictum
717 859 957 892 Mutinensem
991 857 1121 901 scripta

132 916 182 943 est
199 908 286 944 haec
304 911 464 955 epistola.
516 911 608 945 Nam
625 911 740 943 Pollio
760 912 793 942 in
811 910 981 954 Hispania
1003 921 1121 952 agens,

130 974 210 994 cum
240 963 483 1002 intellexisset,
519 968 691 1007 quantam
724 962 859 994 cladem
894 961 986 994 istud
1015 972 1120 1004 proe-

129 1012 216 1044 lium
240 1013 431 1053 attulisset,
458 1011 513 1046 his
539 1013 665 1046 litteris
689 1014 784 1057 apud
801 1013 1010 1046 Ciceronem
1037 1023 1119 1044 con-

130 1063 293 1107 queritur
317 1065 360 1097 de
383 1064 584 1097 calamitate
609 1064 846 1108 reipublicae,
874 1070 960 1096 etse
978 1069 1119 1107 purgat,

131 1126 195 1147 cur
224 1127 324 1148 suam
360 1127 506 1159 operam
537 1115 754 1159 reipublicae
785 1127 859 1148 non
890 1114 1117 1159 praestiterit.

127 1165 312 1210 Principio
338 1173 389 1200 est
409 1166 574 1212 querela,
620 1178 727 1211 quam
760 1165 990 1210 amplificavit
1021 1171 1118 1198 voto.

129 1216 267 1250 Deinde
304 1229 367 1261 per
398 1217 667 1261 occupationem
702 1218 819 1250 reddit
852 1228 1014 1255 causam,
1057 1228 1118 1249 cur

129 1280 204 1300 non
218 1268 431 1302 succurrerit
444 1268 673 1312 reipublicae,
702 1274 808 1313 atque
824 1280 859 1301 se
875 1267 1013 1311 Lepido
1034 1279 1117 1299 con-

127 1318 295 1354 iunxerit.
349 1319 484 1353 Causae
507 1325 577 1353 tres
601 1325 684 1353 sunt
708 1325 742 1352 et
764 1331 828 1363 per
845 1330 881 1352 se
898 1319 1118 1362 perspicuae,

131 1370 258 1415 quibus
287 1377 398 1404 totam
424 1369 611 1404 historiam
626 1370 840 1403 Mutinensis
856 1370 939 1402 belli
957 1381 1020 1413 per
1035 1380 1118 1402 nar-

130 1421 305 1454 rationem
329 1422 480 1455 subiicit.
531 1420 572 1454 In
597 1422 737 1466 epilogo
761 1434 863 1455 suum
889 1420 1045 1454 studium
1061 1432 1119 1464 ge-

130 1472 232 1505 rendi
253 1473 337 1506 belli
362 1479 396 1506 et
411 1485 507 1517 spem
534 1472 608 1506 eius
635 1472 833 1506 sustinendi
850 1471 1016 1505 ostendit.

372 1557 512 1592 Aliud
541 1565 870 1602 argumentum.

233 1622 298 1657 Est
332 1631 367 1657 et
396 1623 483 1658 haec
508 1626 656 1670 epistola
690 1628 884 1660 admodum
918 1626 1058 1668 elegans
1087 1631 1118 1657 et

129 1674 268 1718 gravis,
311 1688 401 1720 quae
433 1677 654 1710 consumitur
685 1678 722 1709 in
759 1677 967 1710 narratione
999 1688 1120 1708 rerum

129 1732 307 1769 gestarum
332 1728 426 1771 apud
450 1727 627 1760 Mutinam
643 1754 652 1767 ,
681 1734 802 1772 estque
826 1728 946 1760 addita
974 1726 1120 1760 iustissi-

128 1789 186 1810 ma
214 1778 358 1823 querela
382 1779 423 1811 de
447 1779 663 1823 reipublicae
688 1780 849 1818 damnis,
878 1790 969 1823 quae
993 1778 1030 1810 in
1058 1777 1120 1810 tali

129 1829 225 1862 clade
255 1830 441 1874 acceperit.
500 1831 673 1874 Aspersae
701 1830 808 1863 etiam
844 1836 925 1863 sunt
947 1829 1120 1872 significa-

129 1880 244 1914 tiones
277 1881 437 1926 prompti
470 1881 579 1914 animi
612 1894 652 1914 ac
691 1882 888 1914 voluntatis
919 1892 1001 1914 suae
1038 1891 1117 1923 erga

129 1932 400 1976 rempublicam.
454 1931 651 1966 Exordium
674 1934 781 1965 breve
798 1938 849 1966 est
865 1932 909 1964 ab
935 1931 1120 1964 occasione

129 1990 332 2028 sumptum,
361 1984 457 2029 quod
482 1984 617 2017 tardius
645 1984 798 2017 audierit
822 1982 1024 2016 conflictum
1041 1982 1120 2014 Mu-

129 2035 316 2069 tinensem.
366 2035 534 2080 Sequitur
547 2036 726 2075 narratio,
755 2047 846 2081 quae
866 2033 1041 2078 principio
1057 2031 1120 2066 ha-

128 2086 189 2119 het
216 2086 454 2120 miserabilem
485 2087 666 2132 querelam
706 2088 749 2120 de
781 2087 876 2120 clade
911 2084 1120 2124 Mutinensi,

130 2137 258 2170 deinde
284 2139 591 2171 enumerationem
616 2151 760 2179 eorum,
788 2150 878 2184 qnae
897 2137 1058 2170 audierat
1077 2137 1119 2168 de

131 2189 224 2222 bello
250 2189 459 2223 Mutinensi.
526 2189 715 2224 Excusatio
745 2196 795 2223 est
825 2189 976 2228 inserta,
1009 2199 1119 2232 quare

130 2252 204 2273 non
219 2252 254 2273 se
264 2239 310 2285 ⁸3)
329 2240 553 2274 coniunxerit
570 2242 687 2275 statim
705 2239 773 2274 hoc
790 2240 912 2274 audito
924 2267 932 2280 ,
956 2251 1035 2272 cum
1053 2238 1119 2271 Le-

131 2291 228 2334 pido.
280 2291 491 2324 Narrationi
517 2293 658 2326 additur
682 2292 868 2326 consilium
892 2293 933 2324 de
955 2290 1118 2324 resisten-

132 2343 177 2375 do
192 2342 351 2376 Antonio
368 2343 452 2376 totis
467 2343 612 2378 viribus.
665 2343 704 2376 In
720 2345 787 2377 sine
806 2350 856 2377 est
871 2340 1005 2381 πάθος,
1022 2342 1118 2387 quod

131 2394 250 2427 doleat
274 2394 340 2427 sibi
357 2394 492 2428 tardius
504 2395 704 2428 nuntiatam
723 2407 794 2430 esse
813 2395 919 2428 talem
937 2394 1083 2427 cladem.

164 2512 211 2542 80)
230 2512 293 2536 Mei.
314 2512 475 2539 argumento
495 2512 572 2535 huius
597 2512 731 2542 epistolae
756 2515 782 2536 ct
814 2514 926 2537 duarum
948 2511 1118 2543 sequentium

201 2547 283 2570 Editt.
305 2546 512 2575 1537—1554.‚
534 2546 625 2575 1552,
647 2548 732 2573 ¹560..
753 2548 827 2572 1601.
848 2550 951 2572 carent.

165 2591 212 2617 Si)
233 2587 339 2618 πάθος]
358 2589 442 2614 Editt.
464 2590 554 2615 1545,
577 2589 651 2613 1560.
669 2590 780 2616 PathoS.

165 2634 212 2661 82)
232 2634 290 2657 Hoc
306 2634 496 2664 argumentum
516 2634 542 2656 et
561 2633 612 2656 duo
631 2634 772 2663 sequentia
789 2635 822 2658 ab
841 2635 924 2658 Editt.
938 2634 1012 2659 1556.
1024 2651 1031 2656 .
1055 2634 1119 2657 ¹585

200 2668 316 2692 --1596.
335 2668 502 2694 exhibentur.

165 2709 213 2737 83)
232 2715 286 2734 non
304 2712 351 2740 se]
372 2711 413 2736 sic
430 2710 514 2736 Editt.
525 2710 610 2741 1565„
632 2710 717 2735 1571..
738 2711 827 2742 1596.;
847 2711 896 2736 Ed.
917 2711 992 2735 1556.
1007 2717 1036 2735 ae
1052 2716 1113 2735 non.

944 187 1129 221 Posterior

137 246 189 273 est
221 241 264 274 de
296 242 477 281 exercitu,
518 246 552 273 ct
581 241 623 273 de
657 252 721 273 suo
757 252 837 284 erga
869 240 1128 284 rempublicam

2107 116 2182 152 374

1434 190 1569 225 Aliud
1602 202 1930 237 argumentum.

1285 247 1380 282 Haec
1404 249 1552 294 epistola
1569 251 1744 295 elegantia
1769 260 1802 286 et
1819 256 1992 298 gravitate
2015 261 2175 302 superio-

1181 310 1236 331 res
1263 299 1383 334 vincit.
1438 301 1669 336 Consumitur
1686 316 1725 336 ea
1753 317 1896 351 quoque
1914 307 1949 339 in
1965 310 2172 344 narratione

1180 362 1299 383 rerum
1331 352 1426 395 apud
1448 352 1627 386 Mutinam
1656 361 1848 397 gestarum.
1912 358 2027 392 Habet
2053 368 2171 395 autem

1179 412 1302 444 graves
1312 403 1504 437 sententias
1515 405 1558 437 de
1568 405 2040 449 reipublicaeincommodis.
2065 411 2171 446 Prior

1178 464 1260 495 pars
1285 459 1336 487 est
1359 454 1585 499 querimonia
1607 457 1833 500 publicorum
1849 460 2042 495 malorum.

1390 538 1525 572 Aliud
1554 549 1865 584 argumentum
1883 543 1941 589 S4).

1280 596 1424 631 Asinius
1455 598 1572 632 Pollio
1604 607 1769 643 praeerat
1792 601 2005 646 Hispaniae,
2043 605 2102 650 qui
2134 606 2169 638 in

1176 652 1278 679 motu
1301 648 1509 682 Antoniano
1541 649 1647 682 etiam
1673 663 1801 694 parum
1836 654 1970 687 sincere
1995 656 2103 689 sensit
2126 658 2168 690 de

1176 697 1376 739 republica,
1412 700 1472 732 sed
1505 701 1641 734 duabus
1674 702 1767 736 sellis
1800 704 1900 738 sedit.
1961 706 2053 739 ,Nam
2089 719 2169 741 cuin

1176 747 1246 779 iam
1263 760 1383 781 rerum
1400 750 1534 794 potitus
1551 758 1640 785 esset
1655 751 1845 792 Octavius,
1871 767 1906 788 sc
1926 757 1969 789 ad
1986 769 2065 790 eum
2084 770 2167 791 con-

1176 797 1275 838 tulit,
1311 806 1343 832 et
1366 800 1404 832 in
1431 814 1558 844 magna
1582 803 1695 845 gratia
1716 804 1782 836 fuit
1809 807 1904 848 apud
1931 819 2023 840 eum.
2078 809 2168 842 Sunt

1176 855 1294 882 autem
1321 850 1358 883 in
1379 849 1446 884 hac
1471 853 1618 896 epistola
1642 854 1867 889 narrationes
1893 858 1935 890 de
1960 859 2095 902 proelio
2124 862 2169 893 ad

1174 899 1352 934 Mutinam
1374 904 1488 943 facto,
1516 905 1558 936 de
1582 904 1653 938 suis
1678 906 1854 946 consiliis,
1884 908 1925 940 de
1942 909 2077 943 nuntiis
2108 923 2164 943 ac-

1174 952 1282 995 ceptis
1308 965 1349 985 ex
1376 953 1538 988 citeriore
1557 955 1695 995 Gallia,
1723 958 1766 989 de
1793 957 1891 990 clade
1916 966 1949 992 et
1978 962 2165 1004 perturba-

1173 1002 1270 1036 tione
1287 1004 1515 1049 reipublicae.
1576 1005 1703 1051 Incipit
1728 1009 1771 1041 ab
1798 1010 1982 1044 occasione
2009 1018 2040 1044 et
2067 1024 2168 1046 excu-

1172 1054 1322 1088 satione.

1271 1138 1454 1173 Scholia
1486 1141 1530 1174 in
1566 1142 1815 1186 epistolam
1844 1143 2066 1190 XXXIY.⁸⁵).

1277 1206 1306 1251 ἓ.
1329 1209 1361 1242 1.
1389 1210 1431 1243 δι’
1450 1208 1610 1255 z·ales⁸⁶),
1638 1211 1718 1243 bene
1735 1210 1865 1256 est⁸⁷)]
1893 1212 2062 1246 Narratio
2074 1214 2133 1259 ³⁸).

1277 1259 1307 1302 ᾗ.
1327 1259 1361 1292 3.
1390 1261 1466 1292 Etsi
1483 1262 1573 1293 omni
1588 1259 1753 1308 tempore]
1784 1260 1989 1297 Excusatio.

1462 1342 1792 1388 Argumentum
1808 1346 1866 1392 89).

1275 1402 1445 1437 Nondum
1473 1403 1706 1438 coniunxerat
1731 1418 1766 1439 se
1781 1405 1937 1451 Lepidus
1958 1420 2036 1441 cum
2055 1410 2168 1443 Anto-

1172 1453 1246 1493 nio,
1274 1466 1352 1487 cum
1370 1452 1462 1487 lianc
1483 1454 1669 1498 epistolam
1689 1457 1870 1497 scriberet,
1892 1465 1926 1491 et
1946 1465 2066 1492 tamen
2084 1462 2169 1506 quia

1172 1504 1360 1538 ridebatur
1376 1505 1592 1539 Antonianis
1615 1507 1776 1550 partibus
1802 1509 1909 1552 paulo
1936 1510 2085 1555 aequior
2112 1511 2169 1544 Ci-

1174 1556 1294 1588 ceroni
1317 1568 1418 1589 suam
1443 1556 1684 1601 integritatem
1715 1565 1865 1592 conatur
1894 1566 2059 1594 testatam
2088 1564 2166 1595 red-

1174 1608 1269 1641 dere.
1323 1607 1474 1640 Orditur
1496 1620 1515 1640 a
1540 1609 1768 1649 narratione,
1805 1623 1875 1655 qua
1904 1610 2057 1652 indicat,
2092 1614 2170 1658 qui-

1174 1658 1238 1691 bus
1260 1658 1384 1691 studiis
1410 1659 1558 1691 Antonii
1585 1660 1695 1703 fugati
1731 1662 1924 1694 adventum
1951 1663 2169 1698 sustinuerit.

1175 1709 1265 1742 Huic
1293 1710 1378 1742 satis
1399 1709 1529 1753 longae
1554 1711 1756 1744 narrationi
1779 1713 1964 1746 subiicitur
1991 1726 2170 1748 commen-

1173 1760 1271 1793 datio
1300 1766 1445 1793 mutuae
1479 1761 1750 1795 benevolentiae
1784 1775 1848 1807 per
1883 1765 2169 1808 occupationem,

1175 1812 1271 1857 quod
1287 1811 1411 1844 Cicero
1438 1818 1530 1844 recte
1549 1813 1590 1844 de
1618 1824 1680 1845 sua
1706 1814 1773 1846 side
1800 1821 1923 1847 contra
1955 1817 2170 1850 obtrectato-

1173 1875 1228 1896 res
1255 1862 1415 1896 senserit.
1470 1861 1509 1894 ln
1533 1864 1601 1896 sine
1626 1871 1746 1907 rogat,
1771 1871 1809 1897 ut
1827 1877 1927 1898 suam
1954 1867 2162 1912 dignitatem

1173 1925 1282 1958 porro
1300 1913 1391 1946 tueri
1418 1914 1511 1947 velit.

1424 1997 1564 2031 Aliud
1587 2005 1911 2041 argumentum.

1274 2058 1338 2092 Est
1364 2063 1397 2090 et
1414 2055 1501 2090 haec
1527 2057 1675 2102 epistola
1699 2070 1827 2102 magna
1849 2071 1889 2091 ex
1912 2067 2013 2103 parte
2037 2074 2166 2106 purga-

1173 2109 1285 2149 torIa,
1313 2109 1350 2142 in
1378 2121 1447 2154 qua
1473 2109 1628 2141 ostendit
1657 2121 1692 2142 se
1709 2107 1799 2142 nihil
1825 2111 2038 2153 neglexisse,
2068 2116 2162 2157 quod

1174 2167 1263 2194 esset
1280 2173 1345 2205 pro
1365 2161 1555 2193 commodo
1581 2166 1615 2192 et
1642 2160 1753 2194 salute
1777 2161 2004 2205 reipublicae.
2059 2164 2166 2197 Ordi-

1206 2278 1253 2306 84)
1273 2278 1331 2301 Hoc
1350 2280 1540 2310 argumentum
1557 2278 1614 2302 iilis
1628 2277 1747 2302 additum
1765 2279 1807 2302 est
1822 2278 1848 2301 in
1862 2279 1945 2303 Editt.
1969 2280 2161 2306 1565—1596.

1205 2321 1253 2348 85)
1273 2322 1313 2344 Ex
1332 2322 1381 2345 hoc
1400 2322 1496 2345 ordine
1514 2322 1579 2345 haec
1600 2321 1719 2350 epistota
1737 2322 1764 2344 et
1783 2327 1902 2350 sequens
1923 2322 1949 2345 in
1968 2323 2051 2347 Editt.
2074 2324 2160 2354 1540„

1242 2356 1328 2380 1544..
1351 2357 1436 2385 1554„
1458 2356 1531 2379 1557.
1553 2358 1579 2379 et
1598 2355 1744 2378 Ed.0reii.
1765 2355 1916 2378 collocatae
1936 2359 2017 2385 sunt3
2037 2357 2064 2381 in
2078 2359 2161 2382 Editt.

1244 2390 1328 2416 1537..
1350 2391 1434 2419 1545„
1456 2391 1543 2416 1546„
1564 2391 1649 2415 1556„
1672 2390 1756 2414 1560..
1774 2389 1962 2421 1565-1596.,
1984 2391 2161 2417 1601.autem

1240 2424 1307 2447 haec
1325 2426 1388 2454 post
1413 2426 1572 2454 sequentem
1597 2426 1638 2447 est
1661 2423 1767 2452 posita„

1205 2467 1253 2496 86)
1273 2468 1369 2496 vales]
1391 2468 1438 2491 Ed.
1459 2468 1534 2491 1554.
1553 2467 1661 2491 valeas.

1204 2510 1252 2538 87]
1273 2510 1326 2533 Pro
1345 2510 1387 2532 his
1403 2509 1458 2533 Cic.
1478 2508 1571 2532 verbis
1593 2508 1619 2531 in
1632 2507 1715 2530 Editt.
1731 2507 1816 2534 15⁴5,
1840 2508 1914 2533 1500.
1933 2509 1993 2532 huic
2012 2512 2091 2534 notae
2110 2512 2159 2535 ad-

1240 2544 1344 2574 scripta
1363 2545 1426 2567 sunt
1445 2543 1602 2573 sequeutia:
1624 2543 1716 2572 Quum
1737 2543 1891 2567 audissem.

1205 2587 1254 2615 88)
1276 2588 1349 2611 Haec
1368 2588 1433 2609 nota
1451 2587 1478 2609 et
1498 2590 1616 2614 sequeus
1636 2584 1663 2607 in
1682 2583 1766 2607 Editt.
1784 2584 1876 2612 1544,
1899 2585 1983 2613 1552,
2007 2584 2079 2608 1557.
2093 2588 2155 2609 sunt

1242 2631 1370 2655 omissae.

1205 2674 1252 2702 89)
1272 2673 1331 2697 Hoc
1348 2673 1537 2702 argumentum
1557 2673 1583 2694 et
1603 2671 1655 2695 duo
1674 2670 1818 2702 sequentia
1835 2669 1863 2693 in
1878 2669 1961 2692 Editt.
1981 2669 2071 2701 1556„
2093 2671 2157 2695 1b65

1240 2708 1356 2732 -1596,
1375 2708 1494 2731 exstant.

1558 2738 1641 2776 24*
