2351 2990
169 115 243 150 947
748 114 869 149 PHlL.

170 201 296 234 vicinia
326 200 461 244 patriae
489 200 630 244 degeret
653 200 866 245 inquilinus,
908 200 1069 244 adeoque
1094 199 1161 232 sibi

169 252 243 296 ipse
281 257 490 295 perpetuum
530 252 671 285 exilium
711 251 855 289 indixit,
898 257 937 283 ut
981 263 1160 285 accersens

168 305 359 335 Amentam
377 302 422 347 ⁸²¹)
446 306 578 336 sororis
605 303 772 335 maritum
802 309 835 334 et
859 302 967 335 alium
994 302 1161 341 amicum,

168 353 349 397 rogaverit
376 355 540 392 astinem,
578 360 642 386 uta
675 366 709 386 sc
739 359 832 385 emat
861 366 1003 393 servos,
1041 360 1074 386 et
1098 355 1161 387 du-

168 418 266 437 nuun
291 406 421 437 xendat
445 405 597 443 talento,
627 404 835 449 iusseritque
860 405 950 438 solvi
976 405 1160 438 creditori-

168 457 254 494 bus,
297 463 327 489 et
362 457 404 487 ad
438 456 664 488 collationem
689 455 902 499 gratuitam,
946 469 1036 501 quae
1064 457 1101 489 sit
1125 456 1162 488 in

169 508 368 545 tenuiores,
392 506 544 539 conferri
563 513 699 550 partem
712 533 721 546 ‚
748 513 781 540 et
799 509 895 552 quod
914 508 1091 552 reliquum
1111 520 1162 541 es-

169 565 240 597 set,
283 558 348 590 sibi
386 555 554 591 exhiberi.
628 557 723 591 Haec
767 571 845 591 cum
879 559 1163 592 administrasset

169 611 339 642 Amentas
356 608 420 651 22),
456 621 577 642 rursus
598 609 718 642 vendit
743 609 919 653 mancipia
945 610 1102 655 quinque.
1129 616 1163 642 et

169 660 313 704 triginta
335 660 440 693 minis
456 658 666 693 Tinmcliari
683 661 813 693 marito
840 661 974 695 sororis
999 661 1162 699 minoris,

169 712 224 745 cui
257 723 336 743 cum
369 712 682 755 tantumpecuniae
718 712 913 756 praesentis
951 725 1024 745 non
1060 719 1162 752 esset,

168 762 319 806 sumpsit
354 762 504 795 aliunde·
526 769 649 796 mutuo
682 764 846 807 pactione
875 764 1032 798 foenoris
1057 764 1162 798 unius

171 814 309 852 minae,
339 820 370 846 et
389 814 563 847 Amentae
581 814 628 861 ⁴²³)
652 815 830 848 satisfecit.

271 866 321 897 Ac
340 871 377 897 ut
395 877 477 898 vera
497 878 553 898 me
571 878 718 899 narrare
736 868 975 910 cognoscatis,
1005 867 1162 900 testimo—

169 917 227 950 nia
258 916 470 956 recitentur,
504 917 619 961 ipsum
642 917 834 950 Amentam
851 918 918 962 ²¹¹),
961 920 989 951 si
1015 919 1162 958 viveret,

171 970 383 1002 adducerem
400 967 466 1014 ¹²⁵);
494 980 589 1001 nunc
607 969 766 1003 conscios
785 969 916 1002 audite.

272 1019 394 1052 Recita
414 1020 630 1063 emptionem
646 1021 785 1054 domus.
829 1020 969 1054 Auditis
988 1021 1161 1066 accepisse

170 1072 412 1104 foeneratores
428 1070 474 1115 26)
501 1071 561 1104 XL
585 1071 712 1106 minas.

274 1121 394 1154 Recita
415 1128 449 1154 et
468 1123 686 1167 emptionem
707 1123 969 1167 mancipiorum
1000 1129 1034 1156 et
1057 1129 1159 1167 pacta

170 1185 371 1207 usurarum.
426 1172 573 1207 Caetera
594 1186 697 1214 vero,
725 1186 815 1220 quae
843 1174 1021 1215 recitabo,
1049 1174 1162 1218 magis

170 1224 253 1258 odio
272 1225 377 1269 digna
397 1231 489 1259 sunt.
543 1225 625 1259 Non
643 1225 737 1259 enim
755 1232 894 1259 tantum
912 1238 1039 1270 corpus
1058 1232 1092 1258 et
1110 1226 1161 1258 fa-

170 1277 316 1310 cultates
336 1276 406 1309 alio
426 1277 626 1317 transtulit,
654 1278 715 1311 sed
735 1277 840 1310 etiam
859 1283 1028 1321 paternos
1053 1289 1162 1321 pena-

170 1334 239 1367 tes,
267 1340 356 1373 quos
380 1328 504 1361 vestris
531 1335 565 1361 et
587 1329 737 1373 publicis
765 1335 798 1362 et
820 1329 979 1373 paternis
1001 1328 1161 1361 moribus

171 1379 353 1412 transferri
377 1391 450 1412 non
474 1379 573 1419 licet,
607 1378 672 1414 hos
695 1393 838 1426 quoque
865 1380 901 1412 in
926 1380 1072 1424 Megara
1101 1380 1162 1411 ad-

170 1430 282 1470 vexit,
325 1443 389 1463 nec
427 1443 625 1475 cognomen
661 1438 850 1476 paternum
889 1431 1063 1464 reveritus
1098 1437 1162 1470 est,

169 1494 247 1515 cum
272 1495 342 1515 una
368 1482 405 1515 in
427 1482 570 1515 exilium
597 1489 742 1527 penates
766 1483 925 1522 avulsos,
952 1495 994 1516 ex
1018 1495 1082 1516 suo
1108 1494 1162 1515 sa-

172 1534 258 1566 cello
278 1540 311 1567 et
331 1534 462 1568 soloin
487 1535 712 1578 peregrinam
737 1536 855 1568 sedem
881 1534 1087 1573 collocavit,
1123 1540 1163 1566 ut

170 1585 357 1629 peregrino
383 1585 454 1618 ritu
481 1586 693 1620 colerentur.
746 1588 794 1620 At
825 1586 979 1619 maiores
1010 1586 1118 1619 vestri
1141 1598 1159 1617 a

169 1637 318 1669 numine
344 1637 522 1669 civitatem
548 1644 819 1682 nuncuparunt,
845 1643 884 1670 ut
904 1637 979 1681 ipsa
1003 1637 1162 1670 numinis

170 1688 350 1721 invocatio
377 1689 609 1728 admoneret,
644 1686 736 1722 hanc
761 1690 884 1722 urbem
910 1695 1082 1734 tanquam
1111 1701 1162 1722 se-

169 1740 248 1772 dem
270 1739 427 1773 numinis
447 1752 520 1772 non
545 1741 777 1773 deserendam
803 1752 887 1774 esse.
940 1741 988 1773 At
1010 1739 1162 1773 Leocra-

168 1797 219 1824 tes
244 1791 370 1834 spretis
395 1791 549 1834 legibus,
578 1798 725 1836 paterna
753 1792 885 1836 pietate
911 1798 945 1825 et
960 1792 1163 1837 penatibus,

168 1848 342 1888 quantum
359 1843 395 1874 in
411 1842 487 1887 ipso
502 1843 579 1882 fuit,
597 1844 703 1876 etiam
719 1843 880 1877 divinum
898 1844 1068 1877 auxilium
1080 1841 1163 1876 hinc

169 1900 352 1938 asportare
371 1901 517 1928 conatus
535 1901 597 1928 est.

276 1945 503 1991 Quamquam
528 1952 645 1979 autem
673 1944 758 1979 llaec
777 1946 902 1979 delicta
922 1958 1049 1990 magna
1068 1953 1163 1987 sunt,

171 2005 290 2031 tamen
315 2003 349 2030 et
370 1998 437 2030 alia
465 1998 640 2031 atrociora
667 1997 815 2031 addidit.
870 1997 958 2031 Cum
980 1999 1073 2031 enim
1099 1995 1162 2030 lia-

169 2049 298 2082 bitaret
330 2049 365 2081 in
398 2049 484 2082 urhe
508 2049 729 2093 Megarensi,
773 2050 868 2093 apud
902 2062 991 2094 quos
1017 2062 1034 2082 a
1062 2049 1163 2083 vobis

172 2107 309 2134 avectas
332 2101 514 2133 facultates
538 2114 618 2134 suas
644 2101 900 2140 collocaverat,
936 2100 1004 2133 loci
1031 2113 1163 2145 oppor-

171 2152 319 2185 tunitate
335 2165 430 2192 usus,
455 2152 672 2186 frumentum
692 2164 732 2185 ex
748 2151 859 2196 Epiro
878 2164 895 2184 a
915 2151 1103 2196 Cleopatra
1115 2152 1162 2199 27)

204 2271 252 2298 21)
285 2272 443 2298 Amentam]
475 2270 513 2293 sic
538 2269 620 2294 Editt.
643 2269 734 2297 1548,
765 2269 838 2292 1551.
859 2277 893 2289 z
912 2265 1066 2300 Ἀμήνιαν,
1093 2269 1163 2298 quod

238 2306 395 2329 Melanthon
416 2305 442 2328 in
457 2306 532 2328 textu
550 2310 650 2335 graeco
666 2304 773 2326 illarum
790 2303 873 2326 Editt.
895 2303 991 2332 11a¹›et;
1017 2303 1067 2328 Ed.
1087 2304 1162 2327 1562.

240 2341 385 2370 Amyntam
405 2349 436 2360 =
455 2334 611 2371 Ἀμύνταν,
637 2344 716 2368 quam
742 2338 857 2362 sormam
884 2343 979 2361 onmes
1004 2338 1089 2363 Editt.
1116 2344 1162 2361 re-

241 2377 322 2398 centt.
343 2375 369 2398 iu
392 2376 467 2398 textu
487 2375 623 2399 exhibent.

207 2417 254 2443 22)
274 2418 420 2446 Amentas]
441 2419 480 2441 sic
500 2418 583 2441 Editt.
605 2417 696 2446 1548,
724 2417 816 2445 155⁴.;
842 2416 890 2441 Ed.
915 2415 989 2440 1562.
1008 2416 1163 2446 Amyntam

240 2452 311 2475 conf.
331 2454 396 2475 nota
416 2453 539 2482 praeced.

206 2493 254 2521 23)
275 2493 419 2525 Amentae]
440 2494 479 2517 sie
497 2494 579 2518 Editt.
596 2494 682 2525 1548,
704 2494 795 2523 1554.;
814 2493 863 2516 Ed.
880 2492 953 2515 1562.
981 2493 1128 2521 Amyntae.

204 2537 253 2564 24)
272 2538 430 2565 Amentain]
451 2538 490 2560 sie
509 2538 590 2561 Editt.
608 2538 697 2567 1548„
716 2537 808 2567 ¹55⁴.;
828 2537 876 2561 Ed.
894 2535 967 2560 ¹562.
987 2536 1145 2566 Amyntam.

205 2580 253 2607 25)
269 2580 447 2608 adducerem]
466 2581 505 2603 sic
526 2581 572 2604 Ed.
591 2581 663 2606 1562,
680 2589 711 2601 =
726 2581 848 2610 Lycurg.
868 2577 1059 2611 πτιρειχόμην;
1078 2579 1162 2604 Editt.

242 2615 334 2645 1548„
357 2615 430 2638 1554.
451 2615 585 2637 adducite.

205 2657 253 2685 26)
273 2658 480 2685 foeneratores]
502 2657 549 2679 Ed.
566 2657 638 2680 1582.
659 2663 755 2681 errore
777 2659 905 2687 typogr.:
925 2657 1094 2681 soenatores.

205 2701 253 2730 27)
280 2702 312 2726 Η.
328 2702 343 2724 l.
372 2700 398 2724 in
419 2701 500 2724 Editt.
519 2701 610 2730 1548„
639 2701 713 2723 1554.
733 2702 798 2723 nota
817 2700 951 2731 margia:
985 2701 1058 2723 Haec
1083 2706 1164 2724 soror

240 2735 390 2760 Alexandri
409 2735 585 2760 Macedoni&
606 2736 632 2758 et
651 2740 720 2757 uxor
739 2735 888 2758 Alexandri
908 2735 1041 2765 Epirotici
1060 2734 1121 2760 fuit.

908 113 1018 147 MEL.
1055 113 1256 147 SCRIPTA
1291 114 1627 151 PHILOLOGICA.

2130 118 2204 154 948

1216 200 1321 239 emit,
1349 200 1455 246 idque
1474 203 1622 237 caeteris
1637 202 1782 236 Graecis
1806 202 1893 235 lucri
1910 214 2013 236 causa
2031 204 2204 238 vendidit.

1213 247 1413 284 Prohibent
1443 259 1558 286 autem
1585 254 1677 298 leges
1711 254 1821 287 civem
1848 253 2005 288 Atticum
2040 254 2110 288 alio
2139 255 2208 289 nisi

1214 299 1372 336 Athenas
1397 301 1525 337 vehere
1549 305 1790 345 frumentum,
1822 317 1932 350 eaque
1960 306 2003 338 de
2028 318 2066 338 re
2085 318 2210 349 graves

1215 365 1351 396 poenae
1375 355 1530 388 sancitae
1554 363 1647 389 sunt.
1717 356 1819 390 Hunc
1841 356 1966 399 igitur,
2002 356 2063 401 qui
2090 363 2124 390 et
2146 369 2208 401 pa-

1215 404 1320 436 triam
1340 405 1507 446 deseruit,
1533 413 1567 439 et
1584 408 1800 441 frumentum
1821 408 1905 440 alibi
1923 408 2083 440 vendidit
2100 414 2134 441 et
2149 420 2211 452 pe-

1214 462 1314 489 nates
1332 456 1508 490 maiorum
1526 455 1609 490 hinc
1626 459 1754 498 avexit,
1782 471 1855 492 non
1878 459 2108 499 interficietis,
2133 471 2208 492 non

1215 508 1414 551 exemplum
1436 508 1472 540 in
1490 520 1569 541 eum
1585 509 1768 543 statuetis?
1797 511 1893 555 quod
1911 510 1978 543 nisi
1997 510 2132 550 facitis,
2153 510 2207 543 ni-

1215 558 1281 591 mis
1298 558 1384 591 lenti
1401 565 1433 591 et
1453 559 1572 603 ignavi
1587 559 1695 594 eritis.

1316 609 1366 642 Ac
1390 610 1526 651 videte,
1555 623 1661 656 quam
1691 610 1780 643 iusta
1808 611 1947 645 ratione
1974 612 2011 645 in
2029 611 2135 646 istum
2154 612 2208 645 in-

1216 659 1420 705 quisiverim
1432 688 1441 701 ,
1469 668 1509 695 ut
1526 663 1750 706 perficerem,
1778 667 1817 694 ut
1833 674 1907 694 non
1924 675 1964 696 ex
1982 663 2206 703 coniecturis,

1214 713 1274 744 sed
1311 713 1485 756 patefacta
1523 713 1670 745 veritate
1704 713 1966 756 pronuntietis,
2001 726 2066 747 nec
2101 721 2206 749 testes

1215 775 1309 796 nunc
1331 764 1488 808 primum
1519 764 1849 807 interrogarentur,
1885 766 1944 797 sed
1979 765 2092 798 multo
2125 773 2206 799 ante

1216 815 1365 848 veritate
1395 816 1431 848 in
1460 816 1573 848 lucem
1603 816 1741 859 prolata
1772 816 2045 850 adducerentur.
2113 815 2205 850 Nam

1216 866 1329 899 inulto
1358 874 1439 900 ante
1473 867 1684 900 denuntiavi
1711 865 1896 906 Leocrati,
1939 873 1979 901 ut
2009 879 2130 901 servos
2163 869 2209 901 ad

1217 924 1446 963 quaesturam
1468 916 1642 951 exhibeat.

1644 1019 1780 1054 Recita.

1291 1088 1359 1122 Sed
1375 1086 1457 1121 huic
1474 1088 1738 1121 denuntiationi
1754 1089 1818 1121 iste
1835 1100 1909 1120 nou
1926 1088 2058 1132 paruit.
2086 1088 2207 1134 Quare

1214 1153 1251 1173 se
1269 1139 1342 1184 ipse
1359 1140 1580 1184 proditorem
1600 1152 1672 1173 esse
1693 1139 1830 1183 patriae
1854 1139 2008 1172 ostendit
2022 1139 2081 1185 ²⁸).
2135 1139 2209 1185 Qui

1215 1191 1308 1224 enirn
1333 1191 1467 1236 defugit
1490 1190 1756 1236 inquisitionem
1774 1217 1783 1231 ,
1824 1190 1853 1224 is
1884 1191 1988 1223 fateri
2013 1203 2048 1224 se
2073 1190 2208 1224 crimen

1216 1243 1382 1277 ostendit.
1449 1242 1552 1276 Scitis
1579 1242 1673 1275 enim
1700 1241 1830 1275 iustum
1857 1248 1890 1274 et
1922 1242 2096 1286 populare
2122 1255 2207 1283 esse,

1215 1294 1251 1327 in
1275 1306 1313 1327 re
1339 1294 1505 1337 ambigua
1531 1293 1607 1326 fieri
1630 1293 1898 1339 inquisitionem
1925 1293 1962 1326 in
1986 1305 2107 1327 servos
2123 1306 2207 1327 con-

1215 1346 1304 1379 scios
1316 1372 1325 1385 ,
1353 1345 1481 1391 quibus
1500 1344 1691 1389 exploratis
1708 1344 1821 1388 magis
1838 1357 1893 1377 res
1910 1343 1984 1388 ipsa
2003 1345 2108 1378 fidem
2125 1345 2210 1378 facit

1216 1409 1323 1442 quam
1343 1396 1558 1430 accusatoris
1575 1396 1688 1429 oratio
1701 1422 1709 1435 ‚
1738 1395 1946 1439 praesertim
1966 1396 2008 1428 de
2025 1408 2063 1429 re
2080 1408 2209 1440 magna

1216 1455 1250 1481 et
1274 1449 1318 1480 ad
1340 1447 1598 1492 rempublicam
1622 1447 1833 1491 pertinente.
1885 1446 1986 1479 Adeo
2010 1447 2099 1480 iuste
2118 1445 2211 1481 hanc

1216 1512 1358 1533 causam
1377 1511 1443 1543 ago
1455 1525 1464 1539 ‚
1499 1505 1537 1532 ut
1555 1498 1661 1531 velim
1687 1510 1763 1531 eain
1782 1498 1891 1543 ipsius
1908 1497 2091 1532 Leocratis
2109 1499 2212 1532 fami-

1215 1551 1282 1584 liae
1307 1550 1520 1584 testimoniis
1545 1549 1760 1583 confirmari.
1814 1548 1891 1594 Ipse
1916 1562 2001 1583 vero
2026 1549 2092 1583 sibi
2115 1551 2210 1584 male

1217 1602 1376 1635 conscius
1401 1614 1474 1635 non
1504 1598 1674 1634 exhihuit.
1727 1601 1774 1633 At
1792 1601 1893 1634 citius
1910 1601 2004 1634 servi
2023 1608 2211 1646 negassent

1217 1653 1352 1699 aliquid
1385 1666 1530 1692 eorum,
1566 1664 1656 1697 quae
1693 1652 1841 1685 domino
1880 1652 2015 1686 obiecta
2052 1652 2212 1694 fuissent,

1217 1718 1324 1751 quam
1345 1711 1468 1737 contra
1488 1704 1674 1737 dominum
1692 1703 1827 1749 aliquid
1842 1703 1922 1737 falsi
1937 1704 2129 1738 finxissent.

1318 1756 1365 1789 At
1380 1754 1438 1790 hic
1457 1755 1710 1788 vociferabitur
1725 1754 1936 1795 Leocrates,
1964 1768 1999 1789 se
2023 1756 2148 1788 rudem
2172 1755 2211 1788 in

1216 1808 1367 1841 dicendo
1385 1808 1464 1851 rapi
1481 1807 1518 1840 in
1535 1806 1732 1851 periculum
1754 1807 1798 1839 ab
1822 1812 1964 1840 oratore
1988 1812 2021 1840 et
2039 1807 2210 1852 eloquen-

1217 1860 1266 1892 tia
1286 1859 1381 1892 vinci
1397 1859 1456 1904 29).
1491 1858 1538 1891 At
1557 1870 1680 1891 omncs
1695 1858 1789 1892 scitis
1801 1885 1810 1898 ,
1834 1870 1906 1897 eos,
1923 1857 1983 1903 qui
2000 1857 2213 1891 calumniari

1216 1912 1379 1951 student,
1408 1922 1546 1944 sumere
1565 1909 1752 1949 materias,
1779 1910 1839 1943 ubi
1863 1909 1949 1942 salsa
1975 1915 2008 1942 et
2030 1908 2211 1953 plausibili

1218 1962 1470 1996 criminatione
1495 1962 1685 1994 accendere
1709 1961 1789 1993 odia
1814 1966 1973 2004 possunt.
2042 1959 2213 2001 Econtra,

1218 2015 1281 2060 qui
1307 2014 1416 2047 iustas
1437 2013 1677 2047 accusationes
1705 2012 1914 2051 instituunt,
1943 2011 2047 2045 rebus
2073 2011 2213 2045 malunt

1218 2078 1326 2111 quam
1355 2065 1518 2097 oratione
1547 2076 1606 2097 eos
1630 2063 1852 2096 convincere.
1906 2062 1963 2095 Sic
1989 2062 2097 2107 igitur
2116 2063 2209 2107 cogi-

1217 2124 1312 2150 tate:
1357 2117 1542 2161 Quosnam
1579 2114 1796 2159 impossibile
1833 2121 1909 2147 erat
1937 2114 2087 2147 dicendo
2116 2114 2210 2147 deci-

1216 2181 1298 2214 pere
1311 2168 1326 2201 ἰ’
1367 2168 1495 2202 Nonne
1529 2165 1674 2200 servos?
1715 2165 1889 2198 Poterant
1920 2165 2028 2210 igitur
2061 2165 2098 2197 in
2129 2177 2209 2199 exa-

1217 2221 1313 2253 mine
1337 2226 1463 2253 natura
1491 2219 1632 2252 iubente
1651 2217 1835 2250 veritatem
1862 2217 1978 2250 dicere
1997 2217 2122 2261 plane,
2149 2218 2211 2250 sed

1217 2285 1295 2305 cum
1313 2271 1453 2316 proprii
1471 2276 1585 2304 essent
1601 2268 1803 2309 Leocratis,
1830 2275 1949 2302 tamen
1966 2266 2130 2302 exhibere
2148 2280 2208 2302 eos

1212 2324 1342 2357 noluit.
1397 2322 1496 2367 Quos
1515 2333 1598 2354 xero
1616 2320 1782 2365 possibile
1800 2327 1851 2354 est
1871 2320 1963 2353 flecti
1988 2320 2151 2353 oratione
2176 2325 2211 2353 et

1217 2373 1407 2420 lachrymis
1425 2375 1468 2406 ad
1487 2372 1766 2406 misericordiam
1781 2399 1789 2412 ,
1816 2384 1936 2405 nonne
1956 2370 2114 2406 iudices?
2152 2370 2207 2404 Eo

1217 2428 1407 2471 confugere
1432 2424 1548 2469 coepit
1571 2422 1628 2457 hic
1652 2424 1835 2468 proditor,
1878 2429 2058 2463 metuens,
2100 2434 2143 2455 ne
2166 2434 2209 2455 ex

1217 2480 1338 2511 eadem
1358 2476 1491 2511 familia
1509 2488 1590 2509 reus
1607 2482 1640 2507 et
1657 2481 1759 2509 testes
1776 2475 2032 2520 producantur.

1250 2587 1299 2614 28)
1326 2587 1359 2610 Η.
1382 2586 1400 2609 Ι,
1427 2586 1451 2609 in
1477 2586 1561 2610 Editt.
1587 2585 1678 2614 ¹546„
1709 2585 1783 2608 1554.
1809 2586 1873 2608 nota
1898 2583 2028 2614 margon:
2063 2580 2208 2605 Detrectat

1286 2626 1398 2645 examen
1418 2620 1539 2644 familiae
1558 2626 1640 2649 suae,
1661 2625 1728 2649 ergo
1747 2625 1812 2642 reus
1830 2621 1880 2642 est.

1249 2665 1297 2692 29)
1325 2663 1388 2688 ul.
1414 2663 1440 2686 in
1470 2663 1551 2686 Editt.
1568 2662 1657 2686 1548..
1687 2661 1763 2684 1554.
1789 2662 1855 2684 nota
1881 2659 2017 2689 margia:
2051 2656 2209 2688 occupatio,

1290 2703 1359 2728 quae
1378 2697 1497 2721 ostendit
1517 2695 1718 2727 simplicitatem
1737 2695 1870 2719 actionis:
1901 2694 1960 2717 Non
1986 2694 2059 2717 nitor
2078 2692 2212 2722 eloquen-

1283 2733 1337 2762 tia,
1358 2732 1405 2756 sed
1425 2733 1514 2757 rebus.
