2294 2975
90 136 165 172 245
220 135 343 173 XXIII.
381 133 690 170 ARGUMENTA
717 134 783 170 ET
809 135 1012 170 SCHOLIA
1040 135 1090 171 IN
1116 136 1263 174 EPIST.
1291 138 1403 175 FAM.
1431 139 1516 176 CIC.
1544 140 1714 180 LlBNfl.
1742 145 1814 183 ΕΡ.
1826 149 1859 184 3.
1871 148 1904 185 4.
1915 148 1993 187 5.6.
2046 154 2121 189 246

188 221 218 266 ἓ.
234 223 270 256 3.
302 224 420 262 Hunc,
454 223 502 255 mi
525 219 671 268 Caesar]
705 220 850 256 Petitio.
939 224 993 256 De
1016 235 1078 269 quo

83 271 165 320 tibi]
191 273 363 307 Rationes
381 278 542 316 sumptae
557 284 598 305 ex
613 271 777 306 laudibus
792 272 967 307 Trebatii.

301 347 436 381 Aliud
472 354 786 391 argumentum
804 347 862 394 27).

183 408 344 453 Epistola
378 413 429 440 est
453 406 769 447 commendaticia,
805 408 999 441 admodum
1026 408 1075 440 fe-

84 459 172 493 stiva
198 465 232 492 et
259 459 409 502 elegans.
463 457 700 492 Commendat
721 464 839 492 autem
863 458 1073 492 Trebatium

84 509 245 550 Caesari,
272 509 334 555 qui
359 521 437 542 cum
463 515 642 553 praeesset
656 509 800 550 Galliis,
834 510 935 543 facile
956 509 1074 555 potuit

83 572 164 594 eum
184 572 247 605 per
271 559 494 593 occasionem
520 560 565 593 ad
588 561 723 605 amplas
747 573 830 605 opes
860 567 895 594 et
921 561 1072 605 dignita-

82 617 153 643 tem
177 609 386 655 provehere.
449 610 645 644 Exordium
668 609 775 644 habet
797 610 1004 657 παρῤησίαν
1028 612 1071 644 de

81 673 143 695 sua
173 673 254 705 erga
277 661 465 695 Caesarem
495 662 635 696 fiducia.
702 662 870 708 Sequitur
896 662 1071 703 narratio,

81 724 172 758 quae
208 712 366 745 continet
393 712 593 746 occasiones
624 719 658 746 et
689 725 828 753 causas,
869 725 978 759 quare
1002 711 1070 746 hoc

80 762 303 807 potissimum
321 770 483 807 tempore
500 764 724 797 commendet
742 764 966 798 Trebatium.
1000 763 1070 796 De-

81 814 163 847 inde
193 820 244 848 est
272 814 471 859 propositio
504 815 834 848 commendationis.
898 814 1069 848 Rationes

81 871 243 910 sumptae
261 872 344 899 sunt
358 878 377 898 a
393 864 552 900 moribus
570 872 604 898 et
622 865 765 909 ingenio
778 865 957 903 Trebatii;
986 865 1070 897 item

81 929 101 949 a
131 928 258 960 genere
288 916 414 956 officii,
455 918 551 961 quod
578 916 741 949 videlicet
762 916 798 949 id
820 928 894 948 non
918 915 1071 949 nimium

80 973 188 1011 petat.
233 967 420 1001 Conclusio
437 964 542 999 habet
558 967 703 999 brevem
721 967 970 1011 repetitionem
988 979 1071 1011 pro-

80 1018 267 1062 positionis
287 1030 347 1052 seu
367 1018 701 1051 commendationis.

323 1094 461 1127 Aliud
491 1100 814 1138 argumentum.

183 1162 278 1195 Haec
295 1161 443 1206 epistola
461 1162 506 1194 ad
522 1162 709 1195 Caesarem
726 1169 807 1195 ante
821 1162 954 1195 bellum
969 1161 1070 1194 civile

80 1213 209 1257 scripta
224 1219 294 1253 est,
321 1218 441 1257 estque
469 1212 763 1245 commendaticia
778 1240 788 1253 ,
825 1224 915 1258 quae
934 1219 1071 1246 constat

80 1263 347 1308 elegantissimis
379 1263 515 1303 verbis,
558 1269 592 1296 et
621 1264 725 1307 plena
751 1270 802 1297 est
826 1261 1070 1297 humanitatis.

79 1314 119 1347 ln
134 1326 272 1348 summa
291 1320 410 1347 autem
432 1314 659 1347 commendat
675 1314 904 1354 Trebatium,
939 1321 972 1347 et
992 1314 1070 1346 dili-

78 1366 279 1410 gentissime
297 1371 418 1409 rogat,
445 1371 485 1398 ut
500 1365 691 1398 autoritate
709 1371 742 1398 et
759 1365 890 1398 auxilio
911 1365 1070 1399 Caesaris

76 1415 265 1450 honestam
295 1416 453 1461 aliquam
480 1416 721 1449 conditionem
752 1414 893 1449 habeat.
958 1415 1070 1448 Exor-

78 1468 178 1501 dium
196 1467 389 1500 admodum
406 1467 512 1499 breve
531 1473 581 1500 est
602 1473 783 1511 sumptum
807 1479 826 1500 a
850 1466 978 1500 fiducia
1000 1467 1070 1500 sin-

79 1518 209 1562 gularis
227 1517 377 1557 amoris,
399 1529 438 1549 ac
455 1523 598 1550 mutuae
613 1518 892 1551 benevolentiae.
945 1517 1070 1562 Sequi-

78 1576 138 1602 tur
153 1568 314 1601 narratio
326 1594 335 1608 ‚
362 1579 451 1612 quae
470 1568 627 1601 continet
646 1568 952 1601 enumerationem
970 1580 1068 1600 occa-

79 1620 221 1653 sionum
238 1625 272 1652 et
288 1630 474 1652 causarum
497 1616 602 1653 huius
625 1631 708 1653 suae
736 1619 1067 1653 commendationis.

78 1670 287 1705 Narrationi
311 1669 495 1703 subiicitur
520 1670 718 1714 propositio
751 1683 813 1704 seu
843 1670 988 1714 petitio,
1030 1677 1069 1703 ut

78 1721 289 1755 Trebatium
322 1718 451 1753 habeat
479 1720 641 1766 quam²³)
670 1721 1069 1755 commendatissimum.

76 1772 249 1805 Rationes
265 1771 404 1805 additae
421 1777 502 1804 sunt
515 1778 675 1815 sumptae
685 1772 730 1817 29)
748 1784 789 1804 ex
810 1773 974 1805 laudibus
994 1784 1069 1804 mo-

78 1836 178 1863 rum,
205 1829 239 1856 et
254 1822 388 1866 ingenii
403 1822 511 1866 ipsius
524 1849 532 1862 ‚
560 1822 678 1854 addita
704 1823 968 1866 praedicatione
993 1835 1070 1855 mo-

79 1875 212 1909 destiae
235 1873 422 1918 singularis
446 1873 483 1905 in
508 1871 574 1905 hac
598 1872 780 1916 petitione.
850 1872 890 1906 In
920 1874 989 1906 fine
1020 1880 1070 1907 est

80 1926 196 1960 brevis
214 1924 379 1969 repetitio
396 1923 664 1968 propositionis.

332 2001 468 2034 Aliud
497 2007 824 2045 argumentum.

182 2069 379 2103 Exordium
403 2066 511 2102 habet
539 2068 779 2112 captationem
801 2067 1069 2101 benevolentiae

81 2135 101 2155 a
117 2120 298 2155 communi
312 2119 484 2154 sententia
496 2146 505 2159 ,
532 2119 676 2153 Amicus
694 2119 782 2152 alter
804 2131 880 2162 ego.
938 2119 1070 2164 Estque

82 2172 289 2212 translatio,
315 2171 416 2216 quasi
439 2171 587 2204 diceret:
623 2171 758 2211 Multa,
794 2182 884 2215 quae
908 2182 971 2213 ego
996 2170 1069 2213 ipse

82 2226 238 2257 facturus
255 2235 352 2256 eram
364 2249 373 2262 ‚
399 2234 494 2256 nunc
509 2223 554 2254 ad
572 2228 605 2255 te
628 2221 750 2255 reiicio
762 2248 771 2261 ,
797 2219 887 2253 nihil
905 2221 1070 2254 dubitans

85 2282 119 2308 et
136 2282 168 2308 te
191 2275 368 2307 facturum
389 2273 466 2313 illa,
494 2286 573 2306 cum
596 2273 671 2306 veri
695 2273 801 2305 amici
821 2272 976 2305 eiusdem
1002 2272 1072 2305 sint

85 2325 290 2365 voluntatis,
307 2324 472 2369 idemque
491 2325 641 2358 animus.
675 2323 833 2357 Exordio
853 2323 973 2356 addita
991 2329 1072 2356 sunt

86 2379 156 2411 duo
173 2382 395 2420 argumenta,
424 2387 514 2420 quae
531 2376 710 2420 pertinent
727 2376 771 2408 ad
787 2374 1070 2419 propositionem

86 2434 305 2475 sequentem,
324 2427 474 2459 alterum
493 2427 534 2460 de
551 2425 772 2460 humanitate
784 2425 960 2463 Caesaris;
989 2426 1073 2458 alte-

86 2493 167 2514 rum
184 2480 226 2512 de
244 2477 428 2511 occasione
452 2477 569 2511 oblata
592 2490 655 2522 per
677 2477 832 2517 litteras,
869 2477 996 2522 quibus
1020 2477 1072 2508 in-

119 2581 168 2609 27)
187 2580 246 2604 Hoc
263 2579 454 2608 argumentum
473 2578 499 2600 et
517 2576 568 2600 duo
587 2576 728 2607 sequentia
748 2577 777 2600 in
795 2576 879 2602 Editt.
901 2576 987 2603 1556„
1009 2576 1075 2599 1565

155 2614 272 2637 -1596,
292 2613 478 2636 inveniuntur.

121 2655 168 2687 28)
188 2656 281 2686 quam]
300 2654 349 2679 Ed.
370 2654 444 2677 1569.
464 2658 560 2676 errore
577 2654 705 2682 typogr.:
732 2658 816 2682 quem.

123 2699 172 2727 29]
191 2699 254 2721 sunt
273 2697 410 2726 sumptae]
432 2695 471 2720 sic
490 2694 573 2719 Editt.
591 2695 679 2725 1565„
700 2695 790 2726 1569.,
812 2695 903 2725 1592.3
931 2695 981 2719 Ed.
1000 2693 1074 2719 1556.

157 2733 281 2762 sumptae
301 2733 373 2755 suut.

1133 224 1262 259 vitatus
1293 225 1338 259 sit
1367 227 1412 260 ad
1436 230 1757 264 commendandum
1781 233 1989 270 Trebatium
2014 238 2118 274 iuris-

1130 276 1341 312 consultum.
1391 277 1529 312 Deinde
1549 280 1708 326 sequitur
1722 286 1920 328 propositio
1938 300 2117 323 commen-

1128 326 1293 362 dationis.
1360 328 1531 364 Rationes
1556 332 1645 364 duae
1668 339 1750 366 sunt
1776 336 1927 372 additae.
1994 340 2115 375 Altera

1128 383 1179 410 est
1199 385 1339 423 sumpta
1364 391 1383 412 a
1409 393 1561 425 persona
1585 382 1786 424 Ciceronis;
1840 388 1949 422 altera
1980 403 2064 424 vero
2094 405 2114 425 a

1126 440 1279 472 persona
1303 429 1485 472 Trebatii,
1527 433 1583 466 cui
1612 435 1848 478 probitatem,
1886 440 2114 483 prudentiam

1126 485 1160 512 et
1191 479 1368 524 singulare
1400 482 1582 526 ingenium
1614 486 1750 521 tribuit.
1818 487 1860 521 In
1889 491 2114 526 conclusione

1125 529 1335 565 Trebatium
1351 538 1465 566 totum
1478 534 1620 568 Caesari
1639 537 1747 570 tradit
1763 539 1883 572 addita
1899 543 2116 577 correctiun-

1125 581 1201 614 cula
1231 581 1413 616 institutae
1445 587 1783 629 commendationis,
1829 603 1891 624 seu
1920 593 2115 636 petitionis,

1124 632 1221 676 quod
1253 634 1325 665 fere
1360 631 1530 669 humilius
1563 637 1724 679 petierit,
1766 652 1874 685 quam
1909 639 2114 680 humanitas

1124 682 1282 716 Caesaris
1304 685 1499 728 permittat.

1172 781 1497 826 Argumentum
1532 792 1573 818 et
1608 785 1783 822 scholia
1816 791 1861 824 in
1889 793 2061 837 episto-

1532 836 1621 870 lam
1648 837 1706 873 VI.

1225 911 1457 958 Obiurgatffl)
1485 912 1714 956 Trebatium,
1749 917 1977 963 impatienter
1998 925 2112 957 feren-

1124 967 1194 994 tem
1218 963 1398 997 molestias
1423 965 1739 1008 peregrinationis,
1786 977 1819 1002 et
1838 968 2004 1006 hortatur
2032 987 2112 1008 eum

1124 1013 1239 1046 verbis
1254 1014 1403 1058 sumptis
1421 1026 1462 1048 ex
1477 1017 1658 1059 tragoedia
1670 1044 1679 1057 ‚
1713 1031 1803 1063 quae
1828 1027 2002 1057 testantur
2022 1026 2113 1058 mul-

1124 1069 1177 1097 tos
1195 1071 1292 1097 extra
1308 1065 1460 1109 patriam
1480 1066 1569 1099 bene
1585 1069 1800 1104 consuluisse
1816 1073 1886 1106 suis
1904 1075 2020 1110 rebus.
2058 1075 2112 1109 lo-

1124 1121 1222 1148 catur
1241 1127 1320 1149 cum
1337 1114 1481 1149 homine
1500 1118 1614 1151 amico
1624 1119 1682 1164 31).

1227 1164 1256 1209 ξ.
1275 1167 1308 1200 1.
1344 1169 1385 1200 [η
1410 1169 1561 1202 omnibus
1582 1168 1685 1216 meis]
1713 1170 1880 1206 Narratio
1896 1174 1954 1220 32).
2062 1179 2113 1210 Tu

1122 1219 1215 1250 modo
1242 1216 1405 1264 ineptias]
1432 1218 1607 1263 Obiurgat
1631 1220 1852 1257 Trebatium.
1933 1227 2025 1266 Quae
2050 1228 2111 1260 Go-

1122 1266 1293 1314 rintleum]
1321 1268 1411 1301 Sunt
1437 1270 1591 1302 mutilati
1612 1284 1732 1305 versus
1754 1272 1938 1320 Ennii33),
1974 1282 2007 1308 et
2030 1283 2112 1309 sunt

1122 1323 1261 1351 tantum
1287 1319 1444 1351 membra
1469 1332 1646 1355 versuum.
1699 1321 1808 1356 Iidem
1819 1325 1865 1370 Βζ’)
1890 1338 2009 1360 versus
2031 1334 2113 1360 sunt

1122 1368 1256 1401 Graece
1273 1370 1368 1412 apud
1382 1369 1592 1414 Euripidem
1609 1372 1646 1404 in
1664 1373 1788 1407 Medea
1798 1375 1856 1418 ὣ).
1936 1380 2113 1421 Gypsatis-

1120 1417 1236 1465 simis]
1272 1419 1308 1452 id
1334 1426 1404 1460 est,
1440 1422 1708 1458 candidissimis.
1807 1428 1956 1460 caeteris
1977 1427 2112 1475 cavere]

1122 1469 1256 1502 Carere
1274 1477 1324 1503 est
1340 1468 1407 1503 hoc
1424 1471 1500 1503 loco
1514 1498 1522 1511 ,
1550 1474 1634 1505 dare
1656 1475 1842 1509 consilium
1866 1477 1997 1510 dicenti
2006 1478 2052 1523 36)
2076 1479 2113 1512 in

1121 1520 1271 1560 iudicio,
1298 1533 1342 1554 ne
1361 1522 1560 1556 committat
1575 1523 1613 1556 in
1630 1524 1733 1568 leges.

1340 1604 1477 1639 Aliud
1511 1609 1892 1655 argumentum37).

1223 1671 1382 1715 Epistola
1417 1680 1468 1707 est
1499 1671 1756 1710 adhortatoria.
1822 1676 1914 1711 Nam
1946 1676 2112 1715 hortatur

1122 1722 1329 1755 Trebatium
1343 1750 1352 1763 ,
1380 1730 1419 1757 ut
1436 1737 1515 1757 cum
1532 1725 1577 1757 sit
1593 1737 1737 1770 peregre
1756 1729 1944 1770 profectus,
1970 1737 2111 1765 strenue

1122 1773 1227 1805 etiam
1249 1786 1324 1806 rem
1344 1781 1461 1818 gerat,
1489 1781 1523 1808 et
1539 1777 1752 1810 desiderium
1777 1779 1874 1812 urbis
1899 1792 2013 1826 aequo
2037 1783 2112 1815 ani-

1122 1836 1180 1856 mo
1197 1825 1298 1858 serat.
1350 1825 1498 1858 Exordii
1514 1827 1592 1859 loco
1610 1828 1756 1871 ponitur
1770 1830 1929 1863 narratio
1941 1857 1949 1870 ,
1986 1832 2023 1864 in
2042 1846 2111 1878 qua

1123 1883 1379 1909 commemorat
1399 1890 1498 1910 suam
1521 1878 1741 1911 voluntatem
1769 1891 1808 1912 ac
1831 1881 2050 1925 diligentiam
2077 1884 2114 1916 in

1123 1928 1406 1960 commendando
1424 1928 1594 1961 Trebatio
1606 1955 1614 1968 ‚
1644 1929 1787 1963 Caesari
1805 1937 1838 1963 et
1857 1931 1983 1966 Balbo.
2043 1934 2114 1967 De-

1123 1976 1204 2009 inde
1219 1978 1379 2021 sequitur
1395 1977 1617 2017 adhortatio,
1653 1992 1743 2023 quae
1769 1981 1927 2015 continet
1949 1983 2114 2028 obiurga-

1123 2027 1255 2059 tionem
1267 2054 1275 2066 ‚
1305 2029 1401 2073 quod
1417 2029 1644 2072 impatienter
1657 2031 1747 2063 serat
1765 2031 1943 2066 molestias
1956 2036 2111 2079 peregri-

1156 2153 1204 2181 30]
1224 2152 1291 2175 Huic
1309 2151 1369 2175 voci
1394 2151 1423 2174 in
1441 2151 1525 2176 Editt.
1548 2151 1639 2179 1540..
1661 2152 1751 2178 1544..
1773 2152 1866 2183 1554„
1887 2155 1961 2180 1557.
1988 2158 2110 2187 praefixa

1192 2189 1256 2209 sunt
1276 2186 1330 2210 Cic.
1349 2187 1448 2209 verba:
1473 2186 1507 2209 111
1526 2186 1658 2210 omnibus
1677 2187 1816 2216 epistolis.

1156 2230 1283 2287 313630‘:
1301 2230 1492 2259 argumentum
1505 2229 1906 2261 habeuthditt.1537-1554.‚
1922 2233 2008 2265 1552,
2024 2235 2110 2266 1560„

1157 2306 1302 2364 323'331?
1321 2308 1413 2330 uotam
1431 2307 1458 2329 et
1476 2307 1636 2335 sequentem
1654 2306 1738 2331 Editt.
1756 2305 1840 2338 1537.,
1864 2308 1949 2340 1545„
1970 2310 2043 2335 1560.
2063 2319 2112 2336 eg-

1200 2348 1217 2363 11
1238 2346 1270 2364 en
1286 2358 1291 2363 .

1157 2384 1204 2411 33)
1225 2384 1333 2407 Versus
1353 2383 1464 2406 Medeae
1481 2382 1570 2407 Ennii.
1609 2382 1686 2407 Conf.
1702 2382 1776 2405 Petri
1789 2383 1920 2407 Scriverii
1941 2387 2111 2413 collectanea

1192 2419 1316 2441 veterum
1334 2417 1526 2447 Tragtcorum,
1545 2417 1616 2440 Livii
1631 2417 1797 2446 Andronici,
1817 2418 1909 2445 Ennii,
1931 2420 2036 2449 Naevii,
2056 2423 2110 2447 pa-

1193 2452 1279 2479 curii,
1305 2452 1372 2474 Attii
1391 2452 1426 2474 at.
1464 2451 1565 2479 Quibus
1590 2451 1679 2474 aceed.
1705 2451 1840 2481 singulari
1862 2452 1955 2477 libello
1979 2455 2110 2486 Castiga-

1191 2487 1281 2509 tiones
1301 2487 1327 2509 et
1346 2487 1433 2508 Notae
1450 2486 1524 2508 uber.
1545 2486 1608 2508 Ger.
1624 2485 1661 2509 lo.
1674 2485 1771 2508 vossii
1788 2486 1889 2516 (bugd.
1900 2487 1959 2511 Bat.
1976 2489 2050 2514 1620.
2069 2491 2109 2519 8.)

1195 2527 1220 2550 p.
1240 2520 1273 2544 22
1288 2527 1327 2549 sq.
1350 2522 1376 2542 et
1395 2519 1490 2542 Yossii
1510 2519 1650 2548 castigate
1670 2526 1694 2548 p.
1708 2519 1751 2542 37.

1162 2563 1208 2591 34>
1229 2563 1324 2591 Iidem]
1344 2562 1427 2585 Editt.
1450 2561 1540 2592 1545„
1562 2561 1637 2585 1560.
1657 2560 1738 2587 Idem.

1162 2606 1210 2633 35)
1230 2606 1320 2634 Eurip.
1340 2604 1436 2628 Medea
1455 2604 1613 2627 214-218.

1164 2649 1211 2675 36)
1231 2648 1346 2676 dicenti]
1366 2647 1413 2670 Ed.
1432 2646 1506 2668 1560.
1526 2646 1639 2669 dicendi.

1164 2691 1212 2719 37)
1231 2693 1287 2714 Hoc
1305 2690 1494 2717 argumentum
1513 2690 1540 2712 et
1559 2689 1610 2713 duo
1629 2688 1772 2719 sequentia
1790 2691 1824 2714 ab
1838 2690 1920 2716 Editt.
1937 2691 2022 2724 1556„
2047 2694 2112 2718 1565

1204 2725 1316 2749 -1596,
1336 2724 1505 2748 exhibentur.

1420 2756 1505 2792 16*
