2351 2990
104 133 204 170 1097

105 220 279 261 mesticis,
307 220 488 254 interdum
508 226 542 254 et
559 226 734 265 tyrannos
752 226 786 253 et
802 219 973 255 iniustam
995 221 1112 255 domi-

107 272 293 306 nationem
310 272 479 317 pertulit,
515 283 606 317 quae
623 284 668 305 ne
687 271 852 305 accidant
873 279 998 307 nostro
1023 279 1111 306 tem—

105 336 216 369 pore,
244 324 433 358 consilium
453 325 637 357 ostendam
650 350 659 363 ,
686 323 715 357 si
731 324 833 369 sequi
849 324 1047 365 volueritis,
1077 330 1112 358 et

106 381 227 409 motus
241 375 367 420 populi
381 375 540 410 sedando
557 382 590 408 et
604 375 787 420 puniendo
798 374 1110 423 Oligarchicos‘ffl).

104 438 181 460 non
197 427 314 461 solum
330 427 366 460 in
384 427 461 472 ipso
479 427 572 459 facto
585 453 595 467 ,
623 427 657 459 id
677 427 771 460 enim
791 427 932 461 difficile
951 434 1020 468 est,
1048 429 1109 461 sed

105 478 193 512 dum
221 485 417 519 conantur,
461 491 577 524 neque
604 485 724 513 tamen
752 480 919 524 perficere
948 486 1109 524 possunt,

107 531 204 576 quod
229 530 440 564 moliuntur.
508 530 600 565 Nam
633 530 798 564 inimicus
830 544 904 564 non
929 532 1044 565 solum
1071 531 1109 563 in

105 582 199 614 facto
217 581 468 626 reprimendus
494 588 566 622 est,
599 583 659 616 sed
683 583 788 616 etiam
815 583 960 616 conatui
988 595 1110 616 occur-

105 633 280 673 rendum,
315 633 345 667 si
369 633 534 679 quidem,
572 634 641 668 nisi
662 634 816 674 caveris,
854 641 886 668 te
911 634 1010 679 prius
1034 635 1109 679 ipse

106 684 299 729 opprimet.
361 685 418 718 Sic
445 685 539 718 enim
573 686 726 719 maxime
755 686 868 719 averti
895 692 1066 731 poterunt
1089 698 1108 718 a

104 736 210 769 malis
228 736 385 771 consiliis
402 737 474 778 illi,
503 737 565 783 qui
589 750 716 782 rapere
744 738 1031 771 dominationem
1051 750 1110 771 co-

102 794 258 829 nantur,
281 788 310 821 si
326 788 458 833 partim
479 801 539 823 eos
554 789 764 822 convincam
777 816 785 830 ‚
814 789 944 834 partim
963 790 1109 829 cavebo,

104 838 239 884 partim
260 840 407 874 monitis
425 841 626 874 deterrebo.
681 841 777 886 Quid
797 842 892 874 enim
918 841 1023 875 vultis
1045 853 1110 874 vos

104 891 266 925 iuniores
292 892 485 926 transferre
511 893 556 925 ad
582 905 645 926 vos
677 893 1003 937 gubernationem?
1063 893 1111 926 At

102 942 160 975 lex
177 940 364 987 prohibet,
392 956 484 989 quae
503 943 583 977 ideo
602 944 672 976 lata
693 951 765 985 est,
794 957 867 978 non
884 951 923 978 ut
939 957 1019 984 eos,
1047 944 1110 990 qui

102 1000 254 1038 possunt
288 1006 410 1039 gerere
443 995 691 1039 magistratus,
737 996 935 1040 ignominia
967 995 1110 1036 afficiat,

104 1046 165 1079 sed
184 1045 269 1091 quia
289 1053 385 1080 aetas
403 1053 519 1080 vestra
538 1060 613 1080 non
633 1054 684 1081 est
701 1047 843 1082 idonea.
897 1048 980 1082 Non
1002 1047 1110 1082 vultis

103 1103 224 1130 autem
250 1097 330 1141 pari
357 1098 434 1131 iure
463 1111 535 1132 esse
558 1111 638 1132 cum
671 1099 818 1133 caeteris
851 1099 1011 1133 civibus?
1064 1099 1110 1132 At

103 1148 238 1182 iustum
256 1155 327 1189 est,
355 1151 523 1195 aequales
542 1150 678 1195 pariter
705 1152 750 1183 ad
774 1151 1024 1195 magistratum
1048 1152 1110 1183 ad-

105 1201 261 1234 mittere.

210 1251 347 1285 Verum
372 1251 466 1285 dicet
491 1252 640 1298 aliquis,
676 1253 712 1285 in
739 1253 905 1298 populari
929 1259 1025 1287 statu
1049 1265 1110 1285 ne-

105 1315 175 1349 que
192 1303 381 1336 consilium
399 1315 516 1348 neque
535 1304 789 1349 aequalitatem
808 1317 881 1338 esse
894 1331 903 1344 ,
931 1306 991 1337 sed
1014 1305 1111 1337 locu-

103 1354 274 1399 pletiores
305 1354 455 1388 idoneos
489 1367 562 1389 esse
594 1356 638 1388 ad
672 1368 832 1389 summos
867 1356 1109 1399 magistratus.

103 1406 181 1450 Ego
201 1412 320 1440 autem
341 1406 441 1445 dico,
469 1407 626 1450 primum
644 1407 856 1452 popularem
879 1413 1011 1441 statum
1037 1419 1110 1440 esse

104 1458 294 1491 universae
323 1457 476 1491 civitatis
500 1471 678 1492 summam
704 1460 927 1503 potentiam,
969 1458 1110 1502 Oligar-

103 1507 223 1543 chiam
239 1521 325 1543 vero
342 1515 481 1554 partem
500 1522 585 1544 csse.
640 1511 691 1543 Ac
713 1510 841 1544 divites
865 1510 1010 1556 quidem
1038 1522 1111 1543 me-

103 1561 212 1595 liores
233 1573 307 1595 esse
323 1561 497 1606 pecuniae
516 1563 698 1602 custodes,
733 1562 884 1595 meliora
914 1574 1000 1595 vero
1026 1574 1110 1594 con-

103 1614 182 1647 silia
207 1614 295 1646 dare
321 1613 418 1646 viros
448 1614 654 1657 prudentes.
721 1613 861 1647 Deinde
887 1619 1006 1646 autem
1031 1613 1110 1646 uni-

104 1677 246 1699 versam
280 1664 461 1698 civitatem
493 1665 625 1699 auditis
659 1665 815 1699 consiliis
848 1665 975 1698 melius
1007 1677 1109 1709 posse

106 1723 262 1752 statuere
275 1743 284 1756 ,
311 1722 345 1749 et
361 1728 435 1750 esse
453 1717 706 1762 aequalitatem
724 1717 881 1761 partium
901 1723 935 1749 et
951 1716 1111 1750 universi

105 1768 280 1813 corporis.
332 1768 402 1801 Sed
419 1768 455 1801 in
472 1766 677 1812 Oligarchia
704 1769 859 1813 populus
882 1768 991 1802 sentit
1014 1768 1109 1813 peri-

103 1821 181 1854 cula
193 1847 203 1861 ‚
231 1826 395 1865 potentes
411 1832 498 1853 vero
517 1833 592 1853 non
609 1826 748 1853 tantum
767 1821 846 1865 plus
865 1818 999 1853 habent
1014 1832 1110 1853 com-

102 1873 319 1911 modorum,
353 1873 415 1905 sed
439 1871 506 1906 soli
528 1871 635 1905 etiam
660 1872 841 1906 fruuntur.
903 1872 1005 1917 Quae
1031 1871 1109 1918 qui-

103 1925 186 1958 dem
201 1922 271 1957 hoc
290 1930 454 1968 tempore
471 1930 646 1968 appetunt
661 1924 799 1958 nobiles
815 1923 961 1957 iuvenes
972 1950 980 1964 ‚
1016 1935 1107 1969 quae

103 1982 228 2010 tamen
248 1975 287 2009 in
312 1988 443 2020 magna
468 1975 611 2009 civitate
633 1975 782 2020 adipisci
807 1975 1026 2020 impossibile
1046 1981 1108 2010 est.

102 2027 239 2062 Verum
255 2028 355 2062 stulti
372 2034 435 2061 aut
451 2027 672 2062 stolidissimi
690 2027 791 2067 estis,
813 2027 842 2061 si
856 2038 932 2061 non
948 2027 1108 2072 agnosci-

101 2081 146 2114 tis
164 2092 229 2114 vos
245 2080 290 2113 ad
307 2080 442 2113 malum
459 2092 669 2124 properare,
695 2086 758 2113 aut
774 2078 998 2114 iniustissimi
1014 2079 1108 2120 estis,

101 2132 132 2167 si
151 2132 303 2167 scientes
318 2129 387 2165 hoc
402 2132 553 2166 audetis.

205 2185 254 2218 At
282 2195 379 2217 nunc
409 2184 556 2217 tandem
588 2183 883 2224 commonefacti,
923 2182 1108 2217 communi

102 2235 250 2270 utilitati
285 2235 438 2270 civitatis
472 2237 641 2280 prodesse
672 2234 864 2275 studeatis,
903 2241 938 2268 et
969 2235 1107 2269 nobiles

103 2287 329 2328 existiment,
354 2285 424 2321 hoc
440 2288 692 2334 aequalitatem
715 2294 749 2321 et
764 2287 996 2321 eminentiam
1020 2299 1107 2328 esse,

101 2339 268 2373 videlicet
285 2339 492 2374 universum
509 2341 684 2385 populum
709 2339 920 2384 participem
947 2351 1020 2373 esse
1043 2351 1106 2384 gu-

100 2392 349 2432 bernationis,
387 2398 422 2425 et
444 2390 577 2426 habere
602 2392 787 2438 aequalem
814 2391 1034 2429 libertatem;
1073 2397 1107 2424 et

99 2445 131 2480 si
148 2445 219 2478 alia
238 2443 443 2485 volueritis,
469 2443 680 2488 dignitatem
700 2450 854 2478 vestram
871 2455 1019 2488 prorsus
1042 2455 1105 2477 vos

102 2497 297 2532 amissuros
324 2509 410 2531 esse.
475 2496 580 2531 Nunc
604 2509 691 2530 vero
713 2496 799 2530 istos
822 2495 989 2535 nuntios,
1023 2507 1102 2528 cum

101 2549 291 2585 consilium
308 2549 454 2583 illorum
471 2548 763 2593 praesenseritis,
785 2548 950 2582 omittite.
1009 2546 1102 2581 Nam

103 2603 243 2636 etiamsi
259 2601 405 2635 venient
418 2598 654 2635 Athenienses
666 2628 676 2641 ‚
709 2598 797 2634 haec
816 2600 940 2634 civitas
959 2611 1018 2633 eos
1036 2611 1102 2644 pro

101 2655 274 2699 dignitate
290 2666 351 2688 sua
370 2654 534 2698 repellet,
562 2653 699 2699 eritque
724 2666 780 2688 res
803 2665 908 2687 curae
930 2649 1004 2693 his,
1041 2651 1104 2698 qui

135 2774 182 2806 59)
204 2774 410 2804 Oligarchicos]
430 2775 481 2800 Ed.
503 2775 578 2801 1552.
599 2781 696 2799 errore
715 2776 844 2806 typogn:
872 2772 1065 2804 Olyarchicos.

367 133 474 170 XLII.
516 132 919 169 INTERPRETATIO
945 133 1243 170 ORATIONUM
1269 133 1333 168 EX
1360 133 1655 171 THUCYDIDIS
1683 136 1831 173 LIBRO
1847 139 1906 176 VI.

2066 144 2166 180 1098

1163 233 1259 255 nunc
1285 228 1413 266 gerunt
1432 222 1672 267 magistratus.
1733 224 1771 258 Si
1796 232 1916 260 autem
1939 225 1977 261 hi
2002 241 2166 266 rumores

1163 273 1241 306 falsi
1258 280 1352 313 sunt,
1380 273 1471 308 sicut
1486 287 1589 309 veros
1605 287 1678 309 esse
1697 288 1772 309 non
1789 277 1965 320 existimo,
1993 293 2069 314 non
2084 293 2165 327 per-

1163 324 1286 358 territa
1303 324 1445 370 civitas,
1473 327 1596 360 volens
1614 327 1820 361 servitutem
1839 329 1958 365 electis
1973 333 2078 367 novis
2101 334 2167 367 du-

1164 377 1262 410 cibus
1288 376 1355 410 sibi
1382 376 1554 422 imponet.
1607 378 1677 412 Sed
1700 380 1841 425 cognita
1868 382 2037 424 veritate,
2073 384 2166 418 iudi-

1164 428 1257 461 cabit
1281 428 1324 461 de
1346 429 1471 463 vestris
1503 431 1750 472 sermonibus,
1791 439 1964 479 tanquam
1995 436 2037 468 de
2064 436 2165 472 factis

1163 479 1355 513 insidiosis.
1408 480 1481 514 Nec
1501 493 1542 514 ex
1556 483 1763 518 rumoribus
1780 485 1921 519 amittet
1943 486 2165 527 libertatem;

1163 532 1224 565 sed
1242 543 1384 565 servare
1400 544 1478 565 eam
1496 533 1704 575 conabitur,
1732 547 1808 569 non
1829 539 2028 573 concedens
2052 539 2166 580 vobis,

1163 584 1224 617 sed
1242 583 1389 617 insidias
1408 584 1592 629 vigilantia
1611 592 1646 619 et
1665 587 1766 621 factis
1783 600 1923 624 cavens.

1372 659 1537 694 Oratio
1566 662 1958 713 Hermocratisffl).

1266 727 1440 763 Venimus
1457 729 1564 773 legati
1582 738 1779 767 metuentes
1807 746 1883 768 non
1907 732 1995 775 hoc,
2032 747 2076 768 ne
2095 741 2166 768 ter-

1162 779 1316 812 reamini
1333 781 1511 825 praesenti
1535 783 1690 817 exercitu
1706 783 2001 827 Atheniensium,
2036 787 2098 820 sed
2121 799 2167 820 ne

1164 832 1443 865 consternemini
1470 834 1695 869 orationibus
1722 848 1868 878 eorum,
1911 850 2001 871 neve
2021 850 2168 882 persua-

1163 883 1321 916 deamini
1336 884 1447 928 prius,
1471 897 1580 931 quarn
1601 899 1667 920 nos
1682 889 1848 923 audiatis.
1901 889 2110 923 Adveniunt
2130 890 2167 922 in

1164 935 1320 968 Siciliam
1338 943 1541 980 praetextu,
1569 950 1676 984 quem
1693 940 1840 979 auditis;
1868 941 2052 975 voluntate
2068 953 2169 981 vero,

1165 1000 1273 1033 quam
1298 988 1523 1032 suspicamur
1547 1002 1684 1025 omnes.
1744 992 1828 1026 Non
1853 992 1948 1026 enim
1971 991 2040 1026 hoc
2063 1004 2168 1037 agere

1164 1037 1254 1071 mihi
1270 1039 1456 1080 videntur,
1484 1047 1523 1073 ut
1538 1043 1711 1076 reducant
1730 1044 1767 1076 in
1784 1044 1939 1089 patriam
1951 1044 2168 1083 Leontinos;

1164 1092 1225 1124 sed
1256 1091 1370 1124 multo
1404 1092 1537 1136 magis,
1589 1106 1655 1128 nos
1691 1106 1732 1128 ex
1761 1096 1879 1140 patria
1902 1103 1942 1129 ut
1977 1096 2170 1130 excutiant.

1164 1142 1256 1176 Nam
1275 1150 1554 1178 consentaneum
1572 1158 1647 1178 non
1666 1153 1734 1186 est,
1763 1160 1842 1181 cum
1870 1154 1987 1182 vastas
2011 1148 2167 1181 reddant

1165 1193 1325 1228 εἰνίῐιῖθε
1349 1194 1386 1227 in
1410 1195 1580 1236 Graeci-1,
1624 1198 1721 1243 quod
1753 1205 1894 1233 nostras
1918 1200 2030 1232 xelint
2052 1200 2168 1233 facere

1163 1246 1386 1290 frequentes,
1410 1253 1472 1280 aut
1488 1249 1586 1293 quod
1608 1256 1734 1282 curent
1750 1249 1968 1291 Leontinos,
2002 1251 2064 1297 qui
2086 1258 2171 1285 sunt

1165 1295 1416 1332 Chalcidenses
1450 1300 1683 1343 cognatione,
1728 1314 1807 1335 cum
1845 1300 2096 1336 Chalcidenses
2130 1303 2169 1335 in

1164 1348 1333 1389 Euboea,
1374 1362 1529 1396 quoium
1555 1349 1592 1384 hi
1615 1359 1698 1386 sunt
1732 1354 1870 1394 coloni,
1915 1354 2047 1388 detine
2040 1361 2101 1387 unt
2131 1355 2170 1387 in

1164 1399 1346 1434 servitute.
1414 1401 1551 1435 Eodem
1579 1411 1763 1448 praetextu
1791 1412 1824 1439 et
1847 1406 1906 1439 illa
1934 1413 2170 1451 occuparunt,

1165 1457 1199 1484 et
1214 1451 1279 1485 ista
1297 1464 1391 1485 nunc
1409 1460 1598 1489 conantur.
1653 1456 1743 1490 Cum
1761 1458 1856 1490 enim
1872 1458 1957 1491 facti
1973 1464 2089 1492 essent
2102 1459 2168 1491 du—

1164 1516 1219 1537 ces
1255 1504 1457 1538 volentibus
1488 1504 1634 1541 Ionibus
1669 1514 1703 1541 et
1739 1509 2016 1544 concedentibus
2051 1510 2170 1551 sociis,

1164 1561 1337 1601 tanquam
1357 1557 1400 1589 ad
1417 1560 1685 1603 persequendos
1705 1560 1851 1602 Medos,
1885 1561 2001 1595 socios
2020 1562 2170 1595 domue-

1164 1613 1269 1647 runt,
1311 1613 1345 1640 et
1369 1607 1407 1640 in
1430 1608 1588 1653 singulos
1616 1611 1814 1655 speciosam
1840 1613 1999 1659 aliquam
2026 1613 2168 1657 culpam

1165 1659 1413 1699 contulerunt,
1440 1673 1692 1708 quamcunque
1710 1670 1924 1708 potuerunt:
1963 1671 2168 1699 accusantes

1165 1709 1253 1743 alios
1279 1710 1443 1755 quidem,
1476 1714 1574 1758 quod
1600 1726 1675 1747 non
1702 1727 1773 1748 una
1797 1717 2031 1756 militassent,
2066 1717 2169 1757 alios,

1164 1763 1261 1807 quod
1280 1761 1372 1795 inter
1390 1775 1463 1796 sese
1479 1764 1611 1798 bellum
1633 1773 1813 1810 gererent;
1842 1768 1931 1802 alios
1949 1768 2065 1801 aliter.
2111 1767 2167 1801 De

1162 1814 1326 1846 libertate
1345 1826 1429 1847 vero
1452 1827 1568 1861 neque
1584 1817 1807 1852 Graecorum
1821 1817 2078 1860 Athenienses,
2106 1832 2169 1853 ne-

1164 1877 1233 1911 que
1251 1877 1313 1898 sua
1332 1866 1460 1899 Graeci
1490 1867 1598 1902 Medo
1624 1870 1851 1909 restiterunt;
1891 1872 1952 1904 sed
1969 1868 2168 1905 Athenien-

1162 1929 1215 1951 ses
1236 1917 1369 1951 bellum
1394 1927 1597 1962 gesserunt,
1632 1927 1671 1954 ut
1695 1922 1821 1955 fierent
1845 1923 2004 1961 domini;
2038 1922 2169 1956 caeteri

1162 1968 1311 2009 Graeci,
1352 1975 1393 2003 ut
1416 1977 1599 2005 mutarent
1623 1973 1811 2008 dominum
1835 1986 1911 2008 non
1934 1974 2105 2009 stolidum
2131 1975 2170 2008 in

1162 2020 1280 2055 minus
1297 2022 1533 2057 tolerabilem.

1264 2073 1334 2108 Sed
1364 2087 1439 2108 non
1469 2075 1633 2110 venimus
1665 2075 1737 2109 iam
1774 2077 2012 2119 declaraturi‚
2055 2090 2166 2137 quam

1160 2125 1273 2159 multa
1292 2125 1423 2162 iniuste
1441 2127 1522 2160 faci
1515 2133 1549 2161 ιὶ
1567 2125 1655 2162 'naec
1670 2130 1774 2170 urbs,
1803 2142 1912 2176 quam
1938 2130 2029 2164 iuste
2053 2130 2168 2175 possit

1161 2175 1395 2222 reprehendi;
1437 2180 1498 2213 sed
1523 2179 1687 2214 venimus
1712 2193 1775 2215 vos
1798 2182 2020 2222 accusaturi,
2055 2183 2167 2228 quod,

1161 2241 1241 2263 cum
1266 2227 1428 2265 habeatis
1450 2232 1611 2276 exempla
1635 2232 1880 2275 Graecorum,
1918 2236 2102 2280 quomodo
2128 2234 2167 2267 in

1160 2281 1369 2315 servitutem
1395 2283 1531 2317 redacti
1564 2284 1653 2325 sint,
1691 2297 1766 2318 non
1794 2285 1944 2319 tuemini
1968 2298 2032 2320 vos
2056 2286 2167 2330 ipsos,

1159 2345 1224 2366 nec
1255 2334 1417 2369 refutatis
1446 2333 1690 2380 sophismata,
1735 2349 1826 2383 quae
1860 2337 2080 2378 afferuntur,
2125 2343 2167 2371 ut

1159 2392 1242 2419 sunt
1267 2385 1530 2421 Leontinorum
1563 2389 1724 2422 reductio
1754 2395 1789 2422 et
1814 2388 2077 2434 Egestanorum
2103 2401 2166 2423 au-

1158 2437 1254 2471 xilia.
1309 2438 1381 2473 Vos
1402 2439 1510 2497 igitur
1527 2447 1730 2474 accusatum
1752 2441 1937 2482 venimus,
1966 2442 2063 2487 quod
2088 2453 2164 2474 non

1158 2491 1319 2524 conferto
1340 2491 1482 2535 agmine
1504 2492 1709 2533 ostenditis,
1745 2494 1843 2539 quod
1858 2493 1968 2527 Siculi
1992 2505 2068 2526 non
2091 2492 2163 2526 sint

1157 2539 1279 2583 Iones,
1308 2555 1372 2576 nec
1392 2543 1647 2602 Hellespontii,
1684 2557 1749 2578 nec
1776 2545 1951 2586 insulani,
1982 2545 2044 2591 qui
2069 2556 2161 2578 sem-

1156 2606 1221 2638 per
1237 2595 1398 2629 serviunt
1415 2595 1627 2641 accipientes
1644 2609 1739 2631 nunc
1749 2597 1910 2639 Medum,
1937 2609 2033 2630 nunc
2049 2595 2162 2629 alium

1157 2647 1364 2685 dominum3
1392 2649 1453 2682 sed
1472 2649 1570 2694 quod
1586 2656 1657 2682 sint
1667 2648 1880 2691 Dorienses
1908 2649 2011 2682 liberi
2028 2647 2161 2688 coloni

1189 2770 1237 2799 σο)
1258 2770 1379 2801 Thcha.
1398 2769 1449 2800 VI,
1470 2769 1541 2794 76-
1553 2769 1597 2796 so.
