2351 2990
382 132 489 168 XLII.

123 220 306 255 intulistis.
364 219 411 255 Et
435 232 525 267 quos
552 220 591 253 in
614 219 813 253 continenti
830 219 1027 260 occidistis,
1055 230 1130 252 non

125 273 324 306 admodum
341 272 605 312 desideramus,
632 271 753 316 potius
770 271 916 305 illorum
934 271 1046 305 vicem
1067 271 1132 303 do-

123 324 261 365 lemus,
293 336 406 371 quos,
441 323 524 369 quia
551 329 654 356 erant
675 323 872 369 supplices,
913 335 988 357 non
1019 322 1130 355 inter-

121 377 277 410 fecturos
308 388 382 410 esse
405 374 642 420 promisistis,
682 381 716 408 et
740 382 863 408 tamen
886 374 1128 408 interemistis.

120 427 179 461 An
203 439 278 461 non
302 428 470 462 scelerate
488 426 642 461 fecistis?
695 425 748 460 lta
772 426 873 460 brevi
896 427 1013 472 spatio
1038 432 1127 460 tem·

120 478 219 524 poris
237 485 291 513 ter
306 491 428 513 sumus
447 478 580 512 iniuria
607 478 746 519 affecti,
782 478 892 513 semel
917 491 998 513 cum
1022 477 1125 511 irrita

116 530 248 565 fecistis
278 537 403 576 pacta,
447 536 571 576 postea
606 530 854 564 interficiendo
886 537 1050 570 nostros,
1091 535 1126 563 et

116 595 198 616 cum
215 593 290 615 non
307 581 453 617 stetistis
476 582 662 628 promissis
683 583 728 617 de
753 581 925 628 captivis,
957 594 1048 629 quos
1070 581 1125 614 in-

117 634 275 668 columes
310 632 357 679 (si
393 634 653 668 abstineremus
688 635 732 668 ab
768 646 939 679 agrorum
972 633 1124 679 popula-

115 684 232 732 tione)
248 685 399 720 reddere
423 686 718 731 paciscebamini:
754 693 877 719 tamen
894 686 1031 726 dicitis,
1058 697 1123 719 vos

111 738 189 773 sine
206 744 370 783 respectu
387 737 476 772 iuris
491 737 659 783 indignos
682 738 801 783 plecti.
861 737 915 771 Sit
937 750 1044 777 sane,
1083 742 1123 771 ut

113 789 261 834 indigne
294 789 524 835 plectamini,
570 790 600 824 si
634 789 913 823 Lacedaemonii
949 789 1120 823 iniustam

112 840 329 875 sententiam
360 842 488 876 ferent.
550 840 666 875 Immo
690 841 886 887 puniemus
915 854 1000 882 vos,
1034 841 1119 888 quia

114 892 296 927 meruistis
312 905 482 938 poenam.

216 943 314 978 Haec
344 951 469 979 nostra
500 951 534 979 et
566 951 684 980 vestra
710 957 815 979 causa
841 943 1120 978 Lacedaemonii

112 996 499 1038 commemoravimus,
527 1003 566 1031 ut
582 997 701 1031 sciatis
724 996 804 1031 illos
828 996 919 1031 iuste
942 996 1118 1041 supplicio

110 1047 224 1088 affici,
253 1054 288 1082 et
300 1060 368 1082 nos
386 1047 477 1082 iuste
490 1060 627 1093 poenas
650 1049 790 1094 exequi.
849 1048 924 1083 Nec
948 1049 1039 1082 moti
1063 1061 1119 1082 re-

109 1099 177 1134 bus
198 1099 285 1133 olim
303 1100 348 1133 ab
368 1099 454 1146 ipsis
469 1100 652 1145 praeclare
668 1100 794 1145 gestis,
831 1099 1023 1145 patiamini
1037 1113 1119 1146 per-

109 1151 255 1186 suaderi
271 1151 394 1192 vobis,
422 1164 495 1198 quo
512 1152 633 1186 minus
649 1151 808 1197 puniatis
825 1152 924 1192 illos,
959 1151 1044 1197 quia
1061 1164 1118 1187 res

108 1209 228 1248 gestae
245 1204 378 1238 debent
395 1215 469 1237 esse
487 1203 645 1238 subsidio
663 1204 793 1238 iniuste
815 1203 1012 1249 oppressis;
1048 1204 1117 1239 illis

108 1267 217 1296 vero,
245 1255 308 1302 qui
333 1255 470 1301 aliquid
494 1255 730 1300 turpitudinis
755 1255 998 1296 admiserunt,
1032 1268 1117 1300 poe-

107 1318 193 1340 nam
211 1307 410 1351 duplicant.
449 1306 534 1341 Non
550 1306 646 1340 enim
665 1307 834 1340 convenit
850 1313 999 1351 propter
1013 1319 1117 1351 prae-

108 1357 205 1392 clara
228 1358 322 1392 facta
347 1369 508 1403 peceare.
568 1358 643 1393 Nee
667 1358 774 1393 sinite
798 1370 862 1392 vos
886 1358 1116 1392 commisera-

106 1409 224 1450 tione,
250 1410 370 1451 luctu,
397 1415 432 1443 et
455 1416 660 1445 vestrorum
684 1416 876 1456 parentum
900 1422 1024 1445 manes
1049 1410 1116 1443 im-

105 1461 301 1507 plorando,
327 1460 384 1495 vel
401 1473 504 1496 suam
521 1461 713 1496 orbitatem
729 1462 982 1503 lamentando,
1009 1462 1115 1497 flecti.

104 1513 200 1550 Nam
216 1514 332 1548 multo
357 1513 517 1548 tristiora
541 1520 704 1548 nostram
728 1514 952 1548 iuventutem
976 1514 1021 1547 ab
1046 1514 1116 1548 illis

104 1566 324 1600 trucidatam
343 1565 566 1601 ostendimus
583 1578 725 1611 passam
744 1578 839 1607 esse,
871 1578 1028 1612 quorum
1053 1578 1116 1611 pa-

105 1623 179 1653 tres
211 1618 347 1663 partim
379 1617 417 1652 in
453 1617 621 1652 Coronea
655 1618 793 1652 mortui
827 1624 930 1659 sunt,
979 1618 1114 1664 partim

104 1668 145 1703 in
178 1669 281 1704 senio
315 1669 398 1704 filiis
429 1670 548 1704 orbati
581 1670 682 1704 domi
713 1670 948 1711 delitescunt,
991 1676 1026 1704 et
1053 1669 1114 1703 illa

106 1728 232 1762 orant,
273 1728 314 1756 ut
338 1723 382 1756 de
404 1721 474 1756 illis
497 1721 648 1757 sumatis
677 1722 915 1768 supplicium,
956 1734 1113 1769 quorum

104 1773 272 1819 precibus
295 1773 423 1809 iustius
447 1780 499 1808 est
523 1773 683 1815 moveri,
724 1774 810 1821 quia
833 1775 1031 1810 admodum
1060 1773 1115 1810 in-

105 1825 216 1870 digna
244 1826 341 1871 passi
372 1832 468 1861 sunt.
532 1826 579 1860 Hi
603 1838 689 1861 vero
714 1826 815 1872 digni
837 1833 941 1869 sunt,
975 1834 1016 1862 ut
1040 1828 1114 1874 ple-

105 1883 270 1919 ctantur,
303 1884 339 1912 et
355 1884 450 1912 recte
468 1877 507 1911 in
522 1878 669 1913 illorum
694 1879 957 1914 calamitatibus
982 1881 1113 1925 gaude-

104 1942 206 1971 mus,
234 1930 297 1976 qui
312 1930 462 1976 propria
478 1931 582 1976 culpa
605 1930 738 1966 deserti
760 1938 856 1966 sunt.
916 1931 1001 1967 Non
1025 1932 1113 1967 laesi

103 1980 287 2016 laeserunt
313 1995 400 2023 nos,
442 1982 631 2029 sociosque
664 1983 832 2018 meliores
859 1983 1113 2029 repudiarunt,

104 2033 219 2078 magis
235 2034 319 2068 odio
339 2046 448 2081 quam
467 2034 628 2080 legitimo
646 2035 780 2069 iudicio
797 2041 987 2070 certantes.
1026 2035 1111 2070 Ideo

104 2084 265 2120 minores
280 2098 416 2132 poenas
433 2085 541 2133 (Iuste
558 2087 654 2121 enim
672 2087 891 2134 puniuntur)
909 2099 1019 2134 quam
1043 2101 1110 2134 pro

102 2137 235 2172 merito
255 2138 405 2173 dabunt.
457 2138 584 2186 Neque
606 2139 643 2173 in
666 2139 762 2173 bello
785 2138 843 2185 (ut
865 2139 984 2185 aiunt)
1009 2153 1111 2174 more

103 2189 328 2235 supplicum,
370 2190 433 2225 sed
467 2203 509 2225 ex
541 2197 647 2236 pacto
672 2192 717 2225 ad
738 2191 911 2226 iudicium
936 2204 1111 2237 provoca-

104 2248 202 2277 runt.
256 2242 360 2288 Quae
378 2255 459 2277 curn
486 2242 536 2279 ita
559 2243 632 2279 sint
648 2242 949 2285 Lacedaemonii,
984 2250 1019 2278 et
1040 2245 1111 2290 legi

104 2294 350 2337 Graecorum,
384 2308 494 2344 quam
516 2296 577 2332 isti
598 2297 804 2340 violarunt,
836 2296 1042 2339 subvenite,
1076 2304 1112 2332 et

104 2348 230 2389 nobis,
259 2348 322 2395 qui
337 2361 459 2383 sumus
482 2348 614 2384 iniuria
638 2351 774 2393 affecti,
808 2363 934 2397 parem
955 2349 1108 2395 gratiam

106 2412 174 2447 pro
205 2400 358 2446 acceptis
384 2401 564 2436 beneficiis
591 2403 753 2445 reddite,
799 2415 865 2437 nec
897 2402 1003 2437 sinite
1030 2414 1109 2444 nos,

105 2452 271 2487 oratione
288 2454 470 2499 persuasi,
497 2454 678 2500 repulsam
698 2455 795 2501 pati,
823 2454 980 2490 Caeteris
998 2454 1110 2489 Grae-

103 2504 155 2540 cis
180 2502 250 2539 hoc
275 2506 440 2552 exemplo
462 2507 658 2549 ostendite,
703 2520 766 2543 vos
799 2520 875 2542 non
902 2508 1109 2548 verborum,

103 2557 168 2592 sed
199 2569 322 2592 rerum
353 2559 549 2592 certamina
582 2572 801 2605 proponere.
870 2560 972 2606 Quae
998 2572 1054 2594 res
1078 2560 1109 2594 si

104 2609 241 2643 fuerint
271 2610 410 2652 bonae,
451 2610 601 2656 simplex
628 2612 744 2646 oratio
769 2613 815 2646 ad
844 2624 902 2647 eas
927 2612 1108 2647 ornandas

103 2661 254 2702 sufficit,
298 2662 390 2697 sicut
415 2669 560 2697 econtra
585 2664 692 2698 rebus
719 2665 822 2699 malis
844 2665 965 2699 fucosa
991 2664 1107 2698 oratio

103 2713 337 2757 praetexitur.
402 2715 472 2749 Sed
495 2715 525 2749 si
550 2716 749 2760 praesides,
782 2717 905 2763 quales
926 2728 1022 2750 nunc
1045 2728 1108 2750 vos

103 2764 207 2805 estis,
242 2767 378 2801 cunctis
402 2767 438 2800 in
463 2780 641 2801 summam
667 2769 868 2808 subductis,
903 2768 1107 2813 diligentius

162 2822 343 2855 Mammu-
362 2823 469 2855 Orssn.
501 2824 586 2856 VoL.
605 2825 710 2856 xvn.

131 134 231 170 1073

535 131 936 169 INTERPRETATto
964 129 1264 167 ORATIONUM
1290 130 1354 166 EX
1382 131 1677 168 THUCYDIDIS
1706 133 1854 169 LIBRO
1878 135 1935 170 111.

2090 138 2107 172 1
2114 137 2190 173 074

1186 230 1262 252 rem
1288 219 1572 264 perpenderent,
1606 220 1749 269 tuncw)
1774 221 1892 256 minus
1915 220 2080 258 homines
2106 236 2188 258 cau·

1184 281 1244 304 sae
1265 271 1419 305 iniustae
1439 271 1597 316 speciosa
1614 273 1722 306 verba
1742 275 2031 318 praetenderent.

1214 371 1482 419 Descriptio
1508 374 1762 410 seditionis
1789 375 2152 424 Corcyraeae‘ss).

1283 441 1330 476 Et
1348 443 1555 477 acciderunt
1570 443 1719 478 urbibus
1735 444 1850 478 multa
1872 450 1906 477 et
1925 444 2059 478 atrocia
2076 445 2114 479 in
2129 458 2183 480 se-

1179 492 1396 535 ditionibus,
1425 507 1517 541 quae
1536 495 1652 529 solent
1669 496 1765 537 fieri,
1788 502 1822 530 et
1836 496 1921 529 fient
1937 508 2091 541 semper,
2118 497 2182 530 do-

1179 557 1244 578 nec
1261 545 1329 579 erit
1345 547 1470 580 eadem
1496 544 1685 581 hominum
1711 554 1862 588 natura,
1896 548 2009 592 magis
2032 554 2095 582 aut
2116 548 2182 582 mi-

1178 609 1245 631 nus
1261 598 1419 631 crudelia
1436 605 1471 631 et
1486 598 1585 632 varia
1596 625 1606 639 ,
1630 605 1671 632 ut
1687 599 1928 633 mutationum
1947 601 2181 634 circumstan-

1179 648 1249 682 tiae
1275 656 1381 683 erunt
1397 649 1457 696 ⁴²⁸²).
1524 649 1619 685 Nam
1645 650 1681 683 in
1709 663 1795 695 pace
1820 657 1854 684 et
1878 652 1984 685 rebus
2016 651 2180 686 secundis

1175 700 1366 735 universae
1383 701 1557 742 civitates,
1585 708 1619 735 et
1635 702 1767 746 privati
1783 701 1948 737 homines
1963 709 2099 737 mentes
2116 701 2180 736 ha-

1175 752 1262 786 bent
1277 752 1458 793 saniores,
1491 753 1575 799 quia
1593 765 1668 786 non
1687 755 1781 799 cogit
1795 755 1983 789 necessitas
2007 767 2182 801 quaerere

1175 803 1269 837 vitae
1285 804 1464 849 praesidia
1481 804 1585 839 malis
1601 805 1729 840 modis.
1786 805 1856 840 Sed
1881 807 2012 840 bellum
2035 807 2179 851 copiam

1175 855 1380 902 quotidiani
1405 857 1518 890 victus
1541 855 1775 898 subtrahens,
1810 857 1988 891 violentus
2011 858 2179 902 magister

1175 914 1248 948 est,
1275 915 1310 941 et
1325 908 1369 941 ad
1388 915 1592 953 praesentes
1611 909 1817 943 occasiones
1842 910 2039 943 multorum
2065 910 2179 954 impe-

1173 965 1230 993 tus
1252 958 1390 994 incitat.
1458 959 1583 1007 ltaque
1614 960 1774 995 civitates
1805 961 2024 995 seditionum
2050 961 2178 1006 plenae

1174 1017 1296 1052 erant,
1325 1017 1359 1045 et
1375 1012 1577 1057 posteriora
1591 1039 1601 1053 ‚
1629 1025 1710 1046 cum
1726 1012 1826 1058 prius
1842 1013 1934 1046 facta
1952 1012 2177 1053 audirentur,

1172 1063 1392 1107 superabant
1409 1064 1570 1097 novitate
1588 1064 1842 1105 consiliorum,
1871 1077 1951 1099 cum
1979 1064 2016 1098 in
2039 1064 2178 1109 excogi-

1173 1115 1281 1147 tanda
1299 1121 1376 1149 arte
1400 1115 1630 1160 opprimendi
1655 1116 1765 1156 alios,
1798 1122 1874 1150 tum
1902 1116 1941 1150 in
1966 1116 2176 1151 crudelitate

1171 1178 1324 1211 poenae.

1273 1216 1322 1251 Et
1361 1217 1490 1252 usitata
1532 1230 1653 1253 rerum
1691 1218 1840 1252 nomina
1876 1220 2178 1264 permutabantur

1170 1275 1375 1313 praetextus
1398 1282 1516 1304 causa.
1574 1270 1726 1305 Furiosa
1753 1271 1936 1305 temeritas
1961 1271 2176 1305 nominaba-

1171 1326 1229 1353 tur
1255 1321 1430 1354 fortitudo
1455 1321 1560 1356 sociis
1579 1322 1711 1361 fidelis;
1753 1323 1980 1357 considerata
2014 1322 2174 1356 contatio

1169 1372 1428 1406 nominabatur
1440 1372 1644 1408 timiditatis
1659 1374 1856 1414 excusatio;
1883 1374 2059 1409 modestia
2075 1374 2176 1420 igna-

1169 1422 1250 1456 viae
1271 1424 1546 1464 'velamentum;
1588 1425 1858 1472 circumspectio
1893 1426 1931 1460 in
1964 1426 2176 1461 universum

1168 1475 1336 1519 segnities
1355 1475 1558 1516 dicebatur;
1585 1479 1720 1512 furiosa
1740 1477 1890 1512 audacia
1907 1478 2102 1517 fortitudo;
2133 1490 2176 1512 ex

1170 1532 1249 1560 tuto
1282 1527 1371 1561 velle
1404 1527 1596 1570 invadere,
1650 1529 1924 1575 tergiversati03
1977 1530 2175 1565 accendens

1170 1578 1273 1620 odia,
1314 1579 1447 1619 fidelis;
1491 1581 1761 1623 contradicens,
1799 1588 1999 1628 suspectus;
2043 1582 2100 1616 cui
2120 1581 2176 1616 in-

1168 1630 1280 1664 sidiae
1296 1639 1558 1674 successerant,
1584 1639 1738 1673 astutus;
1766 1646 1896 1668 cavens
1913 1633 2083 1672 astutior;
2112 1632 2177 1680 qui

1168 1682 1316 1716 nolebat
1336 1695 1410 1718 esse
1426 1684 1464 1718 in
1481 1685 1663 1730 partibus,
1697 1685 1892 1720 dissolutor
1908 1686 2112 1727 sociorum,
2139 1691 2175 1720 et

1168 1735 1394 1771 adversarios
1410 1736 1628 1777 formidan53
1655 1737 1817 1784 quisquis
1836 1738 1991 1772 alterum
2008 1744 2175 1772 antever-

1168 1789 1266 1825 tisset
1288 1789 1327 1825 in
1352 1790 1550 1832 laedendo,
1580 1790 1818 1836 laudabatur,
1844 1789 1894 1829 sic
1918 1789 2027 1831 etiam
2052 1790 2117 1845 qui
2136 1789 2175 1837 id

1167 1843 1358 1877 consilium
1377 1844 1524 1880 dederat
1543 1843 1648 1879 alteri
1673 1858 1748 1882 non
1772 1848 1956 1894 cogitanti.
2017 1850 2172 1897 Cognati

1166 1895 1286 1929 minus
1309 1896 1507 1933 familiares
1531 1905 1635 1933 erant
1656 1899 1735 1935 aliis
1761 1901 1979 1944 coniuratis,
2021 1903 2106 1950 quia
2130 1902 2171 1939 hi

1166 1947 1410 1993 promptiores
1428 1956 1512 1984 sunt
1528 1951 1574 1984 ad
1591 1952 1770 1998 quoslibet
1787 1952 1942 2000 impetus
1964 1954 2041 1990 sine
2066 1968 2170 1991 excu-

1165 1998 1317 2034 satione.
1371 2001 1455 2036 Non
1471 2001 1567 2036 enim
1592 2003 1738 2038 coibant
1754 2005 1839 2039 talia
1864 2007 2031 2041 sodalitia
2054 2007 2169 2053 legiti-

1165 2063 1246 2085 mae
1262 2052 1427 2087 utilitatis
1443 2066 1568 2096 causa,
1596 2056 1659 2090 sed
1682 2062 1808 2090 contra
1832 2057 1926 2103 leges
1949 2059 2081 2094 iniusta
2107 2072 2167 2094 cu-

1165 2102 1333 2148 piditate;
1368 2111 1402 2139 et
1423 2105 1518 2140 inter
1534 2119 1570 2141 se
1587 2107 1708 2143 fideles
1726 2115 1830 2143 erant
1843 2122 1919 2145 non
1936 2111 2013 2145 iure
2030 2111 2168 2154 divino,

1164 2156 1227 2190 sed
1248 2156 1418 2191 societate
1439 2158 1634 2201 scelerum,
1667 2167 1702 2194 et
1724 2173 1815 2208 quae
1840 2162 1931 2196 bene
1955 2163 2168 2198 dicebantur

1164 2208 1208 2241 ab
1233 2209 1448 2244 adversariis
1471 2211 1710 2256 recipiebant,
1739 2226 1813 2247 non
1837 2214 2079 2260 ingenuitate,
2102 2216 2165 2249 sed

1164 2267 1281 2302 metu,
1307 2274 1388 2295 cum
1406 2261 1491 2308 ipsis
1507 2265 1717 2309 proderant.
1758 2265 1904 2301 Gratius
1924 2274 2001 2300 erat
2016 2267 2168 2302 reddere

1163 2312 1335 2347 talionem
1347 2340 1357 2356 ,
1384 2327 1494 2360 quam
1511 2316 1609 2350 nulla
1628 2316 1762 2350 iniuria
1776 2317 1943 2352 affectum
1962 2330 2049 2354 esse.

1265 2364 1470 2400 Iuramenta
1494 2367 1721 2402 induciarum
1745 2376 1896 2415 propter
1919 2382 2087 2415 praesens
2104 2383 2166 2416 pe-

1162 2417 1315 2452 riculum
1330 2419 1422 2452 facta
1440 2419 1627 2461 valebant,
1655 2420 1740 2467 quia
1766 2422 1863 2455 nulla
1889 2422 1958 2456 alia
1982 2423 2162 2468 praesidia

1163 2477 1277 2505 erant.
1330 2470 1400 2505 Sed
1417 2484 1497 2505 cum
1514 2472 1626 2505 altera
1649 2484 1733 2517 pars
1758 2473 1826 2507 sibi
1851 2475 2073 2516 confidebat,
2110 2475 2162 2508 vi-

1162 2524 1249 2558 dens
1266 2523 1490 2558 adversarios
1512 2536 1587 2557 non
1611 2524 1770 2559 munitos
1795 2537 1889 2567 esse,
1924 2527 2062 2561 dulcius
2086 2532 2163 2561 erat

1195 2645 1244 2675 40)
1262 2645 1342 2675 tunc]
1361 2643 1412 2669 Ed.
1433 2643 1508 2669 1562.
1529 2644 1674 2674 corrupte:
1700 2650 1777 2669 sune.

1196 2698 1245 2726 41)
1264 2696 1386 2727 Thucyd.
1406 2696 1451 2727 111,
1471 2695 1506 2720 82
1525 2695 1589 2724 (lin.
1609 2695 1650 2724 9.)
1668 2708 1703 2713 —
1720 2696 1762 2720 85.

1196 2747 1245 2779 42)
1265 2749 1363 2776 erunt]
1383 2747 1423 2771 sic
1443 2747 1469 2770 in
1489 2746 1539 2772 Ed.
1561 2746 1636 2772 1562.
1661 2746 1688 2771 in
1708 2746 1898 2779 corrigendis3
1930 2747 1957 2771 iu
1976 2748 2160 2780 descriptione

1232 2784 1294 2813 ipsa
1312 2783 1430 2814 legitur:
1457 2784 1545 2805 eraut.

1547 2816 1595 2851 68
