2294 2975
85 120 134 157 69
150 145 153 157 η,
245 119 364 156 XXIII.

298 207 439 241 Aliud
468 213 783 251 argumentum
798 206 857 254 5⁹).

183 275 366 320 Principio
398 274 547 319 ponitur
576 275 756 310 excusatio
787 288 886 310 serae
920 277 1076 320 gratula-

81 327 206 368 tionis,
248 327 304 361 cui
332 327 452 360 addita
485 332 537 360 est
567 327 771 371 gratulatio.
851 327 990 361 Deinde
1025 335 1076 362 est

78 379 220 423 longior
236 376 443 412 adhortatio
459 379 503 411 ad
517 378 740 412 tribunatum
755 386 849 413 recte
865 380 1073 424 gerendum.

76 428 331 464 Adhortationi
357 429 519 463 additum
545 436 597 463 est
619 436 764 471 votum,
801 444 872 477 quo
905 437 1006 475 optat
1038 444 1073 465 se

77 493 221 527 quoque
245 482 378 515 adesse.
433 481 586 514 Additae
608 488 693 515 sunt
715 482 805 516 aliae
824 485 916 516 duae
935 489 1072 527 partes:

75 532 254 573 narratio,
289 532 420 567 scilicet
451 534 493 566 de
528 539 624 566 certo
664 534 830 577 negotio,
870 541 904 568 et
934 534 1072 578 petitio,

75 596 165 630 quae
188 580 278 617 nih'il
304 583 461 628 pertinet
486 585 529 617 ad
556 585 755 629 superiora.

129 668 459 712 Argumentum
496 675 538 701 et
564 666 740 702 scholia
778 669 820 701 in
849 669 1019 712 episto-

439 721 523 753 lam
553 719 701 766 Vll.⁶⁰).

176 785 244 820 Ista
276 786 426 831 epistola
464 784 570 819 habet
609 786 712 818 initio
753 783 1068 829 reprehensionem

74 843 369 882 argumentorum
394 837 584 882 epistolae,
611 843 650 870 ut
667 837 756 870 solet
773 836 848 869 fieri
867 836 902 868 in
922 848 1069 881 respon-

74 890 211 927 dendo,
250 889 312 922 ubi
336 896 397 922 aut
420 889 662 933 approbamus
687 894 749 921 aut
772 885 1068 932 reprehendimus

73 940 220 986 aliquid.
292 939 430 973 Deinde
465 940 627 986 seqnitur
658 939 941 973 narratiuncula.
1006 939 1069 973 Est

73 991 220 1036 epistola
249 1003 344 1024 mere
361 990 408 1037 ⁶¹)
433 991 640 1030 familiaris,
678 1002 752 1023 non
784 997 836 1024 est
865 1003 935 1023 una
953 990 1000 1036 82)
1027 1004 1068 1024 ex

72 1042 140 1076 illis
155 1041 222 1089 ⁶³),
265 1054 355 1088 quae
386 1048 469 1076 sunt
483 1042 530 1088 ⁶⁴)
568 1042 671 1075 valde
702 1040 915 1076 rhetoricae.
995 1043 1067 1087 Qui

72 1093 146 1127 vult
171 1093 367 1138 intelligere
394 1094 478 1127 istas
502 1094 669 1138 epistolas
697 1095 741 1126 :ul
766 1093 948 1134 Caeliilm,
974 1094 1068 1138 legat

72 1151 238 1178 octavum
264 1145 395 1178 librum
411 1145 470 1191 ⁶⁵).

174 1194 203 1240 ἓ.
234 1197 265 1230 1.
296 1197 410 1238 Quid?
438 1202 473 1230 tu
507 1209 557 1229 me
590 1197 650 1229 hoc
688 1193 767 1243 tibi]
807 1195 890 1228 Sine
919 1197 1066 1229 exordio

71 1247 294 1291 obiurgatio,
323 1248 419 1292 quod
439 1260 512 1280 non
537 1246 839 1292 p‹21·scripse1·1't⁶⁴⁵)
857 1260 912 1281 res
929 1248 1066 1291 dignas.

70 1299 182 1340 Quare
203 1311 261 1343 eqo
284 1311 343 1332 nec
362 1296 568 1346 praeterita]
599 1298 728 1343 Qualia
758 1299 842 1331 velit
864 1299 981 1333 scribi.

171 1348 202 1394 ᾗ.
227 1352 262 1386 2.
294 1353 441 1384 Tantum
474 1347 607 1397 habeto]
649 1349 776 1382 Obiter
808 1348 992 1389 hortatur,
1029 1357 1067 1384 ut

71 1401 105 1433 in
131 1401 297 1445 Pompeii
326 1401 521 1435 amicitiam
546 1414 582 1435 se
612 1401 799 1438 insinuet..

289 1484 426 1518 Aliud
455 1497 609 1529 argum
622 1485 848 1531 entumffl).

172 1553 367 1598 Sequentes
399 1552 572 1596 epistolae
607 1565 681 1586 nou
716 1559 866 1598 possunt
902 1553 1065 1597 intelligi,

67 1604 136 1638 nisi
170 1604 239 1637 illis
272 1603 430 1647 epistolis
463 1610 566 1637 antea
600 1605 771 1649 coguitis,
808 1618 896 1650 quas
924 1604 1065 1639 Caclius

69 1657 114 1689 ad
137 1655 346 1689 Ciceronem
371 1655 511 1699 scripsit
537 1656 598 1690 lib.
621 1657 656 1690 8.
710 1657 826 1689 Porro
843 1655 929 1689 haec
948 1656 1062 1701 prima

68 1707 215 1752 epistola
242 1707 470 1750 responsoria
503 1713 555 1740 est
586 1708 630 1740 ad
662 1708 817 1752 primam
845 1708 1065 1748 Caeliauam,

68 1759 103 1792 in
128 1771 196 1804 qua
223 1759 307 1791 satis
333 1758 467 1797 multa,
504 1759 563 1790 sed
590 1771 681 1803 qu..e
709 1760 828 1793 minus
858 1760 1064 1805 requirebat

68 1810 212 1847 Cicero,
250 1809 390 1842 Caelius
421 1816 622 1842 monuerat.
675 1810 752 1843 Hoc
774 1812 931 1845 studium
957 1811 1064 1856 signi-

103 1947 151 1975 ⁵9)
171 1947 228 1970 Hoc
247 1946 280 1969 ab
300 1945 383 1968 Editt.
406 1945 598 1970 1565--1596,
619 1946 768 1969 exhibetur:

98 1991 147 2019 60)
166 1990 240 2019 vu]
258 1988 297 2011 sic
317 1988 343 2011 in
364 1988 447 2012 Editt.
467 1988 576 2016 (¹537.)
589 2005 595 2017 ,
619 1989 708 2015 1556..
731 1989 923 2013 1560-1596.
962 1990 1062 2018 (Editt.

136 2025 229 2054 1545.‚
252 2024 338 2053 15⁴6„
361 2023 434 2045 1601.
455 2023 591 2051 hvid„
611 2023 637 2046 iu
659 2024 742 2047 hunt.
764 2025 849 2047 15⁴0..
872 2024 956 2053 1:³4⁴„
976 2025 1062 2054 155⁴„

136 2059 211 2084 1557.
232 2060 257 2081 et
278 2058 326 2082 Ed.
348 2057 436 2081 Oretl.
454 2057 530 2082 vui.

99 2104 148 2131 51)
166 2102 254 2129 mere]
288 2100 329 2124 sic
355 2100 440 2124 Editt.
469 2100 678 2130 1537—1545.‚
714 2101 803 2131 ¹55⁴„

135 2135 346 2165 1565—1577.;
366 2135 449 2158 Edit-t.
470 2135 563 2158 15⁴6.
585 2135 659 2159 1601.
680 2136 746 2159 t'ere.

99 2180 148 2208 ⁶2)
168 2185 221 2203 non
236 2180 280 2203 est
295 2179 363 2207 una]
383 2178 423 2201 sic
439 2177 522 2201 Editt.
541 2177 627 2209 1537„
649 2178 734 2207 1545„
756 2179 842 2207 1546..
863 2179 946 2203 1560..
969 2179 1061 2208 mom

132 2214 216 2239 Editt.
246 2213 339 2237 1540..
374 2213 465 2243 1544.,
500 2213 592 2236 ¹554..
628 2213 719 2237 1557..
754 2213 944 2237 isos—1537.
974 2220 1062 2245 neque

130 2254 184 2272 una
204 2249 256 2271 est.

98 2292 146 2321 63)
166 2292 237 2320 illis]
258 2291 297 2314 sic
314 2291 398 2314 Editt.
421 2290 506 2316 ¹5³7..
532 2290 616 2319 154⁰.,
639 2291 724 2315 1541..
746 2291 832 2321 ¹55⁴„
855 2291 940 2322 1557„
958 2292 1059 2316 1565-

136 2326 229 2356 1577.;
248 2326 332 2348 Editt.
354 2326 445 2356 15-15..
468 2325 559 2356 1546.,
583 2325 673 2351 1560..
698 2326 770 2350 1601.
792 2326 835 2349 iis.

98 2371 145 2398 64]
165 2370 246 2397 sunt]
265 2369 304 2392 sic
323 2369 405 2392 Editt.
427 2369 511 2394 1537..
535 2369 620 2399 1545,
642 2369 727 2394 1546..
749 2369 835 2396 1560..
857 2370 948 2395 1601.;
976 2370 1057 2394 Editt.

133 2404 225 2431 1540..
247 2404 339 2430 1544..
361 2404 451 2434 1554„
474 2403 565 2434 1552,
587 2403 777 2428 1565—1577.
798 2405 864 2429 sint.

95 2449 145 2477 ⁶5)
164 2447 216 2477 Qui
235 2447 293 2469 vult
314 2459 344 2462 ἡ·
365 2448 490 2470 octavum
509 2446 633 2475 librum]
664 2447 704 2471 sic
727 2448 812 2472 Editt.
840 2447 934 2479 ¹537„

132 2483 224 2511 1546„
252 2481 342 2510 1601.;
368 2481 452 2505 Editt.
475 2482 566 2508 15⁴0..
596 2483 687 2512 1541,
719 2483 809 2512 1551,
838 2483 1057 2511 1557.,1565-

132 2517 206 2541 1577.
228 2515 280 2545 Qui
299 2520 366 2539 vero
385 2515 543 2545 intelligere
562 2517 632 2539 istas
652 2517 786 2546 epistolas
802 2517 835 2539 ad
849 2517 971 2541 caenum
988 2519 1056 2545 vult,

129 2553 204 2582 legat
223 2551 320 2574 librum
341 2552 483 2579 octavium
504 2551 550 2573 Ed.
567 2551 640 2574 1560.
661 2552 712 2580 Qui
733 2554 790 2574 vult
810 2552 967 2582 intelligere
987 2553 1057 2576 istas

130 2588 166 2610 aa
191 2585 313 2610 Caelium
339 2586 417 2613 (cett.
444 2584 562 2613 omiss).
586 2598 620 2602 —
662 2587 719 2610 Hoc
745 2589 936 2617 argumentum
962 2593 1057 2611 onmes

129 2622 195 2645 inae
213 2620 298 2644 Editt.
315 2619 433 2650 habent,
455 2621 568 2649 exc-esta
587 2621 634 2645 Ed.
657 2621 732 2646 1556.

94 2665 142 2692 66)
162 2663 373 2694 perscripserit]
394 2663 442 2687 Ed.
464 2663 538 2687 1515.
560 2664 781 2693 praescripserit.

94 2709 142 2738 67)
162 2709 219 2732 Hoc
243 2708 434 2737 argumentum
461 2708 488 2729 et
514 2713 634 2737 sequens
659 2708 687 2731 in
711 2709 794 2733 leuitt.
826 2708 918 2739 155⁶„
949 2709 1055 2734 1⁵65—

128 2744 203 2767 1596,
225 2743 345 2766 exstant.

845 2101 916 2125 1557.
928 2118 935 2124 .
978 2102 1062 2127 156⁰..

972 2449 1057 2479 1545„

418 118 730 156 ARGUMENTA
756 120 820 155 ET
848 119 1052 156 SCHOLIA
1079 119 1128 157 IN
1154 120 1303 157 EPIST.
1331 120 1444 158 ΕΔΜ.
1474 122 1560 159 CIC.
1587 124 1675 161 LIB.
1704 126 1745 162 11.
1773 128 1846 164 ΕΡ.
1873 130 1907 165 6,
1935 131 1968 165 7.
2076 133 2123 173 104

1130 208 1210 241 ficat
1234 207 1360 242 Cicero
1387 215 1421 242 et
1444 209 1570 243 inutile
1595 223 1668 245 esse
1694 219 1728 246 et
1750 214 1817 248 sibi
1835 216 2035 260 ingratum,
2062 220 2123 252 ad-

1129 271 1292 300 monens,
1319 266 1359 293 ut
1375 272 1485 305 porro
1504 261 1563 294 illa
1581 263 1733 305 scribat,
1759 279 1849 311 quae
1868 275 1951 302 sunt
1966 269 2121 303 maxime

1129 312 1324 345 necessaria
1343 312 1386 345 de
1401 312 1618 357 reipublicae
1635 321 1747 353 statim
1779 317 1885 351 simul
1905 320 2012 353 etiam
2037 319 2120 354 hot-

1129 368 1243 402 tatur,
1271 369 1311 396 ut
1330 363 1544 409 Pompeium
1561 366 1662 412 sequi
1680 366 1776 401 velit.
1829 369 1981 404 Orditur
2001 379 2119 406 autem

1128 414 1172 446 ab
1216 414 1485 459 obiurgatione,
1529 419 1626 462 quod
1662 430 1736 452 non
1776 422 2023 467 perscripserit
2064 436 2121 459 res

1127 465 1263 510 dignas.
1347 465 1448 500 Hanc
1488 468 1775 513 obiurgationem
1813 474 1931 506 statim
1975 475 2121 519 corrigit

1126 517 1393 561 praedicatione
1420 518 1551 560 Caelii,
1577 532 1596 553 a
1623 534 1695 567 quo
1720 528 1892 568 tanquam
1913 525 1957 558 ah
1973 523 2121 560 homine

1127 567 1406 612 prudentissimo
1441 582 1515 603 uon
1547 571 1606 604 illa
1640 573 1820 618 vulgaria,
1857 588 1947 621 quae
1973 578 2017 610 ab
2042 578 2120 611 aliis

1126 619 1231 652 scribi
1248 626 1281 653 et
1298 620 1459 653 nuntiari
1475 629 1638 666 possunt,
1655 626 1715 658 sed
1734 637 1789 659 res
1806 639 1931 670 graves
1949 635 2121 674 expectat,

1124 671 1244 704 addita
1274 671 1376 704 brevi
1408 672 1667 716 significatione
1700 688 1844 719 eorum,
1881 693 1972 725 quae
2006 682 2049 714 ad
2084 693 2119 714 se

1125 722 1209 755 velit
1232 722 1350 755 scribi.
1405 723 1543 757 Deinde
1573 723 1786 761 adhortatur
1812 729 1992 773 Caelium,
2020 739 2059 765 ut
2082 732 2119 765 in

1125 773 1318 806 amicitiam
1338 773 1503 826 I'ompeii
1527 776 1602 809 sine
1629 777 1747 823 aliqua
1765 792 1864 813 mora
1893 795 1928 815 se
1951 783 2117 818 insinuet.

1123 824 1249 857 Monet
1279 824 1388 857 etiam
1420 827 1542 870 paucis
1573 828 1615 860 de
1641 841 1705 861 suo
1734 830 1931 867 itinerario.
1985 834 2025 867 In
2050 836 2118 869 fine

1123 882 1173 909 est
1196 876 1342 920 petitio,
1377 883 1416 910 ut
1448 878 1718 922 diligentissime
1748 890 1863 923 curet,
1902 898 1945 918 nc
1981 893 2117 932 tempus

1122 928 1330 972 provinciae
1356 936 1581 974 prorogetur.

1374 1021 1511 1055 Aliud
1540 1032 1868 1067 argumentum.

1224 1098 1279 1131 Ad
1312 1098 1471 1132 Caelium
1514 1098 1630 1134 adhuc
1669 1103 1929 1139 adolescentem
1965 1107 2116 1152 scriptae

1121 1156 1204 1183 sunt
1231 1147 1297 1183 hae
1321 1150 1479 1196 reliquae
1504 1152 1697 1196 epistolae,
1725 1167 1791 1198 pro
1808 1169 1879 1202 quo
1897 1158 2003 1191 etiam
2022 1165 2117 1192 extat

1122 1201 1238 1234 oratio
1263 1201 1464 1242 Ciceronis,
1494 1209 1528 1236 et
1553 1204 1651 1238 cuius
1675 1206 1713 1238 fit
1736 1209 1870 1242 mentio
1895 1209 1933 1242 in
1957 1210 2050 1243 libro
2073 1212 2116 1243 de

1121 1253 1225 1287 claris
1260 1254 1463 1287 oratoribus
1480 1254 1547 1300 ⁰⁸),
1592 1256 1654 1301 qui
1684 1258 1773 1291 fovit
1807 1260 1967 1295 Caesaris
1998 1268 2116 1306 partes

1122 1305 1259 1348 primo,
1284 1305 1413 1338 deiude
1440 1307 1547 1350 periit
1564 1306 1601 1339 iu
1620 1308 1746 1343 Galliis
1766 1309 1882 1345 adhuc
1899 1313 2116 1355 adolescens,

1121 1369 1201 1389 cum
1232 1369 1250 1389 a
1277 1356 1427 1389 Caesare
1459 1358 1659 1400 defecisset,
1695 1368 1730 1393 et
1754 1362 1849 1396 aliud
1876 1365 2007 1398 bellum
2032 1378 2115 1410 pro-

1119 1414 1259 1442 secutus
1287 1414 1387 1442 esset.
1442 1408 1538 1442 Haec.
1570 1417 1689 1445 autem
1721 1413 1869 1457 epistola
1903 1416 2033 1461 scripta
2064 1424 2116 1452 est

1121 1460 1325 1494 consulibus
1348 1460 1473 1493 Servio
1505 1462 1662 1506 Sulpicio
1694 1463 1789 1497 Ruso
1826 1474 1858 1499 et
1891 1468 1939 1502 M.
1964 1469 2113 1503 Claudio

1120 1511 1314 1552 Marcello,
1356 1524 1436 1545 cuin
1477 1513 1745 1548 administraret
1783 1516 1907 1552 Cicero
1939 1520 2114 1555 Ciliciam.

1118 1562 1181 1596 Est
1206 1570 1324 1596 autem
1352 1564 1540 1607 petitoria,
1578 1565 1613 1597 in
1640 1579 1709 1612 qua
1744 1569 1899 1611 primum
1924 1579 2045 1616 rogat,
2075 1579 2115 1606 ut

1119 1615 1161 1647 de
1186 1616 1291 1649 rebus
1317 1615 1464 1649 urbanis
1487 1616 1678 1661 diligenter
1702 1621 1746 1652 ad
1765 1633 1800 1653 se
1816 1623 1958 1663 scribat,
1985 1624 2113 1658 deiude

1118 1672 1158 1699 ut
1182 1668 1226 1699 ad
1248 1667 1461 1711 Pompeium
1478 1680 1512 1701 se
1530 1669 1713 1714 adiungat.
1770 1671 1974 1718 Respondet
1993 1682 2113 1709 autem

1119 1718 1243 1751 Cicero
1267 1719 1299 1752 ei
1325 1718 1514 1763 epistolae,
1543 1733 1634 1765 quae
1652 1723 1741 1755 infra
1768 1723 1846 1757 libri
1866 1727 1899 1760 8.
1916 1727 2032 1771 prima
2051 1734 2113 1762 est.

1117 1769 1269 1803 Orditur
1300 1771 1345 1803 ab
1378 1770 1646 1814 obiurgatione:
1689 1774 1783 1807 Nolo
1820 1779 1866 1810 ad
1905 1791 1961 1811 me
2002 1792 2113 1823 nugas

1119 1821 1195 1855 illas
1218 1823 1402 1867 perscribi.
1455 1822 1617 1857 Civiliter
1642 1832 1759 1859 autem
1780 1825 1872 1862 hanc
1893 1831 2112 1875 obiurgatio-

1117 1885 1198 1906 nem
1225 1874 1372 1917 corrigit
1398 1875 1665 1918 praedicatione
1690 1877 1818 1912 Caelii:
1849 1881 1940 1925 Quia
1961 1883 2054 1915 enim
2079 1890 2111 1917 te

1117 1924 1235 1958 iudico
1267 1938 1340 1959 esse
1374 1927 1692 1969 prudentissimum
1725 1927 1927 1972 homiuem,
1965 1941 2110 1979 expecto

1117 1988 1134 2008 a
1164 1983 1197 2009 te
1219 1989 1274 2011 res
1299 1977 1492 2020 graviores.

1332 2079 1467 2113 Aliud
1496 2089 1814 2125 argumentum
1827 2084 1886 2131 89).

1218 2154 1377 2200 Epistola
1397 2163 1448 2191 est
1465 2156 1540 2190 sine
1558 2159 1704 2192 exordio
1716 2186 1724 2199 ,
1753 2160 1850 2195 cuius
1867 2162 1946 2195 loco
1964 2164 2109 2208 ponitur

1116 2205 1345 2251 reprehensio
1374 2216 1690 2252 argumentorum,
1728 2215 1824 2257 quod
1857 2227 1929 2247 nou
1960 2217 2109 2260 perscri-

1115 2259 1225 2302 pserit
1255 2272 1311 2293 res
1342 2260 1479 2304 dignas.
1558 2262 1727 2308 Sequitur
1760 2267 2029 2301 narratiuncula
2063 2270 2107 2303 de

1114 2310 1181 2344 illis
1203 2311 1327 2352 rebus,
1363 2325 1452 2358 quas
1475 2313 1630 2347 maxime
1660 2315 1765 2347 scribi
1792 2317 1921 2361 cupiat.
1974 2319 2107 2354 Narra-

1113 2361 1203 2395 tioni
1227 2363 1413 2397 subiicitur
1430 2363 1655 2405 adhortatio,
1680 2372 1717 2398 ut
1736 2367 1771 2399 in
1790 2369 1983 2404 amicitiam
1999 2372 2105 2405 Porn-

1111 2413 1183 2458 peii
1215 2427 1250 2448 se
1282 2415 1449 2450 insinuet.
1504 2415 1543 2449 ln
1575 2418 1643 2450 siue
1677 2424 1727 2450 cst
1755 2420 1900 2463 petitio,
1935 2429 1975 2456 ut
2007 2431 2106 2459 curet

1110 2479 1251 2500 summo
1267 2467 1386 2501 studio
1404 2467 1439 2500 in
1456 2474 1600 2509 senatu,
1628 2482 1672 2502 ne
1689 2471 1782 2504 ultra
1800 2485 1935 2508 aunum
1955 2488 2100 2510 manere

1110 2525 1257 2562 cogatur
1283 2519 1320 2551 in
1344 2519 1541 2563 provincia.

1142 2655 1191 2683 68)
1211 2655 1267 2679 Cle.
1287 2655 1363 2677 Brut.
1381 2654 1433 2685 79,
1450 2653 1511 2679 ²7³.

1139 2707 1188 2734 69)
1208 2707 1265 2729 um:
1282 2708 1475 2737 argumentum
1492 2706 1520 2730 et
1540 2712 1660 2737 sequens
1677 2710 1711 2732 ab
1728 2708 1811 2733 aditu.
1836 2709 1900 2733 1535
1911 2711 2024 2736 -2-3553.
2045 2718 2095 2736 ex-

1176 2741 1312 2765 hibentur.
1528 2775 1552 2809 5
1565 2774 1583 2792 ᾗ
