2294 2975
90 123 159 156 163
656 112 776 148 PHlL.
811 110 923 145 MEL.
958 107 1159 144 SCRIPTA
1192 107 1527 143 PlllLOLOGlCA.
2037 104 2109 139 164

88 212 135 238 ost
160 204 278 239 Celer,
315 202 374 234 sed
399 201 581 233 Metellum
608 200 801 243 Nepotem,
842 195 902 241 qui
927 207 1005 227 cum
1029 194 1070 228 P.

89 255 254 289 Cornelio
283 252 433 285 Lentulo
456 252 577 284 consul
601 251 686 288 suit,
729 259 878 291 eumque
912 246 946 278 iu
972 244 1071 278 resti-

89 307 219 339 tuendo
245 303 413 335 Cicerone
438 302 584 335 adiuvit.
653 301 772 344 Quare
806 296 891 330 liaec
924 295 1071 340 epistola

88 356 231 389 liieuuio
250 360 348 398 post,
375 366 452 386 cum
472 353 593 386 Cicero
613 347 825 395 Dyrrhachii
845 349 879 380 in
899 347 1003 381 exilio
1022 358 1073 380 es-

90 414 159 443 set.
188 407 314 449 scripta
342 405 499 441 xidetur,
537 403 570 434 iu
594 414 660 445 qua
688 406 789 443 rogat
808 399 1010 437 Metellum,
1035 402 1074 430 ut

91 459 175 491 velit
198 469 267 489 una
295 468 371 487 cum
401 455 530 496 collega
556 452 706 484 Lentulo
731 450 865 489 anniti,
905 455 945 482 ut
975 448 1075 481 brevi

92 509 303 552 reipublicae
328 505 551 541 restituatur,
586 503 617 534 id
642 503 736 548 quod
762 501 937 545 praestitit
952 499 1076 532 Metel-

92 561 155 592 lus.
208 559 296 591 ‘Nam
320 557 358 588 Ρ.
378 555 580 587 Cornelium
607 553 643 585 in
669 552 886 586 restituendo
906 551 1075 585 Cicerone

93 611 193 642 valde
211 607 356 640 adiuvit.
410 606 453 638 Et
470 605 631 637 meminit
654 602 758 637 liuius
774 603 934 636 beneficii
953 601 1076 635 Cicero

94 662 128 692 iu
153 660 312 691 oratione,
330 658 371 688 de
390 655 581 700 provinciis
601 655 843 688 ctmsularibus
867 651 920 687 liis
944 651 1077 685 verbis:

94 712 136 755 Q.
156 710 315 741 Metellus
334 708 454 740 consul
473 706 507 738 in
526 707 657 750 templo
678 705 768 739 lovis
781 705 917 749 Optimi
931 702 1079 737 Maximi

95 767 275 805 permotus
293 766 365 791 tum
384 758 573 791 autoritate
592 764 726 796 vestra,
755 763 827 789 tuin
854 756 946 789 illius
962 753 1081 788 Publii

97 812 233 844 Servilii
254 810 449 842 incredibili
475 809 646 852 gravitate
671 807 829 846 dicendi,
863 807 987 840 absens
1011 817 1082 838 me-

99 876 176 896 cum
210 874 348 895 summo
385 874 448 893 suo
480 860 647 892 beneficio
672 859 776 891 rediit
800 859 834 890 in
859 857 1008 901 gratiam
1024 855 1082 899 ³⁸).

98 916 218 958 Quare
244 909 434 956 epigraphe
459 908 562 943 liuius
588 910 755 955 epistolae
780 910 949 942 mendosa
975 913 1023 940 est
1047 907 1084 938 in

100 965 310 1010 quibusdam
330 962 598 1006 exemplaribus.
651 961 733 994 Nou
752 960 844 993 enim
868 957 1085 1004 proconsuli,

101 1016 159 1048 sed
180 1015 313 1047 consuli
334 1014 498 1057 inscripta
518 1013 594 1046 suit.
647 1011 743 1044 Loco
771 1011 907 1044 exordii
931 1016 981 1043 est
1004 1020 1086 1042 nar-

101 1067 211 1105 ratio,
246 1078 335 1110 quae
363 1065 519 1096 continet
543 1075 704 1102 causam,
741 1075 802 1095 cur
826 1062 966 1095 scribat.
1028 1060 1087 1092 Se—

103 1118 223 1162 quitur
249 1114 465 1160 propositio,
499 1127 588 1159 quae
616 1111 720 1145 habet
744 1113 964 1157 petitionem.
1018 1110 1088 1142 Put-

105 1169 153 1199 tio
173 1166 422 1210 propositionis
440 1172 489 1197 est
506 1171 644 1208 sumpta
667 1176 684 1196 a
710 1164 924 1205 gratitudine
942 1168 976 1195 et
993 1174 1012 1193 a
1029 1172 1089 1193 ne-

106 1219 260 1251 cessitate
286 1230 347 1250 seu
371 1216 546 1260 periculo,
582 1215 677 1260 quod
701 1213 897 1247 necessario
922 1211 1091 1256 reipubli-

106 1281 165 1302 cae
183 1268 397 1305 imminebit,
425 1267 490 1299 nisi
512 1265 719 1307 cogitaverit
738 1266 779 1296 de
797 1264 1015 1297 restituendo
1036 1261 1092 1294 Ci-

109 1332 245 1352 cerone.
301 1318 463 1351 Meminit
479 1317 582 1349 etiam
601 1314 728 1348 liorum
749 1315 931 1348 consulum
956 1311 1092 1355 collegii

107 1371 243 1403 Plinius
265 1370 324 1402 lib.
343 1370 375 1402 7.
399 1381 473 1412 cap.
493 1368 624 1413 12³⁹),
666 1367 726 1399 ubi
756 1366 856 1398 dicit:
898 1364 935 1397 ln
961 1370 1094 1408 specta-

112 1422 196 1454 rnlis
228 1420 374 1464 publicis
404 1421 492 1452 duos
517 1419 729 1462 gladiatores
756 1417 928 1461 prodiisse
953 1415 1094 1459 utrique

113 1473 294 1506 consulum
312 1471 464 1504 Lentulo
483 1477 516 1502 et
533 1470 674 1502 Metello
694 1468 824 1512 Nepoti
839 1467 1051 1501 simillimos.

356 1554 490 1587 Aliud
525 1558 850 1597 argumentum.

219 1622 360 1666 Scripsit
381 1620 470 1654 lianc
487 1620 671 1664 epistolam
684 1620 805 1653 Cicero
823 1619 858 1651 in
877 1619 992 1652 exilio.
1022 1617 1099 1651 Est-

118 1688 184 1721 que
206 1681 277 1707 tota
298 1673 473 1717 petitoria.
527 1672 643 1714 Rogat
660 1671 773 1710 enim,
801 1676 839 1702 ut
864 1682 942 1702 cum
967 1670 1099 1712 collega

119 1727 268 1759 Lentulo
287 1725 472 1767 diligenter
488 1729 602 1762 curet,
628 1735 698 1766 quo
717 1721 933 1754 restituatur.
978 1720 1101 1752 Primo

119 1778 196 1810 loco
225 1776 368 1820 ponitur
386 1773 544 1806 narratio
565 1774 606 1805 de
624 1785 725 1806 causa
743 1772 918 1805 scribendi
934 1769 1001 1804 hoc
1016 1777 1103 1803 tem-

122 1841 218 1873 pore.
278 1825 443 1870 Sequitur
468 1823 685 1868 propositio,
722 1835 811 1868 quae
835 1821 942 1855 hahet
964 1821 1105 1866 petitio-

120 1892 223 1918 nem,
251 1884 289 1910 ut
314 1876 574 1910 rexticati‹›1i‹·iii
600 1874 643 1907 ab
668 1874 770 1906 exilio
798 1874 983 1917 diligenter
1008 1873 1106 1905 adiu-

123 1936 190 1963 vet.
227 1928 332 1961 Ratio
353 1926 606 1971 propositionis
623 1925 774 1958 sumitur
789 1937 806 1957 a
826 1924 1039 1967 gratitudine
1049 1922 1106 1969 ⁴¹⁰).

124 1981 162 2013 lu
180 1981 246 2013 fine
264 1979 361 2011 addit
379 1977 679 2016 admonitionem,
706 1988 750 2008 ne
768 1976 804 2008 in
822 1974 888 2008 liae
904 1987 942 2008 re
960 1981 1107 2019 propter

125 2032 252 2065 multas
274 2042 394 2063 causas
412 2028 591 2072 negligens
608 2027 664 2061 sit.

376 2111 510 2146 Aliud
538 2117 862 2155 argumentum.

228 2180 396 2216 Narratio
429 2181 464 2212 in
490 2180 566 2224 ipso
590 2179 736 2223 ponitur
761 2178 982 2224 exordio‘ss),
1023 2189 1112 2223 quae

133 2233 287 2267 continet
305 2244 445 2271 causas,
473 2243 582 2276 quare
599 2242 672 2262 non
694 2242 832 2273 semper
853 2229 1052 2273 scripserit,
1080 2234 1115 2261 et

136 2297 194 2317 cur
212 2282 278 2316 lioc
294 2282 445 2315 maxime
461 2288 620 2325 tempore
639 2281 682 2313 ad
700 2280 924 2314 scribendum
939 2280 1047 2313 fuerit
1062 2279 1115 2312 in-

136 2335 323 2379 ‹liictiis““-').
376 2333 542 2378 Sequitur
568 2331 783 2376 propositio,
814 2343 905 2376 quae
928 2328 1036 2364 habet
1056 2343 1115 2375 pe-

137 2385 309 2417 titionem.
362 2384 513 2417 Additur
531 2389 777 2427 argumentum
793 2394 811 2414 a
830 2382 965 2414 maiore
991 2383 1034 2414 ad
1050 2381 1115 2414 mi-

174 2502 221 2526 35]
242 2501 298 2524 Cic.
317 2500 386 2524 orat.
406 2499 438 2522 de
459 2505 535 2529 prov.
555 2505 629 2523 cons.
647 2499 674 2529 9,
693 2499 736 2524 22.

175 2544 222 2570 39)
243 2549 298 2571 vap.
316 2542 368 2569 ¹2]
389 2541 427 2564 sic
445 2541 589 2565 secundum
604 2541 688 2566 Editt.
707 2540 891 2571 antiquiores3
910 2539 1056 2564 secundum
1067 2540 1116 2564 Ed.

207 2575 335 2601 Frauzii:
361 2581 417 2604 cap.
436 2576 475 2598 10.
495 2576 572 2602 (Vot.
586 2576 630 2600 111.
650 2583 676 2605 p.
691 2576 759 2604 70.).

175 2619 222 2649 40)
242 2617 422 2648 gratitudine]
442 2616 490 2639 Ed.
505 2617 578 2640 1569.
598 2623 693 2641 errore
711 2619 837 2648 typogr.:
862 2616 1015 2648 gratudine.

174 2663 221 2686 41]
242 2659 365 2688 exordio]
386 2659 433 2682 Ed.
449 2659 521 2682 ¹569.
541 2659 624 2682 mate:
649 2660 761 2683 exordii.

175 2707 221 2735 42)
241 2703 379 2729 inductus]
402 2701 450 2725 Ed.
468 2702 540 2725 1589.
559 2707 654 2726 errore
676 2703 802 2734 typogr.:
833 2702 967 2726 inductas.

1131 579 1181 606 est
1199 573 1243 605 ab
1261 573 1443 606 occasione
1462 573 1649 607 scribendi.

1132 624 1244 662 ratio,
1271 623 1306 656 in
1323 636 1390 668 qua
1417 624 1703 657 commemoratis
1729 624 1799 657 suis
1825 622 2038 668 quibusdam
2060 621 2119 653 be-

1133 675 1281 713 neficiis,
1310 681 1449 708 accusat
1464 674 1612 707 Antonii
1628 674 1931 718 ingratitudiiiem.

1134 726 1289 759 elusione
1307 723 1471 758 hortatur
1490 738 1591 766 eum,
1618 732 1657 759 ut
1671 726 1771 758 malit
1786 731 1905 769 gratus
1928 730 1962 756 et
1987 723 2121 756 amicus

1135 790 1205 811 esse

1124 207 1209 236 nus,
1252 201 1286 228 et
1310 196 1399 228 duae
1423 194 1598 233 rationes,
1643 193 1798 238 primum
1829 202 1848 224 a
1880 202 1940 224 sua
1964 189 2111 234 gratitu-

1124 246 1226 286 dine,
1270 246 1396 279 deinde
1423 258 1442 278 a
1468 245 1625 290 periculo
1653 250 1836 283 secuturo,
1877 241 1946 275 nisi
1969 247 2111 275 strenue

1126 296 1310 330 adiuverit.

1177 395 1495 439 Argumentum
1526 402 1566 429 et
1599 393 1774 429 scholia
1810 394 1854 426 in
1890 393 2064 438 episto-

1547 447 1629 479 lam
1657 446 1699 480 V.

1230 521 1516 566 Expostulatoria
1542 522 1658 567 est‘ffl).
1716 521 1911 555 Exordium
1935 525 2116 563 sumptum

1702 573 1852 618 Reliqua
1873 583 1954 616 pars
1970 576 2021 604 est
2036 582 2118 602 nar-

1982 671 2021 704 ln
2039 683 2121 704 con-

1215 777 1244 796 43
1252 778 1296 823 a).

1238 826 1269 872 ἓ.
1298 828 1329 861 l.
1364 829 1441 861 Etsi
1473 825 1678 874 stcctnerctm]
1718 826 1915 859 Exordium
1951 837 1971 857 a
2006 835 2124 862 causa,

1137 892 1248 925 quare
1257 879 1302 925 Μ)
1321 878 1462 912 scribat.

1242 929 1271 974 ξ.
1292 933 1326 964 2.
1371 931 1438 973 Eyo
1459 931 1490 962 si
1512 929 1571 962 abs
1593 926 1644 975 te]
1678 927 1902 971 Propositio,
1940 925 2126 959 continens

1139 980 1476 1025 expostulationem:
1519 978 1602 1013 Non
1630 978 1780 1012 retulisti
1805 979 1936 1011 bonam
1963 976 2127 1021 gratiam.

1140 1034 1240 1067 Meus
1258 1034 1293 1065 in
1310 1037 1340 1064 te
1357 1028 1509 1076 animus]
1538 1029 1799 1074 Repetitiones.·

1244 1080 1273 1126 ἓ.
1291 1082 1324 1115 3.
1350 1083 1418 1115 Sed
1434 1082 1563 1126 reliqua
1580 1078 1683 1126 milei]
1710 1078 1963 1113 Comminatio,

1362 1162 1499 1196 Aliud
1532 1161 1913 1207 argumentum‘ffi).

1243 1230 1310 1263 Hic
1327 1230 1434 1264 Caius
1452 1229 1628 1263 Antonius
1654 1231 1720 1264 suit
1746 1230 1877 1274 collega
1895 1229 2075 1264 Ciceronis
2095 1229 2133 1262 in

1145 1282 1349 1322 consulatu,
1388 1287 1422 1314 et
1445 1294 1524 1314 cum
1550 1281 1703 1315 exercitu
1720 1288 1772 1315 est
1794 1281 1921 1315 missus
1946 1281 1983 1314 in
2008 1292 2133 1325 agrum

1146 1332 1398 1366 Pistoriensem
1417 1338 1540 1365 contra
1560 1332 1768 1373 Catilinam,
1797 1344 1902 1377 quem
1919 1332 2042 1365 Cicero
2061 1344 2134 1364 me-

1148 1391 1248 1417 tuens
1276 1395 1402 1427 parum
1430 1389 1649 1417 constantem
1674 1383 1889 1428 reipublicae
1912 1384 2135 1416 defensorem

1149 1441 1270 1467 contra
1303 1434 1493 1467 Catilinam
1521 1435 1678 1467 futurum
1691 1461 1700 1475 ,
1743 1435 1917 1479 promissa
1951 1433 2136 1479 provincia

1150 1485 1315 1525 retinuit,
1341 1486 1401 1518 sed
1420 1491 1538 1518 tamen
1556 1487 1715 1518 consecto
1739 1486 1831 1518 hello
1858 1485 1939 1518 odia
1959 1486 2135 1530 quaedam

1152 1537 1242 1569 iuter
1261 1548 1319 1569 eos
1337 1542 1554 1569 exarserunt.
1605 1536 1668 1570 Est
1685 1536 1791 1580 igitur
1809 1535 1956 1580 epistola
1974 1542 2138 1580 expostu-

1152 1587 1299 1626 latoria,
1329 1587 1365 1618 in
1391 1599 1460 1631 qua
1484 1587 1586 1619 initio
1612 1594 1751 1620 accusat
1766 1587 1963 1620 Antonium
1990 1587 2138 1631 ingrati-
2184 1606 2190 1611 »

1153 1638 1304 1677 tudinis,
1331 1637 1436 1671 simul
1455 1639 1663 1678 admonens,
1690 1644 1730 1671 ut
1746 1639 1885 1671 studeat
1902 1638 1938 1676 in
1956 1644 2138 1682 posterum

1155 1695 1273 1733 gratus
1290 1700 1382 1727 esse,
1409 1695 1597 1733 propterea
1616 1689 1713 1734 quod
1731 1700 1820 1733 opus
1835 1687 1965 1722 habeat
1985 1689 2139 1723 aliorum

1156 1740 1299 1773 auxilio,
1350 1739 1474 1784 Neque
1491 1739 1585 1772 enim
1602 1740 1791 1773 obscurum
1812 1751 1906 1780 esse,
1933 1741 2030 1785 quod
2049 1740 2141 1773 male

1156 1790 1459 1824 administraverit
1476 1790 1718 1834 provinciam,
1746 1802 1835 1836 quae
1859 1802 1916 1824 res
1936 1802 2010 1824 non
2032 1790 2143 1836 possit

1158 1842 1206 1876 sic
1223 1841 1340 1881 abire,
1375 1841 1462 1886 quin
1483 1848 1630 1886 propter
1654 1854 1730 1874 eam
1752 1847 1954 1881 accusetur,
1986 1842 2022 1875 id
2045 1842 2142 1888 quod

1159 1899 1278 1938 postea
1307 1892 1412 1925 etiam
1438 1892 1574 1926 accidit.
1632 1892 1787 1925 Rediens
1811 1891 1903 1925 enim
1930 1892 2076 1926 domum
2102 1905 2144 1926 ex

1160 1943 1342 1989 provincia
1368 1949 1548 1976 accusatus
1572 1949 1605 1975 et
1629 1944 1884 1976 condemnatus
1906 1949 1967 1978 est.
2033 1943 2145 1977 Exor-

1162 1997 1259 2029 dium
1282 2000 1462 2039 sumptum
1488 2000 1538 2027 est
1560 1994 1603 2027 ah
1628 1994 1809 2028 occasione
1833 1993 2019 2028 scribendi.
2041 2024 2043 2026 .
2085 1995 2145 2028 Se-

1163 2047 1284 2093 quitur
1308 2045 1505 2091 propositio
1529 2057 1591 2078 seu
1623 2045 1856 2090 expostulatio
1887 2045 1930 2078 de
1959 2045 2145 2090 ingratitu-

1164 2099 1244 2132 dine
1259 2096 1425 2137 Antonii,
1458 2096 1514 2130 cui
1537 2096 1656 2129 addita
1681 2103 1732 2130 est
1755 2101 1903 2130 venusta
1925 2096 2066 2129 collatio
2091 2109 2146 2129 ac·
2177 2127 2178 2130 ,

1166 2156 1348 2195 ceptorum
1382 2147 1660 2189 beneficiorum,
1710 2149 1770 2182 sed
1802 2160 1877 2181 non
1910 2147 2144 2183 redditorum.

1200 2270 1249 2299 43)
1268 2264 1491 2299 Expostulatoria
1509 2265 1577 2293 est.]
1596 2264 1637 2287 sic
1649 2263 1941 2294 Editt.15³7-1554.‚
1962 2263 2047 2295 155⁷„
2061 2264 2147 2296 ¹560„

1236 2305 1328 2334 1601.;
1364 2301 1448 2325 Editt.
1469 2299 1562 2329 1565.,
1589 2299 1680 2325 1569..
1708 2298 1780 2323 1592.
1810 2298 1973 2328 Expostutat
1996 2305 2056 2323 cum
2080 2299 2147 2324 caio

1236 2337 1372 2367 Antonio,
1391 2334 1435 2366 qui
1453 2334 1560 2364 collega
1580 2333 1607 2355 in
1626 2332 1770 2356 consulatu
1788 2333 1886 2358 fuerat.

1201 2389 1268 2422 43³)
1288 2390 1317 2413 ut
1336 2387 1412 2412 malit
1430 2386 1526 2417 gratus
1546 2385 1573 2408 et
1590 2384 1693 2407 amicus
1713 2385 1799 2412 esse]
1823 2384 1864 2407 tiis
1886 2383 1978 2408 verbis
1994 2385 2044 2408 hoc
2061 2389 2147 2414 argu-

1236 2426 1354 2450 mentum
1373 2422 1399 2445 iu
1418 2418 1712 2447 mauman-¹554„
1734 2419 1817 2448 1557..
1840 2419 1923 2448 ¹560„
1946 2419 2020 2443 1601.
2039 2418 2148 2449 finitur;

1237 2456 1460 2485 inEditt.1565.‚
1481 2454 1566 2482 1569„
1588 2454 1661 2478 1582.
1682 2459 1730 2482 pro
1749 2452 1782 2476 iis
1801 2453 1929 2483 leguntur
1946 2453 2026 2476 haec:
2046 2453 2075 2475 ut
2088 2458 2148 2476 ma-

1237 2494 1270 2518 iit
1289 2493 1385 2523 gratus
1404 2496 1465 2513 esse
1493 2489 1519 2511 et
1545 2488 1664 2515 anticus,
1692 2488 1838 2517 propterea
1855 2487 1924 2517 quod
1941 2487 2060 2510 Antonio
2080 2492 2147 2517 opus

1238 2529 1298 2552 erat
1317 2527 1349 2550 ot)
1368 2522 1535 2555 provinciam
1553 2522 1623 2545 mate
1641 2522 1858 2545 administratam
1877 2520 2028 2550 patrocinio
2051 2522 2079 2544 et
2103 2521 2148 2545 fa-

1237 2567 1306 2586 vore
1328 2560 1454 2588 illorum,
1473 2557 1517 2587 qui
1536 2556 1564 2580 in
1582 2556 1720 2586 republica
1738 2555 1899 2580 eminebant.

1203 2615 1251 2642 44)
1270 2612 1368 2643 quare]
1387 2609 1436 2634 Ed.
1456 2608 1529 2632 1545.
1548 2613 1605 2633 cur.

1203 2666 1251 2691 45)
1270 2665 1328 2688 Hoc
1344 2661 1532 2691 argumentum
1557 2660 1583 2684 et
1602 2659 1653 2684 duo
1671 2656 1814 2689 sequeutia
1831 2656 2004 2688 reperiuntur
2023 2657 2051 2682 in
2068 2656 2150 2682 Editt.

1238 2699 1311 2724 1556.
1323 2714 1330 2728 ‚
1350 2694 1538 2721 1565-1596.
