2294 2975
0 1036 2 1101 l

71 122 121 160 29
201 118 324 157 xxm.
375 113 686 154 ARGUMENTA
712 113 779 151 ET
812 98 1017 151 sc'HOLIA
1050 111 1100 150 IN
1133 112 1282 151 EPIST.
1317 113 1431 151 FAM.
1468 113 1554 151 eie.
1588 114 1678 152 LIB.
1703 114 1730 152 1.
1763 116 1835 152 Ep,
1851 117 1886 152 3.
1907 116 1942 152 4.
1963 115 1997 151 5.
2075 117 2124 150 30

75 216 110 243 et
125 207 373 242 deliberativo.
424 205 518 240 Nam
543 216 623 239 cum
647 204 690 237 de
714 202 809 243 eius,
846 215 953 249 quem
979 214 1074 236 com-

74 261 320 295 mendandum
337 257 567 302 suscepimus,
594 256 698 290 laude
714 255 904 288 dicendum
921 260 990 294 est,
1018 266 1075 298 ge-

76 324 161 346 nere
178 309 460 346 demonstrativo
483 308 631 342 utimur.
692 307 782 341 Cum
808 319 893 339 vero
920 306 1074 340 ostendi-

75 376 154 398 mus
169 376 245 397 rem
261 361 450 396 honestam
467 367 502 394 et
518 359 659 393 facilem
679 371 772 399 esse,
801 358 839 391 in
863 370 990 403 genere
1015 358 1075 390 de-

76 414 267 449 liberativo
307 424 504 447 versamur.
582 411 714 445 Carent
748 417 867 444 autem
899 410 1073 455 quaedam

76 466 247 512 epistolae
279 462 607 499 commendatoriae
643 462 817 502 exordiis,
869 461 984 507 qualis
1025 466 1075 494 est

77 516 177 552 haec.
244 517 338 552 Nam
361 515 481 550 statim
506 515 646 548 orditur
669 526 688 547 a
714 513 942 553 narratione,
985 524 1075 558 quae

78 570 154 615 ipsa
173 575 225 603 est
241 567 504 613 argumentatio
523 567 699 613 quaedam
711 592 721 606 ‚
750 577 860 611 quare
873 563 1076 598 Trebonius

78 621 123 656 sit
153 621 479 659 commendandus,
526 618 628 664 quasi
660 617 809 650 diceret:
852 615 1075 650 Commendo

80 672 145 706 tibi
171 672 417 712 Trebonium,
453 669 537 716 quia
561 675 613 703 est
635 669 769 702 amicus
793 681 892 701 meus
917 680 990 700 non
1012 679 1077 699 no-

80 737 162 764 VUS,
189 725 251 758 sed
266 730 377 757 vetus.
430 721 569 754 Deinde
592 726 842 764 argumentum
866 732 883 751 a
910 730 1076 763 persona.

81 774 250 821 Sequitur
273 775 368 808 aliud
399 774 443 806 ab
467 772 664 806 occasione.
729 770 792 804 Est
817 771 973 809 occasio,
1007 780 1074 814 qua

82 827 196 871 possis
220 839 299 860 eum
326 826 495 859 adiuvare
522 830 555 857 et
577 823 609 856 ei
634 821 842 867 gratificari:
877 833 960 863 ergo
985 820 1075 853 iusta

83 884 116 911 et
134 878 218 912 satis
235 876 384 911 honesta
403 882 455 910 est
476 887 602 914 causa,
640 886 702 907 cur
727 873 792 906 tibi
817 872 953 917 eumffi)
980 884 1077 904 com-

83 930 260 963 mendem.
314 928 405 961 Huic
422 931 632 970 argumento
650 925 794 957 additur
812 924 908 957 aliud
925 924 968 955 ab
990 922 1077 955 ami-

84 980 185 1020 citia,
214 991 304 1025 quae
319 979 412 1011 inter
429 977 523 1022 ipsos
541 977 597 1010 sit.
649 976 779 1010 Postea
804 975 966 1021 sequitur
989 974 1077 1019 peti—

83 1031 133 1064 tio
150 1037 184 1063 et
199 1030 399 1075 propositio
423 1027 652 1073 principalis:
687 1027 771 1062 Non
793 1028 893 1060 decet
915 1039 980 1060 nos
1006 1027 1079 1059 fru-

82 1082 188 1116 strari
201 1094 300 1126 spem
320 1081 531 1120 amicorum,
559 1079 621 1125 qui
636 1080 724 1112 bene
740 1079 807 1113 sihi
823 1079 865 1111 de
883 1078 986 1111 nobis
1005 1078 1078 1122 pol—

81 1133 249 1167 licentur:
292 1133 402 1177 igitur
427 1132 639 1165 commendo
668 1131 733 1164 tibi
760 1130 1004 1169 Trebonium,
1046 1135 1076 1161 el

84 1185 158 1218 eius
180 1184 323 1229 negotia
342 1190 382 1217 ¹⁴et
406 1189 670 1228 procuratores.
736 1180 776 1214 In
800 1183 868 1214 fine
894 1181 1078 1215 subiicitur

83 1236 257 1280 generalis
274 1235 428 1269 clausula
447 1233 643 1279 petitionis.

110 1337 434 1382 Argumentum
462 1341 502 1368 et
529 1331 707 1369 scholia
738 1334 967 1379 epistolae
995 1332 1053 1368 IV.

187 1413 269 1458 Quo
286 1412 405 1446 minus
425 1424 467 1445 ex
481 1411 665 1444 voluntate
681 1409 826 1443 Lentuli
848 1416 882 1442 et
899 1407 1080 1441 Ciceronis

84 1478 140 1499 res
163 1465 321 1498 confecta
346 1464 410 1505 sit,
445 1462 590 1496 coniicit
614 1461 755 1506 culpam
782 1461 818 1493 in
846 1466 988 1494 senatus
1012 1460 1080 1492 dis-

82 1516 295 1551 sensionem.
354 1514 589 1559 Subiungitur
622 1512 887 1546 commendatio
922 1511 1028 1544 officii
1060 1523 1078 1543 a

84 1580 167 1602 cura
186 1574 221 1601 et
236 1567 462 1612 providentia
474 1593 484 1607 ,
518 1577 588 1611 qua
607 1564 645 1597 in
661 1563 934 1598 confirmatione
952 1575 1078 1596 causae

84 1632 166 1654 usus
185 1618 302 1666 est‘ffl).

188 1669 219 1715 ἓ.
245 1671 279 1704 1.
318 1672 373 1704 Ad
401 1671 503 1704 XVI.
529 1666 721 1713 Ccclend.⁴⁹)
754 1665 872 1714 febru]
909 1665 1078 1700 'Narratio

85 1728 269 1768 perpetua.

189 1771 219 1817 ξ.
234 1775 270 1808 2.
299 1772 494 1815 Βῖφιῖῗαΐῖε
509 1795 517 1803 .
537 1795 544 1803 .
563 1795 570 1803 .
589 1767 774 1816 rationem]
801 1769 956 1814 Quando
980 1781 1079 1802 sena-

85 1832 140 1859 tus
156 1824 314 1858 decrevit
325 1849 334 1864 ‚
369 1829 408 1855 ut
422 1821 595 1855 Lentulus
613 1821 798 1854 reduceret
814 1833 892 1853 cum
914 1820 1078 1853 exercitu.

190 1874 220 1921 §-
237 1876 272 1910 3.
308 1877 378 1919 Eyo
400 1886 503 1919 neque
525 1875 565 1906 de
586 1885 656 1906 meo
678 1874 790 1906 studio
814 1870 898 1919 eun]
929 1872 1079 1905 Conclu-

85 1928 158 1969 sio,
197 1925 346 1974 quae50)
374 1924 482 1958 habet
513 1925 700 1968 figuratam
730 1923 1077 1956 commendationem

85 1979 282 2014 officiorum
301 1989 460 2012 suorum.

297 2054 435 2089 Aliud
464 2057 778 2097 argumentum
792 2051 852 2097 51).

187 2125 250 2160 Est
277 2125 418 2168 elegans
443 2122 592 2168 epistola
620 2121 745 2154 eodem
770 2121 842 2153 fere
867 2125 1077 2162 argumento

86 2190 166 2212 cum
190 2175 446 2222 superioribus.
512 2173 576 2207 Est
603 2173 699 2206 enim
722 2178 894 2217 perpetua
918 2170 1077 2204 narratio

85 2231 128 2263 de
149 2241 254 2263 causa
277 2226 538 2266 Alexandrina,
575 2224 733 2258 breviter
759 2235 958 2268 exponens,
993 2222 1077 2267 quid

84 2281 123 2314 in
137 2287 263 2315 senatu
280 2281 479 2313 confectum
502 2277 558 2311 sit.
610 2275 748 2309 Deinde
770 2287 861 2321 quae
886 2275 930 2308 sit
955 2274 1077 2318 opinio

84 2339 147 2366 aut
163 2333 257 2365 fama
276 2330 401 2376 populi
416 2328 575 2363 Romani
589 2328 632 2361 de
650 2325 715 2360 hac
730 2339 781 2361 re,
830 2325 999 2371 Inprimis
1019 2338 1078 2359 au-

118 2436 167 2464 47)
187 2433 261 2462 eum]
279 2431 320 2455 sic
337 2430 422 2454 Editt.
444 2428 530 2458 1565„
552 2427 638 2456 1569„
659 2426 751 2456 1577.;
780 2425 807 2449 in
825 2425 874 2448 Ed.
896 2425 969 2448 1556.
991 2425 1077 2449 deest.

116 2480 165 2504 48]
186 2479 244 2501 Hoc
258 2475 448 2505 argumentum
461 2472 561 2495 habent
571 2471 654 2494 Editt.
668 2470 869 2498 1537—1554.,
886 2469 972 2499 ¹557„
994 2469 1077 2492 1560..

155 2513 231 2537 1601.
250 2523 285 2527 —
327 2509 356 2532 In
376 2508 461 2531 Editt.
482 2507 573 2536 1544„
595 2505 688 2533 1554„
711 2503 784 2527 1557.
813 2504 864 2527 hoc
886 2506 1078 2534 argumentum

153 2545 317 2576 inscriptum
336 2544 394 2567 est:
422 2539 528 2565 Giberti
545 2539 673 2570 Longolii
692 2539 798 2562 lemma.

118 2590 165 2622 49)
184 2590 229 2614 Ad
252 2587 333 2613 XVI.
353 2584 493 2612 Ualenti]
519 2582 558 2606 sic
585 2582 650 2606 illae
667 2582 769 2613 Editt.3

151 2623 234 2650 XVI.
253 2623 322 2647 Kal.

116 2669 165 2696 50)
184 2665 351 2695 conclusio,
376 2662 459 2693 quae]
487 2659 528 2683 sic
545 2659 631 2684 Editt.
652 2658 744 2685 1537..
764 2658 858 2685 1540..
879 2658 969 2687 1544„
991 2658 1076 2687 1546,

150 2702 245 2731 1554.‚
267 2699 359 2729 1557„
380 2697 472 2722 1560..
495 2694 585 2724 1601.;
609 2694 659 2718 Ed.
675 2694 748 2717 1545.
769 2692 913 2717 Conclusio
931 2693 1007 2716 haec.

113 2746 162 2775 51)
180 2746 238 2769 Hoc
256 2743 447 2774 argumentum
465 2738 550 2763 Editt.
568 2737 662 2767 1556„
689 2736 879 2760 1565-1596.
898 2736 1006 2760 habent.

806 2581 855 2604 Ed.
882 2580 969 2605 Orell.
989 2581 1021 2605 A.
1041 2581 1077 2606 D.

1127 209 1198 235 tem
1216 209 1256 237 ut
1273 202 1468 238 satisfaciat
1483 202 1659 237 desiderio
1685 203 1810 244 amici,
1838 203 2026 248 diligenter
2049 215 2126 235 mo-

1127 261 1206 295 net,
1234 267 1270 289 se
1287 255 1408 289 multis
1427 255 1717 288 contentionibus
1733 255 1769 288 id
1792 257 1937 289 tandem
1957 254 2124 295 effecisse,

1128 313 1166 340 ut
1183 307 1379 341 multorum
1401 307 1581 340 bonorum
1607 307 1739 340 iudicio
1763 307 1855 351 regis
1879 306 2040 341 reductio
2067 307 2126 339 de-

1128 359 1263 392 seratur
1282 360 1328 392 ad
1344 358 1556 399 Lentulum,
1592 359 1652 392 sed
1681 365 1802 392 tamen
1828 365 1975 403 propter
2002 359 2126 391 adver-

1128 410 1241 444 sarios
1265 417 1299 444 et
1322 410 1603 444 imbecillitatem
1635 411 1910 455 magistratuum
1935 412 1977 444 de
2001 408 2067 442 hac
2088 421 2126 441 re

1128 462 1267 496 nullum
1292 474 1365 496 esse
1389 462 1734 496 senatusconsultum
1761 463 1906 495 factum.
1965 460 2126 505 Disposi-

1130 514 1179 546 tio
1197 514 1355 547 breviter
1372 512 1459 547 haec
1480 521 1541 548 est.
1594 514 1719 547 Primo
1734 514 1814 547 loco
1832 513 1979 558 ponitur
2002 524 2128 557 perpe-

1130 572 1189 599 tua
1217 565 1379 598 narratio
1405 567 1447 598 de
1472 565 1570 609 regio
1592 565 1750 609 negotio.
1802 564 1941 598 Deinde
1967 564 2128 609 sequitur

1130 617 1277 660 insignis
1295 617 1448 650 clausula
1467 616 1504 649 in
1521 618 1589 650 fine
1607 617 1725 650 addita
1740 643 1749 657 ,
1784 618 1844 650 sed
1865 617 2016 661 figurata
2036 621 2129 648 exte-

1130 669 1301 701 nuatione
1320 668 1374 701 sui
1393 668 1518 708 officii,
1546 669 1665 701 addita
1684 668 1942 713 pollicitatione
1970 673 2002 700 et
2029 679 2130 699 excu-

1131 719 1268 753 satione
1285 720 1340 753 sui
1356 719 1487 753 silentii
1503 720 1545 753 de
1566 720 1856 754 adversariorum
1878 719 2038 764 perfidia.

1353 805 1487 838 Aliud
1517 804 1903 851 argumentumffl).

1235 872 1328 906 Tota
1346 873 1494 917 epistola
1514 879 1565 907 est
1584 879 1755 917 perpetua
1780 872 1941 905 narratio
1962 873 2004 905 de
2029 872 2127 915 regio

1131 924 1297 968 negotio,
1327 925 1528 969 significans
1554 925 1591 957 in
1614 936 1718 958 causa
1741 924 1886 957 Lentuli
1906 923 2055 956 feliciter
2079 924 2129 955 la-

1131 978 1299 1010 boratum
1324 989 1397 1010 esse
1420 977 1459 1009 in
1483 983 1628 1016 senatu,
1670 977 1731 1009 sed
1760 982 1909 1021 propter
1930 975 2127 1008 multorum

1132 1028 1377 1062 cavillationes
1393 1041 1432 1061 ac
1452 1028 1698 1061 contentiones
1715 1026 1806 1060 nihil
1824 1025 1938 1060 adhuc
1956 1039 2028 1060 esse
2047 1039 2129 1059 con-

1133 1080 1281 1114 clusum.
1338 1080 1507 1125 Sequitur
1533 1079 1734 1119 conclusio,
1771 1091 1861 1125 quae
1884 1076 1994 1111 habet
2017 1090 2129 1123 quan-

1133 1133 1215 1164 dam
1240 1132 1428 1175 figuratam
1448 1131 1799 1164 commendationem
1826 1143 1973 1165 suorum
1995 1129 2128 1164 studio-

1133 1196 1212 1216 rum
1236 1196 1301 1227 pro
1318 1182 1485 1217 Lentulo,

1377 1266 1516 1300 Aliud
1546 1273 1884 1311 argumentum.

1236 1334 1300 1368 Est
1320 1335 1460 1379 elegans
1485 1335 1654 1379 epistola,
1689 1341 1723 1367 et
1748 1333 1915 1367 convenit
1940 1345 2019 1367 cum
2043 1334 2129 1366 dua-

1132 1387 1198 1420 bus
1215 1387 1522 1431 praecedentibus.
1573 1386 1668 1420 'Nam
1687 1384 1742 1418 bic
1757 1392 1900 1426 narrat,
1936 1396 2028 1430 quae
2052 1390 2129 1417 acta

1133 1438 1251 1485 sint-³³)
1272 1438 1309 1470 in
1325 1445 1450 1472 senatu
1467 1439 1508 1471 de
1524 1439 1727 1471 reducendo
1745 1449 1840 1481 rege.
1878 1436 1996 1470 Habet
2010 1442 2128 1469 autem

1134 1490 1310 1534 insignem
1332 1490 1525 1523 clausulam
1550 1489 1587 1522 in
1610 1491 1679 1522 fine
1705 1489 1885 1529 additam,
1911 1488 1949 1520 in
1967 1499 2037 1533 qua
2054 1499 2131 1519 mo-

1134 1543 1229 1576 deste
1246 1548 1279 1574 et
1297 1542 1454 1575 studium
1474 1548 1507 1574 et
1527 1541 1681 1574 officium
1702 1553 1805 1574 suum
1830 1539 1945 1573 amico
1972 1540 2062 1572 bene
2086 1540 2129 1572 de

1134 1606 1168 1627 se
1185 1594 1316 1627 'merito
1336 1594 1564 1627 commendat
1580 1599 1614 1626 et
1629 1592 1830 1637 pollicetur.

1134 1695 1457 1741 Argumentum
1487 1701 1528 1727 et
1555 1691 1732 1728 scholia
1762 1692 1990 1737 epistolae
2016 1690 2127 1735 V.⁵¹).

1236 1771 1300 1805 Illa
1330 1777 1381 1805 est
1405 1771 1517 1815 magis
1540 1768 1731 1803 rhetorica.
1791 1768 1986 1802 Exorditur
2010 1775 2128 1801 autem

1135 1836 1153 1857 a
1172 1830 1256 1856 voto
1269 1850 1277 1863 ‚
1307 1836 1377 1868 quo
1397 1823 1438 1855 de
1459 1835 1522 1856 suo
1540 1822 1677 1861 studio,
1705 1827 1926 1854 caeterorum
1945 1831 2030 1852 vero
2051 1831 2130 1864 pcr-

1134 1876 1216 1908 fidia
1236 1875 1331 1908 dicit.
1387 1874 1533 1907 Summa
1554 1873 1709 1913 exordii,
1738 1879 1881 1906 votum:
1911 1871 2063 1915 Optavi,
2090 1877 2130 1904 ut

1134 1928 1281 1960 reddere
1297 1926 1505 1959 beneficium
1526 1938 1678 1969 possem.
1734 1923 1936 1958 correctio:
1966 1923 2034 1955 Sed
2053 1929 2131 1955 tan-'

1134 1985 1208 2012 tum
1236 1978 1392 2012 studium
1418 1977 1543 2010 inutile
1567 1983 1720 2020 praesto.
1783 1975 1909 2008 Ratio:
1945 1974 2039 2018 Quia
2068 1973 2128 2005 alii

1133 2036 1215 2064 sunt
1232 2029 1378 2074 perfidi,
1407 2029 1494 2062 Cato
1513 2034 1546 2060 et
1562 2027 1825 2071 Po1npeius⁵⁵).

1235 2081 1348 2125 Epist.
1371 2079 1414 2115 V.
1439 2092 1470 2113 a.
1523 2078 1553 2124 ἓ.
1579 2079 1611 2113 1.
1663 2075 1832 2124 Tametsi]
1872 2074 2070 2109 Exordium
2108 2087 2128 2108 a

1133 2138 1217 2166 voto
1228 2132 1288 2178 56).

1167 2252 1215 2280 52)
1236 2252 1293 2275 Hoc
1324 2250 1515 2281 argumentum
1540 2250 1567 2271 et
1591 2253 1709 2277 sequens
1734 2245 1819 2269 Editt.
1840 2243 2034 2268 1565-1596.
2061 2248 2127 2267 con-

1201 2287 1297 2310 tinent.

1165 2330 1214 2357 53)
1235 2330 1305 2357 sint]
1325 2327 1410 2352 Editt.
1432 2324 1624 2350 1565—1577.
1645 2324 1716 2347 sunt.

1165 2371 1214 2403 54)
1235 2372 1308 2395 Haec
1327 2371 1446 2401 epistola
1465 2370 1492 2392 in
1511 2368 1594 2392 Editt.
1614 2364 1857 2395 Lallemandiana,
1876 2364 2127 2394 Martyni-Lagu-

1202 2413 1253 2430 nae
1271 2407 1296 2431 2.
1317 2408 1344 2429 et
1364 2405 1449 2430 Orell.
1471 2405 1545 2427 recte
1565 2403 1591 2424 in
1612 2402 1679 2424 duas
1700 2400 1789 2423 divisa
1810 2401 1869 2425 est,
1890 2399 1992 2422 litteris
2010 2405 2034 2422 a.
2055 2401 2081 2422 et
2102 2400 2126 2422 b.

1201 2442 1342 2471 signatas,
1363 2446 1475 2469 quarum
1495 2438 1584 2460 altera
1597 2442 1614 2459 a
1628 2435 1720 2458 verbis
1739 2435 1795 2459 Hic
1808 2440 1882 2465 qnae
1897 2435 2027 2465 ayantur
2039 2440 2128 2464 quae-

1200 2482 1254 2507 que
1273 2477 1341 2499 acta
1361 2476 1435 2500 sint,
1456 2471 1557 2501 incipit.

1164 2519 1213 2547 55)
1234 2519 1301 2543 Cato
1322 2520 1349 2541 et
1367 2516 1528 2546 Pompeius]
1548 2514 1588 2537 sic
1606 2513 1691 2538 Editt.
1713 2511 1805 2541 1537.,
1826 2511 1912 2539 1545„
1932 2512 2019 2542 1546„
2041 2511 2126 2540 1560..

1199 2554 1292 2581 1601.;
1312 2551 1492 2579 Edunt-340„
1514 2549 1600 2575 1544..
1622 2547 1709 2579 1557„
1730 2546 1922 2570 1565—1577.
1943 2546 2010 2570 Cato
2030 2552 2126 2575 nempe

1200 2589 1227 2612 et
1252 2587 1396 2616 Pompeius
1424 2586 1474 2610 etc.
1495 2597 1530 2601 —
1572 2584 1630 2607 Hoc
1653 2581 1844 2612 argumentum
1868 2580 1897 2603 in
1914 2581 1997 2604 Editt.
2020 2580 2127 2604 1537—

1200 2622 1287 2651 1546,
1308 2620 1393 2649 1552,
1415 2620 1499 2649 1560.,
1519 2617 1729 2646 1565—1596.,
1750 2616 1825 2638 1601.
1844 2615 1999 2645 invenitur3
2031 2615 2058 2637 in
2076 2614 2126 2637 Ed.

1200 2657 1277 2681 1554.
1295 2661 1351 2679 non
1369 2655 1420 2678 hoc
1438 2654 1544 2683 solum,
1567 2652 1618 2676 sed
1637 2651 1719 2675 etiam
1737 2649 1842 2674 scholia
1861 2656 1935 2679 seqq.
1956 2650 2064 2673 desunt.

1161 2700 1213 2727 56)
1230 2700 1306 2723 Haec
1329 2698 1396 2722 nota
1420 2697 1448 2721 in
1472 2697 1556 2721 Editt.
1577 2696 1668 2727 1540„
1694 2694 1788 2725 1544„
1815 2692 1907 2722 1546„
1934 2692 2026 2721 1552,
2052 2691 2126 2715 1601.

1198 2734 1287 2758 deest.
