<?xml version="1.0" encoding="UTF-8"?>
<!DOCTYPE html PUBLIC "-//W3C//DTD XHTML 1.0 Transitional//EN"
    "http://www.w3.org/TR/xhtml1/DTD/xhtml1-transitional.dtd">
<html xmlns="http://www.w3.org/1999/xhtml" xml:lang="en" lang="en">
 <head>
  <title>
</title>
<meta http-equiv="Content-Type" content="text/html;charset=utf-8" />
  <meta name='ocr-system' content='tesseract 3.04.00' />
  <meta name='ocr-capabilities' content='ocr_page ocr_carea ocr_par ocr_line ocrx_word'/>
</head>
<body>
  <div class='ocr_page' id='page_1' title='image "./operaquaesupersu17melauoft/operaquaesupersu17melauoft_0192.png"; bbox 0 0 2351 2990; ppageno 0'>
   <div class='ocr_carea' id='block_1_1' title="bbox 179 129 251 165">
    <p class='ocr_par' dir='ltr' id='par_1_1' title="bbox 179 129 251 165">
     <span class='ocr_line' id='line_1_1' title="bbox 179 129 251 165; baseline -0.028 0"><span class='ocrx_word' id='word_1_1' title='bbox 179 129 251 165; x_wconf 79' lang='lat'>559</span> 
     </span>
    </p>
   </div>
   <div class='ocr_carea' id='block_1_2' title="bbox 180 208 1170 710">
    <p class='ocr_par' dir='ltr' id='par_1_2' title="bbox 180 208 1170 710">
     <span class='ocr_line' id='line_1_2' title="bbox 181 208 1165 259; baseline -0.007 -11"><span class='ocrx_word' id='word_1_2' title='bbox 181 228 198 248; x_wconf 86' lang='lat' dir='ltr'>a</span> <span class='ocrx_word' id='word_1_3' title='bbox 212 214 346 259; x_wconf 74' lang='lat' dir='ltr'>Lepido</span> <span class='ocrx_word' id='word_1_4' title='bbox 366 214 531 258; x_wconf 75' lang='lat' dir='ltr'>dereptus</span> <span class='ocrx_word' id='word_1_5' title='bbox 549 224 638 248; x_wconf 85' lang='lat' dir='ltr'>sum.</span> <span class='ocrx_word' id='word_1_6' title='bbox 668 211 773 244; x_wconf 82' lang='lat' dir='ltr'>Ratio</span> <span class='ocrx_word' id='word_1_7' title='bbox 792 217 858 244; x_wconf 84' lang='lat' dir='ltr'>est:</span> <span class='ocrx_word' id='word_1_8' title='bbox 896 209 989 254; x_wconf 86' lang='lat' dir='ltr'>Quia</span> <span class='ocrx_word' id='word_1_9' title='bbox 1008 208 1058 241; x_wconf 88' lang='lat' dir='ltr'>illi</span> <span class='ocrx_word' id='word_1_10' title='bbox 1075 220 1165 242; x_wconf 89' lang='lat' dir='ltr'>nun-</span> 
     </span>
     <span class='ocr_line' id='line_1_3' title="bbox 180 259 1165 310; baseline -0.006 -12"><span class='ocrx_word' id='word_1_11' title='bbox 180 278 285 310; x_wconf 76' lang='lat' dir='ltr'>quam</span> <span class='ocrx_word' id='word_1_12' title='bbox 317 266 419 297; x_wconf 82' lang='lat' dir='ltr'>tidem</span> <span class='ocrx_word' id='word_1_13' title='bbox 448 263 566 297; x_wconf 85' lang='lat' dir='ltr'>habui.</span> <span class='ocrx_word' id='word_1_14' title='bbox 635 262 771 295; x_wconf 76' lang='lat' dir='ltr'>Deinde</span> <span class='ocrx_word' id='word_1_15' title='bbox 803 272 865 304; x_wconf 88' lang='lat' dir='ltr'>per</span> <span class='ocrx_word' id='word_1_16' title='bbox 898 259 1165 303; x_wconf 76' lang='lat' dir='ltr'>occupationem</span> 
     </span>
     <span class='ocr_line' id='line_1_4' title="bbox 180 313 1167 359; baseline -0.007 -11"><span class='ocrx_word' id='word_1_17' title='bbox 180 317 345 349; x_wconf 76' lang='lat' dir='ltr'>transfert</span> <span class='ocrx_word' id='word_1_18' title='bbox 361 315 500 359; x_wconf 88' lang='lat' dir='ltr'>culpam</span> <span class='ocrx_word' id='word_1_19' title='bbox 519 315 553 346; x_wconf 88' lang='lat' dir='ltr'>in</span> <span class='ocrx_word' id='word_1_20' title='bbox 571 326 671 346; x_wconf 89' lang='lat' dir='ltr'>snum</span> <span class='ocrx_word' id='word_1_21' title='bbox 691 313 884 356; x_wconf 86' lang='lat' dir='ltr'>pudorem,</span> <span class='ocrx_word' id='word_1_22' title='bbox 914 322 1018 355; x_wconf 87' lang='lat' dir='ltr'>quem</span> <span class='ocrx_word' id='word_1_23' title='bbox 1044 321 1167 342; x_wconf 84' lang='lat' dir='ltr'>narra-</span> 
     </span>
     <span class='ocr_line' id='line_1_5' title="bbox 183 360 1166 409; baseline -0.007 -10"><span class='ocrx_word' id='word_1_24' title='bbox 183 367 278 399; x_wconf 85' lang='lat' dir='ltr'>tione</span> <span class='ocrx_word' id='word_1_25' title='bbox 302 366 456 409; x_wconf 78' lang='lat' dir='ltr'>exponit.</span> <span class='ocrx_word' id='word_1_26' title='bbox 507 365 600 397; x_wconf 84' lang='lat' dir='ltr'>llaec</span> <span class='ocrx_word' id='word_1_27' title='bbox 627 369 676 395; x_wconf 84' lang='lat' dir='ltr'>est</span> <span class='ocrx_word' id='word_1_28' title='bbox 701 362 815 406; x_wconf 85' lang='lat' dir='ltr'>prima</span> <span class='ocrx_word' id='word_1_29' title='bbox 839 372 934 404; x_wconf 90' lang='lat' dir='ltr'>pars.</span> <span class='ocrx_word' id='word_1_30' title='bbox 993 360 1166 406; x_wconf 76' lang='lat' dir='ltr'>Reliquae</span> 
     </span>
     <span class='ocr_line' id='line_1_6' title="bbox 182 411 1167 461; baseline -0.005 -13"><span class='ocrx_word' id='word_1_31' title='bbox 182 424 298 461; x_wconf 76' lang='lat' dir='ltr'>partes</span> <span class='ocrx_word' id='word_1_32' title='bbox 323 423 403 449; x_wconf 90' lang='lat' dir='ltr'>sunt</span> <span class='ocrx_word' id='word_1_33' title='bbox 428 417 499 449; x_wconf 80' lang='lat' dir='ltr'>sere</span> <span class='ocrx_word' id='word_1_34' title='bbox 523 413 755 447; x_wconf 68' lang='lat' dir='ltr'>narrationes.</span> <span class='ocrx_word' id='word_1_35' title='bbox 814 411 907 446; x_wconf 85' lang='lat' dir='ltr'>Nam</span> <span class='ocrx_word' id='word_1_36' title='bbox 934 411 1050 456; x_wconf 90' lang='lat' dir='ltr'>primo</span> <span class='ocrx_word' id='word_1_37' title='bbox 1073 423 1167 444; x_wconf 88' lang='lat' dir='ltr'>com-</span> 
     </span>
     <span class='ocr_line' id='line_1_7' title="bbox 182 461 1167 511; baseline -0.007 -11"><span class='ocrx_word' id='word_1_38' title='bbox 182 473 377 503; x_wconf 80' lang='lat' dir='ltr'>memorat,</span> <span class='ocrx_word' id='word_1_39' title='bbox 426 465 606 511; x_wconf 87' lang='lat' dir='ltr'>quomodo</span> <span class='ocrx_word' id='word_1_40' title='bbox 639 462 764 506; x_wconf 84' lang='lat' dir='ltr'>Lepidi</span> <span class='ocrx_word' id='word_1_41' title='bbox 796 462 942 506; x_wconf 88' lang='lat' dir='ltr'>perfidia</span> <span class='ocrx_word' id='word_1_42' title='bbox 973 461 1167 507; x_wconf 59' lang='lat' dir='ltr'>cognitaffl)</span> 
     </span>
     <span class='ocr_line' id='line_1_8' title="bbox 183 512 1167 558; baseline -0.007 -7"><span class='ocrx_word' id='word_1_43' title='bbox 183 519 310 551; x_wconf 88' lang='lat' dir='ltr'>iterum</span> <span class='ocrx_word' id='word_1_44' title='bbox 335 516 505 558; x_wconf 70' lang='lat' dir='ltr'>effugerit.</span> <span class='ocrx_word' id='word_1_45' title='bbox 573 514 735 547; x_wconf 83' lang='lat' dir='ltr'>Secundo</span> <span class='ocrx_word' id='word_1_46' title='bbox 763 513 917 546; x_wconf 79' lang='lat' dir='ltr'>ostendit</span> <span class='ocrx_word' id='word_1_47' title='bbox 940 512 1167 546; x_wconf 69' lang='lat' dir='ltr'>Laterensem</span> 
     </span>
     <span class='ocr_line' id='line_1_9' title="bbox 184 563 1169 609; baseline -0.002 -9"><span class='ocrx_word' id='word_1_48' title='bbox 184 580 308 600; x_wconf 62' lang='lat' dir='ltr'>vacare</span> <span class='ocrx_word' id='word_1_49' title='bbox 343 566 440 598; x_wconf 85' lang='lat' dir='ltr'>omni</span> <span class='ocrx_word' id='word_1_50' title='bbox 483 565 609 609; x_wconf 76' lang='lat' dir='ltr'>culpa,</span> <span class='ocrx_word' id='word_1_51' title='bbox 664 565 761 609; x_wconf 88' lang='lat' dir='ltr'>quod</span> <span class='ocrx_word' id='word_1_52' title='bbox 795 563 951 608; x_wconf 84' lang='lat' dir='ltr'>Lepidus</span> <span class='ocrx_word' id='word_1_53' title='bbox 992 563 1169 598; x_wconf 84' lang='lat' dir='ltr'>defecerit.</span> 
     </span>
     <span class='ocr_line' id='line_1_10' title="bbox 186 614 1170 651; baseline -0.002 -1"><span class='ocrx_word' id='word_1_54' title='bbox 186 620 367 651; x_wconf 82' lang='lat' dir='ltr'>Postremo</span> <span class='ocrx_word' id='word_1_55' title='bbox 393 615 558 649; x_wconf 83' lang='lat' dir='ltr'>hortatur</span> <span class='ocrx_word' id='word_1_56' title='bbox 581 614 788 648; x_wconf 84' lang='lat' dir='ltr'>Ciceronem</span> <span class='ocrx_word' id='word_1_57' title='bbox 813 616 857 647; x_wconf 90' lang='lat' dir='ltr'>ad</span> <span class='ocrx_word' id='word_1_58' title='bbox 886 615 1058 647; x_wconf 87' lang='lat' dir='ltr'>mittenda</span> <span class='ocrx_word' id='word_1_59' title='bbox 1090 615 1170 648; x_wconf 85' lang='lat' dir='ltr'>sub-</span> 
     </span>
     <span class='ocr_line' id='line_1_11' title="bbox 183 665 1131 710; baseline -0.001 -10"><span class='ocrx_word' id='word_1_60' title='bbox 183 669 289 706; x_wconf 82' lang='lat' dir='ltr'>sidia,</span> <span class='ocrx_word' id='word_1_61' title='bbox 318 674 350 699; x_wconf 87' lang='lat' dir='ltr'>et</span> <span class='ocrx_word' id='word_1_62' title='bbox 363 679 463 700; x_wconf 86' lang='lat' dir='ltr'>suam</span> <span class='ocrx_word' id='word_1_63' title='bbox 486 678 630 710; x_wconf 79' lang='lat' dir='ltr'>operam</span> <span class='ocrx_word' id='word_1_64' title='bbox 650 677 715 709; x_wconf 91' lang='lat' dir='ltr'>pro</span> <span class='ocrx_word' id='word_1_65' title='bbox 735 665 915 710; x_wconf 75' lang='lat' dir='ltr'>republica</span> <span class='ocrx_word' id='word_1_66' title='bbox 933 666 1131 709; x_wconf 88' lang='lat' dir='ltr'>pollicetur.</span> 
     </span>
    </p>
   </div>
   <div class='ocr_carea' id='block_1_3' title="bbox 425 750 924 793">
    <p class='ocr_par' dir='ltr' id='par_1_3' title="bbox 425 750 924 793">
     <span class='ocr_line' id='line_1_12' title="bbox 425 750 924 793; baseline 0.002 -11"><span class='ocrx_word' id='word_1_67' title='bbox 425 750 562 783; x_wconf 79' lang='lat' dir='ltr'>Aliud</span> <span class='ocrx_word' id='word_1_68' title='bbox 598 756 924 793; x_wconf 81' lang='lat' dir='ltr'>argumentum.</span> 
     </span>
    </p>
   </div>
   <div class='ocr_carea' id='block_1_4' title="bbox 185 816 1175 1368">
    <p class='ocr_par' dir='ltr' id='par_1_4' title="bbox 185 816 1175 1368">
     <span class='ocr_line' id='line_1_13' title="bbox 284 816 1172 862; baseline -0.001 -13"><span class='ocrx_word' id='word_1_69' title='bbox 284 818 431 851; x_wconf 77' lang='lat' dir='ltr'>Constat</span> <span class='ocrx_word' id='word_1_70' title='bbox 454 818 601 862; x_wconf 79' lang='lat' dir='ltr'>epistola</span> <span class='ocrx_word' id='word_1_71' title='bbox 620 818 732 851; x_wconf 85' lang='lat' dir='ltr'>tribus</span> <span class='ocrx_word' id='word_1_72' title='bbox 756 817 927 861; x_wconf 87' lang='lat' dir='ltr'>partibus.</span> <span class='ocrx_word' id='word_1_73' title='bbox 981 816 1103 849; x_wconf 85' lang='lat' dir='ltr'>Prima</span> <span class='ocrx_word' id='word_1_74' title='bbox 1121 822 1172 849; x_wconf 82' lang='lat' dir='ltr'>est</span> 
     </span>
     <span class='ocr_line' id='line_1_14' title="bbox 185 866 1171 913; baseline -0.003 -12"><span class='ocrx_word' id='word_1_75' title='bbox 185 870 380 908; x_wconf 73' lang='lat' dir='ltr'>excusatio,</span> <span class='ocrx_word' id='word_1_76' title='bbox 407 881 467 902; x_wconf 89' lang='lat' dir='ltr'>sen</span> <span class='ocrx_word' id='word_1_77' title='bbox 491 869 676 913; x_wconf 83' lang='lat' dir='ltr'>purgatio,</span> <span class='ocrx_word' id='word_1_78' title='bbox 709 869 806 913; x_wconf 88' lang='lat' dir='ltr'>quod</span> <span class='ocrx_word' id='word_1_79' title='bbox 829 874 880 901; x_wconf 87' lang='lat' dir='ltr'>est</span> <span class='ocrx_word' id='word_1_80' title='bbox 905 867 999 900; x_wconf 84' lang='lat' dir='ltr'>visus</span> <span class='ocrx_word' id='word_1_81' title='bbox 1022 866 1171 899; x_wconf 87' lang='lat' dir='ltr'>creduli-</span> 
     </span>
     <span class='ocr_line' id='line_1_15' title="bbox 185 917 1173 964; baseline -0.004 -11"><span class='ocrx_word' id='word_1_82' title='bbox 185 927 255 953; x_wconf 84' lang='lat' dir='ltr'>tate</span> <span class='ocrx_word' id='word_1_83' title='bbox 279 933 296 952; x_wconf 91' lang='lat' dir='ltr'>a</span> <span class='ocrx_word' id='word_1_84' title='bbox 324 920 460 964; x_wconf 88' lang='lat' dir='ltr'>Lepido</span> <span class='ocrx_word' id='word_1_85' title='bbox 487 921 651 964; x_wconf 87' lang='lat' dir='ltr'>deceptus</span> <span class='ocrx_word' id='word_1_86' title='bbox 680 930 764 952; x_wconf 87' lang='lat' dir='ltr'>esse.</span> <span class='ocrx_word' id='word_1_87' title='bbox 833 918 954 951; x_wconf 90' lang='lat' dir='ltr'>Utitur</span> <span class='ocrx_word' id='word_1_88' title='bbox 978 923 1095 950; x_wconf 87' lang='lat' dir='ltr'>antem</span> <span class='ocrx_word' id='word_1_89' title='bbox 1119 917 1173 949; x_wconf 91' lang='lat' dir='ltr'>in-</span> 
     </span>
     <span class='ocr_line' id='line_1_16' title="bbox 187 967 1173 1012; baseline -0.003 -10"><span class='ocrx_word' id='word_1_90' title='bbox 187 971 368 1004; x_wconf 81' lang='lat' dir='ltr'>fitiatione.</span> <span class='ocrx_word' id='word_1_91' title='bbox 429 971 587 1003; x_wconf 85' lang='lat' dir='ltr'>Secunda</span> <span class='ocrx_word' id='word_1_92' title='bbox 611 968 718 1002; x_wconf 88' lang='lat' dir='ltr'>habet</span> <span class='ocrx_word' id='word_1_93' title='bbox 741 968 1066 1007; x_wconf 83' lang='lat' dir='ltr'>enumerationem,</span> <span class='ocrx_word' id='word_1_94' title='bbox 1100 967 1173 1012; x_wconf 89' lang='lat' dir='ltr'>pri-</span> 
     </span>
     <span class='ocr_line' id='line_1_17' title="bbox 187 1019 1172 1064; baseline -0.004 -10"><span class='ocrx_word' id='word_1_95' title='bbox 187 1034 283 1054; x_wconf 89' lang='lat' dir='ltr'>mum</span> <span class='ocrx_word' id='word_1_96' title='bbox 301 1021 506 1054; x_wconf 81' lang='lat' dir='ltr'>desectionis</span> <span class='ocrx_word' id='word_1_97' title='bbox 523 1020 666 1064; x_wconf 89' lang='lat' dir='ltr'>Lepidi;</span> <span class='ocrx_word' id='word_1_98' title='bbox 696 1019 822 1051; x_wconf 83' lang='lat' dir='ltr'>deinde</span> <span class='ocrx_word' id='word_1_99' title='bbox 837 1019 890 1052; x_wconf 91' lang='lat' dir='ltr'>sni</span> <span class='ocrx_word' id='word_1_100' title='bbox 907 1019 1076 1052; x_wconf 84' lang='lat' dir='ltr'>discessus</span> <span class='ocrx_word' id='word_1_101' title='bbox 1094 1031 1172 1051; x_wconf 90' lang='lat' dir='ltr'>cnm</span> 
     </span>
     <span class='ocr_line' id='line_1_18' title="bbox 185 1069 1173 1115; baseline -0.002 -12"><span class='ocrx_word' id='word_1_102' title='bbox 185 1072 356 1107; x_wconf 61' lang='lat' dir='ltr'>exercitm</span> <span class='ocrx_word' id='word_1_103' title='bbox 382 1078 503 1115; x_wconf 85' lang='lat' dir='ltr'>postea</span> <span class='ocrx_word' id='word_1_104' title='bbox 528 1078 579 1105; x_wconf 84' lang='lat' dir='ltr'>est</span> <span class='ocrx_word' id='word_1_105' title='bbox 599 1069 835 1104; x_wconf 83' lang='lat' dir='ltr'>honorificum</span> <span class='ocrx_word' id='word_1_106' title='bbox 861 1069 1106 1102; x_wconf 89' lang='lat' dir='ltr'>testimonium</span> <span class='ocrx_word' id='word_1_107' title='bbox 1130 1069 1173 1101; x_wconf 92' lang='lat' dir='ltr'>de</span> 
     </span>
     <span class='ocr_line' id='line_1_19' title="bbox 185 1119 1175 1166; baseline -0.002 -12"><span class='ocrx_word' id='word_1_108' title='bbox 185 1122 386 1160; x_wconf 87' lang='lat' dir='ltr'>Laterensi;</span> <span class='ocrx_word' id='word_1_109' title='bbox 415 1128 594 1165; x_wconf 87' lang='lat' dir='ltr'>postremo</span> <span class='ocrx_word' id='word_1_110' title='bbox 613 1122 648 1154; x_wconf 92' lang='lat' dir='ltr'>in</span> <span class='ocrx_word' id='word_1_111' title='bbox 665 1127 799 1166; x_wconf 88' lang='lat' dir='ltr'>quanto</span> <span class='ocrx_word' id='word_1_112' title='bbox 825 1120 907 1152; x_wconf 91' lang='lat' dir='ltr'>odio</span> <span class='ocrx_word' id='word_1_113' title='bbox 930 1120 974 1153; x_wconf 88' lang='lat' dir='ltr'>sit</span> <span class='ocrx_word' id='word_1_114' title='bbox 997 1120 1093 1163; x_wconf 84' lang='lat' dir='ltr'>apud</span> <span class='ocrx_word' id='word_1_115' title='bbox 1108 1119 1175 1152; x_wconf 88' lang='lat' dir='ltr'>Le-</span> 
     </span>
     <span class='ocr_line' id='line_1_20' title="bbox 186 1170 1174 1216; baseline -0.002 -12"><span class='ocrx_word' id='word_1_116' title='bbox 186 1173 310 1216; x_wconf 87' lang='lat' dir='ltr'>pidum</span> <span class='ocrx_word' id='word_1_117' title='bbox 335 1179 368 1205; x_wconf 84' lang='lat' dir='ltr'>et</span> <span class='ocrx_word' id='word_1_118' title='bbox 390 1172 598 1206; x_wconf 82' lang='lat' dir='ltr'>Antonium.</span> <span class='ocrx_word' id='word_1_119' title='bbox 667 1170 802 1204; x_wconf 88' lang='lat' dir='ltr'>Ultima</span> <span class='ocrx_word' id='word_1_120' title='bbox 829 1182 911 1214; x_wconf 87' lang='lat' dir='ltr'>pars</span> <span class='ocrx_word' id='word_1_121' title='bbox 932 1170 1091 1203; x_wconf 89' lang='lat' dir='ltr'>continet</span> <span class='ocrx_word' id='word_1_122' title='bbox 1114 1171 1174 1203; x_wconf 91' lang='lat' dir='ltr'>ad-</span> 
     </span>
     <span class='ocr_line' id='line_1_21' title="bbox 188 1220 1175 1256; baseline -0.004 0"><span class='ocrx_word' id='word_1_123' title='bbox 188 1222 426 1256; x_wconf 84' lang='lat' dir='ltr'>hortationem</span> <span class='ocrx_word' id='word_1_124' title='bbox 457 1224 500 1256; x_wconf 88' lang='lat' dir='ltr'>de</span> <span class='ocrx_word' id='word_1_125' title='bbox 532 1223 705 1256; x_wconf 87' lang='lat' dir='ltr'>mittendo</span> <span class='ocrx_word' id='word_1_126' title='bbox 739 1221 904 1254; x_wconf 81' lang='lat' dir='ltr'>exercitu.</span> <span class='ocrx_word' id='word_1_127' title='bbox 966 1220 1007 1253; x_wconf 91' lang='lat' dir='ltr'>In</span> <span class='ocrx_word' id='word_1_128' title='bbox 1030 1220 1099 1253; x_wconf 89' lang='lat' dir='ltr'>fine</span> <span class='ocrx_word' id='word_1_129' title='bbox 1124 1226 1175 1254; x_wconf 87' lang='lat' dir='ltr'>est</span> 
     </span>
     <span class='ocr_line' id='line_1_22' title="bbox 187 1271 1174 1317; baseline -0.003 -11"><span class='ocrx_word' id='word_1_130' title='bbox 187 1274 394 1317; x_wconf 84' lang='lat' dir='ltr'>significatio</span> <span class='ocrx_word' id='word_1_131' title='bbox 420 1286 482 1308; x_wconf 89' lang='lat' dir='ltr'>seu</span> <span class='ocrx_word' id='word_1_132' title='bbox 504 1273 702 1307; x_wconf 86' lang='lat' dir='ltr'>testificatio</span> <span class='ocrx_word' id='word_1_133' title='bbox 730 1272 785 1306; x_wconf 87' lang='lat' dir='ltr'>sui</span> <span class='ocrx_word' id='word_1_134' title='bbox 807 1271 938 1305; x_wconf 88' lang='lat' dir='ltr'>amoris</span> <span class='ocrx_word' id='word_1_135' title='bbox 969 1282 1052 1314; x_wconf 84' lang='lat' dir='ltr'>erga</span> <span class='ocrx_word' id='word_1_136' title='bbox 1082 1282 1174 1304; x_wconf 89' lang='lat' dir='ltr'>rem-</span> 
     </span>
     <span class='ocr_line' id='line_1_23' title="bbox 187 1325 376 1368; baseline 0.011 -11"><span class='ocrx_word' id='word_1_137' title='bbox 187 1325 376 1368; x_wconf 82' lang='lat' dir='ltr'>publicam.</span> 
     </span>
    </p>
   </div>
   <div class='ocr_carea' id='block_1_5' title="bbox 430 1399 927 1442">
    <p class='ocr_par' dir='ltr' id='par_1_5' title="bbox 430 1399 927 1442">
     <span class='ocr_line' id='line_1_24' title="bbox 430 1399 927 1442; baseline -0.004 -9"><span class='ocrx_word' id='word_1_138' title='bbox 430 1399 562 1433; x_wconf 79' lang='lat' dir='ltr'>Aliud</span> <span class='ocrx_word' id='word_1_139' title='bbox 600 1404 927 1442; x_wconf 86' lang='lat' dir='ltr'>argumentum.</span> 
     </span>
    </p>
   </div>
   <div class='ocr_carea' id='block_1_6' title="bbox 189 1461 1176 2168">
    <p class='ocr_par' dir='ltr' id='par_1_6' title="bbox 189 1461 1176 2168">
     <span class='ocr_line' id='line_1_25' title="bbox 291 1461 1174 1506; baseline -0.007 -7"><span class='ocrx_word' id='word_1_140' title='bbox 291 1466 488 1499; x_wconf 81' lang='lat' dir='ltr'>Exordium</span> <span class='ocrx_word' id='word_1_141' title='bbox 509 1472 559 1499; x_wconf 83' lang='lat' dir='ltr'>est</span> <span class='ocrx_word' id='word_1_142' title='bbox 573 1466 680 1497; x_wconf 64' lang='lat' dir='ltr'>breve</span> <span class='ocrx_word' id='word_1_143' title='bbox 705 1465 749 1496; x_wconf 86' lang='lat' dir='ltr'>ab</span> <span class='ocrx_word' id='word_1_144' title='bbox 774 1463 889 1496; x_wconf 90' lang='lat' dir='ltr'>officio</span> <span class='ocrx_word' id='word_1_145' title='bbox 915 1475 991 1496; x_wconf 89' lang='lat' dir='ltr'>suo.</span> <span class='ocrx_word' id='word_1_146' title='bbox 1051 1461 1174 1506; x_wconf 83' lang='lat' dir='ltr'>Sequi-</span> 
     </span>
     <span class='ocr_line' id='line_1_26' title="bbox 189 1512 1174 1560; baseline -0.005 -11"><span class='ocrx_word' id='word_1_147' title='bbox 189 1524 246 1550; x_wconf 89' lang='lat' dir='ltr'>tur</span> <span class='ocrx_word' id='word_1_148' title='bbox 264 1517 422 1549; x_wconf 84' lang='lat' dir='ltr'>narratio</span> <span class='ocrx_word' id='word_1_149' title='bbox 436 1543 444 1555; x_wconf 88' lang='lat'><strong>‚</strong></span> <span class='ocrx_word' id='word_1_150' title='bbox 470 1528 539 1560; x_wconf 87' lang='lat' dir='ltr'>qua</span> <span class='ocrx_word' id='word_1_151' title='bbox 556 1515 719 1558; x_wconf 84' lang='lat' dir='ltr'>exponit,</span> <span class='ocrx_word' id='word_1_152' title='bbox 746 1526 807 1546; x_wconf 86' lang='lat' dir='ltr'>cur</span> <span class='ocrx_word' id='word_1_153' title='bbox 824 1525 945 1557; x_wconf 87' lang='lat' dir='ltr'>passus</span> <span class='ocrx_word' id='word_1_154' title='bbox 961 1513 1006 1545; x_wconf 87' lang='lat' dir='ltr'>sit</span> <span class='ocrx_word' id='word_1_155' title='bbox 1022 1512 1088 1546; x_wconf 90' lang='lat' dir='ltr'>sibi</span> <span class='ocrx_word' id='word_1_156' title='bbox 1110 1513 1174 1544; x_wconf 87' lang='lat' dir='ltr'>im-</span> 
     </span>
     <span class='ocr_line' id='line_1_27' title="bbox 189 1561 1175 1612; baseline -0.006 -12"><span class='ocrx_word' id='word_1_157' title='bbox 189 1568 275 1612; x_wconf 90' lang='lat' dir='ltr'>poni</span> <span class='ocrx_word' id='word_1_158' title='bbox 297 1580 315 1599; x_wconf 87' lang='lat' dir='ltr'>a</span> <span class='ocrx_word' id='word_1_159' title='bbox 333 1567 482 1610; x_wconf 80' lang='lat' dir='ltr'>Lepido,</span> <span class='ocrx_word' id='word_1_160' title='bbox 535 1566 665 1610; x_wconf 82' lang='lat' dir='ltr'>Estque</span> <span class='ocrx_word' id='word_1_161' title='bbox 690 1564 903 1608; x_wconf 88' lang='lat' dir='ltr'>principium</span> <span class='ocrx_word' id='word_1_162' title='bbox 925 1561 1029 1596; x_wconf 85' lang='lat' dir='ltr'>huius</span> <span class='ocrx_word' id='word_1_163' title='bbox 1051 1574 1175 1594; x_wconf 86' lang='lat' dir='ltr'>narra-</span> 
     </span>
     <span class='ocr_line' id='line_1_28' title="bbox 190 1613 1175 1661; baseline -0.005 -11"><span class='ocrx_word' id='word_1_164' title='bbox 190 1618 297 1651; x_wconf 83' lang='lat' dir='ltr'>tionis</span> <span class='ocrx_word' id='word_1_165' title='bbox 312 1615 456 1661; x_wconf 85' lang='lat' dir='ltr'>pulchre</span> <span class='ocrx_word' id='word_1_166' title='bbox 473 1623 638 1649; x_wconf 89' lang='lat' dir='ltr'>ornatum</span> <span class='ocrx_word' id='word_1_167' title='bbox 657 1615 810 1658; x_wconf 78' lang='lat' dir='ltr'>generali</span> <span class='ocrx_word' id='word_1_168' title='bbox 836 1614 1011 1648; x_wconf 86' lang='lat' dir='ltr'>sententia</span> <span class='ocrx_word' id='word_1_169' title='bbox 1035 1613 1077 1645; x_wconf 92' lang='lat' dir='ltr'>de</span> <span class='ocrx_word' id='word_1_170' title='bbox 1102 1625 1175 1646; x_wconf 84' lang='lat' dir='ltr'>cre-</span> 
     </span>
     <span class='ocr_line' id='line_1_29' title="bbox 191 1664 1172 1709; baseline -0.006 -8"><span class='ocrx_word' id='word_1_171' title='bbox 191 1669 354 1705; x_wconf 82' lang='lat' dir='ltr'>dulitate;</span> <span class='ocrx_word' id='word_1_172' title='bbox 383 1667 465 1700; x_wconf 87' lang='lat' dir='ltr'>item</span> <span class='ocrx_word' id='word_1_173' title='bbox 482 1668 523 1699; x_wconf 91' lang='lat' dir='ltr'>de</span> <span class='ocrx_word' id='word_1_174' title='bbox 549 1678 688 1704; x_wconf 85' lang='lat' dir='ltr'>errore,</span> <span class='ocrx_word' id='word_1_175' title='bbox 723 1678 812 1709; x_wconf 87' lang='lat' dir='ltr'>quae</span> <span class='ocrx_word' id='word_1_176' title='bbox 838 1666 927 1698; x_wconf 89' lang='lat' dir='ltr'>duae</span> <span class='ocrx_word' id='word_1_177' title='bbox 952 1676 1007 1697; x_wconf 85' lang='lat' dir='ltr'>res</span> <span class='ocrx_word' id='word_1_178' title='bbox 1033 1664 1172 1696; x_wconf 69' lang='lat' dir='ltr'>veniam</span> 
     </span>
     <span class='ocr_line' id='line_1_30' title="bbox 190 1714 1175 1760; baseline -0.005 -8"><span class='ocrx_word' id='word_1_179' title='bbox 190 1725 383 1752; x_wconf 87' lang='lat' dir='ltr'>merentur.</span> <span class='ocrx_word' id='word_1_180' title='bbox 448 1718 584 1750; x_wconf 85' lang='lat' dir='ltr'>Deinde</span> <span class='ocrx_word' id='word_1_181' title='bbox 611 1715 770 1760; x_wconf 88' lang='lat' dir='ltr'>sequitur</span> <span class='ocrx_word' id='word_1_182' title='bbox 800 1715 976 1749; x_wconf 83' lang='lat' dir='ltr'>excusatio</span> <span class='ocrx_word' id='word_1_183' title='bbox 1007 1715 1048 1747; x_wconf 91' lang='lat' dir='ltr'>de</span> <span class='ocrx_word' id='word_1_184' title='bbox 1072 1714 1175 1747; x_wconf 87' lang='lat' dir='ltr'>Late—</span> 
     </span>
     <span class='ocr_line' id='line_1_31' title="bbox 189 1764 1175 1814; baseline -0.006 -11"><span class='ocrx_word' id='word_1_185' title='bbox 189 1769 304 1809; x_wconf 86' lang='lat' dir='ltr'>rensi,</span> <span class='ocrx_word' id='word_1_186' title='bbox 346 1769 406 1814; x_wconf 91' lang='lat' dir='ltr'>qui</span> <span class='ocrx_word' id='word_1_187' title='bbox 430 1781 504 1801; x_wconf 90' lang='lat' dir='ltr'>non</span> <span class='ocrx_word' id='word_1_188' title='bbox 526 1768 609 1802; x_wconf 83' lang='lat' dir='ltr'>satis</span> <span class='ocrx_word' id='word_1_189' title='bbox 634 1766 814 1810; x_wconf 80' lang='lat' dir='ltr'>explorata</span> <span class='ocrx_word' id='word_1_190' title='bbox 843 1766 1024 1799; x_wconf 75' lang='lat' dir='ltr'>voluntate</span> <span class='ocrx_word' id='word_1_191' title='bbox 1048 1764 1175 1809; x_wconf 87' lang='lat' dir='ltr'>Lepidi</span> 
     </span>
     <span class='ocr_line' id='line_1_32' title="bbox 190 1815 1176 1863; baseline -0.005 -10"><span class='ocrx_word' id='word_1_192' title='bbox 190 1820 432 1863; x_wconf 83' lang='lat' dir='ltr'>indignissime</span> <span class='ocrx_word' id='word_1_193' title='bbox 451 1820 494 1852; x_wconf 86' lang='lat' dir='ltr'>ab</span> <span class='ocrx_word' id='word_1_194' title='bbox 513 1830 554 1851; x_wconf 90' lang='lat' dir='ltr'>co</span> <span class='ocrx_word' id='word_1_195' title='bbox 573 1818 831 1850; x_wconf 76' lang='lat' dir='ltr'>circumventus</span> <span class='ocrx_word' id='word_1_196' title='bbox 854 1816 909 1851; x_wconf 86' lang='lat' dir='ltr'>sit.</span> <span class='ocrx_word' id='word_1_197' title='bbox 968 1815 1100 1849; x_wconf 87' lang='lat' dir='ltr'>Addita</span> <span class='ocrx_word' id='word_1_198' title='bbox 1125 1822 1176 1848; x_wconf 89' lang='lat' dir='ltr'>est</span> 
     </span>
     <span class='ocr_line' id='line_1_33' title="bbox 192 1867 1175 1913; baseline -0.005 -9"><span class='ocrx_word' id='word_1_199' title='bbox 192 1871 306 1904; x_wconf 74' lang='lat' dir='ltr'>brevis</span> <span class='ocrx_word' id='word_1_200' title='bbox 323 1869 542 1903; x_wconf 86' lang='lat' dir='ltr'>enumeratio</span> <span class='ocrx_word' id='word_1_201' title='bbox 558 1868 818 1913; x_wconf 80' lang='lat' dir='ltr'>periculorum,</span> <span class='ocrx_word' id='word_1_202' title='bbox 852 1867 890 1899; x_wconf 92' lang='lat' dir='ltr'>in</span> <span class='ocrx_word' id='word_1_203' title='bbox 916 1867 1043 1912; x_wconf 88' lang='lat' dir='ltr'>quibus</span> <span class='ocrx_word' id='word_1_204' title='bbox 1068 1867 1175 1900; x_wconf 84' lang='lat' dir='ltr'>suerit</span> 
     </span>
     <span class='ocr_line' id='line_1_34' title="bbox 190 1917 1175 1966; baseline -0.004 -13"><span class='ocrx_word' id='word_1_205' title='bbox 190 1921 264 1966; x_wconf 89' lang='lat' dir='ltr'>ipse</span> <span class='ocrx_word' id='word_1_206' title='bbox 286 1922 455 1958; x_wconf 90' lang='lat' dir='ltr'>Plancus;</span> <span class='ocrx_word' id='word_1_207' title='bbox 490 1920 573 1952; x_wconf 87' lang='lat' dir='ltr'>item</span> <span class='ocrx_word' id='word_1_208' title='bbox 606 1930 812 1958; x_wconf 87' lang='lat' dir='ltr'>causarum,</span> <span class='ocrx_word' id='word_1_209' title='bbox 853 1924 999 1962; x_wconf 88' lang='lat' dir='ltr'>propter</span> <span class='ocrx_word' id='word_1_210' title='bbox 1026 1929 1112 1962; x_wconf 89' lang='lat' dir='ltr'>quas</span> <span class='ocrx_word' id='word_1_211' title='bbox 1138 1917 1175 1949; x_wconf 90' lang='lat' dir='ltr'>iu</span> 
     </span>
     <span class='ocr_line' id='line_1_35' title="bbox 191 1967 1173 2014; baseline -0.005 -9"><span class='ocrx_word' id='word_1_212' title='bbox 191 1979 289 2005; x_wconf 85' lang='lat' dir='ltr'>tanto</span> <span class='ocrx_word' id='word_1_213' title='bbox 307 1972 389 2005; x_wconf 89' lang='lat' dir='ltr'>odio</span> <span class='ocrx_word' id='word_1_214' title='bbox 407 1971 452 2004; x_wconf 88' lang='lat' dir='ltr'>sit</span> <span class='ocrx_word' id='word_1_215' title='bbox 474 1971 568 2014; x_wconf 87' lang='lat' dir='ltr'>apud</span> <span class='ocrx_word' id='word_1_216' title='bbox 592 1969 781 2002; x_wconf 83' lang='lat' dir='ltr'>exercitum</span> <span class='ocrx_word' id='word_1_217' title='bbox 796 1967 935 2012; x_wconf 86' lang='lat' dir='ltr'>Lepidi.</span> <span class='ocrx_word' id='word_1_218' title='bbox 987 1968 1173 2001; x_wconf 71' lang='lat' dir='ltr'>Postremo</span> 
     </span>
     <span class='ocr_line' id='line_1_36' title="bbox 190 2017 1174 2067; baseline -0.005 -11"><span class='ocrx_word' id='word_1_219' title='bbox 190 2023 335 2067; x_wconf 87' lang='lat' dir='ltr'>ponitur</span> <span class='ocrx_word' id='word_1_220' title='bbox 360 2020 563 2055; x_wconf 82' lang='lat' dir='ltr'>adhortatio</span> <span class='ocrx_word' id='word_1_221' title='bbox 582 2022 623 2053; x_wconf 91' lang='lat' dir='ltr'>de</span> <span class='ocrx_word' id='word_1_222' title='bbox 641 2019 815 2052; x_wconf 89' lang='lat' dir='ltr'>mittendo</span> <span class='ocrx_word' id='word_1_223' title='bbox 834 2021 997 2052; x_wconf 79' lang='lat' dir='ltr'>exercitu.</span> <span class='ocrx_word' id='word_1_224' title='bbox 1049 2017 1088 2051; x_wconf 92' lang='lat' dir='ltr'>In</span> <span class='ocrx_word' id='word_1_225' title='bbox 1106 2019 1174 2052; x_wconf 88' lang='lat' dir='ltr'>fine</span> 
     </span>
     <span class='ocr_line' id='line_1_37' title="bbox 190 2069 1173 2116; baseline -0.004 -10"><span class='ocrx_word' id='word_1_226' title='bbox 190 2080 242 2107; x_wconf 89' lang='lat' dir='ltr'>est</span> <span class='ocrx_word' id='word_1_227' title='bbox 264 2074 381 2106; x_wconf 67' lang='lat' dir='ltr'>brevis</span> <span class='ocrx_word' id='word_1_228' title='bbox 405 2070 613 2116; x_wconf 87' lang='lat' dir='ltr'>significatio</span> <span class='ocrx_word' id='word_1_229' title='bbox 638 2076 829 2115; x_wconf 83' lang='lat' dir='ltr'>perpetuae</span> <span class='ocrx_word' id='word_1_230' title='bbox 857 2069 1082 2113; x_wconf 86' lang='lat' dir='ltr'>gratitudinis</span> <span class='ocrx_word' id='word_1_231' title='bbox 1108 2082 1173 2114; x_wconf 90' lang='lat' dir='ltr'>pro</span> 
     </span>
     <span class='ocr_line' id='line_1_38' title="bbox 191 2124 509 2168; baseline 0 -11"><span class='ocrx_word' id='word_1_232' title='bbox 191 2124 340 2168; x_wconf 86' lang='lat' dir='ltr'>acceptis</span> <span class='ocrx_word' id='word_1_233' title='bbox 361 2124 509 2157; x_wconf 86' lang='lat' dir='ltr'>meritis.</span> 
     </span>
    </p>
   </div>
   <div class='ocr_carea' id='block_1_7' title="bbox 391 2204 972 2250">
    <p class='ocr_par' dir='ltr' id='par_1_7' title="bbox 391 2204 972 2250">
     <span class='ocr_line' id='line_1_39' title="bbox 391 2204 972 2250; baseline -0.005 -10"><span class='ocrx_word' id='word_1_234' title='bbox 391 2207 528 2240; x_wconf 89' lang='lat' dir='ltr'>Aliud</span> <span class='ocrx_word' id='word_1_235' title='bbox 565 2204 972 2250; x_wconf 55' lang='lat' dir='ltr'>argumentumffla).</span> 
     </span>
    </p>
   </div>
   <div class='ocr_carea' id='block_1_8' title="bbox 192 2269 1175 2520">
    <p class='ocr_par' dir='ltr' id='par_1_8' title="bbox 192 2269 1175 2520">
     <span class='ocr_line' id='line_1_40' title="bbox 291 2269 1175 2317; baseline -0.006 -9"><span class='ocrx_word' id='word_1_236' title='bbox 291 2274 437 2308; x_wconf 83' lang='lat' dir='ltr'>Summa</span> <span class='ocrx_word' id='word_1_237' title='bbox 455 2272 623 2317; x_wconf 88' lang='lat' dir='ltr'>epistolae</span> <span class='ocrx_word' id='word_1_238' title='bbox 644 2277 695 2304; x_wconf 85' lang='lat' dir='ltr'>cst</span> <span class='ocrx_word' id='word_1_239' title='bbox 713 2269 854 2315; x_wconf 85' lang='lat' dir='ltr'>querela</span> <span class='ocrx_word' id='word_1_240' title='bbox 881 2270 922 2302; x_wconf 89' lang='lat' dir='ltr'>de</span> <span class='ocrx_word' id='word_1_241' title='bbox 946 2269 1092 2314; x_wconf 88' lang='lat' dir='ltr'>perfidia</span> <span class='ocrx_word' id='word_1_242' title='bbox 1109 2269 1175 2303; x_wconf 89' lang='lat' dir='ltr'>Le-</span> 
     </span>
     <span class='ocr_line' id='line_1_41' title="bbox 193 2320 1173 2369; baseline -0.004 -11"><span class='ocrx_word' id='word_1_243' title='bbox 193 2325 277 2369; x_wconf 88' lang='lat' dir='ltr'>pidi.</span> <span class='ocrx_word' id='word_1_244' title='bbox 330 2324 524 2357; x_wconf 75' lang='lat' dir='ltr'>Exordium</span> <span class='ocrx_word' id='word_1_245' title='bbox 549 2328 685 2355; x_wconf 84' lang='lat' dir='ltr'>constat</span> <span class='ocrx_word' id='word_1_246' title='bbox 703 2320 948 2359; x_wconf 75' lang='lat' dir='ltr'>excusatione,</span> <span class='ocrx_word' id='word_1_247' title='bbox 984 2322 1079 2365; x_wconf 90' lang='lat' dir='ltr'>quod</span> <span class='ocrx_word' id='word_1_248' title='bbox 1102 2327 1173 2354; x_wconf 90' lang='lat' dir='ltr'>tam</span> 
     </span>
     <span class='ocr_line' id='line_1_42' title="bbox 194 2371 1175 2419; baseline -0.004 -11"><span class='ocrx_word' id='word_1_249' title='bbox 194 2388 304 2419; x_wconf 87' lang='lat' dir='ltr'>prope</span> <span class='ocrx_word' id='word_1_250' title='bbox 321 2376 364 2408; x_wconf 85' lang='lat' dir='ltr'>ad</span> <span class='ocrx_word' id='word_1_251' title='bbox 379 2374 505 2418; x_wconf 89' lang='lat' dir='ltr'>Lepidi</span> <span class='ocrx_word' id='word_1_252' title='bbox 523 2374 640 2418; x_wconf 86' lang='lat' dir='ltr'>copias</span> <span class='ocrx_word' id='word_1_253' title='bbox 659 2371 843 2404; x_wconf 78' lang='lat' dir='ltr'>adduxerit</span> <span class='ocrx_word' id='word_1_254' title='bbox 860 2371 1062 2404; x_wconf 81' lang='lat' dir='ltr'>exercitum.</span> <span class='ocrx_word' id='word_1_255' title='bbox 1107 2371 1175 2404; x_wconf 77' lang='lat' dir='ltr'>Ex-</span> 
     </span>
     <span class='ocr_line' id='line_1_43' title="bbox 194 2422 1174 2468; baseline -0.004 -10"><span class='ocrx_word' id='word_1_256' title='bbox 194 2426 324 2459; x_wconf 86' lang='lat' dir='ltr'>cusatio</span> <span class='ocrx_word' id='word_1_257' title='bbox 350 2431 485 2458; x_wconf 89' lang='lat' dir='ltr'>constat</span> <span class='ocrx_word' id='word_1_258' title='bbox 501 2424 732 2468; x_wconf 84' lang='lat' dir='ltr'>impulsione,</span> <span class='ocrx_word' id='word_1_259' title='bbox 761 2422 845 2455; x_wconf 86' lang='lat' dir='ltr'>dicit</span> <span class='ocrx_word' id='word_1_260' title='bbox 868 2433 903 2455; x_wconf 87' lang='lat' dir='ltr'>se</span> <span class='ocrx_word' id='word_1_261' title='bbox 927 2433 1000 2453; x_wconf 92' lang='lat' dir='ltr'>non</span> <span class='ocrx_word' id='word_1_262' title='bbox 1028 2423 1174 2455; x_wconf 88' lang='lat' dir='ltr'>creduli-</span> 
     </span>
     <span class='ocr_line' id='line_1_44' title="bbox 192 2472 1175 2520; baseline -0.002 -12"><span class='ocrx_word' id='word_1_263' title='bbox 192 2482 262 2509; x_wconf 85' lang='lat' dir='ltr'>tate</span> <span class='ocrx_word' id='word_1_264' title='bbox 297 2476 497 2515; x_wconf 83' lang='lat' dir='ltr'>inductum,</span> <span class='ocrx_word' id='word_1_265' title='bbox 542 2476 623 2520; x_wconf 80' lang='lat' dir='ltr'>qula</span> <span class='ocrx_word' id='word_1_266' title='bbox 655 2486 840 2519; x_wconf 85' lang='lat' dir='ltr'>nunquam</span> <span class='ocrx_word' id='word_1_267' title='bbox 873 2472 956 2506; x_wconf 88' lang='lat' dir='ltr'>satis</span> <span class='ocrx_word' id='word_1_268' title='bbox 987 2473 1175 2506; x_wconf 75' lang='lat' dir='ltr'>credIderit</span> 
     </span>
    </p>
   </div>
   <div class='ocr_carea' id='block_1_9' title="bbox 226 2586 1174 2726">
    <p class='ocr_par' dir='ltr' id='par_1_9' title="bbox 227 2586 1173 2650">
     <span class='ocr_line' id='line_1_45' title="bbox 227 2586 1173 2630; baseline -0.006 -15"><span class='ocrx_word' id='word_1_269' title='bbox 227 2595 275 2621; x_wconf 70' lang='lat'>³4)</span> <span class='ocrx_word' id='word_1_270' title='bbox 295 2591 418 2630; x_wconf 65' lang='lat' dir='ltr'>cognita]</span> <span class='ocrx_word' id='word_1_271' title='bbox 442 2589 483 2612; x_wconf 85' lang='lat' dir='ltr'>sic</span> <span class='ocrx_word' id='word_1_272' title='bbox 507 2589 554 2613; x_wconf 82' lang='lat' dir='ltr'>Ed.</span> <span class='ocrx_word' id='word_1_273' title='bbox 576 2589 669 2619; x_wconf 79' lang='lat'>¹556.;</span> <span class='ocrx_word' id='word_1_274' title='bbox 705 2588 731 2612; x_wconf 84' lang='lat' dir='ltr'>in</span> <span class='ocrx_word' id='word_1_275' title='bbox 759 2589 842 2613; x_wconf 83' lang='lat' dir='ltr'>Editt.</span> <span class='ocrx_word' id='word_1_276' title='bbox 864 2587 954 2616; x_wconf 52' lang='lat'><strong>1565,</strong></span> <span class='ocrx_word' id='word_1_277' title='bbox 981 2586 1072 2617; x_wconf 80' lang='lat'>1571.‚</span> <span class='ocrx_word' id='word_1_278' title='bbox 1099 2586 1173 2610; x_wconf 78' lang='lat'>1596.</span> 
     </span>
     <span class='ocr_line' id='line_1_46' title="bbox 263 2633 357 2650; baseline -0.011 0"><span class='ocrx_word' id='word_1_279' title='bbox 263 2633 357 2650; x_wconf 75' lang='lat' dir='ltr'>omiss.</span> 
     </span>
    </p>

    <p class='ocr_par' dir='ltr' id='par_1_10' title="bbox 226 2662 1174 2726">
     <span class='ocr_line' id='line_1_47' title="bbox 226 2662 1174 2697; baseline -0.008 -4"><span class='ocrx_word' id='word_1_280' title='bbox 226 2670 259 2694; x_wconf 72' lang='lat'>34</span> <span class='ocrx_word' id='word_1_281' title='bbox 269 2670 294 2697; x_wconf 58' lang='grc' dir='ltr'>κ)</span> <span class='ocrx_word' id='word_1_282' title='bbox 315 2668 371 2691; x_wconf 85' lang='lat' dir='ltr'>Hoc</span> <span class='ocrx_word' id='word_1_283' title='bbox 389 2667 576 2697; x_wconf 79' lang='lat' dir='ltr'>argumentum</span> <span class='ocrx_word' id='word_1_284' title='bbox 593 2666 620 2687; x_wconf 80' lang='lat' dir='ltr'>et</span> <span class='ocrx_word' id='word_1_285' title='bbox 638 2670 753 2694; x_wconf 83' lang='lat' dir='ltr'>sequeus</span> <span class='ocrx_word' id='word_1_286' title='bbox 771 2665 798 2688; x_wconf 82' lang='lat' dir='ltr'>in</span> <span class='ocrx_word' id='word_1_287' title='bbox 816 2664 899 2688; x_wconf 82' lang='lat' dir='ltr'>Editt.</span> <span class='ocrx_word' id='word_1_288' title='bbox 915 2662 1103 2687; x_wconf 78' lang='lat'>1565-1596.</span> <span class='ocrx_word' id='word_1_289' title='bbox 1125 2668 1174 2685; x_wconf 84' lang='lat' dir='ltr'>ex-</span> 
     </span>
     <span class='ocr_line' id='line_1_48' title="bbox 260 2704 343 2726; baseline 0 0"><span class='ocrx_word' id='word_1_290' title='bbox 260 2704 343 2726; x_wconf 84' lang='lat' dir='ltr'>stant.</span> 
     </span>
    </p>
   </div>
   <div class='ocr_carea' id='block_1_10' title="bbox 755 122 1629 166">
    <p class='ocr_par' dir='ltr' id='par_1_11' title="bbox 755 122 1629 166">
     <span class='ocr_line' id='line_1_49' title="bbox 755 122 1629 166; baseline 0.007 -6"><span class='ocrx_word' id='word_1_291' title='bbox 755 124 876 160; x_wconf 84' lang='lat' dir='ltr'>PHIL.</span> <span class='ocrx_word' id='word_1_292' title='bbox 912 122 1024 158; x_wconf 88' lang='lat' dir='ltr'>MEL.</span> <span class='ocrx_word' id='word_1_293' title='bbox 1061 122 1261 160; x_wconf 81' lang='lat' dir='ltr'>SCRJPTA</span> <span class='ocrx_word' id='word_1_294' title='bbox 1295 126 1629 166; x_wconf 84' lang='lat' dir='ltr'>PHILOLOGICA.</span> 
     </span>
    </p>
   </div>
   <div class='ocr_carea' id='block_1_11' title="bbox 2124 133 2199 168">
    <p class='ocr_par' dir='ltr' id='par_1_12' title="bbox 2124 133 2199 168">
     <span class='ocr_line' id='line_1_50' title="bbox 2124 133 2199 168; baseline 0 0"><span class='ocrx_word' id='word_1_295' title='bbox 2124 133 2199 168; x_wconf 84' lang='lat'>360</span> 
     </span>
    </p>
   </div>
   <div class='ocr_carea' id='block_1_12' title="bbox 1220 212 2204 313">
    <p class='ocr_par' dir='ltr' id='par_1_13' title="bbox 1220 212 2204 313">
     <span class='ocr_line' id='line_1_51' title="bbox 1220 212 2204 269; baseline 0.005 -24"><span class='ocrx_word' id='word_1_296' title='bbox 1220 212 1367 269; x_wconf 66' lang='lat' dir='ltr'>Lepido,</span> <span class='ocrx_word' id='word_1_297' title='bbox 1396 217 1455 249; x_wconf 85' lang='lat' dir='ltr'>sed</span> <span class='ocrx_word' id='word_1_298' title='bbox 1473 217 1698 257; x_wconf 68' lang='lat' dir='ltr'>verecundia,</span> <span class='ocrx_word' id='word_1_299' title='bbox 1727 218 1823 263; x_wconf 90' lang='lat' dir='ltr'>quod</span> <span class='ocrx_word' id='word_1_300' title='bbox 1842 223 2014 251; x_wconf 84' lang='lat' dir='ltr'>metueret</span> <span class='ocrx_word' id='word_1_301' title='bbox 2031 218 2204 252; x_wconf 85' lang='lat' dir='ltr'>obtrecta-</span> 
     </span>
     <span class='ocr_line' id='line_1_52' title="bbox 1220 268 1853 313; baseline 0.013 -18"><span class='ocrx_word' id='word_1_302' title='bbox 1220 269 1350 304; x_wconf 74' lang='lat' dir='ltr'>tiones,</span> <span class='ocrx_word' id='word_1_303' title='bbox 1379 273 1499 313; x_wconf 87' lang='lat' dir='ltr'>estque</span> <span class='ocrx_word' id='word_1_304' title='bbox 1515 268 1699 303; x_wconf 83' lang='lat' dir='ltr'>translatio</span> <span class='ocrx_word' id='word_1_305' title='bbox 1717 280 1853 303; x_wconf 83' lang='lat' dir='ltr'>causae.</span> 
     </span>
    </p>
   </div>
   <div class='ocr_carea' id='block_1_13' title="bbox 1463 350 1954 396">
    <p class='ocr_par' dir='ltr' id='par_1_14' title="bbox 1463 350 1954 396">
     <span class='ocr_line' id='line_1_53' title="bbox 1463 350 1954 396; baseline 0.004 -13"><span class='ocrx_word' id='word_1_306' title='bbox 1463 350 1601 385; x_wconf 87' lang='lat' dir='ltr'>Aliud</span> <span class='ocrx_word' id='word_1_307' title='bbox 1628 357 1954 396; x_wconf 86' lang='lat' dir='ltr'>argumentum.</span> 
     </span>
    </p>
   </div>
   <div class='ocr_carea' id='block_1_14' title="bbox 1220 413 2206 510">
    <p class='ocr_par' dir='ltr' id='par_1_15' title="bbox 1220 413 2206 510">
     <span class='ocr_line' id='line_1_54' title="bbox 1321 413 2204 464; baseline 0.003 -17"><span class='ocrx_word' id='word_1_308' title='bbox 1321 413 1426 449; x_wconf 90' lang='lat' dir='ltr'>Initio</span> <span class='ocrx_word' id='word_1_309' title='bbox 1458 425 1598 452; x_wconf 73' lang='lat' dir='ltr'>excusat</span> <span class='ocrx_word' id='word_1_310' title='bbox 1625 431 1679 459; x_wconf 88' lang='lat' dir='ltr'>se,</span> <span class='ocrx_word' id='word_1_311' title='bbox 1721 420 1816 464; x_wconf 89' lang='lat' dir='ltr'>quod</span> <span class='ocrx_word' id='word_1_312' title='bbox 1849 425 1921 452; x_wconf 88' lang='lat' dir='ltr'>tarn</span> <span class='ocrx_word' id='word_1_313' title='bbox 1943 417 2043 451; x_wconf 87' lang='lat' dir='ltr'>facile</span> <span class='ocrx_word' id='word_1_314' title='bbox 2068 416 2204 461; x_wconf 88' lang='lat' dir='ltr'>Lepido</span> 
     </span>
     <span class='ocr_line' id='line_1_55' title="bbox 1220 465 2206 510; baseline 0.004 -13"><span class='ocrx_word' id='word_1_315' title='bbox 1220 465 1419 501; x_wconf 83' lang='lat' dir='ltr'>crediderit.</span> <span class='ocrx_word' id='word_1_316' title='bbox 1470 469 1613 502; x_wconf 89' lang='lat' dir='ltr'>Pudore</span> <span class='ocrx_word' id='word_1_317' title='bbox 1637 469 1732 502; x_wconf 87' lang='lat' dir='ltr'>enim</span> <span class='ocrx_word' id='word_1_318' title='bbox 1757 469 1794 502; x_wconf 88' lang='lat' dir='ltr'>id</span> <span class='ocrx_word' id='word_1_319' title='bbox 1818 469 2003 510; x_wconf 85' lang='lat' dir='ltr'>accidisse,</span> <span class='ocrx_word' id='word_1_320' title='bbox 2040 480 2085 502; x_wconf 87' lang='lat' dir='ltr'>ne</span> <span class='ocrx_word' id='word_1_321' title='bbox 2109 468 2206 502; x_wconf 88' lang='lat' dir='ltr'>vide—</span> 
     </span>
    </p>
   </div>
   <div class='ocr_carea' id='block_1_15' title="bbox 1221 518 2206 610">
    <p class='ocr_par' dir='ltr' id='par_1_16' title="bbox 1221 518 2206 610">
     <span class='ocr_line' id='line_1_56' title="bbox 1221 518 2206 559; baseline 0.006 -13"><span class='ocrx_word' id='word_1_322' title='bbox 1221 521 1318 548; x_wconf 86' lang='lat' dir='ltr'>retur</span> <span class='ocrx_word' id='word_1_323' title='bbox 1334 518 1548 559; x_wconf 83' lang='lat' dir='ltr'>pertinacius</span> <span class='ocrx_word' id='word_1_324' title='bbox 1570 532 1651 553; x_wconf 88' lang='lat' dir='ltr'>eum</span> <span class='ocrx_word' id='word_1_325' title='bbox 1674 520 1800 554; x_wconf 82' lang='lat' dir='ltr'>odisse.</span> <span class='ocrx_word' id='word_1_326' title='bbox 1859 520 1996 554; x_wconf 88' lang='lat' dir='ltr'>Deinde</span> <span class='ocrx_word' id='word_1_327' title='bbox 2019 525 2144 553; x_wconf 84' lang='lat' dir='ltr'>narrat</span> <span class='ocrx_word' id='word_1_328' title='bbox 2162 520 2206 553; x_wconf 88' lang='lat' dir='ltr'>de</span> 
     </span>
     <span class='ocr_line' id='line_1_57' title="bbox 1221 565 1774 610; baseline 0.013 -12"><span class='ocrx_word' id='word_1_329' title='bbox 1221 566 1312 599; x_wconf 83' lang='lat' dir='ltr'>sacto</span> <span class='ocrx_word' id='word_1_330' title='bbox 1328 565 1455 610; x_wconf 88' lang='lat' dir='ltr'>Lepidi</span> <span class='ocrx_word' id='word_1_331' title='bbox 1472 574 1505 600; x_wconf 86' lang='lat' dir='ltr'>et</span> <span class='ocrx_word' id='word_1_332' title='bbox 1522 570 1591 604; x_wconf 91' lang='lat' dir='ltr'>suis</span> <span class='ocrx_word' id='word_1_333' title='bbox 1608 570 1774 605; x_wconf 88' lang='lat' dir='ltr'>consiliis.</span> 
     </span>
    </p>
   </div>
   <div class='ocr_carea' id='block_1_16' title="bbox 1274 677 2155 725">
    <p class='ocr_par' dir='ltr' id='par_1_17' title="bbox 1274 677 2155 725">
     <span class='ocr_line' id='line_1_58' title="bbox 1274 677 2155 725; baseline 0.003 -16"><span class='ocrx_word' id='word_1_334' title='bbox 1274 677 1600 720; x_wconf 79' lang='lat' dir='ltr'>Argumentum</span> <span class='ocrx_word' id='word_1_335' title='bbox 1636 687 1676 713; x_wconf 91' lang='lat' dir='ltr'>et</span> <span class='ocrx_word' id='word_1_336' title='bbox 1709 679 1885 714; x_wconf 88' lang='lat' dir='ltr'>scholia</span> <span class='ocrx_word' id='word_1_337' title='bbox 1915 681 1958 713; x_wconf 91' lang='lat' dir='ltr'>in</span> <span class='ocrx_word' id='word_1_338' title='bbox 1985 680 2155 725; x_wconf 86' lang='lat' dir='ltr'>episto-</span> 
     </span>
    </p>
   </div>
   <div class='ocr_carea' id='block_1_17' title="bbox 1598 730 1836 764">
    <p class='ocr_par' dir='ltr' id='par_1_18' title="bbox 1598 730 1836 764">
     <span class='ocr_line' id='line_1_59' title="bbox 1598 730 1836 764; baseline 0.004 -1"><span class='ocrx_word' id='word_1_339' title='bbox 1598 731 1610 763; x_wconf 95' lang='lat' dir='ltr'>l</span> <span class='ocrx_word' id='word_1_340' title='bbox 1622 743 1638 763; x_wconf 89' lang='lat' dir='ltr'>a</span> <span class='ocrx_word' id='word_1_341' title='bbox 1651 743 1686 763; x_wconf 90' lang='lat' dir='ltr'>m</span> <span class='ocrx_word' id='word_1_342' title='bbox 1714 730 1836 764; x_wconf 84' lang='lat' dir='ltr'>XXIV.</span> 
     </span>
    </p>
   </div>
   <div class='ocr_carea' id='block_1_18' title="bbox 1225 803 2211 1759">
    <p class='ocr_par' dir='ltr' id='par_1_19' title="bbox 1225 803 2206 901">
     <span class='ocr_line' id='line_1_60' title="bbox 1326 803 2206 845; baseline 0.003 -10"><span class='ocrx_word' id='word_1_343' title='bbox 1326 803 1532 838; x_wconf 87' lang='lat' dir='ltr'>Gratiarum</span> <span class='ocrx_word' id='word_1_344' title='bbox 1556 805 1647 838; x_wconf 88' lang='lat' dir='ltr'>actio</span> <span class='ocrx_word' id='word_1_345' title='bbox 1660 831 1669 845; x_wconf 86' lang='lat'>,</span> <span class='ocrx_word' id='word_1_346' title='bbox 1696 806 1753 839; x_wconf 92' lang='lat' dir='ltr'>cui</span> <span class='ocrx_word' id='word_1_347' title='bbox 1775 805 1894 838; x_wconf 85' lang='lat' dir='ltr'>addita</span> <span class='ocrx_word' id='word_1_348' title='bbox 1910 811 1961 838; x_wconf 86' lang='lat' dir='ltr'>est</span> <span class='ocrx_word' id='word_1_349' title='bbox 1977 804 2094 838; x_wconf 82' lang='lat' dir='ltr'>brevis</span> <span class='ocrx_word' id='word_1_350' title='bbox 2112 816 2206 838; x_wconf 85' lang='lat' dir='ltr'>com-</span> 
     </span>
     <span class='ocr_line' id='line_1_61' title="bbox 1225 854 1932 901; baseline 0.007 -17"><span class='ocrx_word' id='word_1_351' title='bbox 1225 854 1435 886; x_wconf 88' lang='lat' dir='ltr'>memoratio</span> <span class='ocrx_word' id='word_1_352' title='bbox 1454 856 1662 889; x_wconf 87' lang='lat' dir='ltr'>meritorum</span> <span class='ocrx_word' id='word_1_353' title='bbox 1686 855 1932 901; x_wconf 56' lang='lat' dir='ltr'>Ciceronis‘ffi).</span> 
     </span>
    </p>

    <p class='ocr_par' dir='ltr' id='par_1_20' title="bbox 1225 902 2209 1089">
     <span class='ocr_line' id='line_1_62' title="bbox 1328 902 2206 954; baseline -0.001 -17"><span class='ocrx_word' id='word_1_354' title='bbox 1328 902 1357 947; x_wconf 56' lang='grc' dir='ltr'>ἓ.</span> <span class='ocrx_word' id='word_1_355' title='bbox 1376 907 1407 938; x_wconf 91' lang='grc'>1.</span> <span class='ocrx_word' id='word_1_356' title='bbox 1433 907 1555 940; x_wconf 81' lang='lat' dir='ltr'>Facere</span> <span class='ocrx_word' id='word_1_357' title='bbox 1572 920 1635 940; x_wconf 85' lang='lat' dir='ltr'>non</span> <span class='ocrx_word' id='word_1_358' title='bbox 1649 905 1800 954; x_wconf 80' lang='lat' dir='ltr'>possum]</span> <span class='ocrx_word' id='word_1_359' title='bbox 1827 904 2030 950; x_wconf 88' lang='lat' dir='ltr'>Propositio</span> <span class='ocrx_word' id='word_1_360' title='bbox 2054 903 2206 937; x_wconf 80' lang='lat' dir='ltr'>exordii:</span> 
     </span>
     <span class='ocr_line' id='line_1_63' title="bbox 1225 952 2207 1002; baseline 0.002 -17"><span class='ocrx_word' id='word_1_361' title='bbox 1225 952 1345 987; x_wconf 81' lang='lat' dir='ltr'>Debeo</span> <span class='ocrx_word' id='word_1_362' title='bbox 1368 968 1470 998; x_wconf 85' lang='lat' dir='ltr'>agere</span> <span class='ocrx_word' id='word_1_363' title='bbox 1495 957 1636 1000; x_wconf 83' lang='lat' dir='ltr'>gratias.</span> <span class='ocrx_word' id='word_1_364' title='bbox 1720 960 1789 992; x_wconf 86' lang='lat' dir='ltr'>Sed</span> <span class='ocrx_word' id='word_1_365' title='bbox 1810 953 2075 1002; x_wconf 75' lang='lat' dir='ltr'>mehe›·cule³⁶)]</span> <span class='ocrx_word' id='word_1_366' title='bbox 2102 954 2207 988; x_wconf 80' lang='lat' dir='ltr'>Exte-</span> 
     </span>
     <span class='ocr_line' id='line_1_64' title="bbox 1225 1005 2209 1051; baseline 0.002 -16"><span class='ocrx_word' id='word_1_367' title='bbox 1225 1005 1348 1037; x_wconf 77' lang='lat' dir='ltr'>nuatio</span> <span class='ocrx_word' id='word_1_368' title='bbox 1382 1006 1436 1038; x_wconf 90' lang='lat' dir='ltr'>sui</span> <span class='ocrx_word' id='word_1_369' title='bbox 1471 1007 1575 1040; x_wconf 84' lang='lat' dir='ltr'>officii</span> <span class='ocrx_word' id='word_1_370' title='bbox 1610 1020 1672 1051; x_wconf 84' lang='lat' dir='ltr'>per</span> <span class='ocrx_word' id='word_1_371' title='bbox 1707 1008 1931 1041; x_wconf 86' lang='lat' dir='ltr'>collationem</span> <span class='ocrx_word' id='word_1_372' title='bbox 1958 1006 2150 1039; x_wconf 75' lang='lat' dir='ltr'>verborum</span> <span class='ocrx_word' id='word_1_373' title='bbox 2177 1010 2209 1037; x_wconf 79' lang='lat' dir='ltr'>et</span> 
     </span>
     <span class='ocr_line' id='line_1_65' title="bbox 1225 1055 1413 1089; baseline 0.011 -3"><span class='ocrx_word' id='word_1_374' title='bbox 1225 1055 1413 1089; x_wconf 84' lang='lat' dir='ltr'>factorum.</span> 
     </span>
    </p>

    <p class='ocr_par' dir='ltr' id='par_1_21' title="bbox 1226 1104 2211 1251">
     <span class='ocr_line' id='line_1_66' title="bbox 1328 1104 2211 1153; baseline -0.002 -13"><span class='ocrx_word' id='word_1_375' title='bbox 1328 1104 1407 1149; x_wconf 62' lang='lat'>§.2</span> <span class='ocrx_word' id='word_1_376' title='bbox 1434 1110 1488 1140; x_wconf 79' lang='lat' dir='ltr'>De</span> <span class='ocrx_word' id='word_1_377' title='bbox 1503 1109 1647 1142; x_wconf 73' lang='lat' dir='ltr'>militnm</span> <span class='ocrx_word' id='word_1_378' title='bbox 1662 1105 1856 1153; x_wconf 78' lang='lat' dir='ltr'>commodis]</span> <span class='ocrx_word' id='word_1_379' title='bbox 1883 1105 2071 1145; x_wconf 84' lang='lat' dir='ltr'>Narratio,</span> <span class='ocrx_word' id='word_1_380' title='bbox 2101 1117 2211 1151; x_wconf 80' lang='lat' dir='ltr'>quare</span> 
     </span>
     <span class='ocr_line' id='line_1_67' title="bbox 1226 1156 2211 1202; baseline 0 -13"><span class='ocrx_word' id='word_1_381' title='bbox 1226 1156 1298 1190; x_wconf 84' lang='lat' dir='ltr'>suis</span> <span class='ocrx_word' id='word_1_382' title='bbox 1326 1157 1496 1190; x_wconf 85' lang='lat' dir='ltr'>militibus</span> <span class='ocrx_word' id='word_1_383' title='bbox 1527 1159 1668 1202; x_wconf 83' lang='lat' dir='ltr'>petierit</span> <span class='ocrx_word' id='word_1_384' title='bbox 1701 1158 1900 1202; x_wconf 86' lang='lat' dir='ltr'>praemium</span> <span class='ocrx_word' id='word_1_385' title='bbox 1935 1156 2211 1190; x_wconf 75' lang='lat' dir='ltr'>dividendorum</span> 
     </span>
     <span class='ocr_line' id='line_1_68' title="bbox 1228 1215 1592 1251; baseline 0.008 -12"><span class='ocrx_word' id='word_1_386' title='bbox 1228 1219 1395 1251; x_wconf 83' lang='lat' dir='ltr'>agrorum</span> <span class='ocrx_word' id='word_1_387' title='bbox 1419 1220 1437 1240; x_wconf 90' lang='lat' dir='ltr'>a</span> <span class='ocrx_word' id='word_1_388' title='bbox 1455 1215 1592 1243; x_wconf 85' lang='lat' dir='ltr'>senatu.</span> 
     </span>
    </p>

    <p class='ocr_par' dir='ltr' id='par_1_22' title="bbox 1226 1256 2209 1392">
     <span class='ocr_line' id='line_1_69' title="bbox 1331 1256 2209 1305; baseline -0.005 -13"><span class='ocrx_word' id='word_1_389' title='bbox 1331 1257 1360 1301; x_wconf 66' lang='grc' dir='ltr'>ἓ.</span> <span class='ocrx_word' id='word_1_390' title='bbox 1377 1258 1412 1292; x_wconf 82' lang='lat'>3.</span> <span class='ocrx_word' id='word_1_391' title='bbox 1438 1261 1510 1292; x_wconf 82' lang='lat' dir='ltr'>Nos</span> <span class='ocrx_word' id='word_1_392' title='bbox 1526 1257 1712 1305; x_wconf 70' lang='lat' dir='ltr'>adhtcc³⁷)]</span> <span class='ocrx_word' id='word_1_393' title='bbox 1740 1258 1793 1291; x_wconf 91' lang='lat' dir='ltr'>De</span> <span class='ocrx_word' id='word_1_394' title='bbox 1813 1256 1967 1291; x_wconf 87' lang='lat' dir='ltr'>consiliis</span> <span class='ocrx_word' id='word_1_395' title='bbox 1985 1256 2087 1297; x_wconf 90' lang='lat' dir='ltr'>belli,</span> <span class='ocrx_word' id='word_1_396' title='bbox 2113 1257 2209 1302; x_wconf 90' lang='lat' dir='ltr'>quod</span> 
     </span>
     <span class='ocr_line' id='line_1_70' title="bbox 1226 1307 2208 1354; baseline -0.001 -14"><span class='ocrx_word' id='word_1_397' title='bbox 1226 1308 1382 1341; x_wconf 88' lang='lat' dir='ltr'>noluerit</span> <span class='ocrx_word' id='word_1_398' title='bbox 1397 1308 1443 1354; x_wconf 65' lang='grc'>38)</span> <span class='ocrx_word' id='word_1_399' title='bbox 1469 1309 1657 1352; x_wconf 85' lang='lat' dir='ltr'>confligere</span> <span class='ocrx_word' id='word_1_400' title='bbox 1683 1321 1760 1342; x_wconf 89' lang='lat' dir='ltr'>cum</span> <span class='ocrx_word' id='word_1_401' title='bbox 1786 1307 1964 1347; x_wconf 88' lang='lat' dir='ltr'>hostibus,</span> <span class='ocrx_word' id='word_1_402' title='bbox 2004 1313 2040 1340; x_wconf 87' lang='lat' dir='ltr'>et</span> <span class='ocrx_word' id='word_1_403' title='bbox 2068 1307 2208 1353; x_wconf 85' lang='lat' dir='ltr'>qualern</span> 
     </span>
     <span class='ocr_line' id='line_1_71' title="bbox 1227 1356 1576 1392; baseline 0.006 -2"><span class='ocrx_word' id='word_1_404' title='bbox 1227 1356 1355 1391; x_wconf 87' lang='lat' dir='ltr'>habeat</span> <span class='ocrx_word' id='word_1_405' title='bbox 1373 1359 1576 1392; x_wconf 71' lang='lat' dir='ltr'>exercitum.</span> 
     </span>
    </p>

    <p class='ocr_par' dir='ltr' id='par_1_23' title="bbox 1328 1407 2025 1456">
     <span class='ocr_line' id='line_1_72' title="bbox 1328 1407 2025 1456; baseline -0.001 -14"><span class='ocrx_word' id='word_1_406' title='bbox 1328 1408 1357 1453; x_wconf 65' lang='lat'>§-</span> <span class='ocrx_word' id='word_1_407' title='bbox 1374 1409 1408 1442; x_wconf 81' lang='grc'>4.</span> <span class='ocrx_word' id='word_1_408' title='bbox 1435 1412 1619 1455; x_wconf 76' lang='lat' dir='ltr'>Aliquanto</span> <span class='ocrx_word' id='word_1_409' title='bbox 1632 1407 1761 1456; x_wconf 65' lang='lat' dir='ltr'>stactem]</span> <span class='ocrx_word' id='word_1_410' title='bbox 1787 1409 1839 1442; x_wconf 91' lang='lat' dir='ltr'>De</span> <span class='ocrx_word' id='word_1_411' title='bbox 1855 1408 2025 1452; x_wconf 83' lang='lat' dir='ltr'>Augusto.</span> 
     </span>
    </p>

    <p class='ocr_par' dir='ltr' id='par_1_24' title="bbox 1330 1458 2050 1506">
     <span class='ocr_line' id='line_1_73' title="bbox 1330 1458 2050 1506; baseline -0.001 -13"><span class='ocrx_word' id='word_1_412' title='bbox 1330 1459 1360 1503; x_wconf 61' lang='lat'>{-</span> <span class='ocrx_word' id='word_1_413' title='bbox 1377 1459 1411 1493; x_wconf 88' lang='grc'>5.</span> <span class='ocrx_word' id='word_1_414' title='bbox 1439 1462 1516 1494; x_wconf 78' lang='lat' dir='ltr'>Scis</span> <span class='ocrx_word' id='word_1_415' title='bbox 1531 1464 1587 1499; x_wconf 81' lang='lat' dir='ltr'>tu,</span> <span class='ocrx_word' id='word_1_416' title='bbox 1615 1462 1661 1492; x_wconf 76' lang='lat' dir='ltr'>mi</span> <span class='ocrx_word' id='word_1_417' title='bbox 1680 1458 1813 1506; x_wconf 80' lang='lat' dir='ltr'>Cicero]</span> <span class='ocrx_word' id='word_1_418' title='bbox 1842 1459 2050 1503; x_wconf 83' lang='lat' dir='ltr'>Occupatio.</span> 
     </span>
    </p>

    <p class='ocr_par' dir='ltr' id='par_1_25' title="bbox 1227 1507 2210 1655">
     <span class='ocr_line' id='line_1_74' title="bbox 1331 1507 2210 1557; baseline -0.002 -14"><span class='ocrx_word' id='word_1_419' title='bbox 1331 1509 1360 1553; x_wconf 59' lang='lat'>{-</span> <span class='ocrx_word' id='word_1_420' title='bbox 1380 1510 1412 1543; x_wconf 83' lang='grc'>6.</span> <span class='ocrx_word' id='word_1_421' title='bbox 1438 1512 1524 1550; x_wconf 82' lang='lat' dir='ltr'>Sed,</span> <span class='ocrx_word' id='word_1_422' title='bbox 1560 1509 1769 1556; x_wconf 59' lang='lat' dir='ltr'>qm&#39;cqm&#39;dw)</span> <span class='ocrx_word' id='word_1_423' title='bbox 1791 1508 1874 1557; x_wconf 73' lang='lat' dir='ltr'>tibi]</span> <span class='ocrx_word' id='word_1_424' title='bbox 1897 1507 2085 1543; x_wconf 83' lang='lat' dir='ltr'>Accusatio</span> <span class='ocrx_word' id='word_1_425' title='bbox 2103 1507 2210 1541; x_wconf 84' lang='lat' dir='ltr'>Octa-</span> 
     </span>
     <span class='ocr_line' id='line_1_75' title="bbox 1227 1558 2209 1605; baseline 0 -14"><span class='ocrx_word' id='word_1_426' title='bbox 1227 1560 1293 1600; x_wconf 65' lang='lat' dir='ltr'>vii,</span> <span class='ocrx_word' id='word_1_427' title='bbox 1322 1561 1417 1605; x_wconf 89' lang='lat' dir='ltr'>qnod</span> <span class='ocrx_word' id='word_1_428' title='bbox 1434 1560 1555 1593; x_wconf 85' lang='lat' dir='ltr'>relicto</span> <span class='ocrx_word' id='word_1_429' title='bbox 1577 1560 1671 1592; x_wconf 87' lang='lat' dir='ltr'>bello</span> <span class='ocrx_word' id='word_1_430' title='bbox 1699 1559 1922 1593; x_wconf 88' lang='lat' dir='ltr'>constituerit</span> <span class='ocrx_word' id='word_1_431' title='bbox 1943 1559 2039 1593; x_wconf 86' lang='lat' dir='ltr'>abire</span> <span class='ocrx_word' id='word_1_432' title='bbox 2053 1558 2209 1591; x_wconf 82' lang='lat' dir='ltr'>Romam</span> 
     </span>
     <span class='ocr_line' id='line_1_76' title="bbox 1228 1611 1737 1655; baseline 0.002 -13"><span class='ocrx_word' id='word_1_433' title='bbox 1228 1612 1271 1643; x_wconf 90' lang='lat' dir='ltr'>ad</span> <span class='ocrx_word' id='word_1_434' title='bbox 1294 1612 1483 1655; x_wconf 85' lang='lat' dir='ltr'>petendum</span> <span class='ocrx_word' id='word_1_435' title='bbox 1503 1611 1737 1643; x_wconf 83' lang='lat' dir='ltr'>consulatum.</span> 
     </span>
    </p>

    <p class='ocr_par' dir='ltr' id='par_1_26' title="bbox 1226 1658 1882 1759">
     <span class='ocr_line' id='line_1_77' title="bbox 1330 1658 1882 1706; baseline 0 -11"><span class='ocrx_word' id='word_1_436' title='bbox 1330 1660 1359 1704; x_wconf 61' lang='grc' dir='ltr'>ξ.</span> <span class='ocrx_word' id='word_1_437' title='bbox 1378 1663 1411 1695; x_wconf 86' lang='grc'>8.</span> <span class='ocrx_word' id='word_1_438' title='bbox 1439 1664 1510 1695; x_wconf 72' lang='lat' dir='ltr'>Nos</span> <span class='ocrx_word' id='word_1_439' title='bbox 1527 1658 1676 1706; x_wconf 68' lang='lat' dir='ltr'>interea]</span> <span class='ocrx_word' id='word_1_440' title='bbox 1699 1659 1882 1704; x_wconf 85' lang='lat' dir='ltr'>Epilogus.</span> 
     </span>
     <span class='ocr_line' id='line_1_78' title="bbox 1226 1711 1510 1759; baseline 0.004 -15"><span class='ocrx_word' id='word_1_441' title='bbox 1226 1711 1340 1759; x_wconf 69' lang='lat' dir='ltr'>fuisti]</span> <span class='ocrx_word' id='word_1_442' title='bbox 1368 1712 1510 1745; x_wconf 88' lang='lat' dir='ltr'>Petitio.</span> 
     </span>
    </p>
   </div>
   <div class='ocr_carea' id='block_1_19' title="bbox 1964 1660 2211 1700">
    <p class='ocr_par' dir='ltr' id='par_1_27' title="bbox 1964 1660 2211 1700">
     <span class='ocr_line' id='line_1_79' title="bbox 1964 1660 2211 1700; baseline -0.008 -6"><span class='ocrx_word' id='word_1_443' title='bbox 1964 1662 2014 1694; x_wconf 74' lang='lat' dir='ltr'>Tu</span> <span class='ocrx_word' id='word_1_444' title='bbox 2022 1685 2033 1700; x_wconf 95' lang='lat'><em>‚</em></span> <span class='ocrx_word' id='word_1_445' title='bbox 2058 1664 2096 1694; x_wconf 80' lang='lat' dir='ltr'>ut</span> <span class='ocrx_word' id='word_1_446' title='bbox 2111 1660 2211 1694; x_wconf 72' lang='lat' dir='ltr'>insti-</span> 
     </span>
    </p>
   </div>
   <div class='ocr_carea' id='block_1_20' title="bbox 1438 1803 1994 1849">
    <p class='ocr_par' dir='ltr' id='par_1_28' title="bbox 1438 1803 1994 1849">
     <span class='ocr_line' id='line_1_80' title="bbox 1438 1803 1994 1849; baseline -0.004 -11"><span class='ocrx_word' id='word_1_447' title='bbox 1438 1805 1575 1839; x_wconf 84' lang='lat' dir='ltr'>Aliud</span> <span class='ocrx_word' id='word_1_448' title='bbox 1603 1810 1921 1849; x_wconf 84' lang='lat' dir='ltr'>argumentum</span> <span class='ocrx_word' id='word_1_449' title='bbox 1936 1803 1994 1849; x_wconf 76' lang='lat'>4⁰).</span> 
     </span>
    </p>
   </div>
   <div class='ocr_carea' id='block_1_21' title="bbox 1226 1870 2211 2171">
    <p class='ocr_par' dir='ltr' id='par_1_29' title="bbox 1226 1870 2211 2171">
     <span class='ocr_line' id='line_1_81' title="bbox 1327 1870 2211 1917; baseline -0.001 -11"><span class='ocrx_word' id='word_1_450' title='bbox 1327 1874 1593 1917; x_wconf 85' lang='lat' dir='ltr'>Propemodum</span> <span class='ocrx_word' id='word_1_451' title='bbox 1610 1871 1811 1905; x_wconf 84' lang='lat' dir='ltr'>narratoria</span> <span class='ocrx_word' id='word_1_452' title='bbox 1831 1877 1881 1905; x_wconf 82' lang='lat' dir='ltr'>est</span> <span class='ocrx_word' id='word_1_453' title='bbox 1896 1870 2055 1915; x_wconf 89' lang='lat' dir='ltr'>epistola.</span> <span class='ocrx_word' id='word_1_454' title='bbox 2095 1870 2211 1905; x_wconf 88' lang='lat' dir='ltr'>Habet</span> 
     </span>
     <span class='ocr_line' id='line_1_82' title="bbox 1227 1920 2210 1966; baseline -0.001 -10"><span class='ocrx_word' id='word_1_455' title='bbox 1227 1923 1319 1956; x_wconf 90' lang='lat' dir='ltr'>enim</span> <span class='ocrx_word' id='word_1_456' title='bbox 1339 1925 1467 1957; x_wconf 84' lang='lat' dir='ltr'>multas</span> <span class='ocrx_word' id='word_1_457' title='bbox 1483 1931 1516 1956; x_wconf 86' lang='lat' dir='ltr'>et</span> <span class='ocrx_word' id='word_1_458' title='bbox 1532 1923 1648 1956; x_wconf 76' lang='lat' dir='ltr'>varias</span> <span class='ocrx_word' id='word_1_459' title='bbox 1671 1921 1907 1955; x_wconf 83' lang='lat' dir='ltr'>narrationes.</span> <span class='ocrx_word' id='word_1_460' title='bbox 1965 1922 2033 1955; x_wconf 89' lang='lat' dir='ltr'>Sed</span> <span class='ocrx_word' id='word_1_461' title='bbox 2054 1920 2091 1953; x_wconf 91' lang='lat' dir='ltr'>in</span> <span class='ocrx_word' id='word_1_462' title='bbox 2112 1923 2210 1966; x_wconf 89' lang='lat' dir='ltr'>prin-</span> 
     </span>
     <span class='ocr_line' id='line_1_83' title="bbox 1227 1972 2209 2019; baseline 0 -13"><span class='ocrx_word' id='word_1_463' title='bbox 1227 1975 1319 2019; x_wconf 89' lang='lat' dir='ltr'>cipio</span> <span class='ocrx_word' id='word_1_464' title='bbox 1348 1981 1398 2008; x_wconf 89' lang='lat' dir='ltr'>est</span> <span class='ocrx_word' id='word_1_465' title='bbox 1423 1974 1615 2018; x_wconf 81' lang='lat' dir='ltr'>gratiarum</span> <span class='ocrx_word' id='word_1_466' title='bbox 1639 1973 1729 2005; x_wconf 86' lang='lat' dir='ltr'>actio</span> <span class='ocrx_word' id='word_1_467' title='bbox 1761 1972 1901 2016; x_wconf 84' lang='lat' dir='ltr'>elegans</span> <span class='ocrx_word' id='word_1_468' title='bbox 1933 1979 1966 2005; x_wconf 89' lang='lat' dir='ltr'>et</span> <span class='ocrx_word' id='word_1_469' title='bbox 1997 1973 2145 2016; x_wconf 87' lang='lat' dir='ltr'>figurata</span> <span class='ocrx_word' id='word_1_470' title='bbox 2177 1980 2209 2006; x_wconf 91' lang='lat' dir='ltr'>et</span> 
     </span>
     <span class='ocr_line' id='line_1_84' title="bbox 1226 2022 2209 2068; baseline 0 -11"><span class='ocrx_word' id='word_1_471' title='bbox 1226 2024 1461 2059; x_wconf 84' lang='lat' dir='ltr'>schematibus</span> <span class='ocrx_word' id='word_1_472' title='bbox 1479 2025 1605 2064; x_wconf 89' lang='lat' dir='ltr'>tincta,</span> <span class='ocrx_word' id='word_1_473' title='bbox 1632 2035 1698 2068; x_wconf 84' lang='lat' dir='ltr'>qua</span> <span class='ocrx_word' id='word_1_474' title='bbox 1717 2029 1888 2067; x_wconf 88' lang='lat' dir='ltr'>perpetuo</span> <span class='ocrx_word' id='word_1_475' title='bbox 1904 2035 1938 2056; x_wconf 90' lang='lat' dir='ltr'>se</span> <span class='ocrx_word' id='word_1_476' title='bbox 1958 2022 2209 2057; x_wconf 84' lang='lat' dir='ltr'>beneficiorum</span> 
     </span>
     <span class='ocr_line' id='line_1_85' title="bbox 1228 2073 2209 2119; baseline -0.001 -10"><span class='ocrx_word' id='word_1_477' title='bbox 1228 2076 1407 2109; x_wconf 85' lang='lat' dir='ltr'>Ciceronis</span> <span class='ocrx_word' id='word_1_478' title='bbox 1436 2087 1630 2108; x_wconf 88' lang='lat' dir='ltr'>memorem</span> <span class='ocrx_word' id='word_1_479' title='bbox 1652 2074 1726 2106; x_wconf 84' lang='lat' dir='ltr'>sore</span> <span class='ocrx_word' id='word_1_480' title='bbox 1752 2073 1940 2117; x_wconf 89' lang='lat' dir='ltr'>promittit.</span> <span class='ocrx_word' id='word_1_481' title='bbox 2005 2074 2209 2119; x_wconf 87' lang='lat' dir='ltr'>Sequuntur</span> 
     </span>
     <span class='ocr_line' id='line_1_86' title="bbox 1226 2124 2209 2171; baseline -0.002 -11"><span class='ocrx_word' id='word_1_482' title='bbox 1226 2127 1468 2167; x_wconf 85' lang='lat' dir='ltr'>narrationes,</span> <span class='ocrx_word' id='word_1_483' title='bbox 1505 2126 1630 2171; x_wconf 84' lang='lat' dir='ltr'>quibus</span> <span class='ocrx_word' id='word_1_484' title='bbox 1655 2124 1807 2157; x_wconf 79' lang='lat' dir='ltr'>maxima</span> <span class='ocrx_word' id='word_1_485' title='bbox 1829 2136 1910 2169; x_wconf 87' lang='lat' dir='ltr'>pars</span> <span class='ocrx_word' id='word_1_486' title='bbox 1934 2124 2102 2169; x_wconf 86' lang='lat' dir='ltr'>epistolae</span> <span class='ocrx_word' id='word_1_487' title='bbox 2127 2137 2209 2158; x_wconf 91' lang='lat' dir='ltr'>con-</span> 
     </span>
    </p>
   </div>
   <div class='ocr_carea' id='block_1_22' title="bbox 1239 2206 1434 2211">
    <p class='ocr_par' dir='ltr' id='par_1_30' title="bbox 1239 2206 1434 2211">
     <span class='ocr_line' id='line_1_87' title="bbox 1239 2206 1434 2211; baseline 0 0"><span class='ocrx_word' id='word_1_488' title='bbox 1239 2206 1434 2211; x_wconf 95' lang='lat' dir='ltr'> </span> 
     </span>
    </p>
   </div>
   <div class='ocr_carea' id='block_1_23' title="bbox 1261 2240 2207 2275">
    <p class='ocr_par' dir='ltr' id='par_1_31' title="bbox 1261 2240 2207 2275">
     <span class='ocr_line' id='line_1_88' title="bbox 1261 2240 2207 2275; baseline -0.003 -6"><span class='ocrx_word' id='word_1_489' title='bbox 1261 2246 1309 2273; x_wconf 83' lang='lat'>35)</span> <span class='ocrx_word' id='word_1_490' title='bbox 1328 2246 1385 2268; x_wconf 80' lang='lat' dir='ltr'>Hoc</span> <span class='ocrx_word' id='word_1_491' title='bbox 1397 2243 1585 2275; x_wconf 78' lang='lat' dir='ltr'>argumentum</span> <span class='ocrx_word' id='word_1_492' title='bbox 1598 2242 1696 2266; x_wconf 88' lang='lat' dir='ltr'>habeut</span> <span class='ocrx_word' id='word_1_493' title='bbox 1710 2241 1793 2265; x_wconf 83' lang='lat' dir='ltr'>Editt.</span> <span class='ocrx_word' id='word_1_494' title='bbox 1806 2240 1872 2264; x_wconf 84' lang='lat'>1537</span> <span class='ocrx_word' id='word_1_495' title='bbox 1883 2252 1908 2257; x_wconf 98' lang='lat'><em>-</em></span> <span class='ocrx_word' id='word_1_496' title='bbox 1920 2240 2005 2272; x_wconf 62' lang='lat'>1554„</span> <span class='ocrx_word' id='word_1_497' title='bbox 2020 2241 2106 2274; x_wconf 68' lang='lat'>1552,</span> <span class='ocrx_word' id='word_1_498' title='bbox 2122 2242 2207 2273; x_wconf 70' lang='lat' dir='ltr'>15ffl,</span> 
     </span>
    </p>
   </div>
   <div class='ocr_carea' id='block_1_24' title="bbox 1261 2280 2207 2384">
    <p class='ocr_par' dir='ltr' id='par_1_32' title="bbox 1261 2280 2207 2384">
     <span class='ocr_line' id='line_1_89' title="bbox 1297 2280 1370 2303; baseline 0.014 -1"><span class='ocrx_word' id='word_1_499' title='bbox 1297 2280 1370 2303; x_wconf 83' lang='lat'>1601.</span> 
     </span>
     <span class='ocr_line' id='line_1_90' title="bbox 1261 2318 2207 2350; baseline -0.002 -3"><span class='ocrx_word' id='word_1_500' title='bbox 1261 2323 1308 2350; x_wconf 77' lang='lat'>36)</span> <span class='ocrx_word' id='word_1_501' title='bbox 1327 2320 1500 2348; x_wconf 80' lang='lat' dir='ltr'>mehercule]</span> <span class='ocrx_word' id='word_1_502' title='bbox 1519 2319 1558 2342; x_wconf 80' lang='lat' dir='ltr'>sic</span> <span class='ocrx_word' id='word_1_503' title='bbox 1576 2319 1640 2342; x_wconf 81' lang='lat' dir='ltr'>illae</span> <span class='ocrx_word' id='word_1_504' title='bbox 1659 2319 1741 2342; x_wconf 83' lang='lat' dir='ltr'>Editt.</span> <span class='ocrx_word' id='word_1_505' title='bbox 1761 2319 1788 2341; x_wconf 85' lang='lat' dir='ltr'>et</span> <span class='ocrx_word' id='word_1_506' title='bbox 1806 2318 1859 2347; x_wconf 82' lang='lat' dir='ltr'>al.;</span> <span class='ocrx_word' id='word_1_507' title='bbox 1884 2318 1934 2343; x_wconf 85' lang='lat' dir='ltr'>Ed.</span> <span class='ocrx_word' id='word_1_508' title='bbox 1955 2318 2040 2344; x_wconf 84' lang='lat' dir='ltr'>Orell.</span> <span class='ocrx_word' id='word_1_509' title='bbox 2058 2319 2207 2345; x_wconf 77' lang='lat' dir='ltr'>mehercu-</span> 
     </span>
     <span class='ocr_line' id='line_1_91' title="bbox 1295 2352 2206 2384; baseline -0.004 -3"><span class='ocrx_word' id='word_1_510' title='bbox 1295 2358 1343 2381; x_wconf 85' lang='lat' dir='ltr'>les.</span> <span class='ocrx_word' id='word_1_511' title='bbox 1365 2369 1398 2372; x_wconf 87' lang='lat'>—-</span> <span class='ocrx_word' id='word_1_512' title='bbox 1432 2355 1462 2377; x_wconf 86' lang='lat' dir='ltr'>ln</span> <span class='ocrx_word' id='word_1_513' title='bbox 1481 2354 1562 2377; x_wconf 82' lang='lat' dir='ltr'>Editt.</span> <span class='ocrx_word' id='word_1_514' title='bbox 1584 2353 1673 2379; x_wconf 74' lang='lat'>1545„</span> <span class='ocrx_word' id='word_1_515' title='bbox 1701 2353 1774 2378; x_wconf 85' lang='lat'>1560.</span> <span class='ocrx_word' id='word_1_516' title='bbox 1800 2352 1860 2376; x_wconf 76' lang='lat' dir='ltr'>huic</span> <span class='ocrx_word' id='word_1_517' title='bbox 1884 2354 1965 2376; x_wconf 82' lang='lat' dir='ltr'>uotae</span> <span class='ocrx_word' id='word_1_518' title='bbox 1989 2353 2127 2384; x_wconf 76' lang='lat' dir='ltr'>adscripta</span> <span class='ocrx_word' id='word_1_519' title='bbox 2143 2355 2206 2377; x_wconf 82' lang='lat' dir='ltr'>sunt</span> 
     </span>
    </p>
   </div>
   <div class='ocr_carea' id='block_1_25' title="bbox 1296 2387 2202 2451">
    <p class='ocr_par' dir='ltr' id='par_1_33' title="bbox 1296 2387 2202 2451">
     <span class='ocr_line' id='line_1_92' title="bbox 1296 2387 2202 2418; baseline -0.001 -6"><span class='ocrx_word' id='word_1_520' title='bbox 1296 2391 1351 2414; x_wconf 77' lang='lat' dir='ltr'>Cic.</span> <span class='ocrx_word' id='word_1_521' title='bbox 1371 2389 1453 2412; x_wconf 85' lang='lat' dir='ltr'>verba</span> <span class='ocrx_word' id='word_1_522' title='bbox 1472 2388 1627 2417; x_wconf 71' lang='lat' dir='ltr'>sequentia:</span> <span class='ocrx_word' id='word_1_523' title='bbox 1660 2388 1716 2411; x_wconf 84' lang='lat' dir='ltr'>Pro</span> <span class='ocrx_word' id='word_1_524' title='bbox 1735 2387 1870 2411; x_wconf 72' lang='lat' dir='ltr'>maa-imis</span> <span class='ocrx_word' id='word_1_525' title='bbox 1888 2388 1963 2418; x_wconf 76' lang='lat' dir='ltr'>tuis,</span> <span class='ocrx_word' id='word_1_526' title='bbox 1988 2387 2083 2416; x_wconf 81' lang='lat' dir='ltr'>quihus</span> <span class='ocrx_word' id='word_1_527' title='bbox 2107 2387 2136 2411; x_wconf 83' lang='lat' dir='ltr'>in</span> <span class='ocrx_word' id='word_1_528' title='bbox 2154 2387 2202 2412; x_wconf 76' lang='lat' dir='ltr'>Ed.</span> 
     </span>
     <span class='ocr_line' id='line_1_93' title="bbox 1296 2421 1770 2451; baseline -0.006 -4"><span class='ocrx_word' id='word_1_529' title='bbox 1296 2424 1370 2447; x_wconf 82' lang='lat'>1537.</span> <span class='ocrx_word' id='word_1_530' title='bbox 1390 2423 1415 2446; x_wconf 87' lang='lat' dir='ltr'>iu</span> <span class='ocrx_word' id='word_1_531' title='bbox 1435 2422 1557 2451; x_wconf 75' lang='lat' dir='ltr'>margine</span> <span class='ocrx_word' id='word_1_532' title='bbox 1576 2421 1702 2450; x_wconf 83' lang='lat' dir='ltr'>apposita</span> <span class='ocrx_word' id='word_1_533' title='bbox 1719 2423 1770 2444; x_wconf 81' lang='lat' dir='ltr'>est.</span> 
     </span>
    </p>
   </div>
   <div class='ocr_carea' id='block_1_26' title="bbox 1258 2462 2207 2718">
    <p class='ocr_par' dir='ltr' id='par_1_34' title="bbox 1260 2462 2206 2524">
     <span class='ocr_line' id='line_1_94' title="bbox 1260 2462 2206 2495; baseline -0.002 -6"><span class='ocrx_word' id='word_1_534' title='bbox 1260 2467 1308 2495; x_wconf 85' lang='grc'>37)</span> <span class='ocrx_word' id='word_1_535' title='bbox 1325 2465 1440 2489; x_wconf 79' lang='lat' dir='ltr'>Eaedem</span> <span class='ocrx_word' id='word_1_536' title='bbox 1460 2465 1475 2487; x_wconf 85' lang='lat'><strong>2</strong></span> <span class='ocrx_word' id='word_1_537' title='bbox 1490 2464 1572 2487; x_wconf 79' lang='lat' dir='ltr'>Editt.</span> <span class='ocrx_word' id='word_1_538' title='bbox 1589 2465 1612 2488; x_wconf 88' lang='grc' dir='ltr'>Ιι.</span> <span class='ocrx_word' id='word_1_539' title='bbox 1627 2464 1645 2488; x_wconf 86' lang='grc' dir='ltr'>Ι.</span> <span class='ocrx_word' id='word_1_540' title='bbox 1664 2464 1763 2487; x_wconf 84' lang='lat' dir='ltr'>habent</span> <span class='ocrx_word' id='word_1_541' title='bbox 1778 2463 1832 2488; x_wconf 81' lang='lat' dir='ltr'>Cic.</span> <span class='ocrx_word' id='word_1_542' title='bbox 1850 2463 1933 2486; x_wconf 82' lang='lat' dir='ltr'>verba</span> <span class='ocrx_word' id='word_1_543' title='bbox 1951 2462 2106 2492; x_wconf 77' lang='lat' dir='ltr'>sequentia:</span> <span class='ocrx_word' id='word_1_544' title='bbox 2125 2463 2206 2494; x_wconf 77' lang='lat' dir='ltr'>Quod</span> 
     </span>
     <span class='ocr_line' id='line_1_95' title="bbox 1294 2500 1602 2524; baseline -0.013 0"><span class='ocrx_word' id='word_1_545' title='bbox 1294 2500 1444 2524; x_wconf 69' lang='lat' dir='ltr'>commum</span> <span class='ocrx_word' id='word_1_546' title='bbox 1465 2500 1602 2521; x_wconf 70' lang='lat' dir='ltr'>nestrum.</span> 
     </span>
    </p>

    <p class='ocr_par' dir='ltr' id='par_1_35' title="bbox 1259 2539 1982 2603">
     <span class='ocr_line' id='line_1_96' title="bbox 1259 2539 1982 2570; baseline -0.008 -3"><span class='ocrx_word' id='word_1_547' title='bbox 1259 2544 1306 2570; x_wconf 66' lang='lat'>36)</span> <span class='ocrx_word' id='word_1_548' title='bbox 1327 2541 1458 2569; x_wconf 75' lang='lat' dir='ltr'>noluerit]</span> <span class='ocrx_word' id='word_1_549' title='bbox 1490 2547 1529 2563; x_wconf 77' lang='lat' dir='ltr'>sw</span> <span class='ocrx_word' id='word_1_550' title='bbox 1555 2540 1748 2570; x_wconf 61' lang='lat' dir='ltr'>b3ditt.15:37.‚</span> <span class='ocrx_word' id='word_1_551' title='bbox 1778 2540 1866 2570; x_wconf 60' lang='lat'>15⁴5„</span> <span class='ocrx_word' id='word_1_552' title='bbox 1893 2539 1982 2569; x_wconf 74' lang='lat'>1560.;</span> 
     </span>
     <span class='ocr_line' id='line_1_97' title="bbox 1297 2574 1745 2603; baseline -0.004 -3"><span class='ocrx_word' id='word_1_553' title='bbox 1297 2577 1386 2602; x_wconf 75' lang='lat'>1544..</span> <span class='ocrx_word' id='word_1_554' title='bbox 1409 2575 1502 2603; x_wconf 70' lang='lat'>1554..</span> <span class='ocrx_word' id='word_1_555' title='bbox 1524 2574 1597 2598; x_wconf 83' lang='lat'>1557.</span> <span class='ocrx_word' id='word_1_556' title='bbox 1618 2575 1745 2599; x_wconf 79' lang='lat' dir='ltr'>voluerit.</span> 
     </span>
    </p>

    <p class='ocr_par' dir='ltr' id='par_1_36' title="bbox 1259 2614 2084 2649">
     <span class='ocr_line' id='line_1_98' title="bbox 1259 2614 2084 2649; baseline -0.006 -6"><span class='ocrx_word' id='word_1_557' title='bbox 1259 2620 1305 2647; x_wconf 74' lang='grc'>39)</span> <span class='ocrx_word' id='word_1_558' title='bbox 1325 2618 1474 2649; x_wconf 74' lang='lat' dir='ltr'>quicquid]</span> <span class='ocrx_word' id='word_1_559' title='bbox 1493 2616 1532 2639; x_wconf 80' lang='lat' dir='ltr'>sic</span> <span class='ocrx_word' id='word_1_560' title='bbox 1554 2617 1618 2640; x_wconf 82' lang='lat' dir='ltr'>illae</span> <span class='ocrx_word' id='word_1_561' title='bbox 1637 2617 1737 2645; x_wconf 85' lang='lat' dir='ltr'>Editt.;</span> <span class='ocrx_word' id='word_1_562' title='bbox 1764 2617 1813 2639; x_wconf 85' lang='lat' dir='ltr'>Ed.</span> <span class='ocrx_word' id='word_1_563' title='bbox 1833 2615 1918 2639; x_wconf 82' lang='lat' dir='ltr'>orell.</span> <span class='ocrx_word' id='word_1_564' title='bbox 1938 2614 2084 2645; x_wconf 73' lang='lat' dir='ltr'>quidquid.</span> 
     </span>
    </p>

    <p class='ocr_par' dir='ltr' id='par_1_37' title="bbox 1258 2657 2207 2718">
     <span class='ocr_line' id='line_1_99' title="bbox 1258 2657 2207 2690; baseline -0.005 -5"><span class='ocrx_word' id='word_1_565' title='bbox 1258 2663 1306 2690; x_wconf 81' lang='lat'>40)</span> <span class='ocrx_word' id='word_1_566' title='bbox 1327 2661 1383 2683; x_wconf 81' lang='lat' dir='ltr'>Hoc</span> <span class='ocrx_word' id='word_1_567' title='bbox 1400 2661 1588 2688; x_wconf 63' lang='lat' dir='ltr'>argumentum</span> <span class='ocrx_word' id='word_1_568' title='bbox 1607 2662 1634 2683; x_wconf 82' lang='lat' dir='ltr'>et</span> <span class='ocrx_word' id='word_1_569' title='bbox 1652 2660 1703 2683; x_wconf 84' lang='lat' dir='ltr'>duo</span> <span class='ocrx_word' id='word_1_570' title='bbox 1722 2658 1863 2689; x_wconf 74' lang='lat' dir='ltr'>sequentia</span> <span class='ocrx_word' id='word_1_571' title='bbox 1880 2658 1914 2681; x_wconf 82' lang='lat' dir='ltr'>ab</span> <span class='ocrx_word' id='word_1_572' title='bbox 1931 2657 2014 2680; x_wconf 77' lang='lat' dir='ltr'>Editt.</span> <span class='ocrx_word' id='word_1_573' title='bbox 2032 2657 2121 2689; x_wconf 58' lang='lat'>1556„</span> <span class='ocrx_word' id='word_1_574' title='bbox 2143 2658 2207 2682; x_wconf 75' lang='lat'>1565</span> 
     </span>
     <span class='ocr_line' id='line_1_100' title="bbox 1293 2694 1595 2718; baseline -0.003 0"><span class='ocrx_word' id='word_1_575' title='bbox 1293 2694 1410 2718; x_wconf 83' lang='lat'>—1596.</span> <span class='ocrx_word' id='word_1_576' title='bbox 1430 2694 1595 2717; x_wconf 75' lang='lat' dir='ltr'>exhibentur.</span> 
     </span>
    </p>
   </div>
   <div class='ocr_carea' id='block_1_27' title="bbox 2019 2537 2205 2564">
    <p class='ocr_par' dir='ltr' id='par_1_38' title="bbox 2019 2537 2205 2564">
     <span class='ocr_line' id='line_1_101' title="bbox 2019 2537 2205 2564; baseline 0.016 -3"><span class='ocrx_word' id='word_1_577' title='bbox 2019 2538 2103 2563; x_wconf 85' lang='lat' dir='ltr'>Editt.</span> <span class='ocrx_word' id='word_1_578' title='bbox 2120 2537 2205 2564; x_wconf 73' lang='lat'>1540..</span> 
     </span>
    </p>
   </div>
   <div class='ocr_carea' id='block_1_28' title="bbox 2304 0 2351 2422">
    <p class='ocr_par' dir='ltr' id='par_1_39' title="bbox 2304 0 2351 2422">
     <span class='ocr_line' id='line_1_102' title="bbox 2304 0 2351 2422; baseline 0 0"><span class='ocrx_word' id='word_1_579' title='bbox 2304 0 2351 2422; x_wconf 95' lang='lat' dir='ltr'> </span> 
     </span>
    </p>
   </div>
  </div>
 </body>
</html>
