2351 2990
147 150 222 185 967

153 236 383 270 ostenderunt
400 234 536 267 maiora
555 234 729 278 praesidia
750 245 822 266 esse
840 230 1087 264 fortitudinem
1116 238 1149 264 et

153 287 318 319 xirtutem
333 312 341 325 ,
370 298 477 332 quam
498 298 581 329 opes
598 292 629 317 et
647 283 926 317 multitudinem.
971 282 1149 316 Lacedae-

152 337 264 370 monii
293 350 376 370 vero
402 337 437 369 in
462 335 716 379 Thermopylis
748 335 918 367 instructa
951 334 1044 374 acie,
1086 334 1149 367 etsi

153 389 382 422 multitudine
400 386 568 432 superati,
598 387 741 418 tandem
760 385 941 418 communi
960 383 1147 418 hominum

152 441 318 473 fortunae
347 439 626 476 succulnierunt,
666 444 786 469 tamen
809 436 1017 469 fortitudine
1045 437 1150 480 longe

155 491 320 524 omnibus
354 489 645 522 antecelluerunt.
715 486 798 520 Ideo
831 488 866 520 in
898 494 1053 520 extrema
1087 500 1149 520 ora

155 542 309 575 faucium
329 546 560 573 monumenta
577 545 733 572 extructa
752 545 852 578 sunt,
881 538 917 571 in
935 540 1064 584 quilius
1081 538 1152 571 vir-

158 594 242 626 tutis
262 604 384 624 eorum
404 590 605 624 testimonia
626 590 755 634 scripta
775 596 913 623 extant:

208 651 273 683 Dic
295 648 421 694 hospes
438 649 587 693 Spartae
605 661 670 682 nos
687 655 720 682 te
737 646 795 681 hic
813 648 941 682 vidisse
959 648 1129 688 iacentes,

258 700 353 735 Dum
371 701 501 734 sanctis
519 700 656 745 patriae
671 700 807 744 legibus
823 699 1056 745 obsequimur
1067 699 1127 746 Ἦ).

152 769 206 804 De
224 770 355 804 nostris
364 769 411 816 ⁹³)
429 782 513 803 vero
533 775 627 802 extat
642 767 729 802 haec
747 768 949 814 inscriptio:

206 830 322 864 Attica
341 829 471 863 delevit
488 829 613 863 Medos
632 826 857 862 Marathonis
875 828 911 861 in
930 828 1022 872 agris
1034 855 1042 867 ‚

260 882 376 915 Pubes
392 893 457 925 pro
475 880 620 914 Graecis
636 881 720 913 dum
739 880 796 924 pia
814 880 904 913 bella
925 879 1026 923 gerit.

258 949 396 983 Harum
425 961 545 983 rerum
576 948 871 981 commemoratio
905 946 1054 981 honesta
1090 953 1153 986 est,

157 1009 191 1036 et
222 1014 300 1035 cum
334 1002 410 1035 illas
442 1001 534 1045 ipsas
565 1000 721 1033 actiones
755 999 873 1033 debita
906 1000 1010 1033 laude
1035 1005 1152 1038 ornat,

156 1060 232 1087 tum
250 1065 334 1086 vero
354 1052 486 1086 civitati
505 1051 658 1095 gloriosa
676 1058 737 1085 est.
796 1050 952 1084 Econtra
970 1050 1152 1084 Leocratis

155 1105 238 1148 fuga
256 1104 406 1148 gloriam
431 1109 484 1136 tot
507 1103 707 1136 seculorum
735 1103 904 1147 exemplis
928 1108 1069 1147 partam
1093 1102 1151 1135 de-

155 1155 406 1201 decoravitffl).
466 1154 502 1187 Si
520 1154 628 1199 igitur
643 1166 722 1188 eum
739 1154 986 1188 interfeceritis
998 1180 1007 1194 ‚
1035 1159 1151 1187 osten-

156 1207 245 1241 detis
265 1207 410 1240 caeteris
430 1205 574 1239 Graecis
598 1218 660 1238 vos
685 1206 798 1239 odisse
825 1206 908 1238 talia
932 1206 1035 1239 facta.
1089 1204 1151 1238 Sin

157 1265 275 1292 autem
313 1257 502 1292 absolvetis
519 1284 528 1297 ‚
579 1257 757 1290 maiorum
802 1253 958 1291 vestrum
999 1256 1150 1301 gloriam

157 1310 334 1349 obruetis,
378 1316 411 1343 et
443 1308 591 1342 caeteris
615 1308 749 1342 civibus
774 1309 973 1353 exemplum
998 1308 1151 1342 nocebit.

157 1360 249 1396 Nam
283 1361 343 1407 qui
375 1360 529 1394 maiores
553 1367 688 1394 vestros
715 1372 789 1394 non
814 1360 1012 1400 mirantur,
1056 1357 1151 1393 hunc

157 1412 292 1445 imitari
309 1412 519 1452 studebunt,
555 1411 795 1445 existimantes
820 1413 913 1456 apud
939 1411 1027 1445 alios
1051 1411 1150 1444 forti-

156 1463 315 1498 tudinem
333 1464 500 1498 ducirem
519 1463 737 1507 praeclaram
750 1490 759 1503 ‚
785 1464 916 1496 bonam
938 1469 971 1496 et
986 1469 1151 1507 expeten-

157 1516 238 1549 dam
252 1542 261 1556 ,
289 1516 390 1550 vobis
412 1515 670 1560 impudentiam
690 1522 723 1548 et
740 1515 979 1560 proditionem
999 1515 1149 1559 placere.

261 1567 368 1612 Quod
385 1568 413 1601 si
432 1573 550 1601 autem
572 1579 635 1611 ego
655 1579 728 1600 non
746 1567 829 1601 satis
858 1567 1042 1601 ostendere
1070 1579 1150 1611 pos—

157 1630 256 1658 sum,
285 1619 467 1664 quomodo
493 1625 657 1663 oporteat
682 1632 743 1653 vos
770 1630 850 1662 erga
875 1619 1077 1663 proditores
1101 1618 1150 1650 af-

154 1669 264 1703 fectos
281 1682 365 1710 esse,
392 1670 545 1704 maiores
557 1670 790 1710 considerate,
818 1671 1001 1716 quomodo
1017 1669 1151 1714 suppli-

156 1720 249 1754 cium
266 1722 308 1754 de
326 1722 454 1756 talibus
469 1722 695 1766 sumpserint.
750 1721 841 1755 Nam
861 1728 895 1755 et
920 1722 956 1754 in
982 1727 1076 1754 recte
1100 1721 1151 1753 fa-

155 1771 282 1805 ciendo
309 1773 455 1818 impigri
480 1779 514 1806 et
535 1773 571 1806 in
597 1773 778 1818 punienda
801 1772 1023 1818 turpitudine
1053 1784 1151 1806 acres

155 1831 268 1859 erant.
321 1824 447 1859 Videte
471 1824 586 1865 enim,
615 1831 748 1872 quanta
773 1825 942 1859 severitas
968 1824 1004 1857 in
1029 1824 1149 1869 prodi-

154 1883 232 1910 tore
265 1876 446 1921 puniendo
480 1877 606 1918 fuerit,
642 1883 676 1910 et
699 1883 738 1910 ut
760 1888 988 1910 communem
1011 1873 1149 1909 hostem

153 1928 305 1962 civitatis
319 1940 391 1963 esse
407 1928 593 1963 senserint.
646 1928 735 1962 Cum
744 1925 970 1974 Phrynichus
979 1927 1025 1973 9⁵)
1042 1933 1151 1961 noctu

155 1980 200 2013 ad
218 1980 353 2014 fontem
370 1981 407 2014 in
423 1980 545 2014 salicto
564 1981 608 2013 ab
623 1980 846 2025 Apollodoro
868 1986 903 2013 et
921 1977 1149 2024 Thrasybulo

155 2031 359 2066 interfectus
383 2039 493 2072 esset,
527 2038 561 2065 et
586 2029 623 2064 hi
647 2044 666 2064 a
685 2029 883 2077 Phrynichi
911 2030 1034 2064 amicis
1055 2043 1149 2063 com-

152 2081 320 2127 prehensi
353 2091 483 2123 essent,
527 2083 679 2128 populus
712 2083 889 2116 intellecta
919 2095 957 2116 re
984 2082 1150 2115 liberavit

153 2141 275 2179 captos
309 2142 344 2168 et
370 2135 602 2181 inquisitione
635 2136 746 2175 facta,
796 2134 969 2179 comperit
996 2131 1149 2178 Phryni-

152 2184 257 2219 chum
273 2186 379 2221 fuisse
395 2187 492 2221 urbis
510 2187 733 2231 proditorem
758 2192 792 2219 et
813 2186 923 2231 ipsius
947 2185 1148 2218 interfecto-

221 2338 304 2362 matis
322 2338 394 2369 apud
413 2338 545 2363 Vincent.
564 2338 612 2363 fol.
627 2337 647 2361 P
661 2335 790 2362 2h-32.
809 2337 836 2360 et
854 2336 883 2360 in
901 2336 981 2360 huius
994 2336 1148 2367 Corp.Ref.

221 2372 287 2398 vol.
300 2373 334 2396 X.
354 2380 380 2403 p.
393 2373 444 2397 669
456 2379 498 2403 sq.
518 2372 704 2403 reperiuntur.

187 2423 236 2451 93)
255 2424 374 2454 nostris]
394 2424 435 2448 sic
452 2424 538 2448 Editt.
554 2423 646 2453 1548.‚
668 2421 760 2451 ¹554.,
780 2420 874 2451 1562.;
905 2420 932 2444 in
951 2422 1028 2445 textu
1048 2427 1148 2451 graeco

224 2458 265 2481 ed.
292 2459 383 2482 Blume
408 2459 543 2486 (sundiae
569 2458 642 2480 1828.
671 2458 712 2484 8,)
747 2457 774 2479 et
807 2456 847 2479 ed.
874 2456 1018 2479 Maetzner
1041 2457 1147 2483 (Berol.

224 2492 298 2515 1836.
317 2494 358 2520 8.)
378 2493 493 2522 legitur:
522 2489 661 2523 ὑμετέροις
680 2491 823 2520 (vestris).

187 2543 236 2570 94)
256 2543 287 2568 n.
305 2543 322 2566 l.
344 2542 370 2566 in
388 2543 471 2567 Editt.
489 2544 574 2571 1548..
597 2543 668 2566 1554.
689 2544 754 2565 nota
773 2541 906 2572 margin:
926 2541 1080 2572 Adplicatio
1100 2548 1147 2573 per

186 2304 235 2332 92)
255 2304 288 2328 ni
307 2309 407 2328 versus
426 2304 454 2328 et
473 2304 525 2328 duo
545 2303 745 2333 subsequentes
768 2301 851 2326 etiam
870 2300 897 2325 in
916 2301 980 2326 Mel.
1002 2300 1149 2332 Epigram-
1171 2263 1178 2568 Ι

222 2577 387 2607 antithesin,
413 2579 439 2600 et
457 2578 585 2607 repetitio
605 2577 813 2607 propositionis.
1171 2569 1175 2616 ἰ

187 2626 234 2657 95)
256 2626 322 2650 Huic
347 2626 446 2650 nomini
471 2626 496 2649 in
524 2628 605 2650 Editt.
629 2626 718 2653 1548..
748 2627 820 2650 1554.
848 2626 988 2656 adscripta
1012 2628 1055 2649 est
1082 2628 1147 2650 nota

223 2661 352 2691 margin:
386 2661 482 2684 socius
508 2661 618 2684 consilii
645 2661 677 2683 de
702 2661 862 2684 adducenda
886 2661 912 2683 in
938 2661 1033 2684 urbem
1055 2661 1146 2684 classe

223 2695 506 2719 Lacedaemoniorum.
562 2696 717 2724 Exemplum
742 2695 850 2725 punitae
875 2695 1053 2724 proditionis.
1088 2695 1146 2724 pri-

223 2733 286 2753 vato
312 2730 437 2753 consilio.
456 2742 489 2746 -
532 2730 609 2753 Cous.
636 2730 740 2759 Pauly:
773 2729 983 2759 Real-Enqycl.
1012 2730 1087 2755 Tom,
1110 2730 1144 2755 V.
1169 2732 1172 2759 ,ὲ

223 2771 247 2794 Ρ,
271 2764 335 2788 1582
355 2771 396 2794 sq.
1167 2766 1172 2788 t

724 146 847 182 PHIL.
882 145 995 180 MEL.
1033 143 1237 179 SCRIPTA
1272 145 1609 182 PHlLOLOGlCA.

2120 147 2193 183 968

1202 243 1257 265 res
1283 231 1410 265 iniuste
1435 232 1471 265 in
1495 233 1634 266 vincula
1660 232 1836 267 coniectos
1866 244 1950 266 esse.
2003 232 2194 268 Decretum

1203 282 1310 327 igitur
1327 284 1457 316 factum
1476 290 1545 323 est,
1581 291 1741 318 censente
1760 284 1869 317 Critia
1882 310 1891 325 ,
1916 290 1955 317 ut
1972 282 2197 330 Phrynichus

1204 340 1365 368 mortuus
1374 333 1421 379 ⁹⁶)
1445 341 1669 368 accusaretur
1685 336 1800 369 laesae
1816 335 2010 370 maiestatis
2019 335 2085 383 ⁹⁷),
2111 343 2145 369 et
2165 336 2194 370 si

1203 385 1499 430 pronuntiaretur
1531 385 1635 419 fuisse
1662 387 1905 430 proditorem,
1937 385 2124 432 sepulchro
2149 387 2197 420 ef·

1203 438 1297 470 fosso
1309 462 1317 476 ‚
1344 442 1440 468 extra
1463 442 1592 469 terram
1609 436 1760 470 Atticam
1778 439 1852 472 eius
1868 450 1944 472 ossa
1964 445 2195 484 exportaren-

1204 494 1262 521 tur
1285 493 1319 519 et
1346 485 1483 520 honore
1509 485 1685 531 sepulchri
1714 488 1748 521 in
1782 501 1819 522 ea
1851 496 1943 523 terra
1979 495 2012 522 et
2043 489 2197 530 civitate,

1206 551 1311 584 quam
1329 538 1536 582 proditurus
1551 538 1636 577 fuit,
1665 547 1835 574 carerent.
1881 540 2071 574 Decretum
2089 540 2196 573 etiam

1205 591 1334 622 factum
1360 595 1428 629 est,
1466 595 1505 622 ut
1528 590 1697 622 damnato
1720 597 1884 631 mortuo,
1922 592 1992 632 illi,
2033 592 2094 638 qui
2114 604 2194 625 eum

1206 642 1455 680 defenderent,
1497 642 1619 673 eadem
1652 653 1766 685 poena
1799 647 2015 676 tenerentur.
2078 643 2195 676 Tanta

1205 693 1273 726 fuit
1303 691 1471 726 severitas
1501 704 1574 724 non
1603 692 1738 732 solum,
1774 699 1813 725 nt
1837 692 2005 727 iniustum
2028 695 2197 728 ducerent

1207 755 1299 784 esse,
1342 755 1444 787 opem
1477 743 1567 776 ferre
1600 743 1860 785 desertoribus,
1903 745 1963 778 sed
1990 744 2116 786 etiam,
2158 752 2198 779 ut

1207 796 1357 839 prodere
1375 795 1498 827 urbem
1516 794 1716 827 iudicarent
1735 807 1813 835 eos,
1841 795 1901 841 qui
1925 795 2125 839 proditores
2147 803 2199 830 te-

1207 852 1340 890 gerent.
1393 844 1516 891 Itaque
1536 858 1614 879 cum
1636 852 1751 879 essent
1769 846 1885 880 infesti
1901 846 2074 891 improbis
2096 853 2130 880 et
2146 859 2198 880 se-

1207 897 1398 931 verissimis
1416 897 1553 930 iudiciis
1570 909 1629 930 eos
1649 898 1831 937 tollerent,
1859 898 1896 930 in
1921 898 2059 942 magnis
2085 898 2197 938 bellis,

1207 962 1284 983 cum
1302 947 1393 981 nihil
1416 948 1563 992 periculi
1589 961 1606 980 a
1633 949 1766 982 civibus
1791 956 1900 989 esset,
1935 949 2071 994 patriae
2093 949 2198 982 liber-

1207 1007 1313 1033 tatem
1329 1000 1575 1039 retinuerunt,
1603 1005 1636 1032 et
1653 1002 1794 1033 tandem
1813 999 1931 1036 hostes
1954 1001 2094 1035 fortiter
2117 1013 2199 1045 pro—

1206 1052 1430 1096 ssigax-erunt.

1475 1153 1597 1187 Recita
1626 1156 1817 1188 Decreta
1827 1167 1860 1188 m
1874 1153 1933 1200 ⁹⁸).

1306 1222 1383 1255 Hoc
1415 1223 1596 1256 decretum
1631 1235 1709 1256 cum
1746 1222 1949 1263 audieritis,
2002 1223 2200 1268 expendite,

1206 1273 1290 1319 quid
1315 1286 1377 1308 vos
1399 1275 1514 1307 facere
1539 1275 1673 1307 deceat.
1742 1274 1795 1306 llli
1826 1273 2022 1318 proditoris
2048 1287 2124 1309 ossa
2157 1288 2198 1309 ex

1206 1325 1446 1358 monumentis
1480 1331 1599 1365 eruta,
1641 1337 1682 1358 ex
1713 1324 1828 1358 Attica
1858 1325 2199 1368 exterminaverunt,

1205 1378 1405 1411 defensores
1423 1389 1507 1410 vero
1527 1377 1600 1410 eius
1616 1374 1862 1410 Aristarchum
1880 1383 1913 1410 et
1927 1377 2120 1411 Alexiclem
2145 1378 2200 1412 in-

1204 1429 1436 1469 terfecerunt,
1463 1441 1528 1462 nec
1545 1426 1771 1472 sepulchrum
1793 1429 1843 1462 eis
1870 1428 1907 1460 in
1923 1428 2039 1462 Attica
2059 1441 2200 1464 conces-

1203 1487 1337 1515 serunt.
1395 1480 1514 1514 Vosne
1541 1492 1619 1513 cum
1644 1479 1839 1524 proditoris
1866 1492 1995 1525 corpus
2018 1479 2140 1514 vivum
2166 1488 2202 1515 et

1204 1533 1395 1565 adductum
1424 1532 1461 1564 in
1484 1531 1654 1565 iudicium
1679 1531 1773 1565 nacti
1796 1531 1893 1572 sitis,
1925 1531 2111 1565 dimittetis
2134 1532 2201 1566 im-

1204 1583 1394 1628 punitum?
1423 1584 1584 1629 adeoque
1602 1583 1780 1616 maiorum
1805 1582 1991 1617 dissimiles
2016 1582 2134 1625 eritis,
2161 1591 2201 1618 ut

1205 1647 1283 1668 cum
1302 1635 1352 1667 illi
1370 1634 1504 1668 ultimis
1520 1634 1646 1679 poenis
1664 1633 1848 1667 affecerint
1863 1646 1943 1675 eos,
1979 1633 2041 1680 qui
2058 1640 2200 1669 tantum

1204 1686 1320 1720 verbis
1338 1686 1442 1720 tutati
1465 1692 1547 1720 sunt
1570 1686 1792 1731 proditores,
1827 1698 1890 1719 vos
1912 1684 2098 1719 hominem
2119 1699 2199 1731 per-

1204 1738 1388 1779 fidiosum,
1431 1737 1493 1784 qui
1514 1738 1607 1771 facto
1632 1737 1788 1771 deseruit
1810 1737 1986 1781 patriam,
2026 1743 2199 1783 tanquam

1204 1789 1381 1824 insontem
1399 1789 1596 1823 absoluturi
1611 1788 1711 1823 sitis?
1760 1788 1830 1829 Ne,
1857 1788 2008 1829 iudices,
2036 1801 2116 1822 cum
2139 1789 2200 1822 illa

1204 1841 1341 1886 patriae
1356 1842 1515 1886 exempla
1534 1847 1672 1882 extent,
1701 1840 1896 1886 quidquam
1923 1839 2111 1884 indignum
2137 1853 2199 1874 vo-

1203 1893 1256 1927 bis
1273 1894 1428 1928 statuite.
1488 1893 1580 1927 Nam
1603 1893 1633 1926 si
1655 1899 1794 1925 tantum
1819 1891 1963 1925 unicum
1987 1891 2056 1924 tale
2079 1892 2198 1925 decre-

1205 1952 1278 1978 tum
1302 1951 1457 1986 extaret,
1492 1945 1562 1978 dici
1586 1950 1725 1988 posset,
1760 1943 1797 1976 in
1819 1954 1890 1975 una
1912 1954 2015 1977 causa
2038 1943 2198 1988 asperius

1204 1997 1384 2030 decretum
1402 1996 1445 2030 ab
1462 1996 1574 2036 iratis,
1602 2008 1675 2028 non
1692 2006 1777 2028 vero
1795 1994 1944 2028 consilio
1960 1994 2092 2027 factum
2111 2006 2197 2029 esse.

1204 2048 1294 2082 Cum
1319 2054 1436 2082 autem
1461 2047 1499 2080 in
1522 2047 1609 2081 tales
1634 2058 1756 2080 omnes
1779 2057 1895 2089 poena
1918 2044 2043 2079 similis
2067 2045 2198 2080 consti-

1203 2106 1277 2133 tuta
1294 2099 1358 2140 sit,
1385 2099 1612 2133 manifestum
1633 2103 1702 2137 est,
1731 2109 1790 2130 eos
1806 2096 1975 2131 adversus
1991 2096 2108 2140 ipsum
2125 2109 2198 2132 sce-

1202 2152 1274 2192 lus,
1300 2163 1423 2185 amore
1442 2150 1615 2190 iustitiae,
1643 2149 1823 2182 exarsisse.

1305 2222 1393 2256 Cum
1425 2220 1519 2254 enim
1555 2217 1846 2264 pronuntiassent
1874 2215 2121 2262 Hipparchum
2136 2217 2197 2265 ⁹⁹),

1203 2273 1265 2320 qui
1279 2285 1353 2307 non
1373 2278 1556 2318 expectato
1570 2270 1692 2304 iudicii
1708 2269 1763 2303 die
1782 2269 2025 2304 defensionem
2042 2269 2197 2316 relique-

1235 2392 1283 2425 96)
1304 2392 1443 2420 mortuus]
1462 2390 1503 2414 sic
1522 2391 1596 2413 recte
1610 2389 1658 2413 Ed.
1671 2388 1744 2413 ¹562.
1759 2397 1790 2409 =
1807 2389 1928 2419 Lycurg.
1949 2385 1999 2412 τόν
2011 2385 2066 2419 μὲν
2079 2384 2192 2421 νεκρόνς

1270 2428 1356 2452 Editt.
1376 2426 1466 2454 1548,
1489 2425 1562 2448 1554.
1582 2424 1690 2448 mortis.

1235 2470 1283 2498 97)
1303 2470 1396 2493 laesae
1414 2465 1584 2494 maiestatis]
1609 2465 1650 2489 sie
1670 2466 1744 2488 recte
1763 2464 1811 2488 Ed.
1833 2464 1907 2489 1562.
1934 2464 2071 2494 (bycnrg.
2089 2460 2192 2494 προδο-

1270 2505 1363 2533 σίας);
1394 2502 1477 2526 Editt.
1499 2501 1571 2524 1548.
1583 2516 1590 2527 ,
1614 2501 1687 2523 1554.
1706 2500 1767 2529 lege
1785 2498 1950 2524 maiestatis.
1968 2510 2003 2516 —
2046 2497 2114 2520 Huic
2130 2497 2191 2520 loco

1271 2539 1299 2562 in
1319 2537 1442 2567 margine
1461 2535 1598 2564 adscripta
1618 2536 1661 2558 est
1677 2536 1756 2557 nota:
1776 2533 1937 2557 Recitantur
1952 2531 2057 2562 aliquot
2070 2531 2191 2556 decreta.

1269 2573 1365 2603 quibus
1384 2570 1485 2594 similia
1503 2570 1576 2592 facta
1595 2569 1690 2598 punita
1707 2570 1781 2593 sunt.

1233 2616 1282 2643 98)
1302 2614 1388 2638 liuius
1414 2614 1441 2636 et
1467 2612 1608 2642 sequentis
1633 2610 1736 2634 decreti
1768 2610 1845 2634 solus
1869 2609 1911 2633 hic
1937 2608 2034 2633 titulus
2058 2607 2189 2639 affertur3

1267 2650 1337 2674 conf.
1359 2653 1443 2678 supra
1462 2654 1484 2677 p.
1496 2647 1556 2670 845.
1577 2647 1641 2670 nota
1654 2646 1696 2671 33.

1232 2694 1279 2722 99)
1301 2693 1369 2717 Huic
1387 2691 1488 2715 nomini
1509 2691 1534 2714 in
1554 2690 1637 2714 Editt.
1658 2689 1750 2717 ¹548..
1779 2689 1853 2713 1554.
1880 2687 1907 2711 in
1934 2685 2059 2717 margine
2083 2686 2191 2710 adiecta

1268 2729 1311 2751 est
1342 2727 1500 2750 annotatio:
1540 2724 1709 2754 Hipparchus
1741 2725 1874 2753 cognatus
1907 2721 2064 2753 Pisistrati,
2101 2720 2189 2751 pulsis

1269 2762 1333 2786 filiis
1352 2761 1507 2786 Pisistrati.
1534 2760 1593 2789 ipse
1612 2758 1786 2788 tyrannidem
1805 2756 1953 2781 affectavit.
