2294 2975
97 126 170 160 505
673 121 794 156 PHlL.
827 119 938 154 MEL.
973 117 1174 154 SCRIPTA
1208 117 1543 154 PHILOLOGICA.
2047 121 2121 156 304

99 224 175 244 rum
196 208 320 242 iudicia
339 210 380 241 de
397 209 488 241 sacto
505 207 708 241 Dolabellae
726 220 765 239 eo
784 212 952 251 spectare,
979 204 1079 250 qnasi

99 261 217 294 ‹uniiia
235 259 346 304 egerit
363 258 545 292 Dolabella
573 259 738 292 instinctu
760 264 793 289 et
817 256 963 290 consilio
982 256 1079 288 Cice-

99 312 206 345 ronis.
260 310 352 355 Quia
371 323 453 342 xero
472 311 544 343 eius
567 310 646 342 sacti
671 309 809 341 laudem
836 307 991 352 aliquam
1014 306 1080 340 sibi

99 364 222 395 Cicero
249 361 476 406 xiiidicat55’),
517 361 656 403 oblique
680 359 772 390 xiam
800 358 926 392 sternit
952 358 995 390 ad
1021 357 1082 389 ad-

99 412 360 449 hortationem,
398 419 435 443 ut
460 411 640 443 Dolabella
672 409 707 441 in
732 415 913 453 posterum
939 420 1082 454 quoque

101 464 172 498 suis
197 463 348 495 consiliis
374 463 606 505 obsequatur,
644 472 733 504 quae
754 460 891 504 publice
918 459 1082 492 omnibus

102 514 237 558 sintffia)
255 519 350 556 grata
369 518 402 544 et
423 509 1084 554 ipsiDolabellaemaximehonorifica.

102 566 328 610 Quamquam
354 568 470 593 autem
493 561 618 594 nullibi
643 562 771 595 dicitur
793 562 829 594 in
853 560 1008 595 liistoriis
1029 561 1084 594 Ci-

103 626 264 647 ceronem
284 612 461 645 conscium
487 612 590 646 fuisse
614 613 886 656 conspirationis
906 612 942 645 in
961 612 1086 645 Caesa-

102 678 198 702 rem,
225 670 342 696 tamen
362 663 474 706 ipsum
492 664 621 696 factum
639 663 770 709 ubique
787 664 986 708 praedicat,
1013 675 1085 695 non

103 716 198 760 quod
215 714 314 746 valde
331 714 375 747 sit
393 714 584 747 delectatus
604 714 671 747 isto
689 714 881 747 miserabili
904 726 985 747 casu
1002 714 1087 746 Cae-

104 765 210 804 saris,
239 766 298 798 sed
316 765 411 809 quod
433 765 599 808 sperabat
623 765 880 809 rempublicam
903 766 946 798 ad
971 763 1087 809 pristi-

103 828 186 849 num
206 821 334 848 statum
350 815 521 848 libertatis
536 813 603 848 hoc
625 816 731 849 modo
756 816 971 855 redituram,
999 826 1088 860 quae

103 879 180 911 spes
199 879 278 899 eum
297 866 444 898 omnino
460 866 591 899 sesellit.
645 866 736 900 Nam
764 873 843 911 post
867 867 1088 899 intersectum

106 919 314 956 Caesarem,
349 917 450 949 multi
475 916 621 949 maximi
647 924 763 951 motus
789 917 898 951 secuti
920 923 1021 956 sunt,
1053 916 1090 948 in

106 968 234 1013 quibus
260 968 332 1011 ipse
355 980 495 1011 quoque
519 967 640 1000 Cicero
659 968 775 1011 periit.
829 968 1015 1001 Caeterum
1035 965 1090 999 hic

106 1020 194 1051 ordo
214 1025 261 1051 est
280 1016 383 1050 huius
401 1018 579 1061 epistolae.
632 1018 814 1062 Principio
836 1018 982 1062 ponitur
1008 1029 1091 1061 pro-

107 1069 234 1113 positio
253 1068 436 1101 continens
453 1068 746 1112 gratulationem:
774 1069 1023 1102 Gratissimum
1042 1073 1093 1101 est

106 1118 214 1158 mihi,
250 1119 344 1164 quod
368 1125 467 1151 tuum
490 1119 621 1151 factum
647 1119 753 1152 etiam
781 1117 869 1152 milii
897 1119 1091 1163 gloriosum

107 1177 168 1203 est.
227 1169 393 1214 Sequitur
418 1169 576 1202 narratio
602 1170 738 1210 brevis,
771 1182 860 1215 quae
885 1176 935 1204 est
962 1181 1093 1214 propo-

106 1220 243 1255 sitionis
276 1220 379 1253 ratio.
445 1219 577 1265 Estque
608 1218 694 1254 haec
723 1232 878 1254 summa:
921 1220 1093 1253 Homines

110 1271 257 1304 omuino
275 1272 421 1303 credunt
448 1277 479 1303 te
503 1270 538 1303 id
562 1271 682 1305 fecisse
706 1283 784 1304 meo
811 1271 969 1305 consilio.
1022 1270 1094 1303 Ad-

108 1322 203 1355 ditur
228 1321 431 1365 occupatio,
469 1321 632 1354 videlicet
658 1334 785 1366 parum
808 1320 997 1356 honestum
1022 1333 1094 1355 esse

109 1372 326 1411 Dolabellae,
347 1372 441 1416 quod
462 1373 580 1405 omnia
599 1372 736 1405 dicatur
748 1373 861 1405 facere
878 1373 994 1406 alieno
1012 1384 1094 1405 con-

108 1424 200 1457 silio.
252 1423 351 1454 Hanc
369 1423 636 1466 occupationem
655 1423 810 1467 primum
827 1423 967 1468 mitigat
985 1423 1095 1456 libera

109 1473 433 1518 concessioiie⁵⁴³¹¹),
467 1480 586 1518 estque
612 1474 803 1506 sententia:
839 1473 924 1507 Sum
949 1474 1096 1518 cupidus

110 1524 243 1563 laudis,
271 1524 377 1567 igitur
398 1524 555 1566 ignosces
579 1522 678 1558 mihi.
738 1524 874 1557 Deinde
899 1525 999 1558 addit
1021 1536 1097 1557 cor-

111 1575 323 1613 rectionem,
367 1587 474 1618 quam
505 1575 694 1618 amplificat
723 1575 766 1607 ab
798 1576 975 1619 exemplo:
1020 1574 1095 1607 Imo

111 1625 263 1658 maxime
293 1630 342 1657 est
368 1623 575 1665 honestum,
611 1631 643 1657 te
670 1625 1097 1669 velutiAgamemnonem

112 1675 241 1709 habere
258 1675 410 1720 aliquem
431 1675 635 1715 Nestorem,
673 1676 769 1709 cuius
788 1677 942 1710 consiliis
963 1676 1098 1710 auscul-

113 1734 175 1760 tes.
244 1725 319 1758 Hoc
342 1737 425 1758 vero
449 1726 647 1770 exemplum
673 1738 713 1759 ex
736 1726 893 1760 Homero
917 1733 1098 1771 sumptum

112 1776 342 1815 mirabiliter,
383 1783 461 1820 apte
491 1783 523 1809 et
549 1777 702 1820 graviter
727 1777 866 1811 dicitur.
939 1777 1098 1821 Occupa-

114 1827 261 1871 tioniffl)
285 1827 423 1860 subiicit
446 1827 687 1860 testimonium
705 1826 806 1860 Lucii
822 1827 999 1867 Caesaris,
1028 1840 1098 1873 quo

114 1878 245 1917 utitur,
290 1885 329 1910 nt
365 1878 585 1911 commodius
616 1878 835 1921 ingrediatur
866 1879 1100 1922 praedicatio-

113 1941 195 1962 nem
218 1929 299 1961 facti
318 1928 541 1968 Dolabellae,
577 1929 637 1974 qui
661 1941 695 1962 se
719 1929 882 1973 inprimis
908 1931 1098 1963 adductum

116 1992 188 2013 esse
205 1979 357 2012 affirmat
375 1980 417 2011 ad
436 1992 514 2012 eum
535 1980 664 2022 magis,
694 1992 800 2024 quam
824 1986 948 2020 antea,
979 1992 1100 2013 aman·

116 2032 212 2063 dum.
264 2029 433 2074 Epilogus
454 2030 610 2063 continet
626 2028 913 2063 adhortationem
933 2043 1011 2064 cum
1037 2029 1101 2064 ho-

117 2081 261 2114 norifica
294 2081 556 2124 praedicatione
587 2081 679 2114 illius
709 2081 802 2115 sacti.
861 2081 993 2126 Estque
1016 2079 1102 2114 haec

118 2143 276 2169 summa,
303 2138 342 2164 ut
365 2137 487 2175 pergat
513 2131 767 2176 constanter-⁸⁷)
791 2130 858 2164 hoc
875 2133 1002 2173 modo,
1030 2144 1101 2177 quo

118 2182 306 2226 coepiisss),
343 2182 589 2214 administrare
614 2194 715 2215 suum
742 2183 975 2217 consulatum.
1034 2182 1102 2215 Ex-

119 2233 272 2276 emplum
309 2230 411 2266 liuius
447 2233 613 2276 epistolae
648 2233 742 2266 misit
776 2234 912 2273 Attico,
954 2234 1042 2267 sicut
1056 2233 1102 2279 ⁸⁹)

120 2283 236 2315 videre
265 2290 315 2316 est
349 2283 384 2315 in
420 2283 479 2316 lib.
507 2282 563 2317 14.
599 2283 827 2326 epistolarum
864 2285 907 2316 ad
935 2284 1103 2325 Atticum,

121 2333 220 2375 epist.
246 2334 301 2366 18.

156 2414 203 2442 85)
225 2415 356 2441 vindicat]
378 2414 440 2437 illae
459 2416 555 2440 Edam
579 2416 711 2440 vendicat.

159 2457 226 2483 ἃδε)
245 2457 313 2485 sint]
335 2457 398 2479 illae
418 2457 516 2481 Editt.:
542 2463 613 2483 sunt.

156 2497 224 2525 55¹1)
244 2500 434 2526 concessione]
454 2500 491 2522 sic
510 2501 591 2524 Editt.
608 2502 698 2527 1565„
720 2500 810 2524 1569..
832 2500 923 2525 1592:
961 2499 1009 2523 Ed.
1031 2500 1104 2524 1556.

191 2533 370 2555 consessione.

158 2575 204 2601 565)
228 2575 415 2603 occupationi]
436 2576 482 2598 Ed.
500 2577 572 2599 1569.
593 2583 688 2600 errore
707 2580 833 2607 typogr.:
862 2576 1052 2605 Occupatione.

155 2616 204 2643 87)
224 2618 397 2644 constanter]
419 2618 466 2639 Ed.
489 2619 559 2641 1569.
581 2625 677 2642 errore
695 2622 820 2649 typogra:
850 2620 1017 2642 constanti-r.

157 2660 204 2685 88)
225 2659 325 2687 eoepit]
345 2659 391 2682 Ed.
415 2660 487 2682 1556.
507 2660 584 2688 cepit.

156 2701 203 2727 89)
224 2701 308 2728 snut]
329 2701 368 2723 sic
387 2701 466 2724 hditt.
485 2702 572 2730 156³,
595 2702 684 2731 1569„
706 2703 796 2731 1592.;
822 2703 867 2726 Ed.
888 2703 961 2727 1556,
982 2702 1070 2726 sicuti.

1375 204 1510 239 Aliud
1539 213 1867 251 argumentum.

1234 269 1329 303 Haec
1348 271 1495 316 epistola
1514 285 1584 306 una
1604 280 1654 308 est
1672 286 1712 307 cx
1730 273 1815 313 illis,
1844 283 1934 317 quae
1952 270 2121 317 exquisite

1134 325 1167 352 et
1184 327 1347 354 accurate
1364 322 1515 366 scriptae
1533 331 1626 359 sunt.
1686 324 1799 358 Huius
1824 322 2022 366 exemplum
2047 322 2122 366 ipse

1134 370 1230 404 misit
1245 370 1382 413 Attico,
1408 373 1497 407 sicut
1512 381 1562 408 est
1584 375 1620 407 in
1645 374 1703 409 14.
1718 375 1777 409 lib.
1796 374 1839 406 ad
1856 373 1963 408 Attic.
2014 372 2123 406 Prae-

1135 422 1229 454 ‹licat
1242 428 1360 455 autem
1377 423 1507 457 factum
1524 425 1749 467 Dolabellae,
1785 425 1881 470 quod
1896 424 1931 456 in
1950 435 2010 457 eos
2026 435 2124 457 seve-

1136 472 1210 505 rius
1235 472 1543 516 animadverterit,
1586 477 1647 522 qui
1682 477 1865 509 interfecto
1891 474 2041 508 Caesare
2065 485 2124 507 co-

1136 523 1295 556 lumnam
1321 525 1408 568 erigi
1433 533 1643 560 curaverant
1665 527 1701 560 in
1721 528 1794 561 eius
1810 524 1996 559 honorem.
2047 523 2126 558 Etsi

1139 579 1255 606 autem
1275 586 1315 607 ex
1331 572 1396 608 lioc
1414 575 1492 608 loco
1517 583 1550 610 et
1576 590 1616 610 ex
1640 578 1716 612 aliis
1736 577 1853 611 multis
1871 577 1994 609 Cicero
2011 575 2125 609 videri

1139 624 1248 668 possit
1263 637 1336 657 non
1352 625 1568 670 improbare,
1594 628 1781 662 Caesarem
1802 640 1873 661 esse
1890 627 2125 666 intersectum,

1141 682 1259 708 tamen
1291 676 1374 710 satis
1396 683 1532 710 constat
1557 690 1597 710 ex
1618 679 1738 713 multis
1760 679 1845 712 locis
1869 690 1948 711 eum
1977 676 2124 710 minime

1140 732 1212 758 tam
1229 726 1320 759 tristi
1338 739 1418 760 casu
1434 727 1558 771 optimi
1582 729 1750 773 principis
1776 729 1986 762 delectatum
2008 728 2126 761 fuisse.

1140 775 1222 808 Ideo
1254 783 1371 810 autem
1401 785 1522 822 postea
1553 780 1708 823 coepisse
1722 779 1768 825 9⁰)
1800 779 1952 822 probare
1981 779 2126 817 factum,

1143 827 1238 872 quod
1257 828 1421 871 sperabat
1439 830 1693 873 rempublicam
1717 828 1784 863 boc
1808 830 1916 862 modo
1939 829 1984 862 ad
2009 828 2128 873 pristi-

1143 890 1228 909 num
1259 884 1388 911 statum
1418 880 1630 921 redituram,
1674 893 1764 927 quae
1792 892 1869 924 spes
1893 892 1973 913 eum
1995 878 2129 912 sesellit.

1142 928 1234 961 Nam
1257 929 1366 962 secuti
1388 937 1471 963 sunt
1489 931 1633 964 maximi
1657 938 1773 964 motus
1801 937 1881 975 post
1905 930 2129 963 interfectum

1145 979 1352 1019 Caesarem,
1380 981 1416 1013 in
1434 982 1560 1026 quibus
1578 994 1720 1028 quoque
1743 982 1817 1026 ipse
1836 981 1958 1015 Cicero
1985 980 2130 1014 tandem

1144 1029 1260 1073 periit.
1313 1030 1463 1064 Orditur
1480 1039 1597 1065 autem
1619 1033 1805 1077 epistolam
1829 1044 1848 1065 a
1874 1031 2131 1076 propositione,

1145 1092 1234 1124 quae
1258 1077 1363 1113 babet
1387 1083 1680 1125 gratulationem,
1715 1089 1749 1116 et
1772 1090 1823 1116 est
1846 1084 1994 1126 figurata
2018 1088 2132 1114 trans-

1145 1130 1276 1163 latione
1296 1132 1433 1164 consilii
1457 1139 1491 1165 et
1510 1133 1591 1166 facti
1609 1133 1827 1167 Dolabellae.
1878 1132 1969 1165 Huic
1991 1130 2132 1165 subiicit

1145 1181 1288 1224 longam
1305 1183 1580 1226 expositionem,
1608 1185 1704 1229 quod
1722 1184 1824 1217 multi
1841 1183 1911 1216 sint
1933 1182 1970 1215 in
1992 1194 2032 1215 ea
2055 1180 2133 1226 opi-

1146 1232 1274 1271 nione,
1301 1239 1339 1266 nt
1354 1235 1426 1266 sere
1446 1236 1591 1267 credant
1605 1234 1829 1268 Dolabellam
1850 1233 1997 1267 consilio
2022 1238 2056 1265 et
2078 1233 2132 1265 in-

1146 1283 1274 1316 stinctu
1287 1283 1466 1318 Ciceronis
1484 1285 1773 1319 animadvertisse
1790 1285 1826 1318 in
1843 1297 1914 1324 eos,
1939 1283 2002 1329 qui
2017 1282 2134 1317 existi-

1148 1334 1340 1367 mabantur
1371 1336 1571 1369 turbatores
1597 1335 1864 1382 tranquillitatis
1886 1347 1946 1368 seu
1970 1333 2133 1378 publicae

1147 1384 1254 1427 pacis.
1292 1385 1418 1418 Postea
1437 1387 1706 1420 translationem
1724 1387 1863 1430 mitigat
1882 1385 2035 1430 quadam
2051 1396 2135 1418 con-

1149 1435 1304 1468 cessione
1337 1436 1457 1469 addita
1490 1437 1708 1470 correctione
1736 1449 1800 1481 per
1823 1435 2135 1480 amplificationem

1150 1486 1192 1518 ab
1209 1487 1389 1530 exemplo,
1414 1489 1510 1531 quod
1528 1485 1814 1521 honestissimum
1838 1487 1883 1520 sit
1907 1487 1960 1519 uti
1985 1486 2133 1520 alicuius

1149 1536 1316 1580 sapientis
1333 1537 1499 1577 consilio,
1527 1550 1590 1570 nec
1608 1544 1709 1582 turpe
1725 1550 1797 1571 esse
1819 1537 1975 1582 aliquam
1992 1537 2135 1569 laudem

1150 1588 1194 1619 ad
1220 1599 1320 1627 eum,
1354 1594 1524 1633 tanquam
1548 1595 1707 1621 autorem
1733 1587 1930 1632 pervenire.
1998 1587 2136 1620 Deinde

1150 1637 1242 1670 redit
1266 1639 1309 1670 ad
1335 1639 1590 1682 expositionem
1616 1640 1803 1673 subiiciens
1829 1638 2071 1671 testimouium
2094 1637 2136 1672 L.

1151 1688 1310 1722 CaesariS
1324 1689 1489 1723 consulis.
1543 1690 1731 1723 Conclusio
1757 1688 2051 1733 elegantissimam
2072 1686 2135 1721 ha-

1150 1740 1209 1772 bet
1231 1738 1519 1772 adhortationem
1537 1752 1556 1773 a
1580 1741 1843 1784 praedicatione
1867 1737 1971 1773 huius
1995 1739 2077 1772 facti
2101 1745 2136 1772 et

1151 1790 1330 1823 concionis
1346 1788 1486 1824 habitae
1500 1791 1538 1823 in
1556 1798 1679 1825 senatu
1701 1792 1745 1825 ad
1769 1791 1960 1835 populum,
1994 1796 2034 1823 ut
2056 1802 2135 1834 per-

1152 1848 1210 1884 gat
1242 1842 1517 1884 rempublicam,
1565 1843 1866 1887 quemadmodum
1898 1847 2063 1884 coeperat
2076 1840 2136 1887 ⁹¹),

1153 1892 1256 1936 digne
1275 1899 1308 1925 et
1324 1892 1458 1925 utiliter
1475 1892 1724 1926 administrare
1742 1899 1776 1925 et
1792 1892 1989 1925 defendere.

1397 1976 1529 2009 Aliud
1557 1982 1881 2020 argumentum.

1254 2043 1448 2076 Exordium
1470 2049 1605 2077 constat
1629 2043 1858 2076 translatione
1880 2042 2028 2086 figurata
2054 2043 2136 2076 alie-

1154 2107 1221 2127 nae
1248 2094 1380 2138 gloriae
1403 2095 1440 2126 in
1461 2106 1558 2127 suam
1577 2106 1778 2138 personam.
1831 2093 1998 2138 Sequitur
2014 2105 2138 2126 narra-

1156 2146 1225 2185 tio,
1268 2157 1336 2190 qua
1367 2145 1529 2189 exponit,
1570 2145 1666 2189 quod
1691 2145 1726 2176 in
1751 2145 1930 2178 laudando
1952 2144 2138 2177 Dolabella

1156 2208 1277 2229 omnes
1294 2208 1459 2239 magnam
1477 2194 1610 2239 gloriae
1626 2202 1762 2239 partem
1781 2195 1942 2228 Ciceroni
1965 2201 2137 2240 tanquam

1156 2247 1377 2292 praeceptori
1408 2253 1441 2279 et
1472 2245 1608 2285 autori,
1651 2247 1863 2280 adscribant.
1932 2245 2139 2280 Narrationi

1157 2299 1276 2332 addita
1293 2304 1343 2331 est
1362 2297 1555 2341 castigatio,
1572 2308 1606 2330 se
1624 2308 1698 2329 non
1714 2296 1751 2330 in
1765 2303 1878 2331 totum
1890 2297 2044 2342 probare
2053 2296 2138 2331 isto-

1157 2362 1235 2383 rum
1255 2348 1422 2382 iudicium
1439 2348 1560 2380 addito
1576 2355 1784 2391 argumento
1802 2349 1845 2381 ab
1860 2347 2039 2392 exemplis,
2065 2347 2139 2381 Do-

1158 2400 1303 2434 labellae
1318 2411 1391 2431 non
1408 2411 1508 2443 posse
1527 2410 1599 2431 non
1617 2410 1688 2432 esse
1711 2397 1945 2432 honorificum
1963 2410 2045 2432 suae
2063 2398 2137 2442 glo-

1158 2452 1230 2485 riae
1246 2450 1379 2484 socium
1405 2447 1564 2482 adhiberi
1581 2449 1799 2484 Ciceronem.
1863 2450 1998 2482 Deinde
2022 2448 2137 2493 sequi-

1159 2510 1215 2536 tur
1233 2501 1428 2546 propositio
1446 2502 1488 2533 de
1503 2513 1624 2534 amore
1636 2527 1645 2541 ,
1680 2514 1750 2547 quo
1770 2500 2013 2545 complectitur
2029 2499 2140 2532 Dola-

1157 2554 1296 2587 bellam.
1349 2551 1480 2597 Estque
1506 2549 1591 2584 haec
1616 2564 1753 2586 summa
1776 2550 2048 2596 propositionis:
2085 2549 2136 2583 Te

1190 2658 1239 2685 90)
1258 2656 1395 2686 coepisse]
1414 2654 1463 2678 Ed.
1486 2654 1560 2679 1556.
1579 2653 1692 2684 cepisse.

1191 2701 1239 2728 91)
1259 2699 1400 2729 coeperat]
1422 2697 1471 2721 Ed.
1494 2697 1566 2720 1556.
1586 2698 1703 2727 ceperat.
