2351 2990
118 98 214 131 1003

368 182 424 215 Sic
443 188 479 215 tu
506 183 598 215 xelut
623 182 659 214 in
687 193 791 214 cursu
819 179 956 224 poetico
982 178 1109 218 victor,

113 234 197 267 sacis
226 247 280 265 m«-
309 233 411 266 ludos
436 246 474 265 ac
501 233 642 266 delicias
669 237 883 265 metuentem
908 229 1014 264 stadii
1039 231 1111 262 sor-

316 286 431 318 Thers.
469 285 627 323 Scilicet,
669 283 719 315 ait
742 283 800 315 ille
826 282 966 320 ridens,
1010 281 1110 326 quasi

704 337 787 368 Luc.
829 333 1024 372 Fortassis,
1059 332 1111 364 in-

113 400 239 432 quam,
283 385 540 420 Demosthenes
568 386 707 417 xidetur
732 385 794 417 tihi
823 385 1010 429 indignus,
1051 382 1112 428 qui

113 440 156 471 ad
185 438 381 470 Homerum
407 439 630 476 conseratur,
671 442 704 469 et
731 436 843 469 videri
866 436 918 469 vis
942 436 980 467 in
1009 447 1113 478 argu·

113 496 234 522 mento
254 490 353 532 graxi
373 501 412 521 ac
428 488 562 521 difficili
578 488 736 532 posuisse
754 500 919 532 operam,
948 499 1026 519 cum
1040 485 1112 518 Ho—

113 554 251 574 merum
283 540 456 580 laudasti,
495 552 551 572 me
585 552 670 572 vero
702 539 880 573 existimas
907 539 982 570 leve
1009 549 1113 580 argu-

113 599 272 625 mentum
299 592 340 623 de
358 589 601 624 Demosthene
624 591 825 635 sumpsisse.
897 590 1015 623 Thers.
1044 588 1113 621 Ca-

115 643 266 681 villaris,
296 642 507 687 inquitille,
536 656 618 675 nam
648 654 712 685 ego
739 641 851 674 nolim
879 639 1007 674 heroas
1034 640 1113 672 illos

114 695 207 727 inter
224 706 259 727 se
275 693 496 726 committere
508 721 516 734 ‚
545 693 685 727 tametsi
703 692 813 737 magis
829 694 930 725 faveo
942 692 1113 724 Homero.

113 748 196 780 Luc.
226 744 335 785 Bene,
359 745 520 791 inquam,
540 758 586 777 an
606 757 678 777 non
697 750 798 789 putas
814 757 868 777 me
879 741 1114 777 Demostheni

112 797 225 841 magis
242 796 385 829 favere?
439 796 507 829 Sed
526 797 699 842 quoniam
719 809 793 829 non
817 808 957 829 recusas
979 793 1045 827 hac
1071 794 1114 826 de

113 861 152 881 re
178 860 316 881 mecum
350 848 526 893 colloqui,
570 854 720 893 apparet
745 854 776 880 te
798 848 911 881 solam
937 846 1114 891 poeticam

115 899 306 940 admirari,
358 906 392 932 et
422 899 575 932 solutam
613 900 814 932 orationem
850 911 996 943 prorsus
1031 909 1115 930 con-

114 958 286 989 temnere,
314 951 403 984 sicut
420 963 526 996 eques
543 952 697 995 peditem
715 956 978 995 praetervectus
997 961 1115 993 asper-

113 1009 232 1036 natur.
291 1004 408 1037 Thers.
447 1002 541 1035 Tum
561 1002 637 1035 ille:
663 1002 722 1035 Dii
742 1000 978 1047 prohibeant,
1005 1013 1049 1033 ne
1067 1000 1115 1033 sic

114 1054 290 1086 insaniam
304 1080 313 1093 ‚
349 1053 487 1086 tametsi
509 1066 583 1086 non
608 1054 676 1086 levi
701 1055 822 1087 surore
844 1066 932 1098 opus
949 1059 1000 1086 est
1021 1051 1115 1099 iis5),

115 1105 174 1150 qui
196 1106 238 1137 ad
259 1105 413 1149 poeticas
430 1106 523 1139 sores
543 1106 725 1139 accedunt.
778 1105 913 1138 Verum
937 1111 971 1137 et
996 1110 1116 1136 orato-

114 1157 212 1190 ribus
230 1169 319 1200 opus
343 1162 393 1190 est
412 1156 534 1190 afflatu
560 1158 718 1202 quodam
744 1156 868 1189 divino
895 1157 939 1188 ad
962 1155 1115 1188 efficien-

114 1208 197 1241 dam
217 1207 418 1240 orationem
438 1220 511 1240 non
530 1206 701 1241 humilem
721 1213 782 1240 ant
800 1207 980 1251 frigidam.
1042 1206 1114 1240 Nec

115 1259 209 1292 enim
236 1257 304 1292 lioe
329 1260 476 1303 ignoro,
509 1271 549 1292 ac
571 1271 676 1303 saepe
700 1272 757 1291 nie
782 1258 1005 1303 comparatio
1035 1270 1114 1291 cum

115 1310 268 1343 aliorum
302 1317 509 1351 oratorum,
557 1317 631 1343 tum
658 1308 911 1344 Demosthenis
936 1323 1014 1343 cum
1042 1309 1114 1342 Ho-

114 1374 214 1396 mero
231 1362 402 1402 delectat,
431 1375 511 1395 cum
535 1362 686 1395 similem
717 1362 820 1395 video
848 1362 943 1402 vim,
980 1360 1115 1394 acerbi-

114 1420 223 1446 tatem
246 1420 280 1447 et
300 1414 487 1458 impetum.
541 1414 591 1447 Ut
608 1413 786 1447 Homerus
803 1413 1112 1458 Agamemnonem

115 1465 270 1509 appellat
294 1465 576 1511 vinolentumss)‚
611 1465 659 1498 ita
684 1463 944 1499 Demosthenes
969 1465 1005 1497 in
1029 1462 1114 1497 Phi-

115 1517 202 1560 lippi
225 1516 451 1557 ebrietatem,
479 1517 699 1557 saltationes,
727 1516 961 1561 petulantiam
976 1513 1114 1549 invehi-

115 1568 225 1611 tui-⁷).
287 1567 333 1600 Et
356 1569 459 1613 quale
486 1568 573 1601 illud
601 1575 652 1602 est
676 1569 771 1613 apud
796 1575 957 1612 poetam:
1005 1570 1115 1601 Unum

114 1620 296 1662 numerium
313 1622 471 1662 optimum
486 1625 534 1653 est
544 1619 596 1665 ⁸),
621 1632 773 1664 puynare
795 1632 858 1663 pro
880 1621 1015 1664 patria,
1044 1619 1113 1651 tale

115 1670 203 1703 illud
229 1677 279 1703 est
297 1672 392 1714 apud
410 1670 706 1704 Demosthenem:
745 1673 881 1715 Oportet
903 1673 1001 1705 bonos
1025 1673 1114 1704 viros

115 1723 200 1755 bona
224 1734 297 1754 cum
324 1734 380 1765 spe
390 1722 420 1767 ⁰)
447 1725 614 1765 suscipere
645 1722 870 1765 defensionem
900 1723 1114 1766 reipublicae.

113 1771 160 1805 Et
193 1772 295 1804 illud:
339 1775 494 1807 Forsitan
530 1776 599 1817 ipse
631 1787 737 1808 senes?
767 1776 913 1817 deploret
942 1775 1027 1808 ἰαῖἱιι
1048 1776 1115 1807 Pe-

113 1823 252 1868 Ie11s10).
307 1824 428 1857 Simile
451 1832 500 1858 est
519 1823 600 1858 huic
617 1826 830 1858 sententiae:
873 1828 979 1867 Quam
994 1828 1115 1870 yravi-

114 1881 166 1909 {er
196 1877 452 1918 e'nyemz'scerent
476 1878 528 1910 illl
545 1877 654 1920 foi-ies
677 1879 764 1918 viri,
807 1881 863 1924 ([ιιὶ
885 1884 1021 1921 propter
1043 1879 1115 1922 ylo-

116 1929 204 1959 ri'am
241 1933 271 1960 er
304 1930 440 1969 patriae
473 1930 661 1962 libertatem
696 1931 730 1963 in
767 1932 839 1963 acie
865 1929 1114 1975 perierunt11).

117 1977 271 2011 Consero
298 1986 331 2011 et
358 1992 485 2023 magna
513 1980 547 2011 vi
578 1981 745 2013 fluentem
772 1979 948 2026 Pythonis
983 1982 1114 2014 oratio-

114 2029 252 2075 1iem¹²)
271 2031 313 2062 ad
334 2028 500 2064 hibernas
523 2032 642 2071 nives,
671 2045 825 2076 quarum
849 2032 973 2066 similis
998 2033 1113 2066 oratio

116 2080 252 2125 Ulyssis
271 2094 342 2115 esse
360 2083 526 2115 scribitur
539 2082 595 2129 13).
648 2083 692 2115 lit
711 2083 814 2116 illud:

168 2144 216 2174 Ni
230 2141 319 2184 foret
336 2143 415 2176 haec
431 2144 601 2177 homimem
620 2149 743 2178 natura
758 2145 905 2178 obnoxia
923 2145 1090 2192 nam-tiu).

114 184 316 216 iocandum.

113 293 248 318 tunam.

113 349 187 369 rem
222 335 399 368 difficilem
430 335 634 379 susceperis.

151 2226 183 2253 5)
204 2226 234 2248 H.
256 2226 272 2249 1.
294 2226 319 2248 in
341 2226 529 2251 Editt.1536..
553 2227 628 2250 ¹543.
648 2229 713 2250 nota
733 2228 850 2257 margin.
869 2227 992 2257 Micylli:
1018 2228 1037 2252 l.
1056 2230 1114 2252 Eii-

186 2260 265 2283 comii
293 2266 367 2289 pars.
417 2261 536 2284 collatio
565 2262 674 2285 Homeri
702 2264 729 2285 et
756 2263 948 2285 Demosthenis
974 2266 1001 2286 et
1029 2264 1115 2293 primo

187 2295 256 2324 quod
276 2295 311 2317 ad
334 2295 434 2321 inas—nii
461 2296 581 2318 vii-tutes
605 2296 719 2323 attiiiet;
755 2298 780 2319 et
807 2297 847 2319 iiie
873 2297 960 2320 obiter
986 2299 1116 2329 observa,

187 2330 249 2358 quid
271 2330 295 2352 in
315 2330 456 2352 anton-ihus
476 2331 650 2359 potissimum
671 2332 871 2354 obseruandum
892 2332 936 2356 sit.

152 2372 182 2399 6)
204 2373 279 2396 Hom.
301 2372 329 2396 ΙΙ.
351 2373 370 2397 1,
391 2372 449 2396 225.

152 2414 183 2441 7)
203 2415 341 2438 Demosth.
363 2416 474 2445 oiyntii.
496 2416 525 2439 ΙΙ.
547 2423 571 2445 1¹-
587 2416 628 2439 23.
649 2417 697 2440 Ed.
717 2417 813 2441 Reisi..

152 2457 182 2484 8)
205 2458 280 2480 nom.
301 2458 329 2482 ΙΙ.
351 2459 411 2486 xil,
430 2459 489 2483 2⁴3.

152 2499 182 2525 9)
203 2499 340 2521 Demosth.
361 2501 392 2522 de
412 2506 515 2524 corona
535 2502 632 2531 p.2.'›8‚
652 2503 680 2526 21
703 2510 761 2533 sqq.
782 2503 828 2526 Ed.
851 2504 947 2528 neisk.

155 2542 200 2568 ιο)
222 2542 296 2565 nom.
321 2542 350 2566 n.
374 2543 432 2571 xii,
460 2545 515 2567 125.

154 2585 199 2611 11)
221 2585 356 2609 tieniostti.
376 2588 471 2608 ronti-a
492 2588 625 2612 ,xrisma-r.
647 2596 671 2618 p.
686 2590 747 2617 690,
770 2590 801 2613 17
820 2596 859 2620 sq.
881 2590 929 2615 Ed.
951 2590 1046 2616 Reisk.

156 2627 200 2655 12)
222 2628 360 2650 Deniostli.
381 2628 413 2650 de
433 2634 533 2652 corona
554 2638 576 2659 p.
593 2632 654 2662 272,
675 2633 717 2656 20.
739 2634 786 2658 Ed.
808 2634 904 2658 Reisk.

155 2670 200 2696 13)
221 2670 297 2692 Hom.
319 2670 346 2694 ΙΙ.
368 2670 411 2701 111,
431 2670 490 2694 222.

158 2714 202 2739 14)
224 2713 299 2735 Hom.
320 2713 412 2741 lhxll,
432 2713 492 2736 3⁴23.

698 94 821 129 PHlL.
855 93 967 128 MEL.
1002 91 1206 127 SCRIPTA
1238 92 1576 128 PHILOLOGICA.

2065 92 2166 129 1004

1165 179 1287 212 Simile
1313 185 1363 212 est
1381 177 1461 212 huie
1479 180 1577 213 loco:
1615 181 1736 213 Omnes
1754 179 1904 212 homines
1919 183 2043 212 matura
2061 181 2163 212 morta·

1164 231 1306 264 obnoxii
1323 235 1418 273 sunt,
1445 232 1579 265 etiamsi
1596 233 1762 276 quispiam
1779 235 1916 263 conetur
1937 241 1972 262 se
1998 229 2163 263 inclusum

1166 284 1201 315 in
1217 292 1350 314 caveum
1364 280 1562 329 servarem).
1611 281 1774 327 Denique
1793 281 1951 313 infinitae
1968 286 2050 314 sunt
2066 279 2164 313 simi-

1165 333 1213 366 les
1232 332 1416 376 utriusque
1434 332 1640 366 sententiae.
1694 333 1881 366 Delectant
1907 337 2024 364 autem
2050 343 2106 364 me
2130 336 2169 366 et

1166 383 1332 422 affectus,
1360 389 1435 416 tum
1453 380 1758 425 vehementiores,
1786 390 1860 416 tuin
1882 381 2102 428 leniores¹⁶)‚
2132 386 2166 414 et

1167 434 1341 468 orationis
1364 434 1576 474 varietates,
1618 441 1652 467 et
1676 433 1907 479 metaphorae
1933 434 2090 467 taedium
2116 433 2165 465 le-

1167 491 1310 525 vantes,
1352 491 1387 518 et
1420 485 1622 529 tempestivi
1654 498 1694 518 ex
1714 486 1992 532 digressionibus
2016 483 2165 523 reditus,

1167 543 1201 570 et
1224 536 1420 569 concinnae
1448 536 1675 577 collationes,
1709 537 1861 582 denique
1887 537 1994 571 totius
2018 534 2166 569 urbani-

1167 595 1220 621 tas
1244 588 1429 621 orationis.
1500 587 1546 620 Et
1568 585 1657 620 mihi
1682 600 1786 632 saepe
1812 588 1927 622 visum
1954 594 2005 621 est
2032 585 2165 632 (neque

1167 639 1260 672 enim
1280 638 1536 673 dissimulanda
1557 645 1608 672 est
1624 639 1771 684 veritas)
1789 639 1868 683 plus
1887 651 1959 674 esse
1983 637 2168 683 gravitatis

1168 692 1204 724 in
1230 688 1474 724 Demosthene
1506 690 1700 734 castigante
1730 690 1914 735 segnitiem
1943 701 2090 724 snorum
2118 689 2166 721 ci-

1168 743 1265 776 vium
1300 754 1429 786 magna
1459 741 1642 781 libertate,
1678 754 1784 787 quam
1809 741 1846 774 in
1869 741 2049 781 Homero,
2085 752 2166 774 cum

1167 792 1324 828 Achivos
1334 791 1510 827 Achafflas
1527 792 1752 839 appellat¹⁷).
1798 792 1844 825 Et
1855 793 2075 826 Graecorum
2095 797 2168 823 tra-

1169 846 1313 890 goedias
1340 845 1531 889 grandiore
1557 856 1646 878 sono
1670 850 1936 889 repraesentat,
1966 855 2074 890 quam
2092 841 2166 874 Ho-

1169 909 1307 937 merus,
1335 897 1397 942 qui
1415 897 1515 940 fingit
1536 897 1711 942 colloquia
1740 896 1777 929 in
1803 895 1930 929 mediis
1953 893 2100 940 pugnis,
2134 898 2169 925 et

1169 948 1364 982 certamina
1402 947 1496 981 iactu
1530 947 1659 992 lapidis
1693 947 1841 981 dirimit.
1911 947 2023 991 Saepe
2060 944 2168 978 etiam

1169 1000 1265 1045 apud
1287 997 1567 1033 Demosthenem
1593 1000 1754 1032 membra
1779 1011 1862 1033 suos
1887 997 2021 1032 liabent
2042 1007 2168 1030 nume-

1169 1065 1228 1085 ros
1255 1064 1294 1084 ac
1320 1063 1526 1090 mensuras,
1569 1051 1691 1096 quales
1715 1057 1797 1084 sunt
1820 1050 1858 1083 in
1882 1051 2040 1095 poetica;
2078 1047 2170 1082 sicut

1168 1115 1285 1148 neque
1310 1103 1438 1136 desunt
1466 1102 1504 1134 in
1525 1102 1685 1134 Homero
1717 1099 1928 1142 antitheses,
1973 1098 2169 1145 comparia,

1168 1155 1302 1198 figurae
1320 1153 1519 1198 asperiores
1537 1160 1598 1187 aut
1616 1153 1854 1186 candidiores.
1906 1153 1998 1187 Nam
2022 1149 2168 1195 ingenia

1168 1207 1336 1239 videntur
1352 1217 1415 1239 sua
1433 1211 1559 1249 sponte
1576 1205 1708 1239 similes
1734 1205 1882 1237 vlrtutes
1908 1204 2015 1237 etiam
2038 1203 2077 1236 in
2101 1201 2170 1235 dis-

1167 1257 1343 1291 similibus
1360 1257 1484 1290 studiis
1502 1256 1657 1301 gignere.
1713 1256 1833 1300 Quare
1849 1255 1957 1299 igitur
1974 1263 2073 1290 tuam
2090 1252 2169 1286 Cal-

1168 1309 1289 1353 liopen
1307 1307 1545 1353 aspernarer?
1607 1307 1781 1352 Quamvis
1804 1314 1923 1341 autem
1946 1305 2039 1340 hanc
2064 1305 2166 1338 valde

1168 1360 1347 1400 admirer,
1382 1366 1501 1392 tamen
1526 1371 1605 1392 mea
1630 1372 1733 1392 causa
1756 1359 1865 1403 duplo
1883 1359 1962 1403 plus
1981 1357 2090 1392 habet
2107 1368 2169 1389 ne-

1168 1411 1275 1455 gotii,
1303 1423 1411 1457 quam
1428 1409 1683 1445 Demosthenis
1701 1410 1925 1450 encomium,
1958 1422 2034 1443 non
2059 1409 2105 1442 ob
2128 1407 2171 1440 il-

1168 1464 1238 1496 lam
1267 1474 1429 1503 causam,
1463 1463 1546 1508 quia
1570 1460 1660 1495 mihi
1684 1474 1829 1495 carmen
1854 1462 2082 1495 scribendum
2106 1465 2170 1500 est,

1167 1515 1227 1548 sed
1259 1514 1366 1547 etiam
1398 1520 1547 1559 propter
1578 1519 1849 1557 argumentum,
1893 1513 2029 1546 nullam
2053 1509 2169 1545 haheo

1168 1567 1356 1598 materiam
1390 1566 1474 1599 satis
1505 1566 1728 1610 splendidam
1761 1566 1807 1599 ad
1839 1563 2061 1598 inchoandas
2094 1563 2170 1596 lau-

1168 1618 1228 1651 des
1254 1623 1397 1661 praeter
1419 1617 1532 1661 ipsam
1560 1617 1758 1661 poeticam,
1797 1623 1934 1650 caetera
1961 1622 2043 1651 sunt
2067 1615 2169 1659 igno-

1169 1675 1223 1709 ta,
1251 1669 1390 1713 patria,
1419 1681 1549 1713 genus,
1578 1675 1692 1707 aetas;
1729 1681 1814 1701 nain
1841 1668 1870 1701 si
1894 1666 1982 1702 haec
2006 1674 2092 1701 nota
2117 1679 2169 1701 es-

1168 1727 1265 1761 sent,
1303 1720 1423 1754 nullae
1447 1720 1642 1754 extitissent
1668 1720 1750 1753 inde
1779 1720 2028 1755 dissensiones.
2096 1718 2167 1752 Alii

1169 1772 1323 1817 patriam
1342 1772 1373 1805 ei
1389 1773 1570 1817 assignant
1584 1772 1709 1805 urbem
1721 1771 1878 1806 Ionicam
1893 1769 2167 1817 Colophona¹⁸),

1169 1824 1230 1857 alii
1263 1823 1436 1865 Cinnam,
1479 1824 1539 1856 alii
1574 1822 1722 1865 Chium,
1765 1824 1931 1858 nonnulli
1962 1824 2167 1870 Smyrnam,

1169 1876 1315 1922 quidam
1335 1874 1477 1910 Thebas
1492 1876 1703 1922 Aegyptias,
1732 1883 1766 1909 et
1786 1877 1994 1910 innumeras
2009 1875 2096 1909 alias
2106 1874 2165 1921 l9).

1168 1929 1312 1962 Patrem
1339 1928 1529 1961 Maeonem
1554 1927 1695 1974 Lydum
1719 1934 1780 1961 aut
1803 1928 1972 1969 fluvium,
2011 1933 2164 1961 matrem

1169 1980 1407 2025 Melanopen,
1445 1986 1506 2013 aut
1533 1980 1690 2026 aliquam
1715 1977 1932 2025 nympham,
1965 1980 1993 2014 si
2019 1979 2165 2026 quidem

1168 2030 1367 2065 humanum
1384 2044 1494 2077 genus
1512 2032 1709 2076 ignoratur.
1761 2031 1833 2064 Alii
1855 2032 2059 2066 existimant
2085 2043 2166 2065 eum

1169 2084 1390 2128 temporibus
1405 2081 1558 2118 heroicis
1580 2084 1705 2124 fuisse,
1734 2084 1795 2116 alii
1813 2082 1959 2122 Ionicis;
1996 2097 2060 2117 nec
2082 2084 2167 2119 satis

1169 2142 1325 2176 constat,
1352 2142 1472 2169 utrum
1491 2135 1666 2169 Hesiodus
1689 2135 1733 2169 sit
1758 2136 1953 2181 antiquior.
2008 2136 2165 2182 Quidam

1170 2187 1276 2220 etiarn
1294 2189 1515 2221 contendunt
1540 2187 1639 2232 priris
1661 2187 1693 2220 ei
1716 2200 1849 2220 nomen
1866 2188 2102 2233 Melesigenae
2117 2188 2165 2235 2⁰)

1206 2357 1251 2384 15)
1271 2357 1410 2380 Deniostli.
1431 2356 1464 2379 de
1484 2361 1587 2379 corona
1607 2363 1631 2385 p.
1647 2356 1709 2386 25:4⁴,
1729 2356 1763 2380 20
1779 2363 1819 2386 sq.
1845 2357 1892 2380 Ed.
1913 2356 2008 2380 Beisk.

1207 2409 1252 2436 16)
1273 2409 1406 2436 leniores]
1426 2407 1474 2430 Ed.
1498 2407 1570 2430 1533.
1591 2413 1687 2429 errore
1706 2409 1834 2437 typogin:
1863 2408 1986 2432 ieniotes.

1207 2460 1252 2492 17)
1273 2461 1351 2485 Conf.
1371 2461 1448 2483 Hom.
1468 2458 1497 2481 ll.
1518 2458 1550 2487 11,
1568 2458 1627 2482 235.
1666 2458 1726 2487 vn,
1746 2459 1786 2482 96.

1206 2512 1251 2538 18)
1274 2513 1302 2536 H.
1320 2512 1335 2534 1.
1356 2511 1381 2533 in
1397 2509 1478 2533 Editt.
1496 2509 1580 2534 ¹538..
1603 2509 1676 2533 1543.
1698 2511 1762 2532 nota
1776 2511 1890 2538 margin.
1906 2511 2027 2541 aia-51¹5:
2047 2511 2078 2534 11.
2094 2511 2160 2535 Coi-

1238 2547 1304 2570 latio
1325 2551 1434 2572 eorum,
1455 2550 1523 2573 quae
1543 2544 1669 2574 pei-sonis
1687 2545 1827 2573 accidunt,
1848 2545 1982 2575 inquibus
1998 2547 2161 2569 Demosthe-

1240 2588 1300 2604 nem
1319 2579 1449 2610 praesert.
1741 2584 1744 2587 '

1204 2635 1248 2661 19)
1269 2633 1346 2657 Cont'.
1367 2632 1471 2661 Pauly:
1497 2632 1709 2662 neat-Encyci.
1731 2633 1760 2657 T.
1774 2632 1817 2656 111.
1838 2639 1861 2662 p.
1881 2633 1947 2656 1420
1961 2639 2002 2662 sq.

1199 2685 1247 2713 20)
1267 2684 1467 2712 Melesigenae]
1489 2684 1527 2706 sie
1547 2683 1708 2712 scripsimus
1726 2693 1758 2704 =
1770 2683 1959 2715 Μελησιγενῂ
1978 2684 2061 2708 Editt.
2076 2684 2159 2715 1533„

1238 2719 1328 2747 1538.‚
1352 2719 1425 2743 1543.
1445 2718 1658 2748 Meiiissigenae.
