2351 2990
179 134 250 167 {tt-3
734 128 853 163 PmL.
890 127 1000 161 MEL.

471 215 630 258 Argum
643 228 659 247 c
671 214 859 259 ntumffl).

282 274 584 306 Comineinlaticia
611 281 658 306 cst
687 272 852 316 epistola,

185 326 444 357 ‹lci‘emtmutum
462 325 705 361 commendat,

890 281 958 313 qua
977 269 1165 302 Claudium

734 321 890 366 eoquod
916 320 1060 364 quidam
1087 331 1167 352 eum

186 377 271 409 urbe
289 376 412 408 eiicere
433 377 477 407 ob
497 373 586 407 lianc
604 385 743 406 causam
768 372 952 410 xolebant,
990 371 1086 415 quod
1108 381 1170 413 pa-

190 427 251 459 tris
270 427 321 459 sui
341 433 373 459 et
393 426 430 459 C.
449 424 585 458 Claudii
608 423 814 456 restituendi
841 421 954 465 gratia
972 421 1171 455 Antonium

190 484 328 511 secutus
344 483 429 509 erat.
482 474 661 517 Principio
679 480 729 507 est
748 473 864 506 brevis
889 472 1048 505 narratio
1075 482 1173 504 occa·

543 536 648 569 quam
674 524 832 569 sequitur
855 523 1068 567 propositio:
1103 521 1175 554 Ro-

194 593 257 621 go,
293 584 330 610 ut
355 588 538 609 conserves
564 575 763 609 Claudium.
824 574 1015 608 Adduntur
1040 573 1176 618 aliquot

196 628 359 661 rationes.
411 627 532 659 Prima
551 626 594 658 ab
611 624 778 660 honesto:
811 625 935 659 Fortes
959 624 1026 657 viri
1049 624 1178 657 debent

195 679 299 711 ctiam
327 677 531 710 clementiae
553 677 694 709 laudem
725 688 912 721 quaerere;
955 682 994 708 tu
1022 680 1178 719 praestas

196 729 417 761 fortitudine:
447 739 529 772 ergo
551 728 654 761 debes
676 727 781 760 etiam
807 726 1013 759 clementiae
1038 726 1177 758 landem

197 785 364 823 spectare.
406 778 566 812 Secunda
585 779 628 810 al)
646 778 735 812 utili.
778 778 899 810 Tertia
917 790 935 810 a
952 777 1057 810 sacili.
1097 775 1181 819 Epi-

198 830 296 874 logus
313 829 439 874 repetit
454 829 735 873 propositionem
753 841 832 862 cum
848 829 1001 874 quadam
1017 827 1148 860 auxesi.

193 528 299 561 sionis
317 526 489 560 scribendi
501 552 509 563 ,

444 904 583 938 Aliud
612 910 936 948 argumentum.

303 971 606 1006 Commendaticia
624 978 693 1010 est,
716 971 753 1003 in
771 983 839 1016 qua
858 972 1084 1004 commendat
1095 970 1185 1002 Bru-

202 1031 238 1057 to
255 1024 422 1068 Appium,
450 1035 554 1068 quem
569 1023 671 1055 multi
688 1034 728 1054 ex
746 1023 899 1066 quadam
918 1022 1062 1061 invidia,
1090 1020 1186 1065 quod

202 1087 236 1108 sc
264 1073 499 1107 coniunxisset
526 1086 604 1105 cuin
630 1072 807 1112 Antonio,
848 1079 1019 1116 perpetuo
1047 1071 1187 1104 exulare

204 1125 342 1157 civitate
368 1124 638 1157 contendebant.
708 1123 856 1156 Orditur
886 1136 904 1155 a
938 1123 1039 1156 brevi
1066 1133 1188 1154 narra-

205 1176 300 1208 tione
335 1177 376 1207 de
409 1175 561 1207 amicitia
592 1173 710 1217 Appii.
781 1173 948 1218 Sequitur
979 1172 1189 1218 propositio,

207 1238 296 1271 quae
317 1224 421 1258 hahet
439 1225 664 1269 petitionem,
692 1231 731 1257 ut
747 1236 826 1257 eum
846 1225 1000 1258 adiuvet.
1043 1224 1189 1257 Addun-

208 1284 264 1310 tur
284 1283 352 1310 tres
372 1276 538 1309 rationes.
586 1275 707 1308 Prima
722 1275 873 1308 sumitur
891 1288 908 1307 a
928 1287 1077 1319 persona
1089 1273 1191 1306 Bruti

210 1340 249 1360 ex
266 1325 432 1364 honesto;
467 1322 620 1360 secunda
637 1338 656 1357 a
672 1325 802 1369 pietate
816 1325 943 1368 Appii,
979 1337 1047 1370 qua
1075 1330 1190 1356 motus

210 1390 244 1411 se
276 1378 498 1411 coniunxerit
530 1389 608 1409 cum
631 1375 807 1413 Antonio;
846 1375 948 1408 tertia
971 1387 989 1407 a
1014 1374 1108 1407 sacili
1132 1386 1191 1407 seu

210 1429 379 1472 possibili.
439 1427 480 1460 In
505 1429 572 1460 fine
596 1427 742 1470 ponitur
765 1426 938 1465 clausula,
972 1438 1062 1470 quae
1088 1423 1194 1457 habet

210 1480 352 1512 brevem
372 1478 617 1522 repetitionem
635 1476 902 1520 propositionis.

458 1552 595 1586 Aliud
624 1558 942 1596 argumentum.

314 1620 472 1664 Epistola
489 1625 539 1653 est
563 1619 866 1652 commendaticia.

214 1670 311 1703 nitur
326 1671 442 1704 brevis
460 1670 630 1703 narratio.
673 1669 923 1703 Narrationem
940 1668 1099 1713 sequitur
1115 1680 1197 1711 pro-

216 1721 343 1765 positio
374 1721 566 1764 petitionis.
635 1720 806 1753 Rationes
837 1726 905 1752 tres
936 1726 1018 1752 sunt
1048 1719 1197 1752 additae.

217 1772 337 1805 Prima
370 1778 509 1815 sumpta
543 1777 594 1803 est
625 1783 642 1803 a
668 1783 819 1814 persona
843 1770 964 1808 Bruti;
1002 1771 1154 1803 secunda
1179 1782 1196 1801 a

217 1823 347 1866 pietate
365 1823 489 1866 Appii;
523 1822 625 1854 tertia
647 1833 665 1853 a
682 1821 787 1854 facili.
847 1821 1017 1865 Epilogus
1043 1821 1199 1853 continet

216 1873 463 1916 repetitionem
484 1871 750 1916 propositionis.

925 1617 1107 1661 Principio
1133 1629 1196 1661 po-

437 1947 569 1980 Aliud
597 1952 905 1991 argumentum
921 1945 979 1992 ⁹¹).

321 2015 384 2049 Est
408 2014 720 2054 commendaticia,
757 2013 793 2046 in
818 2025 886 2058 qua
912 2020 963 2047 est
987 2026 1069 2047 usus
1090 2013 1202 2047 tribus

223 2067 449 2110 argumentis.
524 2066 686 2098 Primum
711 2071 761 2098 est
785 2065 827 2097 al)
852 2062 1001 2097 honesto
1026 2077 1087 2097 sen
1112 2065 1203 2105 utili,

221 2119 295 2150 fore
311 2130 386 2150 eam
405 2129 479 2149 rem
498 2116 610 2148 Bruto
629 2115 829 2159 gloriosam.
870 2115 1069 2147 Secundum
1088 2128 1104 2147 a
1126 2127 1204 2159 per—

224 2181 308 2201 sona
326 2168 451 2212 Appii,
479 2168 573 2212 quod
589 2166 633 2199 sit
650 2164 757 2198 homo
775 2166 907 2204 honus,
942 2171 975 2197 et
1001 2165 1059 2209 qui
1087 2167 1204 2209 singu-

224 2219 289 2250 lari
310 2220 436 2262 pietate
455 2218 491 2250 in
506 2223 642 2260 patrem
658 2216 735 2249 fuit.
779 2215 940 2248 Tertium
957 2227 974 2247 a
992 2216 1096 2249 sacili.
1138 2216 1206 2249 Ex-

226 2270 364 2301 ordium
399 2275 449 2302 est
476 2267 655 2307 narratio,
702 2266 739 2298 in
769 2279 837 2310 qua
870 2266 1022 2299 ostendit
1053 2267 1205 2300 officium

225 2332 337 2353 suum.

385 2400 564 2435 Scholia
593 2401 636 2433 in
663 2400 905 2444 epistolam
934 2397 1053 2431 XXIII.

332 2476 412 2516 §.1
444 2479 513 2509 llos
540 2478 594 2509 hic
615 2473 778 2521 valemus]
807 2475 850 2508 IN:
852 2486 908 2506 ιι“.ι·
905 2474 986 2507 itio.
1065 2475 1156 2514 Quod
1179 2477 1208 2507 si

232 2526 360 2574 omnia]
389 2524 537 2559 Adhort:
539 2527 618 2565 itio,
645 2533 683 2558 ut
698 2527 792 2557 hono
813 2531 846 2558 ct
863 2524 945 2556 sorti
962 2524 1006 2557 sit
1024 2525 1156 2558 animo.

269 2626 316 2652 90]
337 2626 392 2648 Hoc
411 2626 597 2653 argumentum
617 2626 643 2647 et
662 2625 712 2648 duo
734 2624 875 2655 sequentIa
889 2624 915 2647 in
932 2624 1015 2649 Editt.
1033 2624 1123 2655 1556„
1144 2624 1209 2648 1565

304 2660 420 2683 -1596,
442 2658 620 2681 inveniuntur.

267 2702 314 2729 ⁹1)
333 2702 388 2725 Hoc
411 2703 596 2731 argutiiemuni
616 2700 714 2722 hahent
734 2700 814 2724 Editt.
832 2699 1021 2725 1565—1596.

1035 123 1235 160 SCRIPTA
1270 124 1604 160 PHILOLOGICA.

2127 123 2202 159 404

1509 211 1537 244 A
1550 223 1627 256 rgu
1638 223 1670 244 m
1682 217 1787 244 entu
1799 223 1832 243 m
1847 209 1906 257 92).

1323 278 1528 311 Hortatoria
1550 285 1610 313 est.
1652 278 1742 312 Nam
1754 278 1884 311 Brutus
1897 277 2103 311 Ciceronem
2122 289 2204 310 con-

1222 329 1356 369 firmat,
1384 335 1417 361 et
1434 329 1529 362 iubet
1547 331 1635 362 benc
1653 342 1794 374 sperare
1817 330 1859 361 de
1878 340 2037 362 successu
2062 339 2205 371 recupe-

1223 379 1353 411 randae
1372 380 1553 414 libertatis.
1606 379 1732 425 Incipit
1756 393 1773 412 a
1800 379 2006 412 narratione
2031 377 2207 423 prosperi-

1225 429 1305 462 tatis
1322 442 1440 463 rerum
1460 443 1616 465 suarum.
1675 431 1878 475 I'ropositio
1903 437 1954 463 cst
1978 430 2126 474 figurata
2151 441 2207 460 oc-

1226 481 1433 524 cupatione,
1459 487 1609 526 suntque
1630 481 1856 525 interpositae
1873 493 2015 520 causae,
2042 492 2103 513 cur
2120 480 2208 512 bene

1227 532 1440 574 sperandum
1460 532 1515 565 sit.
1568 531 1663 565 Loco
1681 532 1807 576 epilogi
1832 532 1936 565 etiam
1961 529 2144 570 hortatur,
2171 535 2210 562 ut

1230 582 1310 615 totis
1328 581 1460 615 virilius
1482 589 1653 626 repugnet
1669 583 1840 616 servituti.

1473 665 1611 699 Aliud
1650 674 1975 711 argumentum.

1335 733 1446 777 Supra
1471 733 1617 777 epistola
1639 733 1697 768 19.
1726 741 1760 766 et
1781 735 1841 769 20.
1866 733 2052 767 admonuit
2075 732 2215 766 Cicero—

1234 796 1334 824 nem,
1361 784 1455 829 quod
1479 790 1567 817 esset
1582 784 1619 816 in
1642 796 1771 828 magno
1797 791 1893 818 metu
1917 790 2062 828 propter
2087 783 2216 817 exerci-

1235 841 1308 867 tum
1326 834 1472 867 minime
1491 835 1700 868 instructum
1717 847 1778 869 sua
1797 841 1830 868 et
1853 834 2068 879 reipublicae
2093 845 2217 872 causa;

1236 886 1321 918 item
1351 886 1447 930 quod
1475 886 1585 918 multa
1617 885 1730 920 tristia
1757 887 1800 919 de
1823 886 1992 919 Cicerone
2016 884 2218 918 audivisset.

1237 937 1356 980 Quare
1374 933 1430 969 hic
1445 942 1635 981 utrumque
1659 936 1822 980 corrigit,
1855 938 1897 970 de
1923 935 2076 970 exercitu
2099 934 2221 968 videli-

1239 993 1291 1019 cet
1309 993 1342 1019 ct
1358 987 1399 1019 de
1415 987 1656 1027 sermonibus,
1681 987 1880 1031 significans
1897 985 1966 1020 hoc
1989 993 2148 1031 tempore
2167 985 2222 1018 ni-

1240 1035 1289 1070 hil
1319 1050 1391 1070 esse
1424 1037 1590 1081 periculi,
1631 1044 1665 1070 et
1696 1037 1889 1072 adhortans
1913 1038 2141 1076 Ciceronem,
2181 1042 2221 1069 ut

1239 1088 1334 1121 bono
1359 1094 1393 1120 et
1414 1088 1499 1120 forti
1523 1088 1568 1121 sit
1595 1088 1737 1128 animo,
1773 1100 1838 1120 nec
1868 1088 2057 1133 quicquam
2088 1087 2222 1119 timeat.

1240 1138 1436 1171 Exordium
1455 1138 1598 1182 vulgare
1614 1144 1682 1178 est,
1715 1145 1879 1172 constans
1896 1137 2149 1181 significatione
2163 1149 2223 1169 va-

1242 1189 1418 1222 letudinis.
1471 1188 1638 1233 Sequitur
1654 1189 1768 1222 brevis
1791 1189 1950 1221 narratio
1976 1189 2018 1221 de
2042 1187 2223 1220 voluntate

1242 1239 1386 1283 Lepidi,
1414 1245 1447 1271 et
1462 1240 1503 1271 de
1521 1239 1675 1272 exercitu
1691 1240 1792 1272 valde
1817 1239 1988 1273 instructo
2012 1245 2046 1272 et
2069 1238 2225 1282 copioso.

1243 1290 1369 1323 Postea
1390 1296 1440 1322 est
1455 1289 1648 1322 consolatio
1665 1302 1726 1322 seu
1742 1288 1944 1322 adhortatio
1961 1290 2004 1322 ab
2023 1288 2225 1333 eloquentia

1245 1347 1277 1372 et
1307 1340 1496 1372 autoritate
1519 1339 1718 1379 Ciceronis,
1760 1347 1799 1373 ut
1832 1346 2034 1373 contemnat
2064 1339 2224 1371 omnium

1245 1403 1423 1424 sermones
1448 1396 1481 1423 et
1504 1390 1630 1424 minas.
1698 1389 1737 1423 In
1765 1392 1833 1423 fine
1865 1390 2018 1423 breviter
2047 1390 2226 1429 admonet,

1247 1442 1342 1486 quod
1362 1441 1397 1473 in
1414 1440 1511 1473 Italia
1529 1441 1749 1486 aliquamdiu
1765 1441 1981 1474 commorari
1999 1441 2135 1474 debeat.

1492 1525 1629 1558 Aliud
1661 1532 1984 1570 argumentum.

1350 1593 1506 1637 Simplex
1536 1599 1586 1626 est
1615 1593 1795 1632 narratio,
1834 1592 1887 1626 cui
1916 1592 2058 1626 additur
2086 1592 2229 1638 obliqua

1249 1641 1556 1676 adliortatiuncula
1571 1669 1579 1682 ,
1614 1656 1703 1688 quae
1725 1642 1831 1676 habet
1856 1644 2048 1676 admixtam
2072 1644 2231 1677 consola-

1251 1694 1382 1726 tionem
1410 1695 1451 1726 de
1473 1693 1663 1738 republica.
1715 1693 1756 1726 In
1779 1694 1846 1726 fine
1872 1693 1976 1726 etiam
2000 1693 2145 1737 ponitur
2169 1695 2230 1727 ad-

1250 1743 1533 1784 hortatiuncula,
1577 1750 1617 1777 ut
1648 1742 1751 1777 nihili
1782 1744 1887 1776 faciat
1918 1744 2121 1777 invidorum
2158 1756 2229 1777 ser—

1251 1808 1385 1829 mones.

1412 1885 1594 1922 Scholia
1624 1887 1667 1920 in
1698 1887 1935 1932 epistolam
1964 1886 2086 1922 XXIV.

1358 1963 1387 2008 §-
1409 1965 1440 1997 1.
1468 1962 1650 2009 Parumssss)
1666 1965 1728 1997 tibi
1742 1960 1860 2009 antea]
1883 1961 2077 1995 Exordium
2094 1962 2137 1996 de
2155 1963 2232 1997 bre-

1255 2016 1362 2049 vitate
1387 2015 1598 2048 litterarum.
1676 2015 1799 2049 Tribus
1823 2012 2111 2061 exe›·citibus⁹'⁴)]
2143 2014 2233 2048 Nar-

1256 2074 1359 2100 ratio.

1545 2138 1869 2182 Argumentum
1883 2138 1942 2185 ⁹⁵).

1358 2206 1597 2250 Responsoria
1616 2212 1666 2238 est
1683 2207 1727 2237 ad
1743 2207 2011 2249 praecedentem
2037 2206 2234 2251 epistolam,

1260 2264 1294 2291 et
1317 2271 1358 2291 ex
1383 2258 1498 2302 aliqua
1522 2262 1621 2300 parte
1647 2256 1781 2289 iocatur
1800 2256 1922 2290 Cicero
1939 2269 2017 2290 cum
2035 2258 2165 2298 Bruto,
2193 2271 2234 2291 eo

1292 2368 1340 2397 92)
1359 2368 1415 2391 Hoc
1433 2366 1621 2396 argumentum
1640 2366 1666 2389 ct
1684 2365 1735 2390 duo
1755 2367 1898 2396 sequentia
1915 2367 1942 2390 in
1960 2367 2151 2399 Editt.1556.,
2171 2369 2237 2393 1565

1329 2401 1444 2425 -1596,
1462 2400 1622 2423 afferuntui.

1292 2445 1340 2472 93)
1361 2444 1482 2470 Parum]
1503 2442 1543 2464 sic
1561 2441 1644 2467 Editt
1664 2442 1852 2473 1537.,1545.,
1873 2444 1946 2468 1546.
1966 2444 1992 2467 in
2011 2446 2095 2477 textu,
2114 2448 2141 2470 et
2151 2448 2232 2474 Editt

1330 2476 1825 2506 1540„1544.,1554.‚1557.,1560
1844 2477 1870 2500 ιἰι
1890 2478 1945 2503 Cic.
1965 2480 2056 2502 veihis
2074 2480 2134 2504 huie
2153 2485 2233 2507 notio

1329 2511 1467 2541 praefixis,
1491 2492 1519 2532 iii
1535 2512 1610 2533 textu
1629 2512 1718 2533 autem
1736 2511 2233 2546 Editt.1514.1554„1557.,15.150.,

1328 2546 1402 2569 1601.
1420 2550 1505 2574 aeque
1523 2550 1554 2567 ac
1572 2544 1618 2567 Ed.
1640 2545 1856 2569 01·e11.ha1›eut:
1880 2546 1989 2570 Narro.

1293 2589 1342 2615 94)
1361 2587 1413 2610 Pro
1431 2587 1473 2609 his
1488 2586 1542 2610 Cic.
1561 2586 1653 2609 verbis
1672 2587 1698 2610 in
1714 2588 2068 2618 Editt.1545.‚1560.huic
2085 2593 2166 2615 notae
2184 2594 2233 2617 ad-

1327 2621 1428 2650 scripta
1448 2622 1510 2643 sunt
1531 2621 1734 2649 praecedentia·
1760 2622 1797 2646 Te
1814 2623 1913 2652 mitur.

1293 2664 1341 2691 95)
1361 2664 1417 2686 Hoc
1436 2664 1623 2693 argumentum
1643 2665 1670 2687 et
1687 2665 1739 2688 duo
1758 2665 1899 2695 sequentia
1915 2664 1943 2688 in
1961 2665 2235 2701 Editt.1556.‚1565

1327 2697 1644 2728 —1596.repe11untur
