2351 2990
186 137 257 172 427

184 224 250 256 riso
269 224 494 264 exponuntur
519 217 562 249 de
590 213 849 260 proscriptione
865 210 1010 254 Lepidi3
1046 208 1171 243 deinde

186 275 227 305 dc
252 273 346 304 sama
372 268 531 313 oppressi
549 266 773 300 Dolabellam
816 262 919 295 tertio
944 262 987 293 de
1013 261 1172 305 parando

187 324 301 356 reditu
321 322 355 354 in
376 319 510 352 ltaliam
531 330 608 350 cum
635 314 807 351 exercitu,
843 325 947 357 quem
967 311 1090 346 Cicero
1117 323 1174 343 or-

184 382 351 406 naturum
384 383 418 404 se
453 369 554 403 ‹lit-ih
609 372 787 410 postremo
822 364 864 395 de
899 363 1085 406 perlidi05a
1115 363 1175 395 de-

186 424 335 458 sectione
355 421 499 465 Lepidi,
528 430 633 463 quam
651 412 817 448 antithesi
833 414 1034 458 amplificat.

429 509 563 542 Aliud
599 512 924 551 argumentum.

288 578 445 623 Epistola
470 582 520 609 est
545 573 765 607 nuntiatoria
793 579 826 605 et
857 570 1172 615 adhortatoriaw),

186 638 348 665 constans
382 627 518 660 duabus
551 624 836 662 narrationibus,
881 635 1030 668 quarum
1062 622 1170 654 altera

185 682 300 715 lurexis
317 686 364 713 cst
383 680 424 711 de
443 677 598 721 Lepido,
625 678 753 720 quoda
781 681 904 708 senatu
932 673 977 707 sit
1001 673 1172 705 iudicatus

185 732 343 777 publicus
361 728 483 762 hostis.
542 726 661 759 Altera
681 732 728 759 est
750 725 909 767 longior,
944 736 1035 769 quac
1061 723 1171 756 multa

183 783 286 818 simul
305 778 567 824 complectitur,
603 784 641 810 ut
664 778 706 809 de
724 776 905 808 Dolabella
918 802 926 815 ,
955 776 997 807 (le
1015 780 1173 818 expecta-

184 835 281 867 tione.
301 831 430 869 Cassii,
465 830 507 862 de
527 841 590 863 suo
608 828 724 861 studio
744 839 824 870 erga
852 826 944 860 illius
969 825 1172 863 exereitum,

185 887 227 917 de
247 896 386 917 summo
408 881 510 919 odio,
545 880 582 912 in
601 891 670 924 quo
691 884 741 911 est
755 877 930 921 Lepidus,
966 883 999 908 et
1025 877 1066 908 de
1092 887 1174 908 con-

185 936 318 970 sulibus
337 931 538 976 designatis.
592 929 867 964 Narrationibus
884 926 1068 961 subiicitur
1092 938 1175 958 con-

186 986 315 1023 clusio,
352 995 440 1029 quae
465 987 602 1014 constat
625 978 894 1018 adhortatione,
930 984 969 1011 ut
988 988 1173 1022 nunquam

187 1036 397 1070 intermittat
415 1032 601 1066 defendere
619 1029 888 1074 rempublicam.

437 1126 575 1160 Aliud
604 1129 926 1168 argumentum.

289 1195 457 1231 Narratio
478 1200 527 1227 est
546 1195 587 1227 de
605 1192 741 1236 Lepido
761 1198 794 1224 et
810 1191 851 1223 de
864 1188 1062 1227 Dolabella,
1091 1187 1175 1220 item

188 1251 229 1283 (le
248 1247 374 1281 litteris
392 1245 514 1279 Cassii.
574 1243 742 1288 Sequitur
766 1240 974 1286 pollicitatio
998 1238 1176 1282 praemio-

189 1313 288 1339 rum,
337 1309 428 1343 quae
463 1300 698 1340 consequetur
732 1292 904 1326 exercitus
933 1289 1044 1323 Cassii
1074 1294 1176 1332 parta

193 1349 353 1383 victoria.
405 1347 542 1380 Deinde
568 1345 748 1378 adduntur
773 1343 819 1375 ad
843 1343 946 1374 finem
969 1350 1080 1385 usque
1108 1338 1176 1370 alia

189 1405 397 1445 argumenta
425 1395 705 1434 adhortationis,
739 1400 778 1428 ut
800 1392 987 1436 diligenter
1012 1390 1177 1423 defendat

192 1451 330 1486 Cassius
347 1448 616 1494 rempublicam.

407 1530 543 1563 Aliud
574 1532 887 1571 argumentum
904 1525 962 1571 ¹¹⁷).

294 1598 460 1633 Continet
486 1595 710 1629 narrationes
734 1593 871 1638 aliquot
901 1590 987 1624 haec
1018 1589 1179 1634 epistola,

191 1651 327 1697 primo,
363 1649 448 1694 quid
464 1647 601 1679 Romae
626 1645 670 1679 sit
689 1650 826 1683 actum,
855 1649 887 1675 et
911 1641 1093 1687 quomodo
1114 1639 1180 1672 Le-

191 1703 294 1747 pidus
318 1698 428 1733 hostis
450 1698 494 1731 sit
519 1696 710 1732 iudieatus;
746 1694 871 1727 deinde
895 1694 936 1726 de
960 1692 1064 1725 rebus
1079 1691 1180 1724 Asia-

191 1753 269 1786 ticis
300 1758 333 1784 et
364 1751 406 1782 de
432 1747 636 1783 Dolabella;
689 1751 870 1789 postremo
896 1745 938 1777 de
962 1742 1121 1775 Antonio
1147 1747 1181 1774 et

189 1804 303 1843 bello,
331 1801 427 1847 quod
449 1811 528 1832 cum
550 1809 590 1831 eo
610 1797 808 1840 gerebatur.

358 1907 581 1943 Scholion
609 1905 654 1938 in
683 1904 926 1949 epistolam
953 1901 1010 1937 XI.

293 1985 322 2030 ἓ.
342 1988 374 2020 1.
401 1987 443 2019 Ξῖ
461 1984 568 2022 vales,
596 1982 676 2014 bene
693 1986 742 2014 est
752 1977 825 2026 48)]
851 1979 1021 2012 Narratio
1034 1977 1092 2023 ⁴⁹).

496 2065 660 2108 Argum
672 2060 890 2108 entumff‘ffl).

298 2133 513 2169 Narratione
537 2131 683 2175 exponit
707 2129 865 2168 Cassius,
909 2128 994 2173 quid
1019 2128 1055 2160 in
1081 2128 1181 2173 Syria

198 2188 360 2232 gesserit,
389 2191 423 2217 et
439 2195 525 2229 quas
543 2182 662 2226 copias
677 2179 818 2214 habeat.
863 2178 903 2212 In
919 2180 987 2211 fine
1003 2191 1067 2223 per
1083 2191 1184 2223 prae-

199 2238 400 2271 teritionem
417 2232 582 2267 hortatur
600 2232 807 2265 Ciceronem
819 2256 828 2270 ,
855 2236 894 2263 ut
910 2242 945 2262 se
963 2230 1139 2263 defendat.

206 2321 406 2332 ῤ-

235 2370 282 2397 46)
302 2364 503 2393 adhortatoria]
523 2363 563 2388 sic
581 2361 667 2387 Editt.
680 2361 766 2392 1556„
788 2360 881 2391 1565.;
900 2359 984 2384 Editt.
1004 2360 1090 2391 1571„
1111 2361 1186 2387 1596.

272 2400 430 2425 hortatoria.

237 2452 284 2480 47)
304 2451 359 2474 Hoc
378 2450 565 2480 argumentum
584 2447 682 2470 habent
700 2445 782 2470 Editt.
800 2445 990 2469 1565—1596.

235 2504 283 2531 48)
303 2502 356 2525 Pro
375 2500 416 2523 his
433 2500 486 2524 Cic.
506 2498 599 2522 verbis
619 2498 645 2520 in
657 2496 837 2525 Editt.1545.,
859 2496 934 2520 1560.
955 2495 1016 2519 huic
1034 2498 1116 2520 notae
1135 2497 1187 2520 ad-

272 2536 373 2565 scripta
392 2536 453 2556 sunt
473 2532 629 2562 sequentia:
657 2531 692 2555 In
712 2531 835 2560 Syriam.

238 2586 285 2616 49)
306 2586 379 2609 Haec
401 2584 466 2606 nota
483 2583 510 2606 in
528 2582 594 2606 solis
614 2581 695 2606 Editt.
714 2581 806 2611 1537.,
828 2580 917 2612 ¹510„
939 2580 1028 2611 1545„
1049 2581 1122 2605 1560.
1141 2587 1189 2605 re-

274 2619 389 2650 peritur.

238 2672 286 2700 50)
306 2667 570 2727 flogearguntiengum
593 2668 619 2690 et
637 2666 688 2690 duo
707 2665 851 2696 sequentia
868 2664 895 2689 in
913 2664 997 2690 Editt.
1012 2665 1102 2695 1556..
1124 2665 1190 2690 1565

275 2704 348 2728 ..15
385 2720 391 2725 .
413 2707 461 2725 exs
476 2705 510 2724 an
526 2718 532 2725 .

763 126 891 180 ΡΗΠ,ιη
923 125 1032 159 MEL.
1065 120 1266 158 SCRIPTA
1300 118 1635 155 PHILOLOGICA.

2133 121 2205 156 428

1478 205 1616 239 Aliud
1643 210 1964 249 argumentum.

1324 273 1484 307 Primum
1504 273 1722 306 nuntiatoria
1740 279 1789 307 est
1801 299 1809 313 ,
1835 273 1870 305 in
1888 285 1957 318 qua
1975 279 2096 306 monet
2113 272 2210 306 Cice-

1225 336 1349 356 ronem
1366 325 1408 357 de
1428 324 1646 367 profectione
1668 324 1700 356 in
1715 324 1852 368 Syriam
1864 350 1873 363 ‚
1902 330 1935 356 et
1952 325 1995 357 de
2013 324 2208 367 legionibus

1224 374 1354 407 ibidem
1373 375 1533 418 acceptis.
1586 375 1722 407 Deinde
1741 381 1791 408 est
1809 372 2068 414 adhortatoria‚
2094 381 2134 407 ut
2152 375 2211 407 ali-

1224 431 1336 459 sentes
1356 425 1587 469 imperatores
1604 437 1674 458 una
1692 437 1770 458 cum
1788 425 1966 470 republica
1986 425 2162 460 defendat.

1468 509 1602 542 Aliud
1628 516 1958 554 argumentum.

1324 576 1413 609 Vide
1438 577 1472 610 3.
1492 576 1647 621 Appiani
1656 577 1723 622 ⁵¹),
1758 578 1940 623 quomodo
1957 576 2066 611 Iulius
2083 577 2213 612 Caesar

1224 627 1398 671 legionem
1418 627 1454 659 in
1473 627 1573 672 Syria
1592 628 1793 672 reliquerit,
1821 640 1970 674 eamque
1986 630 2214 662 commenda-

1224 679 1271 711 rit
1299 678 1451 711 Caecilio
1479 677 1603 712 Basso.
1673 678 1739 711 Hie
1771 685 1888 711 autem
1918 678 2061 722 Crispus
2087 677 2212 724 Bithy-

1225 729 1303 761 niae
1320 729 1366 774 5‘2)
1397 729 1592 773 praefectus
1625 728 1710 768 fnit,
1760 728 1821 773 qui
1851 741 1928 762 cum
1965 741 1984 761 a
2009 728 2049 763 L.
2073 729 2212 769 Murco,

1226 792 1331 824 quem
1348 779 1477 813 Bassus
1495 780 1725 823 oppugnabat
1736 805 1745 818 ‚
1777 785 1922 813 vocatus
1939 785 2027 813 esset
2040 781 2085 813 ad
2099 781 2213 813 feren-

1226 832 1306 863 dam
1326 843 1429 874 opem
1441 857 1450 869 ,
1478 836 1511 863 et
1530 828 1624 875 hi53)
1643 829 1838 863 coniunctis
1855 829 1964 874 copiis
1987 829 2136 864 Bassum
2153 832 2214 863 ob-

1226 881 1398 921 siderent,
1426 880 1565 914 Cassius
1584 879 1823 914 interveniens
1838 892 1968 928 ‘omnes
1985 891 2043 914 eas
2056 881 2211 925 legiones

1227 933 1271 965 ad
1290 944 1325 965 se
1342 931 1533 965 transtulit.

1402 1029 1588 1065 Scholia
1616 1031 1662 1063 in
1691 1031 1936 1076 epistolam
1965 1030 2037 1065 XII.

1332 1106 1362 1151 ἓ.
1382 1109 1414 1142 1.
1442 1111 1484 1143 Si
1499 1105 1667 1154 valesfflss
1695 1106 1890 1140 Exordium
1907 1119 1947 1140 ex
1966 1107 2058 1141 illius
2076 1119 2212 1142 amore.

1228 1162 1363 1205 ltaque,
1390 1161 1476 1204 quod
1490 1164 1520 1192 {e
1538 1155 1704 1203 primum]
1732 1157 1913 1192 Narratio.

1334 1207 1364 1252 ἓ.
1380 1211 1414 1244 2.
1443 1212 1475 1242 A
1491 1214 1522 1242 ie
1535 1206 1629 1254 peto]
1656 1207 1798 1241 Petitio.

1523 1288 1917 1335 Argumentum'ffi).

1331 1357 1571 1402 Responsoria
1593 1364 1643 1391 est
1668 1358 1815 1402 epistola
1840 1359 1884 1390 ad
1908 1369 2006 1397 eam,
2034 1369 2140 1403 quam
2161 1357 2218 1391 Ci-

1232 1420 1311 1441 cero
1331 1421 1436 1452 supra
1457 1410 1501 1441 ad
1522 1408 1681 1441 Cassium
1700 1409 1742 1441 de
1760 1420 1821 1441 sua
1846 1408 2074 1441 contentione
2096 1408 2135 1441 in
2158 1409 2217 1441 de-

1231 1460 1404 1492 fendenda
1429 1459 1502 1492 eius
1526 1458 1697 1502 dignitate
1728 1458 1835 1492 dedit.
1903 1458 2070 1492 Continet
2098 1465 2216 1492 autem

1232 1509 1528 1543 collaudationem
1546 1509 1812 1542 benevolentiae
1836 1519 1876 1540 ae
1899 1509 2006 1542 studii
2022 1509 2215 1549 Ciceronis,

1232 1566 1265 1593 et
1281 1558 1521 1592 hortationem
1532 1585 1541 1599 ,
1567 1566 1606 1592 nt
1621 1571 1730 1603 porro
1746 1570 1820 1591 non
1837 1558 1973 1591 desinat
1988 1570 2087 1592 suam
2103 1559 2216 1603 digni-

1232 1617 1339 1643 tatem
1358 1611 1452 1654 apud
1469 1616 1629 1643 senatum
1646 1609 1749 1642 tueri.
1783 1607 1822 1640 In
1839 1607 1905 1641 hac
1919 1615 2019 1653 parte
2037 1615 2072 1642 et
2089 1609 2218 1642 milites

1233 1674 1312 1694 cum
1346 1661 1423 1694 aliis
1455 1660 1666 1705 quibusdam
1696 1659 1971 1703 imperatoribus
2000 1660 2218 1693 ordinandos

1234 1712 1461 1745 commendat
1486 1711 1528 1743 ab
1551 1722 1674 1743 eorum
1698 1710 1766 1742 fide
1785 1715 1819 1742 et
1836 1709 2048 1754 integritate.
2107 1710 2218 1743 Exor-

1234 1763 1331 1796 dium
1358 1768 1409 1795 est
1430 1759 1585 1807 ἠθικὸν,
1622 1772 1663 1793 ex
1688 1772 1759 1805 quo
1787 1760 1883 1792 ducit
1908 1760 2217 1800 collaudationem,

1234 1825 1274 1846 ac
1289 1812 1416 1846 deinde
1432 1811 1571 1846 subiicit
1594 1809 1892 1845 adhortationem.
1946 1810 2132 1844 Conclusio
2156 1809 2218 1844 ha-

1233 1865 1292 1897 bet
1320 1863 1568 1907 repetitionem
1600 1860 1832 1901 hortationis,
1873 1867 1907 1894 et
1939 1861 2218 1894 commendatio-

1234 1927 1315 1948 nem
1339 1914 1505 1947 militum.

1478 1987 1617 2021 Aliud
1643 1993 1967 2031 argumentum.

1336 2057 1543 2100 Respondet
1559 2055 1684 2088 litteris
1701 2054 1881 2087 Ciceronis
1898 2055 1940 2087 de
1956 2054 2074 2088 studio
2099 2061 2133 2088 et
2151 2055 2219 2088 sol-

1236 2108 1417 2141 licitudine
1435 2119 1500 2151 pro
1511 2106 1643 2139 Cassio.
1686 2104 1880 2138 Exordium
1898 2105 2049 2139 sumitur
2066 2118 2108 2138 ex
2125 2118 2219 2138 com·

1236 2159 1448 2204 probatione
1465 2158 1662 2190 litterarum
1689 2162 1723 2188 et
1748 2155 1840 2188 illius
1865 2168 1998 2190 amore.
2049 2156 2217 2190 Narratio

1238 2216 1288 2243 est
1304 2211 1346 2243 de
1369 2208 1506 2252 scriptis
1528 2213 1561 2239 et
1583 2206 1696 2239 missis
1718 2206 1861 2245 litteris,
1895 2206 1978 2239 item
2000 2207 2042 2239 de
2067 2206 2221 2240 exercitu

1237 2273 1313 2294 su0.
1379 2258 1631 2293 Rari-ationem
1659 2257 1817 2302 sequitur
1839 2257 1982 2301 petitio,
2019 2263 2059 2290 ut
2082 2269 2220 2291 summa

1238 2309 1419 2354 diligentia
1439 2309 1646 2353 dignitatem
1666 2307 1891 2351 imperatoris
1914 2308 2097 2348 defendat,
2123 2308 2221 2342 labo-

1272 2429 1320 2456 51)
1340 2426 1452 2456 Appian.
1472 2424 1539 2448 Bell.
1558 2423 1618 2447 Civ.
1637 2423 1682 2449 111,
1705 2423 1747 2447 77.

1272 2472 1319 2499 52)
1339 2467 1496 2498 Bithyniae]
1516 2466 1564 2489 Ed.
1574 2466 1648 2489 1556.
1662 2465 1824 2497 BythiniaeJ
1845 2465 2023 2497 Editt.1565.,
2043 2465 2128 2495 15⁷1„
2149 2464 2223 2489 1596.

1308 2503 1454 2529 Bethiniae.
2066 2508 2071 2512 .

1275 2547 1324 2575 53]
1347 2546 1386 2574 hi]
1405 2545 1470 2567 illae
1493 2544 1509 2566 4
1527 2542 1611 2566 Editt.
1629 2542 1676 2567 hii.

1274 2591 1322 2618 54]
1341 2589 1394 2612 Pro
1418 2587 1459 2609 his
1480 2586 1535 2609 Cic.
1560 2585 1652 2608 verbis
1684 2585 1712 2608 in
1730 2585 1814 2608 Editt.
1839 2584 1933 2611 154⁵..
1960 2583 2034 2608 1560.
2058 2583 2119 2607 huic
2144 2584 2226 2607 notae

1309 2622 1430 2653 praefixa
1448 2622 1511 2643 suut
1529 2619 1685 2649 sequentia:
1710 2619 1781 2650 Leyi
1799 2620 1865 2643 tuas
1883 2618 2011 2642 litteras.

1278 2666 1325 2693 55)
1346 2664 1403 2687 Hoc
1420 2663 1609 2693 argumentum
1628 2663 1655 2685 et
1673 2662 1724 2686 duo
1743 2660 1885 2691 sequentia
1901 2660 1935 2684 ab
1953 2659 2036 2684 Editt.
2051 2658 2142 2691 1556„
2161 2658 2228 2684 1⁵⁶5

1314 2697 1431 2722 -1596,
1452 2697 1618 2720 exhibentur.
