2351 2990
123 118 196 153 559
695 106 816 142 run..
852 104 963 139 Mei..
999 101 1200 138 SCRIPTA
1239 98 1574 136 PHILOLOGICA.
2075 99 2151 137 540

122 200 456 238 comminationem,
485 198 580 243 quod
598 195 680 228 velit
706 191 926 237 expostulare
951 202 1029 223 cum
1055 201 1110 228 eo,

123 255 184 300 qui
200 259 324 297 sponte
340 252 376 283 111
392 256 520 284 sectam
539 247 795 292 Epicureorum
820 254 836 274 a
856 241 1110 285 Peripatetico-

123 318 201 339 rum
231 310 321 337 secta
357 302 573 335 discesserat.
638 295 792 328 Additur
816 292 987 325 correctio
1012 291 1111 325 istius

124 368 205 391 suae
221 353 426 389 sententiae.
479 350 648 394 Epilogus
674 345 778 378 habet
802 344 946 377 brevem
972 355 1112 376 excusa-

124 408 278 445 tionem,
307 416 415 451 quare
431 408 615 444 tantopere
634 399 768 429 iocatus
785 395 838 428 sit.

258 515 581 555 Argumentum
613 505 841 550 epistolae
869 501 974 537 XVII.

224 584 508 629 Nu·rationes¹·'³)
526 585 568 615 de
588 583 691 616 rebus
715 580 872 615 urbanis.

345 670 474 704 Aliud
507 673 817 710 argumentum
835 664 892 711 m).

226 739 453 778 §untiaioria
479 744 527 769 cst
553 736 711 780 epistola.
764 733 900 766 Iudicat
921 732 1014 764 euim
1035 732 1116 765 Cas-

125 800 189 835 sio,
219 806 308 841 quae
327 792 371 826 sit
387 788 582 833 expectatio
603 788 643 819 de
662 787 765 819 rebus
784 784 995 827 llispanicis,
1023 784 1114 817 Ix‘am

126 849 186 883 tilii
204 843 364 889 Pompeii
386 840 538 874 collectis
558 839 674 871 denuo
701 837 808 869 armis
833 835 966 879 aliquid
993 841 1115 867 contra

126 902 313 934 Caesarem
334 897 534 928 moverunt.
590 888 771 931 Principio
802 892 941 919 excusat
965 886 1118 919 brevita-

129 960 196 985 tem
213 951 412 983 litterarum
430 941 699 986 importunitate
719 937 998 971 tabellariorum.
1048 937 1118 969 De-

128 1004 209 1036 inde
226 1004 367 1036 narrat,
394 1006 484 1040 quae
503 994 539 1025 iu
557 993 642 1025 urbe
661 990 870 1028 acciderint,
901 989 1028 1031 partim
1048 988 1118 1032 pri-

129 1061 229 1092 vata,
263 1048 393 1095 partim
421 1045 571 1090 publica.
631 1041 670 1074 ln
695 1044 761 1074 tine
788 1039 984 1073 absentiam
1010 1040 1118 1074 Cassii

130 1107 172 1138 ab
190 1098 276 1137 urhe
298 1099 437 1145 probat.

370 1180 509 1215 Aliud
545 1182 876 1221 argumentum,

232 1251 389 1298 Epistola
415 1255 467 1282 cst
491 1245 723 1280 nuntiatoria.
791 1242 987 1276 Exordium
1015 1242 1121 1275 sumi-

130 1317 187 1342 tur
208 1307 250 1339 ab
278 1301 501 1338 excusatione
525 1297 681 1331 raritatis
715 1302 747 1328 et
776 1293 960 1327 brevitatis
989 1293 1122 1325 littera-

132 1372 211 1393 rum
231 1364 263 1390 et
284 1352 528 1388 translatione.
583 1350 786 1392 Sequuntur
802 1345 921 1377 variae
948 1345 1123 1377 narratio—

131 1423 193 1444 nes
217 1410 258 1442 de
284 1407 389 1439 rebus
415 1401 573 1436 urbanis.
636 1398 674 1431 lu
694 1400 760 1430 sine
778 1397 908 1441 probat
933 1396 1119 1429 consilium

133 1460 261 1499 Cassii,
290 1467 441 1501 euinque
461 1454 506 1486 ad
521 1451 748 1485 scribendum
765 1445 988 1480 adhortatur.

381 1538 517 1572 Aliud
546 1539 872 1579 argumentum.

239 1608 435 1644 Exordium
466 1604 624 1638 continet
656 1601 915 1635 excusationem
952 1597 1127 1631 intermis-

139 1664 248 1699 sionis
265 1662 463 1694 litterarum
489 1663 523 1689 et
545 1654 729 1687 brevitatis
756 1664 818 1696 per
844 1649 1126 1683 translationem.

137 1714 265 1750 Reiicit
287 1712 381 1745 enim
408 1709 547 1752 culpam
573 1706 609 1738 in
634 1706 728 1749 ipsos
751 1702 965 1736 tabellarios.
1020 1701 1128 1733 Addi-

137 1776 194 1801 tur
220 1761 447 1810 pollicitatio,
483 1771 517 1792 se
543 1755 783 1801 copiosissime
809 1751 956 1798 posthac
981 1752 1127 1796 scriptu-

136 1831 228 1852 rum.
281 1815 367 1847 Post
385 1810 568 1845 exordium
587 1813 784 1852 sequuntur
801 1812 869 1837 tres
893 1803 1129 1836 narrationes.

140 1869 309 1914 Epilogus
325 1863 432 1898 habet
448 1860 634 1894 consilium
654 1870 731 1891 cum
751 1856 850 1889 brevi
868 1853 1129 1887 adhortatione.

236 1978 565 2020 Argumentum
596 1966 822 2013 epistolae
843 1962 1035 2012 'XVIIIss-3),

244 2054 307 2087 Est
335 2057 370 2084 et
391 2047 480 2082 haec
503 2043 745 2083 nuntiatoria,
779 2043 840 2076 sed
857 2042 1012 2076 brevior.
1066 2042 1131 2076 Ex>

147 2107 287 2141 ordi-um
313 2101 422 2136 habet
438 2097 699 2132 excusationem
715 2093 910 2127 brevitatis.
964 2093 1131 2127 Narratio

144 2158 301 2193 continet
319 2155 462 2187 brevem
482 2147 773 2193 significationem
793 2157 875 2177 suae
891 2144 983 2176 ritae
1001 2145 1037 2177 in
1058 2151 1130 2177 tan-

146 2212 187 2243 tis
205 2208 327 2242 turbis.
380 2203 482 2236 Hanc
500 2204 695 2245 sequuntur
714 2198 802 2229 duae
824 2196 912 2228 aliae
931 2196 1132 2229 narratiun-

145 2262 253 2295 culae.
306 2256 347 2289 In
365 2256 432 2288 fine
452 2259 503 2286 est
520 2249 685 2285 salutatio
703 2254 735 2281 et
750 2246 884 2291 petitio.

182 2378 228 2400 flav
251 2375 315 2397 Huic
342 2371 400 2394 voci
434 2370 460 2393 iu
485 2368 566 2392 hditt.
589 2365 794 2389 tato-1545..
823 2363 915 2391 ¹554..
943 2362 1035 2389 1557..
1065 2364 1137 2387 15⁶0,

219 2398 363 2440 praefixum
385 2406 426 2427 est
447 2404 559 2433 primum
579 2401 656 2424 liuius
678 2399 814 2437 epistolae
834 2398 944 2419 vei-huin
968 2397 1139 2427 Prnepostg-

220 2450 286 2467 rus,
306 2442 345 2463 vui
362 2440 388 2462 iu
402 2438 450 2462 Ed.
467 2437 539 2461 1537.
560 2437 586 2459 in
607 2440 731 2464 mai-gnie
752 2433 800 2455 hoc
820 2433 1009 2461 argumentum
1028 2434 1069 2454 est
1090 2432 1139 2455 ad-

220 2477 362 2505 seriptum,

184 2530 232 2553 64]
253 2529 309 2550 Ηιιι·
329 2526 516 2551 argument-am
539 2523 562 2544 ct
589 2521 639 2543 duo
666 2517 808 2548 sequentia
827 2517 851 2539 in
873 2516 952 2540 Editt.
972 2516 1055 2544 1556,ΑΥ
1078 2518 1143 2541 1565

222 2560 337 2584 -1596,
357 2559 473 2581 exstant.

189 2614 237 2637 651
258 2610 344 2634 Huius
363 2607 495 2637 epistotae
518 2605 568 2627 duo
588 2606 750 2633 argumenta
768 2607 849 2633 atquc
875 2603 929 2626 tria
953 2602 1092 2659 sdcquentis
1119 2602 1143 2625 in

936 2637 955 2660 Ε
979 2637 1019 2659 itt.
1043 2636 1145 2660 15:37—-

229 2680 321 2704 1554..
343 2675 428 2699 1557..
451 2673 534 2696 1560..
556 2673 630 2695 1601.
650 2678 737 2701 neque
757 2674 920 2700 argumenta
939 2677 1025 2700 neque
1045 2671 1146 2695 scholia

224 2646 307 2670 Editt.
324 2642 417 2669 1556..
438 2638 626 2662 1565—1596.
645 2639 828 2666 reperiuntur.
848 2650 882 2654 -

227 2712 411 2738 Metanttioins
430 2709 456 2731 in
475 2708 522 2730 has
541 2707 608 2728 duas
629 2705 760 2733 epistolas
782 2707 915 2729 exhibent.

1414 186 1549 220 Aliud
1574 192 1899 230 argumentum.

1265 253 1461 288 Exordium
1478 252 1587 287 hahet
1609 254 1872 288 excusationem
1895 253 2078 289 brevitatis
2099 254 2156 287 lit-

1163 311 1333 340 terarum.
1361 306 1529 351 Sequitur
1545 305 1696 338 obiectio
1715 318 1793 339 cum
1811 306 2054 350 responsione.
2087 305 2157 339 De-

1166 356 1246 389 inde
1263 363 1313 390 est
1331 357 1441 389 altera
1461 356 1612 390 obiectio
1638 358 1680 389 de
1705 355 1952 401 philosophia,
1981 357 2026 390 ad
2050 368 2157 402 quam

1166 408 1212 440 ita
1234 409 1444 451 respondet,
1472 408 1567 453 quod
1585 408 1735 452 negotiis
1754 409 1968 452 reipublicae
1986 421 2021 442 se
2041 408 2159 452 ipsum

1167 459 1355 502 impediat,
1397 471 1467 504 quo
1496 459 1614 492 minus
1647 459 1759 503 possit
1787 466 1881 493 totus
1906 472 1977 493 esse
2002 459 2159 493 intentus

1169 507 1435 554 pliilosophiae;
1471 509 1519 541 ita
1538 516 1657 542 tamen
1677 522 1712 543 se
1730 522 1868 555 semper
1884 523 1986 554 agere
2005 511 2041 543 in
2065 523 2158 544 sum-

1170 561 1234 594 mis
1253 560 1562 604 occupationibus,
1590 566 1628 593 ut
1652 561 1814 595 videatur
1836 573 1909 594 non
1934 562 2051 596 minus
2076 573 2160 606 ope-

1170 625 1246 645 ram
1274 613 1359 644 dare
1382 609 1642 656 philosophiae.
1701 613 1852 646 Additae
1871 620 1953 646 sunt
1969 614 2059 647 duae
2078 624 2161 645 nar-

1170 663 1401 696 ratiunculae.
1454 660 1495 694 In
1513 663 1581 694 fine
1598 662 1744 706 ponitur
1760 664 1933 708 praecisio
1956 677 2020 709 per
2047 671 2162 698 trans-

1170 715 1340 747 lationem
1358 726 1438 746 cum
1456 713 1682 747 salutatione.

1310 815 1638 859 Argumentum
1675 815 1905 859 epistolae
1932 814 2022 850 XIX.

1275 890 1514 935 Responsoria
1532 897 1582 924 est
1598 892 1640 923 ad
1664 891 1865 935 superiores
1885 890 2051 935 epistolas
2067 891 2163 926 Cice-

1172 941 1282 982 ronis,
1308 948 1341 974 et
1357 948 1429 975 tota
1447 942 1576 976 iocosa.
1616 942 1760 986 Repetit
1777 942 1871 975 enim
1891 942 1986 976 iocos
2004 949 2038 976 et
2052 955 2165 977 scom-

1173 999 1269 1025 mata
1296 993 1477 1026 Ciceronis
1506 994 1547 1026 de
1572 992 1758 1037 Epicureis
1784 993 1820 1025 in
1844 993 1999 1031 Stoicos,
2041 1007 2165 1040 quam-

1175 1057 1282 1089 quam
1309 1042 1376 1077 hoc
1400 1045 1437 1076 in
1463 1044 1531 1076 alia
1562 1044 1709 1088 epistola
1734 1056 1768 1077 se
1794 1045 1969 1078 facturum
1987 1046 2164 1090 copiosius

1175 1095 1363 1139 promittit.
1415 1095 1611 1139 Praecipue
1630 1101 1747 1127 autem
1766 1095 1800 1127 id
1820 1096 1966 1139 repetit,
1995 1098 2091 1140 quod
2110 1097 2166 1130 Ci-

1176 1159 1256 1179 cero
1281 1158 1386 1190 supra
1407 1147 1448 1179 de
1466 1146 1582 1180 Pansa
1603 1146 1711 1186 dixit,
1740 1147 1829 1179 etin
1856 1158 1896 1179 eo
1922 1148 2067 1190 exponit
2089 1159 2166 1182 sen·

1175 1199 1321 1231 tentiam
1338 1197 1504 1241 Epicurei
1521 1199 1563 1230 de
1591 1198 1788 1241 appetenda
1813 1197 1995 1241 voluptate
2020 1205 2054 1232 et
2079 1211 2167 1244 quo-

1176 1250 1283 1282 modo
1310 1262 1386 1281 eam
1413 1249 1617 1292 contingere
1644 1249 1783 1282 sentiat.
1845 1247 1982 1281 Deinde
2004 1250 2046 1283 de
2071 1250 2167 1295 Sylla

1176 1301 1281 1333 etiam
1303 1300 1438 1332 iocatur
1456 1306 1489 1332 et
1506 1307 1708 1344 postremo,
1747 1299 1832 1344 quid
1856 1300 1897 1332 de
1915 1299 2064 1334 Caesare
2091 1313 2167 1334 sen-

1177 1352 1259 1392 tiat,
1289 1351 1445 1395 exponit.

1427 1434 1564 1467 Aliud
1593 1441 1915 1478 argumentum.

1280 1501 1521 1546 Responsoria
1549 1507 1618 1542 est,
1657 1501 1695 1533 in
1728 1514 1796 1546 qua
1831 1502 1985 1545 primum
2013 1502 2170 1536 defendit

1180 1554 1391 1588 sententiam
1407 1552 1554 1597 Epicuri
1572 1553 1614 1585 de
1638 1552 1840 1596 voluptate,
1874 1558 1912 1586 ut
1936 1553 1995 1598 qui
2017 1565 2091 1586 non
2113 1565 2170 1586 ex-

1181 1605 1323 1639 cluserit
1359 1604 1540 1637 x‘irtutem.
1611 1603 1739 1636 Postea
1773 1603 1872 1636 addit
1898 1616 1996 1637 suam
2032 1609 2171 1638 senten-

1182 1658 1269 1689 tiam
1299 1657 1340 1689 de
1369 1667 1471 1688 causa
1502 1655 1662 1688 Caesaris
1686 1661 1720 1687 et
1746 1654 1923 1698 Pompeii.
1973 1655 2170 1689 Exordium

1181 1709 1333 1742 sumitur
1361 1720 1378 1739 a
1404 1706 1667 1750 praedicatione
1691 1718 1772 1738 suae
1800 1706 2002 1749 diligentiae
2027 1707 2063 1739 in
2088 1706 2172 1740 scri-

1181 1760 1319 1799 bendo,
1363 1757 1480 1790 addita
1522 1757 1621 1790 brevi
1657 1757 1899 1789 confutatione
1927 1757 2101 1791 irrisionis
2129 1758 2171 1790 de

1182 1810 1338 1855 spectris.
1391 1809 1557 1854 Sequitur
1584 1808 1744 1840 narratio
1766 1809 1808 1840 de
1833 1807 2072 1852 disputatione
2089 1807 2173 1853 Epi-

1184 1862 1277 1901 curi,
1321 1872 1410 1906 quae
1439 1858 1528 1892 nihil
1552 1866 1686 1904 pugnet
1714 1872 1793 1892 cum
1822 1857 1991 1900 honesto,
2033 1865 2173 1904 sumpta

1185 1913 1369 1946 occasione
1405 1924 1445 1944 ex
1477 1911 1697 1955 profectione
1725 1911 1862 1943 Pansae
1900 1910 2064 1944 consulis.
2132 1909 2172 1943 In

1185 1966 1252 1997 fine
1272 1970 1321 1997 est
1340 1963 1463 2007 petitio
1476 1989 1483 2001 ,
1511 1969 1549 1995 ut
1567 1962 1738 1995 rescribat
1755 1961 1943 1994 interserto
1961 1974 2024 1995 suo
2041 1961 2172 1995 iudicio

1185 2017 1227 2048 de
1246 2014 1394 2048 Caesare
1421 2020 1455 2046 et
1470 2013 1656 2057 Pompeio.

1432 2107 1563 2140 Aliud
1593 2113 1920 2150 argumentum.

1290 2174 1450 2218 Epistola
1492 2179 1543 2206 est
1583 2173 1809 2216 responsoria
1852 2173 1896 2204 ad
1929 2173 2176 2216 praecedentes

1190 2228 1276 2260 duas
1299 2226 1464 2270 epistolas
1482 2224 1672 2257 Ciceronis.
1724 2223 1920 2256 Exordium
1948 2221 2053 2256 habet
2075 2236 2176 2268 prae-

1190 2277 1402 2311 dicationem
1432 2288 1514 2309 suae
1543 2276 1765 2318 diligentiae,
1808 2287 1915 2320 quam
1937 2281 2094 2318 praestat
2121 2275 2177 2308 lit-

1192 2329 1274 2362 teris
1307 2327 1511 2361 scribendis.
1581 2327 1736 2359 Additur
1769 2326 1884 2359 brex‘is
1918 2325 2101 2370 responsio
2136 2328 2178 2359 de

1192 2379 1336 2425 spectris
1373 2377 1540 2411 Catianis.
1615 2377 1753 2410 Deinde
1788 2376 1947 2422 sequitur
1981 2376 2178 2421 propositio

1193 2430 1442 2475 gratulatoria:
1478 2429 1628 2469 Laetor,
1657 2430 1751 2474 quod
1768 2429 1884 2462 Pansa
1903 2440 1938 2461 se
1955 2429 2060 2461 talem
2078 2439 2179 2471 prae-

1193 2485 1274 2516 beat
1289 2493 1353 2526 pro
1372 2480 1586 2525 reipublicae
1613 2480 1735 2513 salute.
1788 2480 1874 2512 Post
1898 2478 2179 2523 propositionem

1197 2540 1247 2567 est
1281 2531 1675 2575 longiorconfutatio,
1718 2530 1913 2575 Epicurum
1941 2528 2031 2562 nihil
2057 2535 2179 2562 contra

1197 2584 1419 2618 honestatem
1462 2583 1664 2627 przwcipere
1708 2582 1743 2614 in
1787 2581 1944 2614 docenda
1988 2579 2181 2624 voluptate.

1200 2635 1387 2669 Conclusio
1410 2632 1513 2666 hahet
1537 2633 1742 2678 petitionem
1757 2659 1764 2671 ,
1793 2638 1830 2665 ut
1852 2631 2020 2664 rescribat
2038 2631 2184 2675 diligen-

1200 2694 1343 2719 ussnne.
