2351 2990
187 140 260 176 659

187 226 294 259 verba
311 231 390 258 sunt
414 231 553 269 sumpta
579 237 619 258 ex
635 222 863 268 Thucydide,
899 223 994 268 quod
1021 221 1171 256 historia

187 289 262 310 non
287 277 330 309 sit
355 272 571 323 ἀγώνισμα,
608 277 666 308 sed
693 274 888 320 κτῆμαΠ),
917 272 984 306 hoc
1001 280 1073 313 est,
1095 285 1173 306 non

186 328 229 362 sit
250 339 416 371 praesens
435 333 633 362 certamen,
661 327 720 359 sed
740 323 923 358 thesaurus
947 325 1092 370 quidam
1121 337 1175 358 re-

187 379 323 423 positus
347 385 571 422 posterorum
598 376 731 419 gratia,
770 376 831 421 qui
862 374 917 410 1115
947 376 1115 420 exemplis
1137 376 1175 408 in

186 430 259 462 vita
279 429 376 462 omni
396 427 530 460 moveri
550 428 690 460 delient.

291 479 320 523 §-
341 480 400 514 32.
428 475 660 524 Sallustiana]
691 477 875 510 Sallustius
893 477 929 510 in
954 476 1177 510 orationibus

187 537 238 565 est
255 531 416 574 planior,
443 540 549 574 quam
568 529 602 560 111
619 528 904 568 narrationssms,
930 528 1019 561 sicut
1036 526 1178 561 etThu-

187 582 339 626 tydides.
388 581 466 612 Mea
483 579 616 625 (inquit
634 577 839 625 Philippus)
857 580 971 612 oratio
991 586 1041 613 est
1059 579 1178 623 aptior

187 634 231 665 ad
257 631 557 676 disputationem,
596 642 703 675 quam
730 630 995 671 narrationem,
1031 636 1176 663 econtra

184 682 229 716 D.
247 682 352 715 Ionae
375 682 489 715 oratio
510 681 671 715 senioris.

289 732 318 777 ξ.
335 734 395 767 33.
424 734 587 767 Bellicum
613 730 752 779 canere]
790 732 825 765 id
850 739 920 773 est,
956 731 1100 776 grandis
1127 738 1177 765 est

186 785 301 818 oratio
327 791 360 817 et
385 784 584 828 magnifica.
645 781 891 828 Thucydidem
916 783 1023 816 octies
1048 783 1177 816 descri-

184 835 255 880 psit
271 833 550 874 Demosthenes,
586 841 625 867 ut
641 847 720 867 eum
740 835 805 868 sibi
823 835 1034 867 familiarem
1053 834 1178 866 redde-

184 893 257 926 ret,
301 893 334 919 et
364 898 581 932 quamquam
610 886 679 918 alio
701 887 809 918 modo
834 885 1013 931 loquitur,
1056 891 1176 917 tamen

186 944 335 982 apparet
363 950 443 971 eum
477 937 628 969 multum
658 937 847 980 sumpsisse
882 949 922 969 ex
953 934 1176 980 Thucydide.

184 987 434 1033 Xenophontis
452 988 566 1021 oratio
593 994 643 1020 est
666 987 895 1027 mollissima,
931 987 1019 1020 sicut
1043 987 1177 1031 puella—

184 1052 286 1079 rum,
338 1040 403 1073 suit
440 1039 550 1082 magis
585 1036 840 1082 philosophus,
891 1050 998 1083 quam
1043 1044 1176 1071 orator.

187 1089 372 1138 Toris¹⁸)]
402 1090 580 1135 Loquitur
601 1090 642 1122 de
660 1087 815 1123 brachiis
832 1096 865 1122 et
883 1089 1062 1123 musculis.
1115 1088 1177 1121 Vi-

184 1154 267 1175 vere
283 1139 446 1174 athletice
465 1148 515 1174 est
539 1153 574 1173 se
595 1141 757 1184 saginare
781 1142 825 1173 ad
851 1141 1005 1174 caedem.
1059 1140 1177 1173 Toros

183 1199 288 1226 vocat
304 1192 473 1235 Virgilius
489 1192 566 1225 illas
581 1192 793 1235 turgidiores
812 1198 929 1235 partes
946 1191 983 1224 in
1008 1203 1175 1236 corpore:

309 1251 510 1289 Luxuriatque
533 1251 603 1279 toris
625 1252 787 1279 animosum
807 1256 911 1288 pectus
926 1248 983 1290 ¹⁹).

181 1301 321 1335 Lacerti
352 1309 433 1335 sunt
464 1301 626 1335 nativum
658 1303 780 1335 robur.
883 1304 1067 1336 Lacertoscc
1097 1313 1176 1334 ora-

182 1351 313 1400 tio²⁰)]
349 1353 383 1385 id
409 1359 479 1393 est,
520 1354 643 1393 firma,
676 1359 710 1386 et
739 1352 843 1385 debet
865 1350 996 1385 habere
1021 1364 1176 1391 carnem,

183 1406 243 1438 sed
271 1417 345 1437 non
369 1404 474 1437 nimis
500 1404 683 1448 pinguem.
767 1401 1025 1450 Versiculorem]
1062 1402 1176 1447 qualis

184 1462 235 1489 est
249 1468 343 1489 nunc
361 1455 476 1487 oratio
493 1454 645 1495 Erasini,
667 1466 758 1499 quae
774 1453 882 1487 habet
899 1454 1004 1487 etiam
1022 1453 1058 1485 111
1076 1453 1174 1497 gravi

184 1519 287 1540 causa
308 1506 436 1539 multas
454 1505 608 1538 delicias.
661 1505 792 1539 Similis
809 1505 876 1538 suit
892 1503 1084 1537 Phalereus
1093 1505 1151 1550 2¹).

287 1555 317 1601 ξ.
335 1555 395 1591 35.
429 1559 461 1590 Α
482 1554 768 1603 philosophorum]
805 1555 858 1588 De
882 1555 1038 1599 legendis
1060 1553 1176 1599 philo-

184 1606 316 1652 sophis.
385 1607 625 1641 Grammatica
657 1613 708 1640 est
739 1608 781 1639 de
804 1608 908 1639 docto
931 1613 964 1639 et
986 1606 1174 1651 perspicuo

183 1671 359 1694 sermone.
394 1658 584 1691 Dialectica
605 1664 655 1691 est
671 1669 727 1690 ars
743 1658 922 1697 indIcans,
951 1670 996 1690 an
1014 1658 1175 1690 membra

183 1710 408 1754 negotiorum
426 1715 506 1753 apte
531 1706 758 1742 cohaereant.
817 1706 1011 1741 Rhetorica
1044 1715 1095 1742 est
1119 1720 1176 1741 ars

184 1773 316 1795 ornans
342 1760 456 1793 verbis
478 1760 632 1803 negotia.
719 1758 872 1806 Optima]
907 1759 942 1791 id
968 1765 1036 1799 est,
1072 1759 1173 1792 tertia

183 1819 284 1857 parte
304 1813 346 1844 de
364 1811 534 1844 moribus.
615 1812 680 1844 Sm·
700 1809 830 1857 operis]
861 1811 896 1843 id
914 1817 984 1850 est,
1013 1810 1175 1850 oratorii,

182 1861 251 1897 hoc
271 1869 339 1902 est,
368 1868 527 1895 oratores
545 1862 719 1894 debebant
740 1868 890 1894 tractare
908 1859 1173 1906 philosophiam

182 1914 368 1948 moralem.
414 1912 586 1946 Oratores
605 1913 736 1946 nostris
753 1913 972 1957 temporibus
992 1919 1085 1952 sunt,
1113 1912 1175 1957 qui

182 1971 371 1999 versantur
385 1976 458 1996 non
476 1963 512 1996 in
530 1964 608 1996 soro
621 1990 630 2002 ,
657 1965 717 1997 sed
740 1965 774 1996 in
794 1964 996 2008 principum
1020 1964 1175 1997 consiliis

184 2024 218 2050 et
234 2016 372 2060 magnis
393 2014 661 2059 rebuspulilicis.

287 2066 317 2112 ξ.
343 2066 403 2100 36.
444 2063 743 2112 Πῐεριιίαΐίοηιιηι]
787 2066 919 2099 scilicet
950 2063 1174 2099 scholastica-

183 2132 282 2159 rum,
310 2117 377 2151 hoc
393 2124 463 2157 est,
492 2117 607 2150 oratio
625 2118 728 2149 debet
746 2130 818 2151 esse
835 2117 982 2150 nitidior
1002 2123 1036 2150 et
1058 2117 1174 2161 splen-

184 2171 302 2204 didior
318 2170 354 2202 in
372 2170 471 2209 soro,
498 2180 605 2213 quam
623 2168 659 2200 in
675 2166 815 2202 scholis.

221 2298 266 2329 17)
286 2300 360 2322 Haec
379 2297 504 2326 spectant
522 2295 555 2318 ad
574 2295 692 2324 Thucyd.
706 2295 727 2323 1.
746 2295 788 2318 22.
809 2295 896 2318 verba
915 2295 1055 2318 extrema:
1082 2290 1174 2325 κτῆμά

254 2339 280 2355 τε
307 2330 333 2359 ἐς
358 2330 400 2355 ἀεὶ
423 2329 532 2362 μᾶλλον
557 2327 573 2359 ἢ
597 2326 744 2361 ἀγώνισμα
772 2328 798 2356 ἐς
823 2327 852 2352 τό
872 2329 1044 2361 παραχρῆμα
1064 2325 1175 2352 ἀκούειν

254 2364 396 2398 ξύγκειται.

222 2410 268 2437 18)
289 2410 387 2437 Torix]
406 2409 444 2432 sic
463 2409 510 2432 Ed.
535 2407 608 2431 ¹570.
629 2408 655 2430 et
674 2406 721 2430 Ed.
743 2406 852 2437 Spald.;
880 2407 928 2430 Ed.
948 2406 1074 2431 Frotsch.
1093 2407 1174 2431 toros

257 2443 324 2472 (vid.
345 2444 403 2465 eius
423 2445 478 2466 not.
498 2443 531 2466 ad
553 2443 576 2464 11.
596 2442 639 2469 t).

222 2487 270 2514 19)
288 2486 367 2511 Vim.
389 2486 488 2516 Gcorg.
508 2486 552 2511 lit,
571 2485 613 2507 81.

221 2531 270 2558 20)
291 2530 448 2554 nacertosa
471 2529 584 2555 oratio]
610 2528 678 2557 apud
701 2526 812 2556 Quintil.
831 2527 855 2551 11,
874 2526 893 2551 l.
918 2526 1048 2556 leguntur
1074 2526 1173 2549 verba:

258 2565 378 2588 lacertis
398 2570 466 2592 opus
485 2569 553 2586 esse.

222 2608 270 2635 21)
289 2606 454 2633 Phalereus]
474 2605 520 2627 Ed.
544 2605 615 2629 1570.
636 2606 792 2628 phalareus.
811 2617 845 2620 —
871 2602 1043 2631 Demetrius,
1064 2603 1173 2627 Phano-

257 2641 337 2665 strati
358 2640 447 2668 fitius,
472 2645 488 2662 a
508 2645 576 2667 pago
596 2639 701 2667 Attico,
722 2639 854 2665 Phalero,
882 2637 906 2659 in
929 2644 979 2666 quo
1000 2639 1082 2660 natus
1103 2639 1172 2667 erat,

255 2676 404 2700 Phalereus
421 2673 644 2701 cognominatus3
668 2674 739 2697 cons.
754 2671 849 2696 orellii
871 2674 897 2694 et
911 2671 1014 2694 Baiteri
1030 2672 1171 2697 Onomast.

256 2710 372 2734 Tullian.
399 2708 427 2731 P.
448 2708 479 2730 11.
505 2714 528 2737 p.
544 2707 594 2731 213
607 2714 647 2737 sq.
672 2709 699 2730 et
725 2707 828 2736 Pauly:
856 2706 1067 2735 neat-Eueni.
1094 2706 1171 2731 T,11.

255 2751 281 2774 1).
301 2743 352 2767 9:38
370 2749 429 2772 sqq.

754 139 875 173 PHIL.
911 137 1024 171 MEL.
1057 134 1263 171 SCRIPTA
1296 135 1632 171 PHILOLOGICA.

2145 136 2219 171 660

1332 220 1361 266 ἓ.
1380 221 1440 257 87.
1470 220 1593 269 Credo]
1623 221 1695 267 Qui
1713 221 1783 255 sint
1806 220 1944 264 legendi
1970 227 2131 262 autores,
2165 222 2220 255 vel

1228 273 1270 305 de
1294 272 1426 305 iudicio
1453 279 1631 306 autorum.
1697 272 1750 305 Ex
1773 272 1943 305 Cicerone
1969 273 2141 306 sumimus
2164 284 2221 307 res

1229 330 1263 356 et
1284 321 1450 368 phrasim
1488 336 1528 357 ex
1546 324 1717 357 Terentio
1740 322 1905 368 phrasim
1942 336 1982 357 ex
2007 323 2124 357 Plinio
2145 335 2220 357 non

1229 372 1394 419 phrasin,
1427 376 1487 408 sed
1511 387 1630 408 rerum
1657 375 1908 418 cognitionem.
1977 374 2097 408 Nolim
2124 375 2220 408 enim

1230 438 1446 470 quemquam
1480 425 1614 459 imitari
1647 427 1720 459 eius
1743 427 1895 459 sormam
1923 425 2095 459 orationis
2118 427 2221 459 valde

1231 477 1431 516 obscuram,
1457 482 1489 509 et
1504 476 1793 521 incompositam,
1821 483 1855 509 et
1868 477 2025 510 brevem.
2080 477 2222 522 Quinti-

1229 527 1316 559 liani
1335 527 1553 571 temporibus
1576 534 1651 560 erat
1673 528 1800 571 triplex
1820 534 1927 562 aetas.
1980 527 2067 561 Erat
2092 528 2222 568 media,

1230 578 1384 618 scilicet,
1421 578 1601 612 Ciceronis
1627 585 1661 611 et
1682 578 1874 613 Hortensii.
1945 578 2083 612 Recens
2112 579 2222 624 ipsius

1230 629 1456 674 Quintiliani.
1482 628 1727 663 Vetustissima
1740 628 1887 675 Liviiw)
1903 636 1937 663 et
1947 629 2105 664 Pacuvii.
2133 630 2223 663 Pro-

1230 680 1362 724 prietas
1388 680 1503 724 prima
1528 680 1605 714 laus
1628 687 1679 714 est
1707 681 1899 721 orationis,
1933 682 2065 725 figurae
2092 682 2222 714 debent

1231 732 1369 775 aspergi
1385 731 1493 764 veluti
1512 731 1666 775 insignes
1683 732 1815 771 stellae,
1845 732 1958 777 qualis
1978 739 2028 766 est
2039 731 2220 765 Ciceronis

1230 783 1366 822 oratio,
1393 788 1426 815 et
1446 782 1482 814 in
1508 783 1586 815 loco
1612 789 1731 815 tamen
1758 789 1994 827 asperguntur
2018 783 2221 817 venustissi-

1230 846 1308 866 mae
1326 834 1470 877 figurae.
1512 834 1646 866 Ultima
1665 840 1760 867 aetas
1771 834 2034 867 Germanorum
2052 840 2103 867 est
2117 835 2220 867 valde

1230 882 1376 917 horrida
1389 911 1398 924 ‚
1426 882 1516 916 nihil
1533 885 1667 918 studuit
1687 884 1881 928 elegantiae
1897 891 1930 918 et
1944 885 2076 928 figuris.
2128 884 2221 918 Huic

1230 935 1395 969 successit
1412 942 1508 968 aetas
1520 962 1528 975 ‚
1552 948 1643 981 quae
1659 936 1772 969 voluit
1788 936 1907 969 omnia
1927 937 2074 980 figurate
2092 936 2220 970 dicere.

1229 985 1303 1018 Iam
1321 998 1407 1019 vero
1426 992 1477 1020 est
1492 987 1591 1031 quasi
1611 993 1854 1020 consummata
1874 993 1969 1020 aetas
1986 987 2220 1020 Germanicae

1231 1037 1474 1082 eloquentiae,
1504 1043 1555 1070 est
1577 1038 1634 1069 illa
1655 1037 1887 1070 Ciceroniana
1913 1038 2136 1083 eloquentia,
2170 1038 2221 1071 ita

1229 1094 1268 1122 ut
1288 1095 1456 1121 revocent
1472 1101 1507 1122 se
1524 1086 1687 1122 homines
1704 1090 1748 1121 ab
1766 1089 1823 1121 illa
1841 1087 1986 1121 horrida
2005 1088 2221 1135 eloquentia,

1230 1146 1264 1172 et
1286 1139 1469 1172 moderate
1492 1145 1641 1173 utantur
1664 1139 1795 1183 figuris.
1863 1140 2020 1173 Atticum
2048 1140 2135 1173 exile
2159 1152 2222 1174 seu

1230 1189 1435 1235 proprium;
1468 1190 1661 1224 Asiaticum
1679 1203 1740 1224 seu
1757 1190 1931 1224 Gallicum
1948 1196 2010 1224 est.

1333 1239 1363 1285 ἓ.
1381 1240 1440 1275 40.
1468 1239 1708 1288 Ρενΐιιῖενιιηί]
1738 1241 1774 1274 id
1799 1248 1867 1282 est,
1905 1242 1966 1286 qui
1989 1242 2219 1276 duraverunt.

1230 1289 1316 1337 Qui]
1357 1293 1457 1336 quasi
1485 1293 1635 1325 diceret:
1681 1292 1742 1337 qui
1776 1292 1812 1324 in
1847 1292 1943 1325 nulla
1978 1299 2079 1336 parte
2113 1293 2218 1326 valet.

1229 1340 1317 1389 Sed]
1346 1343 1538 1376 videndum
1558 1349 1627 1383 est,
1656 1355 1697 1376 ex
1720 1343 1847 1388 quibus
1873 1343 2056 1377 autoribus
2079 1341 2219 1387 phrasis

1229 1392 1273 1425 sit
1288 1394 1454 1437 petenda.

1334 1443 1364 1487 ἓ.
1383 1443 1443 1479 44.
1471 1441 1716 1491 Pressam²³)]
1744 1445 1806 1477 das
1832 1456 1919 1487 enge
1943 1444 2017 1476 und
2041 1443 2139 1476 klein
2164 1443 2220 1484 ist,

1229 1501 1268 1527 ut
1282 1495 1439 1528 Sallustii
1455 1502 1487 1527 et
1502 1493 1672 1539 Philippi.
1745 1497 1842 1529 Sana
1857 1501 1888 1529 et
1903 1493 1997 1542 vere]
2026 1494 2124 1528 Talis
2142 1494 2222 1527 Mo-

1229 1545 1352 1578 sellani
1362 1546 1408 1592 Ἧι)
1434 1546 1569 1586 oratio,
1606 1552 1639 1579 et
1662 1545 1774 1579 nitida
1801 1553 1833 1579 et
1857 1546 2052 1590 composita
2073 1544 2222 1579 Hutteni

1230 1597 1358 1631 oratio.
1451 1595 1685 1644 Atticumffiss
1729 1597 1860 1631 scilicet
1892 1597 2100 1642 proprium,
2142 1596 2220 1630 rein

1228 1649 1302 1681 und
1322 1645 1473 1692 ziichtig.

1333 1698 1363 1743 ἓ.
1380 1698 1440 1733 46.
1466 1697 1598 1746 Igitur]
1626 1698 1679 1731 De
1698 1699 1823 1742 poetis.
1894 1700 1947 1734 Ab
1966 1697 2131 1747 Homero]
2156 1698 2220 1733 Ni-

1228 1749 1279 1783 hil
1296 1757 1412 1794 potest
1429 1750 1585 1783 incidere
1612 1750 1648 1783 in
1673 1750 1778 1783 rebus
1801 1747 1987 1790 humanis,
2020 1751 2117 1784 cuius
2143 1762 2219 1783 non

1230 1800 1361 1835 habeas
1376 1802 1521 1847 aliquod
1537 1801 1735 1846 exemplum
1748 1828 1757 1842 ‚
1786 1801 1940 1847 aliquem
1957 1802 2074 1834 locum
2096 1801 2132 1833 in
2146 1800 2220 1834 Ho-

1229 1865 1340 1887 mero,
1401 1852 1620 1898 Chrysippus
1645 1859 1749 1885 vocat
1773 1853 1897 1897 poesin
1920 1852 2068 1885 Homeri
2094 1850 2220 1887 εἰκόνα

1228 1904 1381 1938 virtutis.
1447 1904 1618 1938 Omnium
1650 1915 1770 1936 rerum
1796 1902 2034 1936 humanarum
2059 1903 2220 1947 exempla

1228 1956 1365 1999 depicta
1383 1961 1465 1989 sunt
1480 1955 1516 1988 111
1533 1955 1703 1988 Homero.
1771 1956 2049 1995 Quemadmodum
2064 1967 2111 1988 ex
2126 1966 2221 1989 ocea-

1229 2006 1291 2055 no]
1316 2007 1473 2040 Venusta
1491 2006 1629 2040 allusio.
1683 2005 1826 2050 Quanta
1837 2004 1883 2051 26)
1899 2005 1944 2038 sit
1960 2005 2073 2039 virtus
2089 2006 2126 2038 in
2143 2017 2219 2039 car-

1262 2116 1310 2146 22)
1330 2116 1426 2141 Livius
1445 2113 1635 2144 Andronicus,
1668 2114 1702 2137 de
1728 2119 1780 2144 quo
1801 2113 1872 2137 conf.
1892 2112 1969 2136 illius
1989 2113 2129 2138 Onomast,
2149 2113 2216 2137 Tul-

1296 2152 1363 2176 liau.
1390 2151 1419 2176 P.
1434 2150 1466 2175 11.
1492 2156 1516 2179 p.
1531 2149 1608 2177 352,
1645 2148 1823 2178 Bernhardy:
1861 2148 1980 2172 Grundr.
2005 2148 2030 2171 d.
2054 2148 2132 2173 Rom.
2150 2147 2215 2173 Litt.

1297 2186 1346 2211 Ed.
1364 2185 1390 2209 2.
1412 2192 1436 2215 p.
1458 2184 1506 2208 183
1520 2190 1561 2213 sq.
1579 2182 1639 2206 358.

1261 2221 1311 2249 23)
1334 2220 1480 2247 Pressum]
1500 2217 1571 2247 apud
1591 2217 1703 2246 Quintil.
1723 2217 1841 2247 legitur:
1867 2223 1978 2247 pressa.

1261 2256 1310 2283 24)
1330 2255 1429 2279 Petrus
1448 2252 1568 2281 sehade,
1598 2251 1783 2280 MoselianuS,
1803 2250 1914 2281 Protegi
1933 2257 1986 2274 non
2004 2251 2087 2281 longe
2104 2256 2121 2275 a
2139 2250 2216 2275 Con-

1296 2288 1440 2313 ssuentihus
1455 2287 1529 2313 1493.
1546 2288 1637 2315 natus,
1652 2286 1713 2309 inde
1730 2287 1763 2308 ah
1774 2291 1797 2308 a.
1811 2286 1883 2309 1517.
1898 2290 2014 2315 graecae
2029 2285 2139 2315 linguae
2149 2291 2215 2314 pro-

1296 2324 1390 2347 sessor
1414 2320 1583 2351 Lipsiensis,
1617 2321 1690 2343 1519.
1710 2320 1822 2343 Lutheri
1847 2327 1907 2343 cum
1926 2319 2008 2343 Eccio
2035 2318 2216 2349 disputationi

1295 2358 1370 2387 Lips.
1385 2356 1507 2379 interfuit
1522 2355 1655 2383 (celebris
1669 2354 1727 2377 eius
1742 2354 1830 2377 oratio
1838 2355 1947 2384 Lipsiae
1959 2354 2024 2377 ante
2037 2355 2106 2378 hano
2119 2354 2214 2383 dispu-

1296 2392 1427 2415 tationem
1444 2390 1551 2419 hahita,
1570 2390 1596 2412 in
1615 2395 1666 2419 qua
1685 2389 1718 2411 de
1737 2389 1843 2412 ratione
1862 2388 2031 2419 disputandi,
2051 2387 2214 2418 praesertim

1293 2426 1321 2450 in
1342 2432 1372 2449 re
1392 2424 1545 2454 theologica
1564 2424 1690 2453 disserit,
1722 2423 1859 2446 invenitur
1882 2430 1915 2446 ex
1940 2424 2018 2453 parte
2042 2423 2070 2445 in
2091 2422 2214 2446 Secken-

1296 2459 1374 2484 don-fii
1393 2459 1569 2483 commentar.
1584 2459 1616 2481 de
1629 2458 1777 2481 Lutheran.
1800 2457 1849 2481 Ed.
1858 2458 1881 2481 2.
1901 2458 1945 2481 111).
1957 2458 1977 2481 1.
1996 2457 2112 2481 sect.26.
2133 2455 2212 2485 §.62

1296 2496 1357 2520 add.
1370 2494 1401 2518 11.
1422 2501 1446 2524 p.
1461 2494 1502 2517 89.
1523 2494 1550 2516 et
1569 2492 1677 2523 integra
1696 2492 1723 2514 in
1734 2492 1881 2515 Loescheri
1893 2492 1971 2515 Actis
1985 2491 2104 2514 Reform.
2124 2490 2152 2513 Τ.
2167 2489 2212 2512 111.

1296 2538 1322 2560 p.
1336 2529 1387 2553 567
1397 2526 1518 2557 -578.)‚
1538 2532 1563 2552 a.
1576 2527 1652 2551 1524.
1670 2526 1781 2556 Lipsiae
1793 2526 1836 2550 31.
1850 2532 1894 2550 an.
1909 2525 2008 2549 aetatis
2023 2525 2144 2547 mortuus
2159 2524 2212 2547 est.

1295 2563 1405 2592 Scripta
1422 2562 1482 2585 eius
1502 2567 1518 2584 a
1536 2562 1674 2590 loechero‚
1706 2561 1822 2589 Angem.
1846 2559 2090 2584 Gelehrten-Lex.
2114 2557 2144 2581 P.
2163 2557 2213 2581 IV.

1295 2606 1320 2628 p.
1335 2598 1394 2622 208.
1414 2597 1617 2620 enumerantur.
1668 2595 1759 2618 Vitam
1779 2594 1837 2617 eius
1858 2594 1978 2617 breviter
1997 2592 2144 2621 descripsit
2162 2593 2211 2616 Ge.

1296 2633 1370 2656 Hier.
1386 2630 1593 2654 Bosenmiiiier:
1619 2628 1872 2653 Lebensbeschreih.
1892 2628 2046 2651 beriihmter
2063 2627 2212 2650 Getehrten

1295 2668 1342 2690 des
1361 2666 1435 2688 XVI.
1454 2665 1548 2689 Jahrh.
1572 2665 1634 2688 T.1.
1656 2663 1743 2694 (Lips.
1766 2663 1839 2687 1800.
1859 2663 1899 2690 8.)
1919 2670 1942 2692 p.
1957 2661 2116 2686 292-311.

1259 2702 1309 2729 25)
1330 2700 1471 2727 Atticum]
1492 2700 1560 2728 apud
1582 2699 1694 2728 Quintil.
1713 2698 1820 2722 Attica.

1258 2737 1306 2765 26)
1327 2734 1448 2765 Quanta]
1467 2734 1516 2759 Ed.
1537 2734 1611 2758 1570.
1631 2738 1727 2756 errore
1745 2734 1870 2762 typogr.:
1890 2732 2002 2761 Quarta.
