2351 2990
121 127 218 164 1099

120 228 161 249 ex
178 214 286 247 libera
304 211 566 254 Peloponneso.
618 208 675 240 An
693 206 975 251 expectabiums,
1002 206 1116 238 donec

120 265 249 309 singuli
281 262 340 295 alii
370 267 449 306 post
477 260 565 293 alios
590 259 796 303 capiamur,
838 270 917 291 cum
950 256 1115 296 sciamus,

120 317 216 363 quod
233 313 300 348 hoc
317 314 426 346 modo
443 318 580 345 tantum
606 309 684 354 capi
705 309 901 354 possimus,
938 314 972 341 et
996 308 1116 341 videa-

121 380 198 402 mus
215 364 450 400 Athenienses
477 363 520 395 ad
543 359 635 394 hanc
657 360 834 394 rationem
861 360 1042 399 converti,
1076 364 1116 392 ut

120 419 209 452 alios
235 416 440 460 disiungant
465 426 482 446 a
509 411 612 446 nobis
633 412 769 452 verbis,
813 411 902 445 alios
926 411 1018 444 inter
1041 422 1115 444 sese

119 469 364 507 committant,
392 464 558 499 delinitos
575 463 715 497 blandis
734 463 938 508 promissis,
973 474 1034 507 spe
1059 473 1115 495 so-

119 521 275 559 cietatis,
301 525 339 552 ut
358 516 495 561 possint
517 514 622 548 nobis
649 515 869 549 malefacere.
931 513 988 547 An
1013 519 1116 558 puta-

119 586 210 611 mus,
237 570 381 616 quaudo
401 566 529 613 aliquis
546 565 651 611 perit,
677 566 738 612 qui
756 566 883 611 procul
898 566 1014 605 abest,
1040 575 1115 597 ma-

120 626 191 658 lum
209 635 281 656 non
298 626 489 653 venturum
507 618 552 651 ad
568 629 653 658 nos,
678 624 739 651 aut
755 618 870 652 solum
888 617 1003 662 ipsum
1016 643 1026 656 ,
1054 615 1115 661 qui

119 676 218 721 prius
241 671 375 717 aliquid
400 682 522 715 passus
546 675 616 709 est,
659 668 818 702 futurum
849 669 1040 708 miserum,
1083 673 1117 699 et

119 724 209 760 nihil
234 729 418 769 praeterea
442 727 676 767 sequuturum
700 720 808 754 mali?
861 720 898 754 Si
925 719 1003 765 quis
1029 730 1115 751 vero

118 777 187 811 hoc
210 787 327 810 secum
353 773 505 818 cogitat,
534 772 630 818 quod
647 771 824 817 Syracusii
841 769 1117 804 Atheniensibus

118 841 192 862 non
211 827 281 861 sint
299 825 453 865 inimici,
481 830 515 857 et
531 823 709 857 existimat
724 835 800 856 rem
824 823 956 856 malam
983 833 1055 856 esse
1081 833 1117 855 se

121 880 275 914 obiicere
303 877 462 922 periculo
489 887 555 920 pro
581 887 660 908 mea
686 875 824 920 patria,
851 875 881 909 is
905 873 1053 918 cogitet,
1082 884 1118 907 se

120 944 194 965 nou
213 937 284 963 tam
303 930 345 961 de
363 940 441 962 mea
454 954 462 967 ,
496 938 604 972 quam
619 928 661 960 de
676 938 738 960 sua
757 926 882 966 simul,
909 927 970 960 sed
987 925 1023 957 in
1038 935 1117 957 mea

122 982 236 1028 patria
257 987 499 1026 pugnaturum
518 990 604 1018 esse,
628 978 736 1023 idque
752 990 793 1011 eo
812 984 863 1012 est
878 977 1000 1017 tutius,
1022 976 1119 1022 quod

122 1034 267 1068 dimicat
286 1045 341 1065 me
366 1031 527 1064 nondum
555 1030 717 1073 perdito,
753 1041 817 1062 nec
841 1029 936 1063 solus
961 1027 1118 1068 dimicat,

123 1087 182 1121 sed
200 1084 306 1118 habet
322 1096 378 1115 me
396 1079 511 1115 adhuc
529 1081 677 1115 socium.
712 1080 794 1115 Non
812 1081 906 1114 enim
924 1078 992 1113 hoc
1010 1085 1121 1123 agunt

120 1135 354 1171 Athenienses
365 1161 373 1174 ,
401 1140 441 1167 ut
458 1132 610 1177 puniant
626 1132 868 1177 Syracusanos
884 1137 1033 1177 propter
1049 1130 1120 1164 cul-

124 1201 205 1235 pam
231 1187 406 1232 aliquam,
441 1184 501 1218 sed
524 1190 563 1217 ut
586 1182 655 1216 hoc
683 1190 869 1228 praetextu
900 1196 973 1217 sese
1006 1181 1120 1222 vobis,

124 1239 252 1287 quibus
268 1238 508 1283 Syracusanos
524 1235 658 1269 invisos
676 1247 748 1268 esse
764 1235 898 1276 sciunt,
926 1234 1121 1273 insinuent,

122 1299 155 1325 et
175 1290 341 1334 deinceps
357 1288 564 1332 opprimant
584 1293 765 1332 utrosque.
820 1287 855 1320 Si
873 1287 951 1333 quis
968 1298 1050 1330 ergo
1067 1284 1120 1317 in-

124 1344 239 1382 videt,
276 1347 335 1374 aut
359 1339 486 1373 metuit
509 1338 767 1384 Syracusano&
809 1344 1000 1383 utrumque
1025 1336 1119 1369 enim

124 1391 445 1440 praestantioribus
465 1390 610 1430 accidit,
638 1396 671 1423 et
689 1396 878 1435 propterea
899 1390 975 1423 vult
989 1400 1055 1421 nos
1073 1387 1121 1419 af-

126 1446 218 1490 fligi,
261 1451 300 1477 ut
321 1445 447 1476 fiamus
474 1441 709 1475 modestiores
742 1441 920 1485 castigati3
962 1441 1021 1474 sed
1047 1450 1122 1471 non

126 1498 200 1531 vult
220 1495 360 1541 penitus
380 1493 490 1527 everti
507 1499 654 1538 propter
672 1504 771 1526 suam
790 1491 1032 1530 securitatem,
1063 1490 1122 1522 ille

127 1548 232 1582 habet
259 1546 510 1591 cogitationem
535 1557 608 1577 000
632 1544 775 1588 dignam
801 1542 960 1577 homine.
1030 1542 1121 1576 Nam

127 1613 200 1633 uon
219 1599 353 1644 pariter
369 1597 597 1641 cupiditatem
624 1601 658 1628 et
681 1596 863 1628 fortunam
889 1595 925 1627 in
949 1598 1122 1638 potestate

127 1659 249 1685 nostra
269 1648 452 1682 hahemus.
513 1647 550 1681 Si
573 1647 666 1680 enim
693 1646 857 1679 fefellerit
880 1645 1023 1690 opinio,
1060 1656 1122 1677 sua

128 1703 320 1748 deplorans
345 1700 438 1732 mala
466 1699 568 1731 vellet
592 1710 667 1731 rem
694 1698 729 1729 in
755 1710 796 1730 eo
820 1703 913 1732 statu
941 1709 1032 1736 esse,
1068 1695 1123 1729 cui

131 1760 246 1800 posset
264 1752 435 1785 iux-idere.

230 1805 299 1837 Sed
327 1801 545 1847 impossibile
572 1807 622 1835 est
652 1812 727 1833 rem
753 1800 921 1833 reducere
946 1799 983 1832 in
1008 1798 1125 1844 pristi-

129 1870 214 1892 num
239 1862 390 1894 statum,
417 1860 607 1899 postquam
632 1851 846 1897 perdideris,
882 1863 947 1884 nec
970 1850 1126 1884 volueris

129 1909 250 1943 venire
276 1908 312 1940 in
344 1906 546 1940 societatem
580 1903 841 1948 periculorum,
881 1902 1126 1947 periculorum

128 1962 276 2007 inquam
289 1986 298 1999 ‚
326 1970 399 1991 non
415 1957 562 1991 nomine
575 1982 584 1996 ,
611 1956 671 1989 sed
688 1956 806 1989 rebus.
858 1954 1013 1989 Nomine
1031 1954 1126 1987 enim

129 2011 327 2058 periculum
343 2016 394 2044 est
409 2015 571 2043 nostrum
583 2034 592 2047 ,
622 2008 683 2041 sed
700 2019 738 2040 re
756 2006 831 2051 ipsa
849 2018 1058 2046 commune,
1094 2012 1128 2039 et

130 2064 191 2110 qui
208 2063 310 2097 nobis
330 2061 547 2106 opitulatur,
582 2058 685 2092 titulo
707 2059 851 2105 quidem
869 2064 987 2092 servat
1002 2064 1128 2103 poten-

130 2116 216 2149 tiam
243 2126 363 2153 suam,
404 2125 442 2146 re
473 2111 549 2156 ipsa
581 2122 666 2144 vero
691 2109 875 2144 communi
896 2109 1001 2144 saluti
1023 2121 1127 2154 opem

130 2169 209 2201 fert.
263 2164 418 2199 Maxime
434 2176 519 2197 vero
535 2174 598 2196 vos
615 2162 869 2196 Camarinaeos
893 2161 1130 2195 conveniebat

131 2218 218 2252 haec
239 2215 462 2263 prospicere,
498 2221 531 2248 et
555 2226 629 2247 non
654 2214 701 2247 ita
726 2213 880 2258 segniter
902 2225 968 2247 nos
992 2212 1129 2253 iuvare,

133 2271 193 2316 qui
213 2269 322 2303 vicini
338 2275 372 2303 et
388 2267 548 2312 periculo
565 2265 720 2311 proximi
737 2265 836 2303 estis;
872 2266 934 2299 sed
954 2264 1129 2298 deberetis

134 2334 196 2355 vos
216 2321 281 2366 ipsi
297 2322 341 2354 ad
357 2332 423 2353 005
439 2325 566 2363 sponte
585 2318 770 2358 accedere,
804 2323 839 2351 et
861 2328 953 2363 quae
978 2315 1130 2350 fuissetis

132 2373 333 2417 precaturi,
358 2371 387 2405 si
411 2370 510 2415 prius
535 2382 598 2403 vos
620 2368 852 2408 invasissent,
887 2369 1011 2402 eadem
1035 2380 1130 2402 nunc

133 2423 273 2458 hortari
287 2436 371 2463 nos,
407 2435 452 2455 ne
472 2422 695 2460 cederemus;
730 2422 790 2454 sed
815 2432 931 2466 neque
957 2433 1038 2461 vos,
1069 2432 1130 2453 ne-

135 2488 203 2522 que
224 2474 285 2507 alii
301 2476 345 2507 ad
365 2472 433 2507 hoc
450 2473 534 2507 satis
551 2473 701 2506 animati
718 2473 810 2507 estis.
851 2471 1017 2506 Fortasse
1033 2478 1131 2505 metu

133 2525 331 2571 allegabitis
355 2531 577 2569 praetextum
605 2524 712 2565 iuris,
746 2524 919 2564 dicentes,
953 2523 1053 2558 vobis
1075 2536 1130 2557 so-

133 2578 296 2612 cietatem
324 2589 397 2611 esse
426 2589 504 2610 cum
527 2574 828 2611 Atheniensibus?
888 2575 971 2610 Non
1001 2574 1131 2609 fecistis

135 2630 341 2664 societatem
367 2634 489 2661 contra
515 2628 666 2668 amicos,
707 2629 768 2662 sed
793 2628 862 2668 ita,
900 2633 960 2668 ut,
997 2627 1026 2661 si
1052 2626 1130 2673 quis

135 2679 292 2715 hostium
311 2692 374 2714 vos
390 2679 558 2719 invadat,
586 2679 686 2713 vobis
705 2679 943 2724 opitulentur,
979 2686 1013 2712 et
1029 2678 1131 2712 vicis-

134 2732 198 2766 sim
217 2739 256 2766 ut
273 2744 335 2766 vos
351 2729 585 2765 Athenienses
603 2730 750 2771 iuvetis,
771 2731 799 2765 si
815 2730 943 2765 iniuste
959 2736 1132 2765 vexentur

693 119 814 156 PHIL.
849 118 963 155 MEL.
996 116 1199 154 SCRIPTA
1232 115 1571 153 PHILOLOGICA.

2059 117 2078 151 1
2085 116 2159 152 100

1164 204 1207 237 ab
1226 203 1322 243 aliis,
1349 215 1423 237 0οο
1448 204 1478 237 51
1501 203 1625 238 vestris
1648 203 1772 237 vicinis
1798 202 1967 236 iniuriam
1990 201 2159 239 inferant.

1163 254 1278 288 Immo
1296 267 1341 288 ne
1356 253 1513 299 Rhegini
1529 253 1673 301 quidem
1687 281 1696 295 ,
1731 265 1950 300 quamquam
1966 253 2038 287 sint
2053 252 2159 288 Chal-

1165 306 1342 345 cidenses,
1364 306 1488 340 iuvare
1503 306 1630 339 volunt
1646 305 1844 339 Leontinos
1869 311 2039 350 cognatos
2063 317 2159 347 5005,

1166 365 1201 391 et
1219 371 1259 391 ex
1278 358 1403 392 iisdem
1424 355 1715 392 Chalcidensibus
1734 364 1842 391 ortos.

1267 425 1400 471 Estque
1418 437 1474 460 res
1492 431 1613 466 atrox,
1649 425 1679 460 si
1703 425 1752 458 illi
1778 426 1910 471 absque
1933 436 2038 458 causa
2061 423 2160 470 quie·

1167 483 1289 518 scunt,
1326 483 1526 522 suspectum
1558 474 1729 511 habentes
1756 482 1979 522 praetextum
2011 474 2163 521 speciosi

1168 529 1273 567 iuris;
1302 541 1384 569 vos,
1412 540 1490 562 cum
1515 526 1676 562 habeatis
1699 528 1961 562 excusationem
1986 525 2163 560 honestis-

1168 580 1293 614 simam
1305 607 1314 621 ,
1342 579 1431 613 velle
1448 579 1570 613 iuvare
1588 591 1667 620 eos,
1694 579 1756 626 qui
1771 586 1900 613 natura
1919 578 2020 613 vobis
2042 577 2163 612 hostes

1168 637 1269 672 sunt,
1296 637 1330 664 et
1352 637 1521 675 cognatos
1546 637 1682 664 vestros
1706 631 1853 676 perdere
1876 632 1968 664 facta
1995 630 2164 665 societate

1169 695 1249 716 cum
1266 682 1531 717 inimicissimis.
1584 681 1667 716 Non
1685 689 1736 717 est
1752 680 1819 716 hoc
1835 682 1979 717 iustum.

1271 751 1345 786 Nec
1371 751 1525 785 timeatis
1553 757 1765 796 apparatum
1791 750 1970 789 hostium;
2012 761 2088 783 non
2113 753 2167 782 est

1171 802 1266 836 enim
1282 801 1538 843 formidabilis,
1566 803 1595 836 si
1612 802 1745 838 erimus
1761 803 1959 841 coniuncti;
1994 801 2056 835 sed
2081 806 2167 833 tunc

1172 854 1239 888 erit
1256 854 1453 900 periculum
1465 882 1474 895 ,
1501 854 1531 888 si
1544 852 1796 895 distrahemur,
1823 855 1920 901 quod
1936 853 1995 888 isti
2012 851 2168 886 moliun-

1172 913 1242 940 tur.
1309 906 1355 940 Et
1377 906 1474 952 quod
1499 918 1573 939 non
1595 906 1640 940 sit
1663 906 1899 940 formidabilis
1922 903 2084 951 potentia
2108 914 2168 936 eo-

1172 970 1251 991 rum
1265 985 1273 998 ‚
1301 957 1357 990 vel
1374 957 1455 991 inde
1471 957 1699 991 manifestum
1718 964 1788 999 est,
1815 957 1897 1004 quia
1918 969 1994 990 non
2012 955 2170 1001 perfece-

1172 1015 1277 1049 runt,
1309 1021 1399 1054 quae
1423 1009 1608 1050 volebant,
1642 1022 1720 1042 cum
1747 1016 1872 1042 contra
1896 1021 1962 1042 nos
1977 1007 2169 1053 Syracusa-

1172 1073 1238 1095 nos
1254 1061 1349 1094 solos
1366 1060 1557 1101 venissent,
1585 1066 1619 1093 et
1637 1060 1784 1094 fuissent
1797 1060 1935 1106 proelio
1955 1057 2170 1104 superiores.

1174 1113 1240 1146 Sed
1270 1111 1339 1145 cito
1364 1112 1513 1156 regressi
1536 1117 1638 1152 sunt,
1663 1124 1737 1145 000
1765 1112 1843 1146 ausi
1865 1118 2003 1145 tentare
2031 1109 2172 1148 urbem,

1173 1171 1213 1197 ut
1230 1170 1509 1197 consentaneum
1524 1163 1588 1204 sit,
1615 1164 1762 1197 deficere
1779 1176 1838 1198 eos
1855 1163 1996 1203 animo,
2025 1160 2175 1207 quando,

1174 1227 1249 1249 non
1274 1221 1358 1249 sunt
1380 1214 1502 1260 stipati
1526 1214 1665 1253 multis;
1699 1216 1761 1249 sed
1778 1214 1981 1260 promptius
1999 1223 2172 1260 quaerere

1174 1266 1399 1307 societatem,
1434 1266 1532 1311 quod
1554 1278 1650 1299 nunc
1673 1267 1786 1311 magis
1811 1266 1964 1306 accidet,
1997 1277 2077 1298 cum
2101 1263 2174 1298 sint

1175 1318 1278 1351 nobis
1307 1323 1456 1350 ventura
1489 1317 1618 1350 auxilia
1652 1329 1671 1350 a
1693 1317 1964 1362 Peloponneso,
2007 1315 2173 1360 quisunt

1174 1368 1415 1403 bellicosiores
1431 1365 1719 1403 Atheniensibus.

1277 1428 1401 1474 Neque
1419 1440 1504 1461 vero
1525 1428 1583 1460 illa
1607 1427 1770 1461 videatur
1795 1426 2043 1472 promptitudo
2068 1425 2174 1461 nobis

1177 1480 1265 1513 iusta
1295 1485 1329 1512 et
1352 1479 1528 1525 aequalis,
1571 1479 1672 1513 vobis
1696 1485 1791 1519 tuta,
1831 1478 1967 1512 neutris
1991 1477 2174 1523 opitulari,

1177 1531 1274 1576 quod
1293 1530 1369 1564 sitis
1393 1530 1478 1564 socii
1503 1536 1750 1576 utrorumque.
1812 1530 1903 1564 Nam
1929 1542 2003 1564 esse
2029 1529 2175 1575 utrique

1176 1581 1334 1622 socium,
1370 1588 1403 1615 et
1428 1588 1595 1615 neutrum
1620 1582 1709 1615 velle
1735 1582 1878 1622 iuvare,
1920 1594 1995 1615 non
2024 1593 2063 1614 re
2097 1581 2175 1625 ipsa

1178 1633 1325 1679 aequale
1348 1640 1417 1674 est,
1451 1633 1541 1667 sicut
1564 1640 1748 1678 praetextu
1775 1633 1863 1667 iuris
1885 1640 1947 1667 est.
2014 1632 2052 1666 Si
2079 1633 2174 1666 enim

1179 1692 1389 1730 propterea,
1425 1686 1522 1731 quod
1546 1697 1620 1718 non
1645 1685 1792 1726 iuvatis,
1830 1685 1968 1729 patiens
1993 1684 2177 1725 evertitur,

1179 1743 1213 1769 et
1228 1736 1373 1771 vincens
1390 1737 1429 1770 fit
1443 1736 1625 1781 superior:
1654 1749 1722 1783 qua
1744 1749 1782 1770 re
1801 1737 1867 1769 alia
1881 1764 1890 1777 ,
1918 1736 1986 1770 nisi
2010 1736 2085 1770 sola
2113 1736 2175 1769 ab-

1179 1788 1293 1822 sentia
1310 1794 1425 1822 vestra
1444 1788 1623 1822 sociorum
1639 1788 1744 1822 saluti
1761 1788 1931 1829 defuistis,
1959 1794 1993 1821 et
2003 1799 2079 1821 non
2093 1799 2176 1832 pro-

1180 1838 1344 1874 hibuistis
1375 1838 1611 1874 Athenienses
1643 1852 1804 1874 exercere
1842 1852 1943 1874 suam
1975 1837 2175 1872 malitiam?

1180 1892 1291 1937 Atqui
1308 1891 1422 1925 multo
1440 1898 1491 1926 est
1508 1889 1702 1933 honestius,
1726 1890 1858 1925 iniuria
1876 1890 2022 1931 affectis,
2047 1897 2081 1924 et
2099 1889 2178 1937 qui-

1181 1944 1262 1977 dem
1279 1943 1458 1988 cognatis,
1487 1956 1548 1978 vos
1563 1944 1748 1978 adiunctos
1768 1943 1860 1977 tueri
1878 1954 2105 1977 communem
2123 1953 2178 1976 sa-

1180 1995 1290 2029 lutem
1321 1995 1481 2036 Siciliae,
1533 2001 1567 2029 et
1602 1993 1897 2036 Atheniensibus,
1947 1993 2178 2041 quantumvis

1183 2047 1322 2088 amicis,
1357 2059 1431 2080 non
1455 2047 1680 2092 permittere,
1712 2053 1751 2080 ut
1772 2046 1901 2080 iniuste
1925 2046 2070 2080 faciant.

1274 2106 1489 2140 Summatim
1507 2118 1591 2151 ergo
1609 2106 1758 2140 dicimus
1775 2118 1840 2140 nos
1852 2104 2079 2151 Syracusani,
2103 2116 2179 2138 non

1183 2169 1256 2192 esse
1271 2158 1412 2191 difficile
1430 2159 1557 2191 docere
1573 2170 1636 2192 vos
1653 2164 1687 2190 ct
1700 2157 1787 2191 alios
1807 2157 1865 2191 illa
1877 2184 1885 2198 ‚
1914 2169 2005 2204 quae
2022 2156 2090 2203 ipsi
2103 2169 2178 2190 non

1183 2209 1301 2244 minus
1319 2209 1524 2254 intelligitis.
1574 2209 1769 2243 Precamur
1785 2215 1902 2243 autem
1923 2209 2029 2243 simul
2047 2215 2081 2243 et
2094 2221 2177 2254 pro-

1183 2267 1376 2303 testamur,
1417 2262 1446 2296 si
1470 2273 1544 2295 non
1567 2261 1866 2306 persuaserimus,
1907 2262 2003 2307 quod
2026 2261 2178 2295 insidiae

1183 2313 1286 2347 nobis
1303 2319 1491 2347 struuntur
1506 2313 1549 2346 ab
1566 2311 1729 2354 Ionibus,
1756 2313 1818 2360 qui
1836 2325 1977 2358 semper
1994 2313 2098 2347 nobis
2114 2310 2179 2346 ho-

1183 2371 1252 2399 stes
1267 2372 1368 2406 sunt,
1394 2371 1428 2399 et
1446 2366 1540 2411 quod
1561 2364 1748 2410 prodimur
1765 2377 1784 2398 a
1801 2365 1922 2406 vobis,
1947 2364 2142 2399 Dorienses
2158 2376 2178 2398 a

1183 2416 1439 2458 Doriensibus,
1467 2423 1501 2450 et
1521 2416 1550 2451 si
1574 2429 1640 2451 nos
1665 2417 1815 2450 vicerint
1832 2414 2085 2459 Athenienses,
2119 2428 2178 2450 ve-

1185 2475 1258 2503 stro
1278 2469 1426 2503 consilio
1444 2468 1605 2502 vincent:
1634 2469 1700 2503 sibi
1715 2475 1836 2502 tamen
1852 2469 2053 2503 adscribent
2067 2468 2178 2502 victo-

1185 2521 1274 2554 riam
1288 2548 1297 2561 ,
1335 2533 1400 2554 nec
1432 2520 1602 2554 victoriae
1636 2520 1734 2554 aliud
1767 2520 1969 2566 praemium
2003 2519 2178 2565 accipient

1184 2573 1254 2607 nisi
1270 2585 1333 2606 vos
1349 2573 1464 2618 ipsos,
1491 2573 1553 2618 qui
1569 2572 1618 2606 eis
1632 2572 1819 2606 victoriam
1844 2572 2032 2618 praebetis.
2084 2571 2179 2605 Rur-

1185 2638 1242 2659 sus
1258 2625 1288 2659 si
1306 2637 1371 2659 nos
1388 2624 1519 2658 erimus
1535 2624 1698 2665 victores,
1715 2623 1931 2658 sustinebitis
1940 2635 2094 2669 poenam
2106 2623 2178 2658 cul-

1185 2689 1250 2721 pae
1277 2676 1516 2721 periculorum
1543 2683 1762 2710 nostrorum.
1824 2675 2054 2710 Considerate
2079 2687 2178 2720 ergo,

1157 2768 1160 2771 .
1186 2735 1220 2761 et
1238 2728 1354 2773 eligite
1370 2728 1440 2761 iam
1459 2734 1520 2762 aut
1540 2728 1746 2763 servitutem
1759 2755 1767 2769 ‚
1803 2739 1893 2774 quae
1916 2727 1954 2761 in
1977 2726 2178 2772 praesentia
