2351 2990
135 126 205 160 991

136 224 212 245 suni
239 208 357 243 babet.
420 207 607 239 Caeterum
633 203 923 250 quadruplatoris
947 203 1059 247 ipsum
1086 201 1132 246 52)

138 274 280 307 quoquu.¹
314 258 468 292 studium
494 258 540 303 53)
575 268 800 301 nequaquam
834 254 934 286 facile
967 260 1017 286 est
1050 253 1133 286 sim—

141 314 284 357 plexxc,
313 322 531 355 quamquain
555 308 599 340 ita
617 309 763 340 sortasse
781 306 964 344 videatur,
980 306 1038 338 sed
1058 310 1132 336 arte

139 362 344 406 multiplici,
378 360 519 394 solertia
548 357 738 402 peculiari,
778 357 950 389 indefessa
980 356 1132 401 denique

887 407 1010 452 Neque
1038 407 1131 439 enim

139 466 243 500 noxia
276 465 379 497 suerit
406 460 613 499 Calumnia,
654 459 719 492 nisi
752 460 788 491 in
821 459 971 503 speciem
1003 457 1131 492 similia

140 530 225 550 vero
254 521 392 552 narret,
427 524 542 557 neque
560 518 691 544 temere
709 517 916 543 cunctarum
936 509 1071 554 alioqui
1086 508 1132 554 5'¹)

140 581 258 602 reruni
283 566 472 598 Dominam
489 563 686 595 Veritatem
706 561 946 606 superaverit,
982 560 1048 593 nisi
1073 572 1133 592 au—

143 621 293 652 ditorem
335 621 584 657 argumentosi
621 620 654 646 et
687 612 865 657 probabili
901 612 1060 651 actione,
1097 611 1134 642 in

144 682 279 704 sumnia
293 695 300 706 ,
330 667 424 699 inille
444 665 558 699 modis
575 665 684 698 sallat.

244 721 359 753 Porro
393 718 550 750 defertur
582 716 609 749 is
641 716 851 760 plerumque
873 713 941 760 55),
979 712 1038 757 qui
1070 710 1135 744 bo-

140 784 226 805 nore
252 771 408 816 quodam
435 769 521 801 alios
546 773 722 812 praestat,
758 778 884 810 nempe
911 765 953 798 iis
974 764 1020 809 56)
1048 762 1135 795 invi-

141 824 279 862 diosus,
308 821 368 866 qui
387 833 446 864 spi·
467 820 559 852 illius
577 818 734 851 frustrati
757 824 849 851 sunt.
904 816 985 861 Quo
1011 816 1070 854 fu,
1097 820 1136 847 ut

142 874 302 908 oninium
324 873 399 905 telis
419 872 602 903 all'ectetur
621 882 683 902 ceu
703 870 810 907 obex,
840 868 900 913 qui
926 867 1020 899 xiaiu
1046 878 1137 898 asse-

143 927 305 972 quendae
332 923 514 967 diguitatis
542 922 618 954 aliis
644 920 896 957 intercluserit;
933 929 1039 963 seque
1066 917 1137 961 pri—

141 990 219 1010 mos
238 983 311 1009 tum
329 974 457 1018 singuli
474 975 549 1006 sore
568 973 762 1011 confidunt,
780 971 807 1004 si
824 970 1011 1004 sublimem
1030 968 1136 1001 istum

142 1030 221 1062 loco
240 1027 401 1061 demoliti
427 1027 498 1058 sint
514 1025 581 1071 5Ἳ),
615 1030 648 1056 et
674 1024 717 1055 ab
741 1022 862 1055 amicis
887 1020 1137 1054 abalienarint.

141 1081 231 1114 Tale
249 1079 418 1124 quiddam
437 1077 472 1109 iu
488 1075 653 1121 gymnico
671 1087 774 1108 cursu
790 1074 867 1107 fieri
883 1071 1067 1106 consuevit
1080 1071 1139 1116 ⁵⁸),

143 1131 224 1171 ubi,
264 1130 292 1163 si
324 1129 401 1174 quis
430 1134 480 1161 cst
507 1139 629 1160 cursor
653 1127 847 1170 ingenuus,
883 1124 1002 1158 statim
1024 1123 1139 1166 ruptis

145 1181 344 1216 carceribus
363 1180 496 1224 primas
523 1179 690 1211 affectans
719 1184 753 1209 et
778 1176 938 1209 animum
965 1175 1009 1207 ad
1035 1173 1139 1207 stadii

143 1240 255 1268 metas
272 1231 462 1270 adiiciens,
489 1243 549 1274 spe
574 1229 744 1261 victoriae
770 1241 787 1261 e
809 1228 939 1260 robore
966 1238 1029 1260 suo
1057 1237 1140 1257 con-

144 1292 262 1330 cepta,
290 1295 406 1328 neque
423 1281 583 1327 sequenti
602 1280 866 1319 incommodat,
894 1289 1009 1323 neque
1026 1276 1141 1309 onini-

144 1350 192 1370 no
219 1335 352 1369 laboris
377 1332 521 1367 huiusce
547 1332 649 1366 sociis
675 1331 871 1377 quidquam
895 1330 1000 1363 struit
1024 1340 1141 1361 remo-

145 1401 217 1422 rae.
272 1387 428 1425 Contra,
464 1385 523 1430 qui
552 1383 770 1423 malitiosus,
806 1381 976 1420 imbellis,
1003 1379 1140 1412 enervis

147 1438 327 1473 contendit
362 1450 465 1470 cursu
494 1449 571 1469 cum
597 1435 674 1468 aliis
700 1433 896 1478 desperatis
919 1432 1072 1471 viribus,
1104 1430 1140 1462 in

146 1492 307 1524 fraudem
326 1489 482 1521 intentus
502 1487 637 1531 agitur,
666 1492 771 1531 atque.
792 1485 827 1517 in
843 1484 1047 1517 universum
1074 1479 1141 1514 hoc

146 1543 290 1576 unicum
317 1546 470 1584 spectat,
505 1551 574 1584 qua
601 1544 801 1571 currentem
830 1541 996 1579 occupet,
1031 1534 1140 1577 impe-

147 1596 222 1626 diat
240 1606 278 1624 ac
297 1592 529 1627 intercludam
567 1596 600 1622 et
615 1589 650 1621 ni
668 1589 831 1622 succedat
857 1594 950 1620 astus
967 1585 1013 1633 59)
1026 1612 1035 1625 ,
1067 1597 1141 1616 non

149 1652 217 1684 est,
244 1650 284 1676 ut
304 1642 463 1676 11110111ἰο
482 1642 589 1674 niodo
613 1641 752 1673 vincere
776 1638 898 1684 possit.
950 1637 1054 1669 Haud
1081 1636 1141 1667 ali-

148 1703 202 1729 ter
222 1696 256 1727 in
275 1694 473 1727 ambiendis
494 1699 700 1736 magnatum
721 1690 888 1723 amicitiis
906 1689 1051 1727 accidit,
1069 1687 1142 1723 ubi,

148 1749 176 1781 si
212 1747 290 1792 quis
324 1745 472 1777 feliciter
499 1743 690 1776 antevortit
706 1742 774 1788 ⁶⁰),
807 1742 845 1774 in
870 1740 1005 1773 inedias
1032 1739 1142 1771 conti-

147 1811 220 1832 nuo
245 1797 376 1830 labitur
401 1796 566 1835 insidias,
601 1801 634 1828 et
658 1795 820 1827 incautus
843 1793 887 1825 ab
914 1791 1062 1825 aemulis
1088 1802 1142 1823 ca-

147 1857 228 1895 ptus
253 1848 475 1893 discerpitur.
536 1847 581 1879 Hi
609 1847 735 1879 deinde
760 1844 894 1884 amari,
924 1844 1010 1883 coli,
1039 1841 1141 1875 amici

141 421 173 448 ct
198 419 361 447 accurata
389 410 567 454 diligentia
595 422 684 453 opus
705 406 822 441 babet.

185 1968 230 1994 521
254 1969 354 1997 ipsum]
382 1968 420 1990 sic
441 1972 534 1990 onmes
556 1966 657 1997 Editt.,
684 1966 797 1995 excepta
816 1964 866 1989 Ed.
889 1963 980 1992 1562..
1008 1968 1075 1992 quae
1094 1962 1144 1984 lia-

221 2004 279 2025 but:
306 2002 402 2031 ipsius.

184 2054 231 2079 53)
265 2054 296 2076 fl.
329 2055 344 2076 t.
378 2053 404 2075 iu
432 2052 515 2076 Editt.
546 2052 637 2080 1538..
677 2051 750 2074 1543.
785 2050 849 2073 nota
879 2048 995 2079 margin.
1022 2048 1144 2078 Micytli:

219 2088 264 2112 111.
285 2088 414 2115 Qualibus
436 2087 546 2109 studeat
565 2088 647 2115 atque
668 2085 786 2108 intentus
806 2084 851 2107 sit.

185 2142 232 2166 51)
253 2139 370 2169 alioqui]
392 2139 418 2162 iu
439 2139 487 2161 Ed.
509 2138 583 2162 1527.
605 2138 689 2160 deest.

186 2190 232 2221 55)
255 2191 286 2215 Η,
313 2191 331 2212 l.
359 2190 383 2212 in
404 2190 452 2212 Ed.
478 2189 550 2211 1518.
579 2189 643 2211 nota
663 2187 797 2217 margia:
817 2185 868 2215 Qui
895 2185 955 2213 vir,
981 2184 1024 2214 qni
1045 2184 1147 2208 deferri

220 2226 308 2252 sotetz
339 2224 364 2246 in
394 2224 476 2246 Editt.
505 2223 596 2247 1559..
626 2222 691 2245 1561
710 2221 837 2243 -1562
888 2220 938 2249 Qui
966 2219 1075 2242 obnoxii
1099 2225 1147 2242 ca-

221 2259 344 2287 lumniis3
369 2258 394 2281 in
415 2258 498 2280 Editt.
522 2257 612 2283 1535„
633 2257 707 2279 154³.
727 2257 793 2279 nota
812 2254 933 2285 Micylli:
953 2254 988 2278 11.
1010 2255 1146 2276 Hactenus

222 2294 253 2316 de
272 2293 478 2316 calumniatore.
517 2291 571 2314 lain
593 2292 618 2314 et
634 2291 666 2314 de
683 2291 823 2320 delatore,
843 2290 903 2319 quis
918 2290 945 2312 et
961 2288 1050 2318 qualis
1066 2288 1089 2310 is
1102 2288 1146 2312 sit.

187 2343 235 2374 56)
254 2344 304 2372 iis]
328 2344 368 2366 sic
390 2344 463 2365 recte
483 2341 566 2365 Editt.
589 2342 655 2364 1518
673 2354 706 2358 --
727 2340 818 2370 1543.,
841 2339 931 2369 1562,
954 2338 1044 2368 1592.;
1063 2338 1147 2362 Editt.

225 2379 298 2401 1559.
312 2395 319 2409 ,
346 2378 411 2401 1564
430 2390 463 2393 —
484 2376 558 2400 1587.
579 2375 612 2398 is.

188 2428 235 2459 57)
257 2428 326 2457 sint]
347 2429 386 2452 sic
406 2434 501 2451 omnes
520 2427 621 2457 Editt.,
641 2428 756 2456 excepta
776 2426 825 2450 Ed.
849 2425 941 2454 1518.‚
967 2429 1035 2454 quae
1054 2423 1147 2446 habet:

227 2464 300 2487 sunt.

188 2511 235 2544 58)
257 2513 288 2537 Β.
309 2512 325 2534 Ι.
346 2512 373 2534 in
394 2512 475 2536 Editt.
501 2512 591 2540 1559..
620 2511 686 2535 1564
707 2524 739 2528 —-
761 2509 834 2534 1587.
861 2510 927 2532 nota
944 2507 1078 2537 margia:
1103 2506 1148 2530 si-

224 2547 308 2604 ffiilllqlzi
332 2546 358 2568 in
378 2546 461 2569 Editt.
484 2547 577 2577 1538„
606 2546 679 2570 1543.
701 2546 767 2569 nota
785 2544 905 2575 Micytli:
932 2541 1114 2572 Amplificatio
1133 2547 1149 2564 a

191 2631 239 2663 59)
259 2632 354 2659 astus]
381 2630 421 2653 sic
448 2630 532 2655 Editt.
566 2631 656 2657 1518..
693 2630 785 2658 1527„
818 2629 900 2654 Editt.
936 2627 1003 2652 1538
1021 2640 1053 2645 —
1075 2627 1149 2651 1592.

225 2668 301 2689 actus
320 2665 445 2693 (Lucian.
466 2664 489 2688 εἰ
507 2661 637 2687 τούτου
657 2662 827 2697 διαμάρτοι).

190 2706 238 2738 60)
257 2707 423 2736 antevortit]
443 2707 483 2730 sic
500 2707 584 2731 Editt.
604 2707 676 2730 1518.
690 2724 696 2733 ,
719 2706 808 2735 1527.,
830 2705 920 2736 1559.,
942 2703 1149 2733 1564—1587.;

225 2742 306 2767 Editt.
330 2741 420 2771 1538..
442 2741 532 2773 1543„
553 2741 646 2771 1562,
669 2740 741 2764 1592.
761 2741 920 2764 antevertit.

710 118 831 153 PHIL.
867 116 979 150 MEL.
1015 114 1216 150 SCRIPTA
1251 114 1587 151 PHILOLOGICA.

2100 114 2175 151 992

1188 200 1298 233 videri
1331 201 1528 245 incipiunt,
1561 202 1616 235 vel
1648 202 1692 233 ol)
1720 201 1753 233 id
1779 213 1911 240 unum,
1949 200 2044 246 quod
2069 200 2174 234 honis

1187 252 1499 286 inconimodarint.
1553 251 1625 286 Iam
1650 253 1700 285 uti
1726 252 1946 297 probabilem
1972 257 2005 284 et
2028 251 2172 295 dignam

1187 304 1252 335 sule
1269 303 1482 335 calumniam
1501 304 1630 336 saciant
1643 303 1709 350 ⁶¹),
1737 316 1810 336 non
1829 304 1923 348 quod
1943 302 2091 335 fortuito
2118 314 2174 334 ca-

1186 367 1243 387 sus
1260 354 1433 392 ostendit,
1462 352 1694 397 preliensant,
1722 356 1780 388 sed
1806 355 1842 387 in
1859 353 1926 387 boc
1943 354 2006 387 toti
2024 359 2117 394 sunt,
2134 359 2175 387 ut

1187 411 1352 437 accurato
1373 405 1509 437 delectu
1528 405 1715 438 observent
1728 405 1774 450 62)
1787 433 1795 445 ,
1823 418 1866 439 ne
1884 406 1968 451 quid
1987 406 2174 445 absonum,

1187 462 1247 488 aut
1266 456 1420 489 alienum
1441 468 1457 488 a
1479 468 1603 489 causae
1619 456 1687 488 fide
1703 456 1846 491 incidat.
1900 458 1999 491 Adeo
2016 456 2175 489 rationes

1187 507 1279 546 eius,
1316 519 1419 552 quem
1454 507 1709 546 criminantur,
1744 508 1927 542 universas
1954 508 1991 540 in
2015 507 2175 552 peiorem

1188 565 1325 602 partem
1351 556 1518 597 trahunt,
1552 564 1730 601 suspectas
1760 560 1933 599 reddunt,
1968 572 2038 604 quo
2070 559 2175 591 sulem

1188 610 1321 642 addant
1346 609 1576 642 accusationi.
1632 608 1809 641 Medicum
1836 609 2045 643 insimulant
2070 621 2175 642 vene-

1188 661 1255 693 ficii
1274 660 1339 705 63),
1367 660 1594 703 magnificum
1620 660 1731 692 civem
1759 659 1941 692 affectatae
1966 660 2177 706 tyrannidis,

1188 718 1381 756 tyrannum
1407 712 1631 755 proditionis.
1692 710 1873 744 Interdum
1898 712 2070 746 auditoris
2094 712 2178 745 affe-

1189 769 1282 803 ctus,
1316 775 1378 796 sua
1407 763 1592 795 calumniis
1613 762 1818 796 discrimina
1841 763 2064 806 suppeditat,
2099 775 2177 796 cum

1191 827 1260 859 quo
1286 814 1313 846 si
1337 820 1554 847 veteratores
1577 814 1633 847 isti
1662 820 1695 846 et
1718 813 1912 857 nugivendi
1936 826 2016 847 suas
2035 812 2179 847 technas

1191 871 1418 909 comparent,
1463 872 1542 909 apte
1568 865 1739 898 illuditur.
1800 864 1908 909 Quod
1929 864 1959 898 si
1983 864 2183 898 auditorem

1191 917 1392 961 zelotypum
1419 917 1560 957 norint,
1590 916 1747 956 Annuit,
1783 916 1970 962 inquiunt,
2002 916 2060 949 ille
2080 914 2185 949 uxori

1191 974 1271 1000 tuae
1292 968 1383 1000 inter
1406 969 1546 1012 epulas,
1581 975 1614 1001 et
1638 968 1758 1001 defixis
1782 968 1818 1000 in
1842 980 1920 1000 earn
1947 967 2076 1008 oculis,
2111 967 2184 999 alto

1191 1019 1341 1063 suspiria
1358 1025 1500 1063 pectore
1517 1020 1635 1057 duxit3
1663 1031 1753 1052 uxor
1775 1019 1928 1052 xicissim
1952 1031 2058 1053 suave
2084 1018 2187 1064 quid-

1192 1072 1273 1103 dam
1291 1077 1324 1103 et
1341 1071 1578 1110 amatorium,
1607 1071 1675 1103 alia
1699 1070 1805 1109 item,
1833 1083 1923 1115 quae
1948 1071 1992 1103 ad
2016 1070 2186 1115 suspicio-

1192 1134 1273 1154 nem
1293 1122 1458 1155 adulterii
1474 1122 1620 1155 faciunt.
1674 1121 1736 1155 Sin
1752 1121 1912 1165 poeticae
1927 1121 2117 1162 studiosus,
2144 1133 2185 1156 ea

1193 1173 1259 1207 sibi
1277 1179 1352 1206 arte
1371 1174 1669 1218 praetermodum
1680 1173 1829 1217 placeat,
1844 1170 2058 1213 Philoxeno,
2074 1173 2187 1215 aiunt,

1194 1237 1338 1257 carmen
1356 1231 1456 1258 tuum
1474 1238 1547 1258 non
1565 1224 1758 1270 probatur,
1786 1222 1944 1257 hiulcum
1957 1251 1966 1265 ,
1994 1224 2069 1268 lege
2093 1227 2188 1260 solu-

1194 1283 1269 1310 tum
1289 1283 1462 1310 censetur.
1514 1276 1569 1309 Ad
1584 1276 1629 1323 G⁴)
1646 1275 1869 1319 religiosum:
1895 1275 1951 1308 En
1966 1275 2023 1309 ille
2047 1277 2089 1309 de
2113 1278 2187 1322 pie-

1196 1334 1280 1367 tate,
1300 1329 1414 1373 deque
1426 1327 1502 1360 Diis
1520 1328 1612 1360 male
1628 1327 1746 1366 sentit,
1769 1339 1865 1360 sacra
1883 1327 2089 1368 detestatur,
2105 1342 2190 1373 pro-

1194 1379 1387 1411 videntiam
1406 1379 1562 1413 universi
1580 1378 1864 1423 gubernatricem
1882 1384 2064 1422 pernegat.
2093 1380 2190 1414 Tum

1196 1430 1339 1463 auditor
1366 1443 1428 1464 ceu
1453 1437 1569 1464 oestro
1597 1430 1633 1462 in
1661 1430 1856 1462 auriculam
1880 1429 2038 1464 immisso
2065 1442 2190 1465 excan-

1196 1482 1322 1521 descit,
1356 1488 1393 1514 ut
1416 1495 1482 1526 pro
1509 1495 1547 1515 re
1571 1481 1744 1514 coniicere
1769 1481 1869 1521 licet,
1904 1481 2057 1515 amicum
2084 1484 2127 1516 ab
2152 1496 2189 1518 se

1196 1534 1312 1577 impos
1335 1534 1465 1573 animi,
1498 1546 1536 1566 re
1557 1533 1630 1577 ipsa
1659 1534 1819 1566 nondum
1846 1539 2010 1566 contente
2035 1535 2188 1579 cognita,

1196 1585 1342 1618 missum
1364 1586 1458 1618 facit.
1513 1585 1615 1617 Talia
1642 1586 1714 1617 sere
1738 1591 1820 1618 sunt
1835 1583 1902 1630 ⁶⁵),
1937 1597 2027 1630 quae
2053 1586 2096 1619 ab
2122 1586 2187 1619 im—

1197 1636 1296 1681 puris
1326 1636 1400 1669 istis
1435 1637 1705 1680 confinguntur,
1740 1635 1903 1668 videlicet
1926 1637 1970 1669 ad
1996 1636 2190 1672 irritandos

1197 1688 1416 1721 audientium
1429 1688 1580 1728 animos,
1600 1688 2005 1722 maximeaccommoda.
2029 1688 2123 1722 Tum
2133 1689 2193 1737 ⁶⁶),

1197 1752 1265 1785 qua
1284 1745 1385 1783 parte
1400 1739 1527 1784 singuli
1553 1745 1754 1783 praestant,
1788 1751 1864 1772 eam
1888 1739 2113 1783 potissimum
2139 1741 2189 1774 ia-

1198 1791 1284 1824 culis
1300 1791 1371 1825 suis
1398 1792 1589 1825 obnoxiam
1614 1791 1637 1823 ii
1662 1791 1814 1831 faciunt,
1841 1802 1884 1823 ne
1909 1792 2005 1836 quod
2018 1790 2064 1838 ⁶⁷)
2091 1793 2191 1826 audi-

1198 1849 1255 1876 tor
1285 1842 1399 1876 subita
1430 1843 1688 1876 intertui-batus
1716 1842 1788 1883 ira,
1831 1854 1915 1875 vero
1941 1845 2187 1887 cognoscendo

1199 1895 1346 1927 collocet
1382 1895 1514 1936 otium,
1551 1894 1678 1927 deinde
1709 1907 1781 1928 sese
1810 1900 2006 1938 purgaturo
2030 1907 2104 1928 non
2128 1896 2190 1929 fiat

1197 1944 1354 1979 hominis
1371 1946 1491 1991 copia,
1518 1959 1622 1992 quem
1645 1945 1802 1980 criminis
1826 1945 2016 1979 admiratio
2041 1947 2191 1991 species-

1201 2010 1268 2043 que
1303 1997 1379 2030 x‘eri
1413 2004 1644 2042 occuparunt.
1704 1997 1845 2030 Etenim
1871 1996 1940 2030 dici
1964 2010 2037 2030 non
2060 2005 2190 2043 potest,

1234 2116 1281 2145 61)
1303 2116 1334 2139 Η.
1362 2116 1379 2138 l.
1411 2115 1436 2138 in
1456 2115 1505 2139 Ed.
1537 2114 1608 2138 1518.
1636 2114 1700 2136 nota
1727 2113 1857 2141 margins
1882 2113 2033 2137 Probabilis
2054 2113 2189 2138 calumnia

1271 2150 1403 2180 quomodo
1423 2150 1486 2177 tiat;
1507 2149 1531 2171 in
1551 2149 1635 2172 Editt.
1660 2148 1749 2173 153³..
1778 2148 1850 2171 15⁴3.
1877 2151 1941 2171 nota
1959 2148 2082 2178 Micytti:
2107 2148 2189 2172 Redit

1270 2185 1303 2208 ad
1322 2184 1412 2207 studia
1430 2182 1644 2207 calumniatoris

1234 2236 1281 2268 62)
1302 2235 1464 2264 observent]
1485 2235 1533 2258 Ed.
1554 2233 1627 2258 1527.
1648 2239 1743 2257 errore
1763 2235 1890 2263 [5110ng
1913 2234 2070 2257 absorvent.

1235 2288 1283 2315 63)
1307 2288 1339 2310 H.
1359 2287 1377 2310 l.
1397 2286 1424 2309 in
1444 2285 1526 2309 Editt.
1549 2284 1640 2309 1559..
1662 2284 1728 2307 1564
1748 2297 1779 2301 —-—
1803 2284 1876 2308 1587.
1896 2285 1962 2308 nota
1981 2285 2112 2316 margin.:
2131 2286 2189 2309 Ex-

1271 2321 1360 2351 empla
1378 2320 1591 2347 calinniiiariin13
1618 2318 1643 2341 in
1661 2318 1744 2342 Editt.
1773 2318 1863 2349 1538.,
1891 2318 1965 2343 1543.
1985 2321 2050 2343 nota
2066 2319 2188 2350 Micytti:

1269 2355 1440 2380 Distributio.

1236 2409 1284 2437 61)
1304 2408 1359 2436 Ad]
1378 2406 1418 2430 sic
1438 2407 1512 2429 rei-sti·
1532 2405 1614 2429 Editt.
1638 2406 1705 2429 1518
1721 2418 1755 2422 -
1777 2404 1867 2433 1543..
1886 2404 1976 2435 1562„
1997 2405 2070 2429 1592.
2085 2415 2117 2427 =
2132 2406 2187 2430 nu-

1270 2443 1338 2467 cian.
1359 2438 1443 2472 ⁷106ss
1462 2440 1545 2464 Editt.
1569 2440 1657 2465 1559..
1680 2440 1744 2463 1564
1764 2452 1796 2457 ——
1816 2438 1890 2464 1587.
1912 2440 1957 2463 At.

1236 2494 1284 2526 65)
1305 2495 1338 2518 H.
1357 2494 1374 2519 1,
1398 2493 1423 2516 in
1442 2492 1525 2515 Editt.
1547 2492 1636 2521 1538„
1662 2492 1734 2516 1543.
1755 2492 1819 2515 nota
1838 2491 1954 2521 margin.
1976 2491 2097 2522 Micyni:
2122 2492 2188 2522 Epi-

1271 2530 1352 2559 logus
1371 2526 1580 2551 distributionis.

1236 2580 1283 2612 66)
1303 2578 1483 2604 accommoda.
1520 2578 1600 2607 Tum]
1620 2577 1659 2602 sic
1678 2579 1752 2601 recte
1771 2577 1854 2601 Editt.
1873 2577 1937 2602 1518
1956 2589 1989 2594 —
2010 2577 2094 2607 1543..
2117 2578 2192 2602 1592.

1272 2624 1306 2637 Ξ
1324 2614 1435 2638 Lucian.
1456 2608 1601 2644 δυνάμενα
1620 2632 1625 2637 .
1647 2632 1652 2636 .
1674 2632 1679 2637 .
1701 2632 1707 2638 .
1727 2611 1787 2643 καὶ;
1806 2613 1889 2636 Editt.
1910 2612 1975 2635 1559
1993 2625 2026 2629 -
2046 2612 2121 2637 1587.
2140 2618 2189 2636 ac-

1271 2648 1476 2673 commodatum.

1237 2699 1284 2732 67)
1309 2700 1395 2730 quod]
1420 2699 1460 2723 sic
1485 2699 1567 2722 Editt.
1596 2699 1661 2722 1518
1678 2698 1823 2729 -1513.,
1857 2697 1949 2727 1562,
1983 2697 2073 2728 ¹592-;
2107 2697 2189 2722 Editt.

1276 2735 1365 2765 1559.,
1394 2734 1461 2758 1564
1477 2746 1510 2750 -
1531 2733 1604 2757 158⁷.
1624 2733 1694 2763 quid.
