2294 2975
101 107 174 144 145
228 106 350 145 xxm.
400 106 711 143 ARGUMENTA
743 105 810 141 ET
845 107 1049 143 scflomA
1083 107 1132 143 IN
1158 107 1308 145 EPlsT.
1339 109 1452 146 FAM.
1488 111 1572 147 616.
1603 112 1691 150 Lm.
1713 115 1770 153 iv,
1806 119 1879 157 Ep,
1906 122 1940 158 9,
1959 125 2017 159 10,

98 195 194 229 enim
210 207 284 230 esse
300 194 541 228 conditionem
558 193 729 228 victoriae
744 194 828 228 belli
844 193 968 230 civilis.
1004 194 1094 229 Gra-

96 247 188 280 viter
215 254 336 281 autem
369 252 511 281 excusat
533 257 724 292 personam
755 245 900 281 victoris
928 259 947 280 a
972 247 1093 280 condi-

96 298 194 332 tione
211 299 282 340 rei,
300 298 464 332 videlicet
480 310 500 331 a
517 304 645 331 natura
665 297 821 332 civilium
838 298 1016 332 bellorum
1032 298 1091 345 83).

93 349 157 384 His
181 349 400 395 argumentis
427 349 612 383 dilationis
639 349 766 390 finitis,
798 350 940 384 subiicit
963 351 1091 384 confir-

93 401 290 435 mationem
307 401 578 446 propositionis.
618 401 709 435 Sunt
726 407 844 435 autem
863 408 1018 448 quatuor
1034 414 1090 435 ar-

91 459 258 497 gumenta
271 479 281 494 ‚
304 452 433 498 quibus
449 454 594 493 suadet,
626 459 666 487 ut
683 453 832 486 domum
850 454 992 494 redeat,
1017 453 1089 499 pri-

89 516 190 538 mum
208 516 228 538 a
243 504 359 549 patria
372 530 381 544 ,
407 505 604 539 secundum
620 505 665 538 ab
683 501 855 546 honesto,
881 505 1025 539 tertium
1044 505 1087 538 ab

90 555 188 596 utili,
215 554 384 601 quartum
402 567 421 589 a
441 556 620 601 periculis.
672 555 816 601 Epilogi
839 556 916 591 vice
940 557 1087 602 ponitur

91 606 260 642 clausula.

335 674 470 709 Aliud
499 683 827 720 argumentum.

188 743 287 778 Idem
305 751 557 790 argumentum
577 744 615 777 in
635 742 702 778 hac
727 745 876 790 epistola
904 743 1082 789 copiosius

87 796 257 842 explicat,
291 797 443 830 suadens
467 796 659 837 Marcello,
697 803 736 830 ut
767 798 914 830 domum
947 797 1079 830 redeat.

86 847 285 882 Exordium
304 848 457 882 sumitur
479 849 522 881 ab
546 848 732 881 occasione
756 848 952 887 scribendi,
980 847 1080 880 vide-

84 898 168 933 licet
191 899 235 933 ab
264 899 534 945 opportunitate
559 898 688 933 nuntii.
753 899 922 945 Sequitur
946 911 1078 943 propo-

85 950 189 991 sitio,
206 962 296 997 quae
313 949 420 984 habet
436 949 725 984 adhortationem
742 962 760 984 a
778 951 906 984 reditu.
938 950 1077 984 Deinde

84 1008 270 1046 ponuntur
287 1003 377 1035 duae
404 1002 684 1043 confutationes,
712 1014 864 1048 quarum
893 1002 1002 1035 altera
1027 1009 1077 1036 cst

83 1054 128 1086 de
145 1059 289 1098 aspectu
304 1053 525 1097 indignitatis
541 1065 675 1087 rerum.
728 1054 782 1086 Ad
800 1052 892 1087 hanc
909 1054 1076 1087 obiectio-

82 1116 165 1138 nem
198 1106 392 1149 respondet
422 1104 633 1150 quadamffl)
668 1105 856 1145 instantia,
895 1107 990 1150 quod
1020 1118 1075 1138 ea-

85 1156 166 1189 dem
192 1157 317 1189 absens
333 1162 480 1199 cogatur
499 1155 640 1193 audire;
668 1168 807 1200 semper
824 1162 942 1189 autem
962 1157 1074 1189 videri

84 1207 244 1247 maiora,
285 1219 376 1253 quae
415 1207 628 1247 audiuntur,
671 1219 778 1252 quam
821 1219 911 1253 quae
953 1220 1072 1240 coram

85 1264 302 1303 spectantur.
354 1257 474 1291 Altera
495 1264 545 1291 est
563 1258 605 1290 de
630 1258 818 1303 tyrannide
837 1259 1009 1298 Caesaris,
1037 1259 1073 1291 in

86 1310 184 1343 cuius
204 1309 355 1354 gratiam
372 1309 483 1342 multa
501 1315 535 1342 et
551 1309 698 1342 dicenda
717 1316 751 1342 et
768 1310 929 1343 facienda
948 1316 1073 1344 essent.

83 1360 142 1395 Ad
157 1358 251 1395 hanc
265 1362 459 1406 respondet
469 1360 670 1405 dupliciter,
687 1360 805 1405 primo
826 1362 922 1407 quod
933 1361 1073 1406 sapien-

86 1412 131 1446 tis
140 1413 185 1447 sit
195 1413 317 1446 cedere
329 1412 568 1456 temporibus;
596 1413 749 1446 secundo
760 1425 823 1457 per
834 1413 1075 1453 collationem,

84 1465 181 1509 quod
206 1463 335 1497 Caesar
360 1464 480 1496 omnia
505 1470 604 1508 gerat
626 1464 829 1505 moderate,
858 1477 927 1511 qua
953 1466 1074 1498 mode-

84 1515 224 1548 ratione
249 1515 442 1559 Pompeius
467 1521 547 1559 post
570 1514 757 1548 victoriam
783 1527 968 1562 nunquam
993 1529 1075 1550 usu-

81 1577 144 1599 -rus
162 1565 301 1605 suisset,
329 1566 391 1611 qui
406 1566 540 1599 nullam
563 1566 751 1601 relicturus
774 1567 897 1601 fuisset
918 1568 1072 1612 tegulam

82 1616 120 1649 in
143 1623 218 1650 tota
240 1616 353 1651 Italia.
412 1617 568 1651 Additur
588 1624 621 1651 et
646 1619 874 1664 amplificatio
899 1620 942 1653 de
964 1619 1075 1652 victo-

82 1667 146 1702 riis
161 1668 339 1702 bellorum
356 1668 512 1702 civilium
523 1696 532 1710 ,
560 1669 597 1702 in
613 1682 682 1715 qua
699 1671 904 1715 gravissime
921 1677 1074 1711 excusat,

84 1731 175 1765 quae
193 1719 404 1753 Marcellum
424 1720 653 1754 offendebant
667 1721 703 1754 in
722 1721 884 1757 Caesare.
935 1722 1073 1756 Ultimo

84 1771 164 1804 loco
197 1777 405 1815 argumenta
436 1771 557 1816 ponit,
593 1783 703 1817 quare
733 1774 860 1806 debeat
883 1774 1074 1808 Marcellus

83 1820 153 1855 hoc
176 1829 339 1867 tempore
363 1824 510 1856 domum
535 1823 664 1856 redire.
722 1822 762 1856 In
788 1825 857 1857 fine
883 1826 1000 1859 brevis
1025 1832 1075 1859 est

83 1873 293 1918 significatio
333 1886 415 1908 suae
450 1873 720 1907 benevolentiae
757 1876 876 1908 addita
912 1876 1075 1909 admoni-

83 1926 201 1966 tione,
227 1932 266 1959 ut
282 1925 348 1959 sihi
366 1926 525 1959 consulat
546 1926 745 1959 Marcellus.

329 2003 466 2037 Aliud
496 2009 822 2047 argumentum.

186 2070 381 2103 Exordium
400 2071 545 2114 vulgare
564 2077 613 2104 est
630 2077 810 2115 sumptum
829 2071 872 2104 ab
890 2071 1074 2105 occasione

84 2121 271 2156 scribendi.
326 2122 494 2168 Sequitur
520 2122 717 2167 propositio
744 2120 1009 2163 adliortatoria,
1037 2130 1075 2156 ut

86 2186 192 2219 quam
218 2173 372 2218 primum
395 2174 546 2206 Ruinam
566 2174 698 2207 redcat.
760 2173 897 2207 Deinde
921 2181 971 2207 est
991 2187 1074 2207 con-

82 2225 209 2258 futatio
228 2225 465 2259 obiectionum
487 2226 658 2259 Marcelli.
712 2225 957 2259 Confutationi
976 2226 1073 2259 addi-

87 2283 161 2310 tum
191 2283 241 2309 est
266 2284 514 2320 argumentum
542 2290 561 2310 a
590 2277 712 2311 simili:
751 2277 787 2311 Si
811 2278 945 2311 victore
965 2278 1073 2311 Pom-

85 2328 166 2373 peio
193 2327 299 2361 velles
318 2327 454 2362 Romae
477 2341 571 2369 esse,
607 2329 711 2363 debes
736 2327 805 2363 hoc
826 2330 920 2363 idem
948 2336 1072 2374 optare

85 2379 220 2412 victore
244 2378 405 2414 Caesare.
465 2380 709 2415 Subiiciuntur
732 2381 838 2414 etiam
863 2388 1071 2426 argumenta

89 2432 132 2463 al»
155 2429 303 2464 honesto
324 2438 357 2464 et
381 2431 477 2472 utili,
514 2445 603 2478 quae
627 2433 770 2477 proprie
790 2434 833 2466 ad
858 2433 1073 2478 propositio-

88 2496 167 2516 nem
193 2483 388 2516 institutam
407 2484 597 2528 pertinent.
656 2483 695 2517 ln
711 2486 799 2525 fine,
832 2486 911 2519 loco
932 2485 1073 2530 epilogi,

91 2541 139 2568 cst
159 2534 329 2567 clausula.

123 2646 171 2672 ⁵23)
196 2645 314 2667 «uilium
336 2644 481 2672 bellorum]
510 2643 550 2666 sic
578 2644 660 2669 Editt.
689 2646 894 2675 1555—1577.;
924 2647 973 2671 Ed.
1002 2647 1075 2671 1556.

161 2681 290 2702 nennium
309 2679 437 2702 civilium.

121 2724 168 2749 qt)
189 2722 317 2752 quadam]
337 2721 375 2745 sic
396 2722 478 2746 Editt.
502 2721 706 2753 1565—15y7.;
733 2724 782 2747 Ed.
803 2725 876 2748 1558.
896 2725 1036 2755 quaedam.

92 2765 273 2792 λιιι-1115111.
301 2762 406 2793 open.
431 2762 515 2792 Yon.
541 2762 648 2792 xvn.

2072 126 2144 162 146

1199 194 1527 241 Argumentum
1560 205 1603 284 let
1637 198 1814 239 scholia
1841 206 1884 241 in
1914 209 2089 255 episto-

1583 263 1648 286 am
1684 253 1727 289 X.

1248 314 1415 350 Suasoria
1433 317 1580 362 epistola
1592 346 1601 361 ,
1629 333 1699 367 qua
1715 321 1761 371 s³)
1779 326 1924 368 suadet,
1950 335 1990 363 ut
2004 331 2137 368 redeat.

1143 363 1189 423 I}t
1212 368 1383 401 accedunt
1409 369 1524 404 obiter
1550 374 1727 417 quaedam
1752 373 1859 424 πάθη
1876 377 1943 426 86),
1974 384 2134 417 confuta·

1143 422 1258 452 nones
1277 425 1311 452 et
1324 420 1482 455 rationes
1497 423 1739 460 brevissimae.

1246 467 1276 513 ἓ.
1295 471 1328 505 1.
1365 474 1441 506 Etsi
1457 475 1545 507 m'hz'l
1567 477 1657 520 ηουῖ]
1684 476 1880 512 Exordium
1906 480 1951 513 ah
1978 484 2133 518 occasio-

1140 532 1185 553 ne
1206 519 1254 567 37)
1295 522 1485 558 scribendi.
1591 529 1718 562 Tamen
1760 532 1876 576 quum]
1915 532 2133 579 Propositio.

1139 573 1255 618 Neque
1269 574 1374 608 solum
1391 573 1455 623 s³¹)]
1485 575 1695 622 Occupatio.

1243 622 1323 668 §.2
1351 627 1430 666 Sed,
1459 639 1558 672 qmcm
1577 629 1718 672 leviora]
1747 629 2026 681 ἂνθυποφοράτ
2051 637 2129 671 istie

1137 674 1239 708 audis
1270 675 1446 714 tristioraz
1490 677 1594 719 item,
1634 678 1690 714 hic
1714 684 1847 726 poteris
1876 696 1932 720 res
1958 693 2036 722 tuas
2057 701 2129 723 ser-

1136 737 1220 758 vare
1236 725 1294 772 ⁸⁹).

1347 810 1484 845 Aliud
1513 824 1826 859 argumentum
1852 819 1910 867 ⁹⁰).

1235 876 1494 922 Argumentum
1534 880 1640 918 huius
1684 885 1831 921 ultimae
1873 889 2042 933 epistolae
2081 897 2127 928 ad

1131 927 1340 963 Marcellum
1368 932 1473 975 plane
1496 933 1588 967 idem
1613 942 1665 969 est
1694 949 1773 970 cum
1798 941 1993 984 superiore.
2058 946 2128 980 Sed

1131 977 1188 1012 hic
1213 981 1357 1015 brevius
1385 984 1505 1017 omnia
1532 986 1820 1031 comprehendit,
1849 1004 1940 1037 quae
1964 993 2000 1027 iu
2023 1008 2126 1040 prae-

1130 1032 1274 1066 cedente
1299 1033 1446 1078 epistola
1473 1037 1661 1080 explicavit
1694 1041 1882 1084 copiosius.
1950 1044 2126 1083 Hortatur

1130 1083 1224 1115 enim
1244 1096 1324 1117 eum
1337 1111 1346 1126 ,
1374 1092 1413 1118 ut
1430 1100 1536 1132 quam
1553 1089 1709 1132 primum
1730 1092 1884 1127 Romam
1905 1107 1941 1128 se
1965 1099 2124 1144 recipiat.

1127 1133 1326 1169 Exordium
1349 1145 1530 1182 sumptum
1556 1146 1608 1174 est
1632 1142 1675 1174 ab
1700 1146 1969 1187 opportunitate
1995 1152 2124 1186 nuntii.

1128 1185 1296 1231 Sequitur
1312 1190 1533 1232 propositio,
1559 1203 1621 1225 seu
1643 1191 1867 1236 adhortatio,
1896 1204 1936 1231 ut
1957 1210 2125 1246 properet

1129 1238 1246 1270 redire
1274 1239 1317 1270 ad
1341 1251 1435 1274 suos.
1487 1241 1733 1286 Propositioni
1758 1247 1901 1281 additur
1926 1253 2121 1288 confutatio

1128 1300 1273 1329 eorum,
1302 1302 1392 1334 quae
1416 1294 1644 1335 praetexebat
1661 1295 1850 1333 Marcellus
1874 1312 1938 1344 per
1962 1303 2122 1338 collatio-

1127 1350 1208 1371 nem
1228 1341 1406 1374 maiorum
1426 1345 1698 1379 commodorum
1725 1359 1804 1381 curn
1828 1351 1961 1385 minori
1986 1354 2122 1389 incom-

1127 1392 1248 1425 modo.
1306 1391 1441 1438 Estque
1462 1392 1548 1428 haec
1571 1409 1708 1431 summa
1736 1401 2005 1438 confutationis:
2041 1406 2121 1442 Istic

1129 1443 1229 1476 audis
1255 1443 1434 1485 tristiora,
1478 1443 1535 1480 hic
1563 1449 1697 1492 poteris
1718 1462 1774 1484 res
1798 1458 1875 1487 tuas
1900 1467 2024 1491 omnes
2050 1471 2121 1493 ser—

1127 1506 1230 1534 vare,
1270 1501 1304 1527 et
1338 1496 1478 1530 maiora
1513 1496 1643 1533 habere
1680 1504 1881 1540 commoda.
1949 1506 2120 1554 Epilogus

1128 1543 1236 1579 habet
1264 1547 1410 1580 brevem
1437 1549 1668 1593 petitionem,
1702 1559 1742 1586 ut
1766 1566 1867 1589 suam
1892 1561 2119 1604 sententiam,

1128 1597 1212 1643 quid
1230 1598 1344 1631 facere
1359 1600 1463 1640 velit,
1491 1613 1599 1646 quam
1616 1603 1774 1647 primum
1792 1608 1974 1644 rescribat.

1382 1686 1520 1721 Aliud
1548 1698 1874 1733 argumentum.

1229 1751 1291 1786 Est
1317 1760 1351 1786 et
1368 1751 1456 1788 haec
1481 1757 1629 1801 epistola
1645 1761 1824 1802 suasoria,
1850 1768 1890 1796 ut
1911 1765 2034 1798 redeat
2058 1768 2121 1801 do-

1127 1816 1246 1844 mum,
1275 1806 1371 1850 quod
1391 1815 1640 1851 argumentum
1660 1811 1765 1854 plane
1785 1813 1878 1847 idem
1897 1822 1947 1849 est
1966 1829 2043 1850 611111
2063 1831 2120 1852 511-

1127 1855 1340 1899 perioribus.
1387 1857 1584 1893 Exordium
1603 1862 1756 1896 sumitur
1775 1864 1818 1897 ab
1836 1866 2021 1901 occasione
2035 1870 2119 1903 scri-

1127 1908 1247 1941 bendi.
1307 1908 1512 1953 Propositio
1548 1914 1706 1946 continet
1741 1913 2048 1960 adhortationem,
2081 1928 2120 1955 ut

1128 1971 1235 2003 quam
1266 1959 1422 2003 primum
1452 1963 1585 1997 redeat.
1661 1964 1833 2000 Rationes
1862 1971 2119 2014 propositionis

1128 2010 1247 2042 nullae
1265 2017 1358 2044 sunt.
1409 2012 1566 2046 Tantum
1587 2015 1731 2049 additur
1749 2019 1944 2053 confutatio
1963 2033 2026 2064 per
2046 2023 2118 2055 col-

1128 2061 1298 2094 lationem
1318 2064 1537 2106 argumenti,
1574 2067 1670 2110 quod
1694 2068 1917 2111 potissimum
1935 2079 2118 2116 praetexe-

1127 2113 1188 2144 bat
1224 2112 1411 2147 Marcellus
1429 2141 1438 2154 ,
1482 2127 1543 2148 cur
1579 2125 1758 2152 recusaret
1790 2121 1906 2155 redire
1943 2124 1987 2156 ad
2023 2137 2117 2160 suos.

1126 2165 1212 2198 Post
1230 2165 1509 2199 confutationem
1526 2168 1685 2213 sequitur
1703 2179 1951 2215 argumentum
1970 2175 2013 2208 ab
2030 2176 2120 2217 utili,

1160 2295 1208 2322 55)
1236 2296 1302 2325 qua]
1323 2295 1361 2318 sic
1381 2295 1462 2320 Editt.
1485 2296 1570 2321 1537..
1594 2298 1680 2323 1540..
1703 2299 1787 2327 1545..
1810 2301 1895 2333 1546„
1917 2302 2001 2329 1560..
2025 2305 2116 2335 1601.;

1196 2330 1280 2354 Editt.
1303 2331 1392 2355 1544..
1413 2331 1504 2359 1554..
1528 2331 1601 2356 1557.
1622 2338 1699 2362 quae.

1161 2382 1208 2410 86)
1228 2380 1321 2411 πάθη]
1341 2382 1390 2406 Ed.
1413 2382 1487 2406 1546.
1509 2383 1598 2413 pathi;
1618 2384 1666 2407 Ed.
1689 2384 1762 2408 1601.
1782 2386 1888 2414 pathae.

1161 2431 1209 2459 5⁴7)
1235 2431 1288 2454 Pro
1314 2430 1356 2454 his
1377 2431 1430 2455 Cic.
1457 2431 1549 2454 verbis
1577 2431 1602 2454 in
1624 2432 1707 2456 Editt.
1729 2433 1820 2466 1545„
1847 2435 1923 2460 1560.
1949 2437 2010 2462 1111ῐ6
2035 2441 2115 2464 notae

1196 2467 1318 2495 praefixa
1335 2470 1397 2489 sunt
1418 2467 1516 2488 verba:
1538 2466 1617 2490 Cura
1636 2467 1738 2497 iyitur.

1161 2517 1209 2544 88)
1229 2516 1282 2540 Pro
1301 2516 1343 2540 his
1364 2516 1474 2540 eaedem
1491 2516 1508 2540 2
1522 2516 1606 2540 Editt.
1622 2517 1722 2541 hahent
1740 2518 1765 2541 h.
1778 2519 1797 2544 1.
1823 2520 1906 2546 Venit
1925 2522 2002 2548 enim
2019 2523 2098 2549 mihi.

1161 2569 1210 2595 59)
1231 2568 1304 2591 Haec
1323 2569 1387 2591 nota
1405 2566 1432 2590 in
1451 2565 1546 2590 iisdem
1566 2566 1582 2590 2
1601 2567 1682 2592 Editt.
1703 2568 1835 2593 disiuncta
1855 2572 1898 2594 est
1917 2572 1943 2595 in
1964 2573 2011 2596 has
2030 2573 2113 2598 duas:

1199 2603 1280 2632 Quod
1309 2603 1334 2626 si
1367 2602 1479 2625 nullum
1503 2608 1614 2625 sensum
1642 2602 1776 2632 haberes-J
1808 2602 1939 2637 ιένθυῑιοιΙ
1947 2605 2007 2637 ow}-
2061 2609 2117 2633 ,Sed

1198 2644 1285 2668 quum.
1304 2636 1433 2664 lez-iarn]
1452 2635 1517 2658 Istic
1536 2636 1726 2661 audis—tuas
1746 2645 1870 2664 servare.

1163 2689 1210 2717 90)
1244 2690 1300 2712 Hoc
1329 2688 1517 2712 argumentum
1548 2688 1574 2710 et
1605 2688 1656 2712 duo
1687 2690 1830 2720 sequentia
1860 2691 1887 2714 iu
1915 2692 1997 2716 Editt.
2025 2694 2109 2726 1555,

1201 2723 1391 2748 1555—1595.
1412 2725 1530 2745 exstant.
