2294 2975
56 115 103 155 85
211 113 332 154 xxttt.

59 207 179 244 desem
203 209 326 240 contra
353 201 560 244 Caesarem,
600 200 698 237 cuius
724 207 778 236 tot
801 201 838 236 in
861 214 917 235 me
943 201 1057 236 officia

60 265 199 298 extant,
226 258 318 292 sicut
341 268 456 302 neque
482 255 649 299 Pompeii
675 255 865 288 innumera
888 253 1058 288 beneficia

60 311 267 356 patiuntur,
304 315 344 342 ut
369 308 559 342 Caesarem
584 307 763 340 adiuvem.
830 305 970 339 Deinde
993 305 1060 339 scis

61 360 274 395 sententiam
289 372 426 400 meam,
453 358 539 405 quid
558 358 594 391 in
611 356 679 391 hoc
697 357 853 391 tumultu
875 357 976 404 sequi
1001 358 1060 390 de-

62 413 255 452 creverim,
289 412 386 457 quod
409 422 468 443 me
492 410 592 443 nullo
616 410 726 442 modo
752 410 796 442 ad
820 409 952 442 bellum
981 420 1060 453 per-

62 463 157 498 trahi
175 463 301 498 sinam.
353 461 395 495 In
416 459 484 496 hac
508 461 683 496 sententia
710 458 825 494 adhuc
852 472 1060 505 permaneo,

61 522 96 549 et
125 515 216 549 sicut
246 514 349 548 initio
380 512 511 547 horum
545 518 709 546 motuum
744 509 835 545 nihil
873 511 1059 557 maluif‘S),

62 578 171 613 quam
188 579 328 611 pacem:
358 565 426 606 ita,
453 571 645 610 postquam
663 564 708 597 ad
724 575 824 596 arma
843 575 899 597 res
915 564 1058 596 reducta

62 624 132 658 cst,
166 615 257 651 nihil
282 623 354 650 tam
378 616 530 661 fugiam,
568 628 675 661 quam
699 615 853 654 bellum,
885 627 949 647 nec
971 619 1058 658 puto

57 671 219 703 futurum
231 696 240 710 ,
267 675 307 703 ut
322 680 377 701 me
394 666 500 701 huius
515 666 734 700 constantiae
751 666 951 711 poeniteat,
978 677 1057 698 cum

59 720 273 754 Hortensius
308 732 451 765 quoque
479 719 515 752 id
539 718 607 752 sibi
630 717 729 751 laudi
760 717 919 757 duxerit,
962 716 1056 761 quod

60 784 246 818 nunquam
272 771 366 804 civiti
390 771 483 803 bello
508 769 744 809 interfuisset,
786 781 825 801 ac
853 768 1059 801 tribuebant

65 821 229 857 homines
261 823 297 855 id
328 822 491 866 ignaviae
522 821 607 854 eius.
673 819 731 852 Me
763 825 882 852 autem
915 819 959 852 ab
991 816 1058 851 hac

64 875 264 919 suspicione
289 874 443 907 liberant
465 885 520 906 res
548 877 684 915 gestae,
713 871 809 915 quod
830 870 1055 902 fortunarum

63 938 224 959 mearum
240 925 396 970 periculo
415 935 559 961 mones,
587 934 631 954 ne
655 921 741 966 quid
759 928 890 954 temere
914 921 1056 960 faciam,

63 989 215 1022 agnosco
245 987 404 1009 amorem
437 981 550 1008 tuum.
620 972 688 1006 Sed
720 979 841 1005 tamen
861 972 940 1006 illas
967 971 1056 1005 tanti

61 1040 135 1061 non
151 1028 261 1067 facio,
289 1026 376 1072 quin
394 1026 501 1059 etiam
530 1024 666 1057 iactura
689 1023 906 1070 reipublicae
932 1036 1055 1068 pacem

60 1078 235 1112 redimere
259 1078 413 1122 cupiam.
466 1076 558 1111 Nam
574 1076 667 1115 filio,
702 1075 730 1109 si
755 1075 951 1121 respublica
978 1075 1057 1115 erit,

59 1130 143 1164 satis
172 1142 342 1174 magnum
370 1127 629 1173 patrimonium
658 1126 880 1172 relinquam,
922 1139 1057 1159 memo-

62 1181 153 1214 riam
179 1180 336 1214 nominis
358 1179 441 1213 mei.
509 1178 571 1212 Sin
601 1178 699 1213 nulla
733 1179 819 1218 erit,
861 1178 985 1211 eadem
1013 1178 1056 1217 ei,

62 1244 152 1278 quae
171 1233 344 1271 aliorum,
380 1232 523 1263 fortuna
542 1230 620 1263 erit.
673 1229 856 1262 Admones
881 1230 987 1262 etiam
1014 1230 1055 1262 de

61 1296 192 1327 genero
226 1289 260 1316 et
290 1282 382 1321 filia,
422 1293 467 1314 ne
501 1282 598 1326 quod
621 1280 818 1325 periculum
849 1280 897 1313 eis
926 1293 1054 1314 creem.

59 1334 135 1379 Ego
156 1340 274 1368 autem
293 1339 486 1378 utrumque
503 1343 605 1371 amo,
634 1338 668 1364 et
685 1332 785 1364 valde
806 1343 870 1376 pro
890 1332 938 1365 eis
961 1331 1057 1365 solli-

62 1386 150 1420 citus
172 1398 269 1426 sum,
303 1396 343 1418 ae
365 1383 572 1417 Dolabellae
602 1395 734 1427 genero
766 1383 871 1415 video
901 1383 1056 1416 occasio-

61 1449 146 1470 nem
175 1438 350 1477 oblatam,
391 1447 461 1481 qua
488 1447 523 1468 se
556 1446 687 1479 magno
720 1434 781 1467 illo
815 1446 895 1467 aere
926 1435 1055 1474 alieno,

63 1489 160 1534 quod
178 1487 373 1527 contraxit,
398 1487 534 1520 liberet.
573 1485 626 1519 De
644 1485 816 1530 Hispania
836 1486 933 1532 quod
949 1486 1056 1530 signi-

62 1541 162 1580 ficas,
189 1551 270 1573 eam
287 1538 447 1572 Caesaris
469 1538 564 1578 fore,
592 1549 657 1571 nee
674 1537 849 1582 Pompeio
868 1550 908 1571 ea
927 1538 1055 1571 amissa

59 1591 170 1625 ullam
198 1603 297 1635 spem
321 1591 397 1623 fore
423 1589 618 1635 reliquam,
651 1595 767 1622 tecum
784 1589 911 1623 sentio.
964 1587 1056 1623 Mihi

63 1648 181 1676 autem
203 1642 341 1675 nullum
366 1641 448 1674 inde
480 1640 548 1673 erit
577 1640 785 1685 periculum.
853 1641 934 1674 Sive
960 1641 1055 1673 enim

62 1694 130 1727 erit
146 1693 343 1738 respublica
360 1692 492 1737 aliqua,
520 1691 592 1725 scio
608 1690 699 1725 mihi
714 1692 751 1725 in
771 1704 809 1725 ea
830 1692 949 1726 locum
968 1693 1056 1726 sore.

61 1745 124 1779 Sin
140 1745 237 1778 nulla
257 1744 342 1784 erit,
368 1741 507 1776 habebo
527 1743 601 1776 sine
620 1743 728 1776 dubio
747 1750 779 1776 te
797 1743 931 1777 socium
950 1744 1056 1778 exilii.

62 1797 131 1831 Sed
148 1796 298 1830 forsitan
316 1807 371 1828 res
387 1794 573 1827 meliorem
591 1794 721 1827 exitum
741 1795 920 1829 sortietur.
964 1796 1056 1831 Nam

61 1846 130 1882 hoc
147 1848 289 1882 senibus
304 1846 479 1879 familiare
497 1852 547 1879 est
563 1845 655 1878 male
675 1845 829 1878 ominari
851 1846 893 1879 de
918 1847 1056 1881 futuris.

60 1898 160 1934 Idem
176 1901 324 1933 sortasse
344 1909 407 1942 ego
426 1909 569 1944 quoque
588 1897 692 1931 facio.

347 1982 446 2016 Alia
475 1979 777 2028 paraphrasis

90 2036 189 2071 istius
210 2035 280 2070 loci
304 2032 438 2082 (§.1.):
475 2036 565 2069 Illud
589 2036 715 2074 miror,
746 2034 866 2067 adduci
888 2034 1034 2076 poluisse

501 2091 532 2121 ie
560 2091 624 2119 etc.

166 2162 282 2197 Miror
294 2189 303 2203 ,
331 2174 441 2208 qnare
459 2162 501 2195 de
519 2174 576 2196 me
593 2161 742 2205 cogites,
772 2161 867 2206 quod
885 2160 981 2193 nulla
997 2157 1059 2193 ha-

63 2215 138 2249 bita
156 2215 296 2248 ratione
313 2213 508 2258 praesentis
523 2213 607 2246 belli
625 2213 812 2247 Caesarem
832 2209 920 2245 mihi
946 2213 1059 2244 facere

65 2267 192 2300 vellem
208 2266 413 2305 inimicum,
441 2278 519 2298 cum
545 2277 602 2297 me
629 2263 819 2310 opti111e⁵⁰)
849 2263 962 2303 nosti,
999 2263 1060 2309 qni

65 2318 104 2351 in
120 2330 157 2351 re
175 2323 272 2351 tanta
290 2329 364 2349 non
381 2316 477 2350 soleo
496 2316 631 2361 aliquid
647 2322 780 2348 temere
806 2321 840 2347 et
863 2327 943 2348 cum
967 2314 1061 2359 peri-

67 2370 146 2403 culo
172 2368 340 2413 incipere.
392 2367 513 2412 Quare
538 2374 578 2401 ut
601 2367 709 2407 scias,
745 2378 835 2413 quae
858 2366 903 2400 sit
923 2378 1060 2400 summa

66 2433 225 2454 mearum
245 2419 499 2463 cogitationum
518 2417 586 2452 hoc
609 2425 791 2463 tempore,
825 2417 982 2452 breviter
1007 2430 1062 2450 ac-

68 2472 155 2516 cipe.
208 2471 245 2504 Si
262 2476 379 2514 posset
393 2471 465 2503 ullo
483 2471 591 2503 modo
610 2470 686 2503 fieri
711 2470 748 2502 in
773 2476 872 2502 tanta
899 2469 1060 2502 omnium

68 2535 189 2556 rerum
207 2521 434 2561 confusione,
462 2527 502 2554 ut
519 2519 667 2555 honeste
691 2521 870 2565 fugerem,
898 2519 988 2553 nihil
1012 2521 1062 2553 sa-

72 2586 186 2608 cerem
202 2573 381 2608 libentius.
434 2571 480 2606 Et
495 2573 654 2616 profecto
671 2578 819 2617 propter
834 2572 963 2606 multas
983 2584 1062 2605 cau-

107 2694 157 2721 58)
175 2691 274 2721 malui]
293 2691 334 2716 sic
353 2691 402 2717 Ed.
423 2689 515 2720 1556.;
542 2687 626 2713 Editt.
647 2688 842 2714 1565-1577.
860 2689 961 2714 malim.

103 2736 152 2765 59)
171 2742 213 2760 me
226 2734 341 2766 optime]
355 2733 396 2760 sie
409 2733 493 2758 Editt.
509 2731 716 2763 1565—1577.;
735 2732 784 2757 Ed.
801 2732 875 2757 1556.
895 2732 996 2763 optime
1011 2737 1066 2757 me.

385 110 696 152 ARGUMENTA
720 111 785 150 ET
813 112 1016 151 SCHOLIA
1044 112 1092 152 IN
1118 114 1266 155 EPIST.
1293 114 1406 154 FAM.
1436 116 1521 155 CIC.
1550 117 1637 154 LIB.
1655 118 1696 154 II.
1723 119 1871 156 131³.15.
1894 123 1952 157 16,

2056 124 2105 158 86

1114 215 1168 238 sas
1185 204 1304 249 potius
1325 204 1502 239 latitarem
1528 205 1566 239 in
1592 208 1723 251 angulo
1750 208 1892 255 aliquo,
1928 221 2033 255 quam
2059 223 2110 244 es-

1114 268 1187 289 sem
1215 256 1252 289 in
1275 257 1404 291 illustri
1426 256 1548 291 Italiae
1574 259 1665 293 loco.
1727 259 1804 293 Hoc
1828 273 1913 294 vero
1937 260 2108 297 hactenus

1113 307 1190 340 fieri
1208 320 1282 341 non
1301 308 1436 353 potuit,
1461 322 1526 343 nec
1541 311 1657 344 facere
1673 311 1782 345 volui.
1826 310 1900 345 Iam
1918 314 2015 357 quod
2031 314 2108 359 qui-

1113 359 1196 392 dam
1215 361 1458 404 suspicantur,
1486 374 1542 394 me
1560 363 1803 406 profecturum
1822 364 1866 396 ad
1883 364 2034 405 bellum,
2062 378 2106 399 ne

1114 411 1266 454 cogitavi
1300 411 1456 456 quidem.
1524 412 1617 446 Nam
1641 415 1738 458 qnod
1763 414 1836 458 ipse
1861 427 1902 448 ex
1926 416 2106 461 colloquio

1113 468 1235 495 nostro
1265 462 1421 496 iudicare
1454 464 1555 497 facile
1586 471 1686 508 potes
1716 465 1753 498 in
1777 466 1939 499 Cumano
1970 465 2106 508 habito,

1113 511 1289 547 abhorreo
1315 515 1455 558 penitus
1480 527 1497 547 a
1524 515 1757 561 reliiiquenda
1791 518 1890 552 urbe.
1955 517 2001 551 Et
2025 531 2105 551 cum

1112 571 1216 598 antea
1250 578 1389 609 semper
1413 567 1573 600 consului
1594 580 1739 611 pacem,
1782 566 1872 601 nihil
1907 575 1996 602 esset
2027 582 2106 603 mea

1112 628 1263 660 persona
1287 616 1487 661 indignius,
1524 631 1631 663 quain
1656 618 1685 651 si
1708 631 1802 652 nunc
1827 626 2026 664 expeterem
2053 621 2106 653 in·

1112 674 1240 701 teresse
1274 668 1367 700 bello
1405 668 1510 702 civili.
1589 669 1689 702 Hanc
1722 671 1935 704 sententiam
1980 679 2105 706 contra

1112 719 1273 752 omnium
1308 719 1438 752 iudicia
1471 726 1642 764 perpetua
1680 721 1834 755 retinere
1871 729 2005 755 certum
2043 730 2104 757 est.

1110 770 1183 803 Nee
1200 782 1302 814 spero
1322 771 1481 804 futurum
1494 797 1503 811 ,
1528 777 1567 804 nt
1585 783 1744 818 unquam
1762 770 1867 807 huius
1886 774 2104 808 constantiae

1111 834 1167 854 me
1185 820 1379 865 poeniteat.

1161 921 1488 966 Argumentum
1524 930 1565 956 et
1599 921 1774 958 scholia
1807 924 1851 958 in
1880 924 2052 969 episto-

1471 974 1483 1009 l
1495 986 1512 1007 a
1525 988 1560 1009 m
1588 974 1677 1010 XVI.
1687 975 1748 1022 ⁶⁰).

1212 1050 1310 1084 Haec
1340 1051 1489 1095 epistola
1529 1058 1581 1085 est
1607 1052 1743 1092 soluta,
1785 1057 1819 1085 et
1844 1050 1951 1086 habet
1978 1054 2103 1095 multa,

1110 1114 1201 1148 quae
1227 1102 1436 1146 simpliciter
1459 1103 1726 1147 coniunguntur
1750 1102 1824 1136 sine
1846 1104 1917 1137 ulla
1943 1105 2104 1149 diligenti

1110 1153 1379 1198 compositione.
1418 1153 1482 1188 Est
1498 1154 1592 1187 enim
1612 1154 1792 1198 congeries
1808 1155 2003 1189 multarum
2021 1169 2104 1190 nar-

1108 1205 1290 1239 rationum
1301 1232 1310 1246 ,
1338 1211 1369 1238 et
1387 1217 1509 1238 earum
1525 1206 1815 1239 brevissimarum
1828 1205 1886 1252 ⁶¹).

1215 1255 1245 1300 ξ.
1274 1257 1307 1290 1.
1353 1258 1508 1290 Litteras
1537 1270 1557 1291 α
1589 1263 1621 1291 ie
1651 1254 1755 1303 mihi]
1793 1256 2027 1291 Narrationes
2043 1258 2102 1304 62).

1108 1309 1228 1342 Stator
1245 1305 1342 1354 tuus]
1371 1307 1529 1341 Statores
1546 1314 1648 1341 erant
1662 1308 1775 1347 servi,
1804 1308 1932 1352 quibus
1955 1309 2103 1342 uteban-

1110 1365 1167 1392 tur
1189 1358 1282 1391 inter
1303 1359 1464 1399 lictores,
1501 1365 1534 1392 ct
1557 1371 1645 1405 quos
1672 1358 1915 1405 mittebantffl)
1938 1360 1982 1392 ad
2006 1360 2103 1395 viros

1108 1408 1331 1444 honestiores
1350 1417 1383 1443 et
1400 1410 1601 1454 optimates.

1213 1460 1243 1505 ἓ.
1260 1463 1295 1498 2.
1332 1464 1365 1496 Α
1388 1460 1529 1509 Bibulo]
1564 1461 1714 1495 Bibulus
1738 1458 1795 1495 hic
1818 1467 1887 1501 est,
1929 1461 1992 1506 qui
2022 1474 2102 1496 cum

1110 1513 1261 1548 Caesare
1278 1512 1345 1546 fuit
1361 1513 1503 1553 consul,
1538 1520 1572 1546 et
1593 1524 1698 1559 quem
1715 1512 1845 1546 Caesar
1869 1513 1998 1545 merito
2022 1513 2103 1546 irri-

1109 1565 1164 1599 sit.
1217 1564 1300 1597 Fuit
1313 1571 1432 1598 autem
1451 1562 1561 1598 homo
1577 1564 1741 1605 invidus,
1769 1563 1848 1598 vilis
1870 1569 1903 1596 et
1919 1563 2102 1600 imbecillis

1111 1615 1291 1661 animiffl).

1213 1667 1244 1711 ἓ.
1269 1667 1303 1701 4.
1348 1669 1497 1702 Praedes
1529 1664 1760 1714 accepturum]
1802 1664 1862 1700 Ich
1895 1667 1960 1700 wil
1995 1680 2030 1702 es
2064 1668 2102 1703 in

1110 1717 1318 1764 wechselffi)
1343 1718 1455 1762 legen.
1516 1720 1688 1759 Praedes,
1723 1719 1759 1752 id
1782 1725 1851 1759 est,
1888 1719 1949 1764 qui
1978 1727 2103 1753 curent

1111 1769 1199 1804 mihi
1217 1770 1354 1803 Romae
1375 1770 1464 1804 solvi
1481 1771 1669 1815 pecuniam
1682 1796 1690 1810 ,
1716 1776 1859 1816 accepta
1875 1768 1931 1803 hic
1951 1772 2101 1814 pecunia

1111 1822 1301 1868 praesenti.

1215 1873 1244 1918 {ss
1264 1873 1297 1908 6.
1335 1874 1429 1905 Petis
1453 1884 1473 1905 a
1496 1884 1564 1911 me,
1607 1877 1643 1905 nt
1666 1869 1806 1918 Bibulo]
1841 1870 2030 1905 Excusatio
2043 1872 2102 1918 G⁶),

1112 1937 1221 1971 quare
1242 1924 1374 1957 invitus
1392 1922 1626 1956 commendet.
1702 1923 1870 1957 Permulti
1884 1925 1973 1958 enlm
1992 1926 2037 1959 ad
2052 1937 2102 1958 me

1146 2060 1193 2088 60)
1213 2058 1304 2087 XVI]
1324 2057 1364 2081 sic
1382 2056 1409 2081 in
1428 2057 1511 2080 Editt.
1532 2055 1638 2085 (1537.)
1651 2072 1659 2085 ,
1679 2055 1769 2085 1556.,
1791 2055 1979 2081 1560—1596.
2001 2058 2100 2085 (Editt.

1184 2094 1270 2123 1545„
1291 2092 1376 2122 1546„
1397 2092 1472 2115 1601.
1491 2088 1640 2121 xxvn.);
1663 2089 1691 2113 in
1704 2089 1789 2114 Editt.
1803 2090 1889 2121 1540„
1910 2091 1995 2123 1544,
2016 2092 2102 2125 1554„

1184 2127 1260 2152 1557.
1280 2128 1307 2151 et
1326 2127 1375 2151 Ed.
1396 2126 1482 2150 Orell.
1501 2125 1588 2149 xvu.

1146 2170 1197 2198 61)
1216 2170 1274 2194 Hoc
1297 2168 1488 2199 argumentum
1512 2167 1539 2190 in
1557 2166 1642 2191 Editt.
1663 2165 1871 2195 15³7—1554.,
1897 2165 1988 2197 1557„
2015 2168 2103 2201 1560„

1186 2204 1259 2228 1601.
1279 2203 1419 2226 invenitur
1438 2203 1464 2225 et
1483 2202 1593 2231 praeter
1611 2201 1661 2224 has
1680 2201 1762 2225 etiam
1776 2200 1803 2226 iu
1815 2200 2102 2232 Editt.1565—1596.‚

1181 2240 1209 2262 in
1229 2238 1325 2268 quibus
1344 2238 1433 2260 autem
1452 2236 1479 2259 in
1498 2236 1552 2260 fine
1568 2236 1633 2259 haec
1651 2235 1743 2258 addita
1759 2235 1840 2258 sunt:
1860 2234 1919 2258 Duo
1933 2236 2024 2260 autem
2037 2239 2102 2261 sunt

1183 2278 1288 2304 genera
1307 2272 1495 2301 epistolarum.
1530 2269 1610 2293 Aliae
1627 2270 1726 2293 habent
1743 2269 1871 2299 periodos
1885 2270 1985 2294 certas.
2021 2271 2102 2295 Atiae

1185 2309 1264 2336 sunt,
1297 2307 1324 2329 in
1344 2306 1439 2336 quihus
1457 2305 1542 2329 multa
1559 2304 1719 2334 simpliciter
1738 2303 1941 2334 coniunguntur
1959 2303 2020 2328 sine
2037 2305 2101 2329 diti·-

1183 2341 1259 2373 genti
1277 2340 1481 2370 compositifflie.

1147 2385 1196 2413 62)
1215 2385 1289 2408 Haec
1309 2385 1377 2407 nota
1395 2383 1422 2406 in
1441 2382 1526 2406 Editt.
1548 2381 1640 2411 1540„
1660 2379 1753 2409 1544,
1773 2379 1866 2412 1554„
1885 2379 1960 2406 1557.
1979 2381 2068 2408 deest.

1147 2430 1196 2458 63)
1216 2435 1284 2460 quos
1303 2428 1461 2456 mittebant]
1481 2426 1530 2450 Ed.
1551 2424 1625 2448 1560.
1646 2423 1690 2454 qui
1708 2423 1893 2449 mittebantur.

1147 2475 1195 2502 64)
1215 2473 1292 2496 lianc
1321 2472 1413 2495 notam
1438 2469 1466 2492 in
1489 2468 1538 2493 Ed.
1559 2466 1634 2491 1537.
1659 2467 1822 2497 argumento
1849 2468 2024 2496 praecedenti
2049 2475 2102 2495 an-

1184 2512 1298 2537 nexam,
1316 2505 1343 2528 in
1360 2504 1442 2528 Editt.
1460 2503 1544 2532 1545„
1566 2501 1639 2525 1560.
1658 2504 1740 2524 notae
1759 2507 1816 2530 seq.
1834 2501 1878 2531 (S.
1890 2502 1932 2530 6.)
1951 2504 2104 2534 „Excusa-

1184 2542 1222 2565 tio
1242 2552 1274 2558 —
1294 2534 1498 2566 conimendet'',
1519 2537 1547 2559 in
1566 2535 1650 2560 Editt.
1672 2535 1765 2566 1540.,
1791 2535 1883 2566 1544„
1909 2537 2002 2569 ¹554„
2028 2539 2103 2563 1557.

1184 2576 1276 2600 autem
1292 2571 1463 2597 annotationi
1481 2570 1522 2602 (S.
1536 2570 1576 2598 7.)
1596 2569 2103 2601 „conclusio—argumentationum''

1184 2610 1278 2634 addita
1295 2614 1363 2632 voce
1381 2603 1519 2637 „Porro”
1539 2604 1693 2628 adiunctam
1711 2604 1736 2627 h.
1750 2604 1769 2629 1.
1788 2609 1848 2628 eam
1867 2605 1900 2628 ob
1915 2611 2027 2632 causam
2044 2607 2103 2632 col-

1183 2643 1291 2673 locavi,
1310 2641 1381 2672 quod
1395 2640 1505 2664 Bibulus
1524 2638 1567 2663 hic
1586 2638 1700 2670 primum
1718 2641 1954 2665 commemoratur.

1150 2687 1200 2715 65)
1217 2687 1246 2710 in
1265 2684 1402 2713 wechsel]
1422 2683 1472 2709 Ed.
1493 2682 1569 2708 1560.
1588 2681 1617 2706 in
1636 2681 1715 2705 einen
1735 2681 1866 2706 weehsei.

1151 2730 1201 2759 66)
1219 2726 1382 2757 Excusatio]
1400 2725 1490 2795 Ειὲίῑξ,ε
1507 2725 1598 2758 1545,
1619 2724 1694 2750 1560.
1713 2722 1889 2749 Extenuatio.
