2351 2990
157 118 249 153 1111

157 201 292 248 gamini
308 200 456 239 animis,
482 200 542 234 sed
559 199 710 244 cogitate
727 210 791 233 vos
807 209 880 232 esse
895 197 1034 238 urbem,
1061 208 1151 243 quo-

159 265 298 299 cunque
316 252 353 286 in
370 253 449 286 loco
468 250 716 286 consederetis.
776 248 882 284 Nulla
900 261 963 283 vos
980 247 1082 282 facile
1099 247 1152 282 Si-

159 305 261 339 ciliae
288 301 411 338 civitas
434 309 494 338 aut
517 303 661 337 aliunde
687 301 855 346 appulsos
879 300 1049 345 excipiet,
1091 305 1153 333 aut

159 356 289 391 alicubi
319 356 509 390 collocatos
538 354 698 399 expellet.
765 351 834 386 lter
861 358 1018 386 vestrum
1046 357 1087 385 ut
1108 350 1154 385 sit

159 415 275 442 tutum
294 415 327 442 et
345 409 434 442 bene
452 406 674 445 ordinatum,
692 416 757 438 vos
776 403 843 449 ipsi
863 409 1062 448 praestate,
1088 415 1153 436 nec

159 460 348 507 quisquam
368 459 463 493 aliud
480 457 629 502 cogitet,
656 468 765 502 quam
788 454 993 501 ubicunque
1014 454 1083 489 erit
1100 454 1154 488 di-

159 512 363 546 micandum
375 537 384 551 ,
412 509 460 543 ibi
476 521 511 543 se
527 507 735 542 habiturum
752 506 906 553 patriam
922 513 957 540 et
973 519 1129 541 murum.

263 560 561 596 Continuabimus
593 560 662 594 iter
679 559 736 593 die
762 565 938 605 nocteque
964 557 1155 593 celeritatis

160 626 283 654 causa,
323 613 407 659 quia
441 618 660 646 commeatus
691 608 864 645 habemus
894 610 1057 655 exiguos,
1092 609 1155 644 ubi

160 665 407 711 perveniemus
425 665 469 697 ad
487 663 620 698 sociam
637 662 820 707 regionem
837 662 1038 697 Siculorum
1050 689 1059 703 ‚
1081 660 1157 707 (isti

161 717 255 750 enim
287 715 390 750 nobis
416 713 532 749 adhuc
557 721 639 750 sunt
665 715 758 748 firmi
782 714 887 748 amici
911 720 1059 760 propter
1084 725 1156 747 me·

735 110 859 148 PHIL.
891 109 1006 146 MEL.
1039 108 1242 145 SCRIPTA
1282 108 1621 147 PHILOLOGICA.

2109 111 2207 148 1112

1203 201 1279 230 tum
1296 194 1624 242 Syracusanorum)
1640 201 1724 230 tunc
1740 201 1864 241 putate
1880 207 1947 230 nos
1968 195 2007 230 in
2026 201 2089 230 tuo
2114 208 2201 233 esse.

1203 246 1490 282 Praemittantur
1507 254 1627 282 autem
1650 247 1769 282 nuntii
1795 246 1841 280 ad
1867 259 1948 288 eos,
1981 247 2045 294 qui
2068 247 2201 293 signifi-

1204 305 1305 339 cent,
1330 305 1372 333 ut
1395 298 1500 333 nobis
1524 305 1734 341 occurrant,
1770 305 1805 333 et
1828 305 2049 334 commeatus
2071 311 2203 344 appor-

1205 357 1292 386 tent.
1345 348 1386 385 In
1402 363 1542 386 summa
1560 348 1629 384 hoc
1644 350 1789 392 scitote,
1824 356 1992 395 oportere
2013 362 2080 384 nos
2104 350 2202 385 viros

1205 403 1314 436 sortes
1330 414 1416 437 esse.
1468 401 1595 437 Nullus
1615 402 1710 436 enim
1727 402 1765 436 in
1781 402 1911 436 vicinia
1928 402 2027 437 locus
2041 407 2105 443 est,
2129 401 2206 448 qui,

1206 454 1235 489 si
1252 466 1376 499 segnes
1393 454 1550 495 fueritis,
1577 453 1670 488 tueri
1686 466 1752 488 nos
1775 454 1899 500 possit.
1958 451 2005 488 Et
2028 453 2058 489 si
2081 450 2202 488 hostes

1207 506 1409 547 evaseritis,
1451 505 1583 540 caeteri
1611 505 1756 552 quidem
1779 505 1866 540 socii
1889 509 2124 551 assequentur
2148 516 2204 547 ea,

1208 570 1300 605 quae
1318 557 1467 604 cupiunt
1481 557 1622 597 videre3
1648 557 1758 593 Attici
1774 569 1859 591 vero
1876 556 2029 591 civitatis
2051 555 2202 602 patriae,

1209 621 1429 656 quamquam
1447 610 1659 655 collapsam,
1681 608 1880 655 potentiam
1898 608 2104 648 restituent;
2131 607 2203 641 viri

1208 662 1304 695 enim
1329 668 1412 697 sunt
1435 661 1580 703 civitas,
1623 673 1697 695 non
1729 661 1844 703 muri,
1884 672 1949 694 nec
1979 671 2089 695 naves
2115 657 2203 694 viris

1210 725 1355 749 vacuae.
