2294 2975
131 128 202 162 169

229 212 259 258 §-
277 217 312 249 2.
339 216 455 260 Neque
470 211 673 261 mehercule]
701 213 942 258 Amplificatio
959 227 1000 249 ex
1017 227 1119 260 prae-

125 265 330 299 cedentibus
346 265 619 303 ofl'ensionibus;
647 271 768 311 estque
789 264 990 300 antithesis:
1026 268 1118 300 Ante

123 317 326 351 inciderunt
343 316 576 354 offensionem
605 329 700 350 nunc
717 317 826 350 simus
836 317 882 363 6“·’)
899 318 1016 352 amici.

227 368 257 414 ἓ.
280 369 313 402 3.
361 371 415 402 De
446 380 497 401 me
529 370 580 401 sic
618 366 815 416 existimes]
866 368 1119 414 Amplificatio,

124 422 220 466 quod
243 419 330 453 baec
356 419 511 452 amicitia
531 425 631 452 vetus
657 419 714 454 sit.

227 470 256 515 ξ.
276 470 310 504 4.
340 471 558 512 Quamobrem
580 468 636 517 tu]
666 470 878 512 Conclusio,
913 472 1009 518 quod
1034 471 1118 504 velit

122 529 302 567 praestare
318 522 424 555 fidem
443 521 600 555 debitam
616 523 654 555 in
673 523 829 557 amicitia
838 523 898 570 63).

333 606 470 641 Aliud
498 614 822 651 argumentum
835 607 894 654 6Ἰ).

223 673 288 708 Hic
306 681 357 709 est
372 674 517 708 Crassus
536 673 595 708 ille
609 675 726 716 dives,
756 676 818 721 qui
841 688 911 709 una
939 687 1017 708 cum
1042 674 1114 707 silio

120 727 160 760 P.
177 725 305 760 Crasso
323 738 342 759 a
362 724 506 760 Parthis
523 726 560 759 in
577 727 651 760 acie
674 727 808 761 occisus
834 734 895 762 est.
957 727 1046 759 Cum
1073 738 1113 758 eo

119 778 242 812 Cicero
256 778 478 823 aliquamdiu
494 777 691 812 simultates
709 779 861 812 exercuit
876 792 882 816 ;
903 777 1112 822 priusquam

118 836 238 862 tamen
258 829 295 861 in
311 827 465 863 Parthos
489 830 789 873 proficisceretur,
828 830 859 863 ei
885 836 935 862 est
957 828 1114 861 reconci-

116 881 242 921 liatus,
271 893 350 914 cum
367 881 454 914 alias
474 881 519 913 ob
538 892 678 921 causas,
704 888 778 914 tum
800 882 895 926 quod
916 880 1058 912 xidehnt
1078 892 1113 913 se

117 932 286 966 tutiorem
302 932 524 975 sore-contra
549 931 799 976 improborum
826 931 1050 977 iniuriasffi),
1085 931 1114 965 si

115 983 446 1028 potentissimorum
475 981 663 1016 hominum
699 984 856 1016 amicitia
885 990 973 1017 esset
996 983 1112 1016 muni-

115 1041 181 1068 tus.
243 1034 437 1079 Quomodo
469 1040 589 1067 autem
621 1035 847 1068 reconciliata
880 1035 924 1069 sit
956 1034 1111 1067 amicitia

114 1098 177 1130 per
200 1085 415 1129 Pompeium
441 1091 548 1130 atque
574 1085 782 1125 Caesarem,
821 1093 854 1118 et
879 1087 1111 1131 quemadmo-

115 1139 198 1170 dum
218 1136 364 1170 Crassus
382 1147 496 1180 prope
514 1147 533 1167 a
550 1136 685 1169 foribus
707 1136 889 1170 Ciceronis
912 1138 948 1169 in
966 1150 1049 1181 prox
1061 1137 1112 1169 in-

114 1189 204 1221 ciam
224 1188 402 1232 profectus
419 1186 482 1226 sit,
509 1198 616 1230 supra
633 1185 822 1221 habuimus
849 1188 886 1220 in
908 1188 1014 1231 longa
1040 1188 1112 1232 epi-

114 1240 204 1273 stola
229 1240 273 1272 ad
296 1238 489 1271 Lentulum
514 1237 596 1270 libri
621 1238 729 1282 primi
745 1238 803 1285 66).
870 1237 909 1271 In
935 1237 999 1271 hac
1027 1251 1110 1282 ergo

115 1290 263 1335 epistola
281 1289 437 1322 breviter
455 1296 714 1322 commemorat
732 1302 793 1322 sua
819 1302 900 1333 erga
925 1290 1025 1323 illum
1050 1291 1109 1323 al)-

114 1348 249 1376 sentem
280 1340 462 1374 beneficia.
532 1340 626 1373 Tum
652 1340 757 1374 etiam
782 1341 919 1384 prolixe
943 1342 1055 1374 desert
1079 1342 1109 1374 ei

113 1393 268 1427 studium
291 1399 326 1425 et
348 1404 494 1436 operam
519 1403 631 1425 suam.
693 1391 842 1425 Exordii
867 1392 942 1425 vice
962 1393 1109 1436 ponitur

113 1443 330 1489 propositio:
366 1443 441 1486 Ego
461 1442 648 1487 diligenter
663 1455 729 1487 ago
748 1456 802 1477 res
821 1449 910 1478 tuas.
970 1444 1108 1489 Propo-

113 1496 278 1529 sitionem
294 1501 493 1540 sequuntur
512 1495 603 1527 duae
623 1495 930 1539 amplificationes]
984 1496 1106 1529 Prima

114 1553 164 1580 est
189 1552 329 1590 sumpta
357 1557 377 1578 a
403 1545 697 1590 praecedentibus
725 1546 999 1587 offensionibus,
1043 1554 1108 1581 est-

113 1610 180 1644 que
198 1595 402 1637 antithesis,
430 1597 528 1630 cuius
545 1595 632 1630 haec
649 1604 700 1631 est
722 1610 879 1632 summa:
914 1599 1029 1631 Antea
1055 1599 1108 1631 in-

111 1650 273 1683 ciderunt
287 1649 420 1681 multae
439 1648 653 1683 offensiones
665 1675 674 1689 ,
708 1661 804 1683 nunc
821 1650 969 1684 omnino
986 1663 1107 1684 sumus

110 1700 228 1734 amici.
294 1699 415 1732 Altera
447 1699 675 1743 amplificatio
701 1707 752 1734 est
777 1702 954 1746 quaedam
981 1703 1107 1735 confir-

107 1752 220 1785 matio
233 1777 242 1792 ,
267 1751 363 1797 quod
380 1749 467 1784 haec
486 1750 642 1783 amicitia
660 1758 759 1785 vetus
775 1752 838 1792 sit,
871 1765 962 1798 quae
985 1754 1103 1787 sutura

109 1810 160 1837 est
174 1809 359 1848 perpetua.
419 1801 591 1846 Epilogus
615 1802 760 1846 longam
785 1804 943 1837 continet
968 1805 1105 1849 pollici-

108 1855 301 1894 tationem,
330 1853 427 1899 quod
444 1853 529 1886 velit
550 1860 730 1897 praestare
755 1854 911 1888 debitam
935 1857 1041 1889 fidem
1068 1857 1105 1890 in

108 1906 263 1940 amicitia
281 1911 456 1950 perpetuo
474 1905 634 1939 colenda.

349 1989 486 2023 Aliud
521 1996 852 2035 argumentum.

205 2058 412 2092 Admodum
431 2058 569 2092 erudita
594 2065 645 2092 est
668 2058 838 2103 epistola,
873 2070 963 2104 quae
988 2065 1104 2103 potest

106 2111 266 2155 exemplo
303 2122 374 2144 esse
406 2110 590 2154 scripturis
615 2111 661 2143 ad
685 2111 840 2156 aliquem
865 2111 908 2143 de
931 2110 1103 2156 singulari

103 2162 352 2196 benevolentia
374 2174 413 2194 ac
430 2162 560 2196 studio.
614 2162 730 2195 Porro
755 2161 974 2202 simultates,
1011 2174 1101 2208 quae

105 2221 208 2247 erant
223 2213 318 2246 inter
335 2213 450 2257 ipsum
472 2220 506 2246 et
522 2214 708 2254 Crassum,
744 2213 923 2247 scribendi
947 2213 1102 2247 occasio-

103 2277 186 2298 nem
220 2265 480 2309 praebuerunt,
530 2277 617 2311 quas
649 2265 825 2309 significat
857 2277 951 2298 nunc
985 2265 1101 2299 nullas

103 2328 196 2357 esse,
223 2329 288 2349 nec
304 2315 440 2361 aliquas
462 2315 610 2360 posthac
634 2317 782 2351 futuras.
845 2317 952 2362 Quod
980 2323 1020 2350 ut
1043 2329 1101 2350 ve-

104 2380 184 2402 rum
219 2368 384 2402 ostendat
414 2379 504 2408 esse,
554 2368 716 2413 pluribus
751 2375 1011 2402 commemorat
1038 2381 1099 2402 sua

137 2469 185 2498 62)
205 2468 306 2498 simus]
326 2468 368 2492 sic
386 2468 470 2492 Editt.
490 2469 698 2502 1537—1545.,
719 2471 812 2503 1554„
832 2471 925 2502 1557.;
952 2470 1001 2496 Ed.
1024 2470 1099 2494 1560.

174 2510 276 2528 sumus

136 2547 185 2576 63)
204 2548 279 2571 Haec
297 2547 363 2570 nota
381 2545 409 2569 in
428 2546 477 2571 Ed.
498 2546 573 2571 ¹560.
594 2547 682 2573 deest.

134 2589 183 2621 64)
204 2591 261 2614 Hoc
292 2591 484 2620 argumentum
516 2591 543 2613 et
576 2590 628 2616 duo
653 2592 797 2623 sequentia
822 2593 932 2616 exstant
958 2592 985 2616 in
1012 2591 1097 2616 Editt.

171 2625 247 2649 1556.
258 2641 265 2655 ,
288 2624 480 2648 1565—1596.

135 2668 184 2695 65)
206 2667 267 2691 sore
285 2668 382 2690 contra
401 2667 584 2696 improborum
603 2667 732 2698 iniurias]
751 2670 790 2694 sic
804 2670 888 2694 Editt.
906 2670 991 2700 1565„
1012 2670 1097 2694 1569..

172 2702 266 2732 1592.;
292 2701 341 2725 Ed.
363 2702 436 2726 1556.
457 2703 556 2726 contra
575 2702 759 2732 improborum
778 2705 894 2729 iniurias
913 2705 983 2730 fore.

135 2744 183 2772 66)
203 2743 259 2768 cte.
277 2743 313 2767 aa
330 2743 405 2768 Fam.
424 2744 446 2775 1,
465 2745 491 2775 9,
511 2744 552 2770 20.

282 126 402 162 XXIII.
454 125 767 162 ARGUMENTA
791 125 857 161 ET
885 126 1088 163 SCHOLIA
1113 127 1161 164 IN
1186 130 1334 169 EPIST.
1361 131 1474 169 FAM.
1502 132 1586 170 CIC.
1614 134 1702 172 LlB.
1720 136 1762 172 V.
1789 136 1861 173 ΕΡ.
1879 139 1912 173 7.
1931 139 1963 173 8.
1981 139 2016 174 9.

2097 140 2168 175 170

1174 231 1254 263 erga
1272 220 1372 254 illum
1389 221 1570 254 absentem
1589 221 1702 254 officia
1724 222 1914 258 deferendo
1939 225 1976 258 in
2001 225 2167 259 omnibus

1172 271 1328 305 studium
1347 279 1380 306 et
1399 285 1558 316 operam.
1597 272 1721 307 Primo
1738 274 1816 308 loco
1835 283 1885 309 est
1904 277 2104 322 propositio
2123 279 2165 310 de

1172 334 1236 355 suo
1255 323 1371 357 studio
1390 323 1427 356 in
1442 325 1604 358 ornando
1624 337 1663 358 ac
1682 326 1904 360 defendendo
1918 328 2056 363 Crasso.
2094 329 2165 361 De-

1173 373 1255 407 inde
1275 375 1435 421 sequitur
1453 377 1748 410 commemoratio
1765 378 1990 420 meritorum,
2018 391 2108 425 quae
2119 379 2165 426 67)

1174 426 1387 470 amplificata
1407 434 1457 461 est
1478 426 1647 462 antithesi
1671 441 1711 462 ex
1735 431 2030 474 praecedentibus
2054 432 2164 465 offen-

1172 477 1331 512 sionibus
1349 479 1575 523 superiorum
1593 486 1808 525 temporum,
1829 482 1949 515 addita
1967 484 2165 516 earundem

1172 530 1409 564 excusatione.
1476 529 1539 564 Est
1562 538 1596 564 et
1620 532 1729 565 altera
1755 533 1985 577 amplificatio
2011 535 2054 567 de
2081 546 2164 568 vera

1171 580 1338 615 amicitia.
1411 580 1582 625 Epilogus
1613 583 1756 627 longior
1791 591 1860 625 est,
1912 585 1975 630 qui
2006 585 2165 619 continet

1169 632 1344 676 prolixam
1375 633 1671 676 pollicitationem
1696 635 1895 669 officiorum
1921 637 2038 671 omnis
2062 649 2165 681 gene-

1169 683 1236 723 ris,
1279 684 1335 716 cni
1366 684 1593 718 intersertum
1624 692 1675 719 est
1706 686 1813 720 breve
1841 688 2085 722 testimonium
2121 690 2163 721 de

1168 735 1409 779 praesentium
1432 735 1630 769 litterarum
1656 737 1744 777 fide,
1778 751 1868 783 quae
1892 752 1966 772 non
1991 746 2063 772 tam
2090 742 2163 785 epi-

1168 786 1298 826 stolae,
1327 798 1435 832 quam
1450 787 1613 831 perpetui
1629 788 1782 823 foederis
1802 789 1874 823 vim
1892 788 2021 824 habeat
2031 790 2090 837 ⁶³).

1416 863 1552 897 Aliud
1587 873 1914 909 argumentum.

1268 930 1418 964 Exordii
1448 932 1526 965 loco
1555 939 1606 966 est
1626 934 1824 978 propositio
1849 936 1892 968 de
1916 936 2161 970 testificatione

1166 982 1459 1023 benevolentiae,
1493 996 1553 1017 seu
1573 985 1679 1017 officii
1695 986 1760 1020 sui.
1821 986 1953 1020 Addita
1982 993 2033 1021 est
2056 988 2164 1027 ratio,

1166 1046 1227 1067 seu
1253 1035 1425 1079 expositio
1451 1036 1720 1079 propositionis.
1775 1037 1914 1072 Deinde
1937 1045 1988 1072 est
2014 1050 2164 1083 occupa-

1166 1085 1216 1118 tio
1256 1098 1336 1119 cum
1378 1086 1654 1130 amplificatione
1686 1089 1729 1121 de
1760 1089 1940 1123 simultate
1969 1090 2163 1134 superioris

1166 1137 1358 1181 temporis,
1382 1137 1418 1169 in
1435 1150 1504 1183 qua
1524 1139 1664 1182 longius
1684 1148 1943 1174 commemorat
1961 1154 2064 1175 suum
2087 1142 2163 1174 offi-

1166 1188 1258 1221 cium
1272 1215 1280 1227 ,
1308 1195 1342 1221 et
1359 1189 1461 1221 diluit
1477 1190 1706 1233 suspiciones.
1760 1192 1897 1225 Ultimo
1920 1193 1999 1226 loco
2017 1199 2068 1227 est
2083 1205 2162 1237 per-

1166 1239 1294 1277 oratio,
1315 1252 1406 1284 quae
1425 1238 1530 1272 lialiet
1547 1241 1844 1284 pollicitationem
1863 1251 2057 1289 perpetuae
2075 1244 2162 1277 ami-

1164 1290 1268 1322 citiae
1287 1296 1319 1322 et
1334 1291 1617 1326 benevolentiae.

1385 1367 1519 1400 Aliud
1557 1376 1866 1413 argumentum
1881 1370 1941 1417 69).

1265 1435 1366 1468 Hanc
1399 1436 1586 1480 epistolam
1612 1437 1735 1471 Cicero
1763 1439 1889 1474 Crasso
1922 1447 2044 1474 contra
2074 1440 2160 1474 Par-

1162 1483 1242 1520 thos
1256 1487 1388 1521 bellum
1407 1489 1544 1531 gerenti
1562 1490 1702 1534 scripsit
1718 1498 1798 1535 post
1814 1492 2079 1525 reconciliatam
2106 1492 2159 1525 in-

1163 1543 1216 1571 ter
1236 1538 1331 1583 ipsos
1349 1539 1561 1573 amicitiam:
1600 1554 1691 1586 quae
1716 1549 1756 1575 ut
1778 1543 2004 1576 reconciliata
2028 1544 2073 1577 sit
2096 1556 2159 1588 per

1161 1589 1376 1634 Pompeium
1403 1597 1510 1637 atque
1537 1592 1744 1633 Caesarem,
1788 1600 1822 1627 et
1853 1596 2158 1640 quemadmodum

1162 1640 1309 1675 Crassus
1333 1654 1446 1687 prope
1470 1655 1488 1675 a
1513 1644 1649 1677 foribus
1668 1644 1849 1679 Ciceronis
1875 1646 1912 1678 in
1935 1647 2159 1691 provinciam

1161 1694 1338 1737 profectus
1357 1694 1420 1734 sit,
1448 1707 1554 1738 supra
1574 1696 1694 1729 videre
1715 1696 1797 1730 licet
1821 1697 1857 1729 in
1881 1697 1985 1742 longa
2011 1698 2159 1743 epistola

1161 1745 1204 1778 ad
1220 1744 1412 1778 Lentulum
1436 1745 1519 1779 libri
1539 1746 1641 1793 1.⁷⁰).
1702 1748 1793 1781 Sunt
1814 1755 1932 1782 autem
1958 1756 2027 1783 tres
2053 1748 2160 1784 huius

1161 1795 1330 1841 epistolae
1349 1803 1478 1841 partes.
1512 1798 1638 1832 Primo
1658 1807 1929 1841 commemorat,
1948 1802 2032 1846 quid
2050 1801 2160 1846 ipsius

1160 1860 1262 1881 causa
1283 1849 1404 1892 egerit.
1458 1848 1597 1883 Deinde
1613 1850 1800 1895 pollicetur
1825 1851 1856 1884 ei
1879 1865 2056 1885 summam
2079 1865 2158 1897 gra-

1160 1899 1317 1933 tificandi
1348 1900 1584 1935 voluntatem.
1660 1901 1849 1936 Postremo
1879 1904 1986 1947 petit,
2026 1911 2067 1937 ut
2093 1917 2156 1938 sua

1160 1962 1289 1995 opera,
1325 1963 1538 1997 quacunque
1565 1953 1601 1985 in
1625 1965 1683 1993 re,
1718 1953 1830 1986 libere
1856 1961 1996 1995 utatur,
2033 1961 2066 1988 et
2091 1955 2158 1988 sibi

1158 2002 1349 2045 significet,
1377 2002 1499 2047 quida
1517 2015 1552 2036 se
1578 2004 1653 2036 fieri
1680 2005 1776 2038 velit.
1841 2005 2009 2038 Continet
2037 2012 2156 2039 autem

1158 2059 1232 2086 tota
1267 2053 1414 2097 epistola
1454 2054 1738 2088 testificationem
1776 2054 2066 2097 benevolentiae,
2121 2064 2152 2089 et

1157 2104 1460 2149 praedicationem
1485 2117 1633 2139 suorum
1660 2105 1872 2141 officiorum.

1194 2209 1522 2255 Argumentum
1560 2217 1601 2244 et
1635 2209 1813 2246 scholia
1849 2212 1896 2245 in
1933 2213 2107 2258 episto-

1564 2263 1651 2296 lam
1682 2262 1740 2298 IX.

1258 2335 1364 2371 Initio
1375 2337 1421 2385 ⁷¹)
1440 2340 1631 2384 proponit,
1660 2340 1788 2373 deinde
1812 2340 1986 2375 rationem
2014 2342 2154 2376 subiicit

1155 2400 1196 2421 ex
1214 2389 1395 2433 prioribus
1415 2391 1537 2424 osficiis
1556 2391 1748 2425 Ciceronis.
1801 2390 1965 2427 Vatinius
1990 2394 2057 2427 suit
2081 2395 2153 2428 bel-

1187 2502 1234 2535 67)
1256 2505 1341 2534 quae]
1361 2502 1401 2527 sie
1419 2503 1494 2526 recte
1513 2502 1596 2525 Editt.
1618 2501 1710 2531 1556„
1731 2501 1825 2533 1592.;
1855 2503 1939 2528 Editt.
1962 2504 2052 2532 1565..
2075 2507 2147 2531 1569.

1241 2545 1310 2562 uem.

1187 2546 1238 2609 GSt)1
1254 2582 1369 2610 haheat]
1390 2579 1429 2603 sic
1447 2579 1530 2603 Editt.
1547 2578 1634 2609 1565„
1654 2578 1738 2608 1569.,
1761 2579 1852 2611 1592.;
1881 2581 1928 2606 Ed.
1945 2582 2017 2606 1556.
2037 2584 2153 2608 hahent.

1187 2625 1235 2652 69)
1256 2624 1314 2648 Hoc
1332 2623 1523 2654 argumentum
1542 2621 1641 2644 habent
1660 2622 1745 2648 Etutt.
1761 2623 1868 2646 1565-
1883 2624 1956 2648 1596-

1185 2667 1233 2695 70)
1253 2666 1332 2690 conf.
1353 2666 1421 2688 nota
1439 2664 1486 2687 66.

1184 2710 1233 2738 71)
1252 2710 1348 2737 Initio]
1375 2708 1435 2731 huic
1460 2706 1522 2731 voci
1555 2707 1580 2730 iu
1606 2706 1690 2731 Editt.
1712 2707 1803 2732 1540..
1832 2708 1923 2739 154⁴„
1955 2709 2044 2733 1554..

1219 2744 1341 2774 praefixa
1359 2744 1421 2765 sunt
1441 2741 1497 2766 Cic.
1520 2742 1624 2765 verba:
1650 2742 1683 2766 Si
1701 2742 1791 2767 vales.

2081 2711 2154 2735 1557.
