2294 2975
83 105 160 144 257
221 104 343 143 XXIII.
384 104 694 141 ARGUMENTA
719 102 784 140 ET
811 104 1014 141 SCHOLIA
1041 104 1089 140 IN
1115 102 1263 141 EPIST.
1290 105 1402 143 FAM.
1430 107 1514 145 CIC.
1541 108 1712 148 LIBNII.
1738 114 1995 156 EP.13-17.

186 191 217 237 ἓ.
245 196 281 229 2.
317 195 410 236 Quod
435 205 511 227 vero
533 190 652 239 in⁸⁰)]
679 191 743 225 Illa
767 189 952 226 antithesis
976 190 1083 226 habet

82 243 248 288 gratiam.
335 246 369 279 G.
393 245 508 279 Μανὶἱ
523 241 597 291 8¹)]
632 243 698 277 Hic
725 243 793 277 suit
823 243 969 278 intimus
995 244 1081 278 Cae-

82 295 170 330 saris
182 294 242 342 82).

373 351 698 398 Argumentum
715 352 774 400 ⁸³).

183 411 352 447 Narratio
380 417 451 451 est,
486 411 525 444 in
549 424 618 457 qua
649 411 794 456 exponit
816 423 919 445 suum
941 412 1077 446 deside-

80 462 173 496 rium
198 468 347 508 propter
364 462 526 495 Trebatii
548 463 767 503 absentiam,
794 462 902 508 idque
928 463 1004 496 sieri
1026 465 1076 497 af-

79 514 198 547 firmat
224 526 266 547 ex
282 525 367 546 vero
385 525 527 554 amore,
554 514 660 548 simul
679 520 799 547 tamen
818 513 1010 557 significat,
1037 527 1073 549 se

80 571 229 608 propter
255 569 366 598 certas
392 576 514 598 causas
540 570 574 597 et
597 565 752 598 laturum
769 571 803 598 et
822 572 1071 609 superaturum

80 614 168 647 illud
193 615 420 649 desiderium.
473 615 610 648 Deinde
627 622 679 649 est
696 616 765 648 alia
785 616 946 648 narratio
963 618 1005 649 de
1022 617 1072 649 fa-

77 664 282 699 miliaritate
315 678 409 699 nova
447 678 526 699 cum
559 666 697 707 Mario,
741 667 778 699 111
809 679 878 712 qua
903 668 1071 699 admonet

78 727 179 756 eum,
206 722 245 749 ut
271 717 369 749 omni
386 728 513 761 genere
537 717 734 751 officiorum
763 729 972 750 conservare
999 724 1070 751 stu-

77 767 159 800 deat
174 767 455 800 familiaritatem
481 768 571 801 tanti
598 768 678 802 viri.
731 766 770 800 In
794 768 862 800 fme
880 768 999 801 addita
1019 774 1070 802 est

75 817 230 852 clausula
260 830 301 851 ex
329 816 496 853 honesto.

328 892 462 926 Aliud
495 897 819 936 argumentum.

176 950 277 985 Duae
306 959 388 985 sunt
409 952 533 985 breves
564 950 807 990 narrationes,
835 962 985 996 quarum
1012 963 1068 984 oc-

77 1002 255 1036 casionem
287 1002 395 1036 sumit
421 1015 463 1035 ex
495 1002 620 1035 litteris
644 1001 816 1034 Trebatii,
875 1000 995 1034 Altera
1024 1003 1066 1035 de

75 1065 137 1087 sua
155 1053 392 1086 sollicitudine
410 1060 443 1086 et
457 1053 716 1086 benevolentia.
768 1052 887 1085 Altera
907 1054 949 1085 de
966 1053 1066 1085 sami-

73 1103 227 1136 liaritate
244 1104 363 1144 Marii,
389 1104 508 1136 addita
527 1102 790 1143 adhortatione,
818 1109 857 1135 ut
874 1100 979 1137 huius
999 1104 1065 1136 viri

72 1154 351 1188 familiaritatem
377 1155 524 1189 sollicite
545 1160 747 1195 conservet,
776 1153 897 1187 addita
925 1154 1065 1188 ratione

76 1218 117 1238 ex
144 1203 307 1240 honesto.

315 1279 451 1314 Aliud
487 1286 809 1324 argumentum.

177 1338 373 1373 Exordium
400 1345 539 1372 constat
561 1345 737 1374 noemate.
806 1338 974 1384 Sequitur
1008 1352 1064 1373 cx-

71 1390 201 1435 positio
230 1390 404 1425 noematis
429 1402 448 1423 a
472 1402 535 1423 suo
559 1390 732 1434 exemplo.
784 1389 917 1435 Estque
932 1391 1063 1434 ,brevis

72 1442 248 1487 quaedam
270 1441 441 1474 narratio.
495 1441 681 1474 Postremo
708 1441 785 1473 loco
808 1441 956 1485 ponitur
984 1454 1062 1486 gra-

74 1493 212 1527 tulatiO.

197 1573 382 1609 Scholia
413 1574 459 1606 in
487 1574 735 1619 epistolam
764 1574 922 1621 XV1.⁸²¹).

173 1633 203 1679 §-
221 1636 254 1669 1.
285 1637 335 1668 Τιι
351 1639 483 1674 tcmwn,
509 1636 556 1667 mi
572 1635 675 1668 vetule
687 1633 760 1682 ⁸5)]
790 1634 1060 1679 Comprobatio,

70 1687 168 1732 quod
189 1685 256 1719 sibi
281 1691 421 1723 caveat,
457 1690 489 1716 et
517 1685 561 1717 sit
583 1685 620 1717 in
645 1685 731 1719 locis
757 1685 852 1719 tutis.
905 1686 949 1719 lit
969 1684 1060 1719 lianc

67 1737 171 1771 initio
199 1736 410 1780 amplificat,
437 1735 596 1779 repetitis
617 1735 694 1768 aliis
718 1736 827 1780 signis
849 1737 1059 1780 prudentiae

67 1795 103 1822 et
123 1787 339 1832 diligentiae.

364 1851 529 1897 Argum
543 1858 692 1886 entum
708 1851 767 1898 86).

167 1912 309 1947 Iocatur
326 1918 360 1945 et
375 1912 413 1944 in
427 1910 494 1944 hac
513 1911 660 1956 epistola
682 1924 761 1945 cum
778 1911 949 1945 Trebatio
964 1912 1059 1946 sesti-

67 1965 208 1999 x-issime
222 1970 361 2008 sumpta
378 1962 562 1997 occasione
578 1975 619 1996 ex
633 1962 760 1996 litteris
776 1962 885 2007 ipsius
896 1990 905 2003 ,
933 1969 967 1996 ct
987 1976 1058 1997 ser-

101 2065 149 2094 80)
169 2066 243 2088 Haec
261 2065 317 2090 Cic.
336 2065 423 2089 verba
439 2064 467 2088 in
485 2064 670 2093 Editt.1540.,
690 2063 775 2093 1544„
795 2063 881 2093 1554„
902 2064 976 2088 1557.
995 2065 1020 2089 11.
1040 2065 1057 2089 1.

133 2099 238 2123 omissa
268 2101 295 2123 et
320 2099 464 2130 sequeutia
488 2100 574 2123 verba
598 2098 772 2129 praecedenti
796 2100 878 2122 notae
906 2099 946 2122 sic
966 2099 1059 2123 addita

136 2135 216 2156 sunt:
235 2134 286 2157 Illa
303 2136 393 2157 autem
411 2133 558 2157 antithesis
577 2134 658 2157 habet
677 2132 803 2164 gratiam.

99 2177 149 2204 el)
168 2176 277 2205 Μανὶἱ]
297 2176 337 2200 sie
354 2176 420 2200 illae
437 2176 539 2207 Editt.;
557 2176 607 2200 Ed.
627 2176 712 2201 Orell.
733 2175 831 2200 Mani.

102 2220 151 2248 82)
170 2220 252 2250 Quod
269 2226 337 2245 vero
356 2220 388 2244 in
405 2233 440 2237 —
458 2220 615 2248 Caesaris]
640 2225 690 2249 pro
715 2219 757 2242 his
777 2219 880 2242 duabus
898 2220 1057 2244 annotatio-

134 2254 213 2277 nibus
231 2255 328 2277 hahent
345 2254 429 2278 Editt.
455 2255 544 2284 1545„
574 2254 647 2278 1560.
667 2254 735 2276 hanc
762 2260 857 2277 unam:
890 2255 971 2284 Quod
989 2261 1056 2279 vreru

135 2289 168 2312 in
183 2288 211 2312 C.
225 2288 336 2317 Marii]
355 2289 405 2311 Illa
423 2289 567 2312 antithesis
586 2289 666 2312 habet
679 2287 805 2318 gratiam.
841 2287 891 2312 Hic
910 2289 1056 2317 (Ed.1560.

135 2322 163 2345 id
181 2324 240 2351 est,
259 2322 322 2353 Hic)
341 2322 391 2346 fuit
410 2322 521 2346 intimus
541 2322 680 2347 Caesaris.

99 2364 147 2395 83)
168 2365 226 2389 Hoc
242 2366 431 2396 argumentum
452 2366 479 2389 et
503 2365 555 2390 duo
574 2363 715 2396 sequeutia
733 2364 760 2388 in
778 2363 862 2389 Editt.
879 2365 951 2389 1556.
963 2382 970 2392 ,
991 2366 1057 2390 1565

137 2399 255 2424 -1596,
276 2400 394 2423 exstant.

100 2443 150 2470 84)
165 2441 349 2466 Melanthonis
367 2441 556 2471 argumentum
580 2441 659 2465 huius
687 2441 820 2471 epistolae
838 2441 865 2465 in
885 2441 968 2466 Editt.
990 2442 1057 2466 1537

134 2477 264 2505 —1554.,
284 2475 377 2506 1557.,
397 2475 490 2506 1560„
515 2476 590 2501 1601.
609 2481 663 2499 11011
682 2476 836 2505 invenitur3
868 2478 1055 2507 argumentum

134 2511 163 2534 in
182 2511 264 2534 Editt.
287 2509 381 2540 1546.,
402 2509 476 2533 1601.
496 2510 557 2533 huic
575 2510 710 2540 epistolae
727 2509 923 2542 praemissum,
947 2512 1055 2534 Ascen-

135 2545 170 2568 sii
189 2546 230 2568 est
248 2544 341 2574 paucis
361 2543 453 2567 verbis
472 2544 614 2568 mutatum.

101 2587 150 2616 85)
168 2587 222 2611 Pro
240 2587 282 2610 luis
302 2585 358 2611 Cic.
376 2585 470 2609 verbis
489 2586 517 2609 111
535 2586 620 2611 Editt.
640 2588 732 2617 1545„
752 2587 828 2612 1560.
845 2587 888 2612 hic
905 2589 987 2612 notae
1005 2588 1055 2611 ad-

137 2621 241 2651 scripta
259 2622 323 2644 suut
340 2620 548 2651 praecedentia:
566 2621 601 2644 Ιη
620 2628 689 2652 equo
704 2622 840 2646 Troiano.

100 2664 150 2692 86)
169 2665 226 2689 Hoc
244 2664 434 2695 argumentum
454 2664 481 2686 et
499 2663 550 2686 duo
570 2663 713 2693 sequentia
730 2664 757 2688 111
776 2664 859 2689 Editt.
877 2665 969 2696 1556„
990 2665 1056 2690 1565

137 2698 254 2723 -1596,
273 2698 458 2727 reperiuntur.

72 2741 254 2773 Manum.
279 2740 384 2771 Orza.
410 2738 495 2770 Vo1..
519 2739 627 2771 XVII.

2050 122 2123 160 258

1135 202 1241 225 mone
1271 193 1436 229 aliorum.
1502 196 1663 232 Primum
1696 199 1803 244 igitur
1826 203 1983 247 iocatur,
2026 212 2123 254 quod

1133 241 1200 275 sibi
1229 255 1247 276 a
1270 244 1353 277 belli
1375 246 1540 289 periculis
1564 251 1759 284 cavendum
1791 266 1863 288 esse
1894 258 2121 299 existimarit;

1133 293 1260 327 deinde
1279 296 1322 329 de
1341 296 1490 331 Octavio
1507 300 1676 334 familiari
1696 301 1867 345 Trebatii,
1891 320 1993 352 quem
2013 323 2119 354 supra

1132 344 1220 377 dixit
1248 343 1431 381 hominem
1455 361 1594 384 summo
1617 364 1744 395 genere
1770 361 1914 397 natum,
1949 366 1982 392 et
2006 361 2119 395 filium

1130 400 1263 435 terrae;
1290 404 1471 441 postremo
1488 401 1531 434 de
1549 402 1688 446 opibus,
1715 417 1802 450 quas
1817 405 2006 444 Trebatius
2024 415 2119 455 apud

1129 444 1315 480 Caesarem
1341 457 1547 485 consecutus
1571 460 1664 494 erat,
1701 461 1735 488 et
1765 457 1808 489 de
1841 458 1915 492 eius
1939 462 2117 504 superbia,

1128 508 1197 541 qua
1224 509 1311 541 prae
1332 511 1367 533 se
1402 502 1558 547 reliquos
1587 516 1710 539 omnes
1734 507 1874 541 fortiter
1900 518 2116 548 contemnat.

1124 546 1321 582 Exordium
1347 547 1453 585 huius
1476 553 1644 596 epistolae
1660 553 1766 590 habet
1783 562 2115 603 comprobationem

1125 597 1319 640 ironicam,
1345 603 1442 645 quod
1463 602 1530 636 sibi
1558 613 1699 647 caveat,
1726 614 1761 640 et
1781 610 1824 642 sit
1848 610 1885 642 in
1908 611 1993 646 10015
2019 615 2115 655 tutis,

1124 645 1285 694 hancque
1304 652 1496 694 amplificat
1520 655 1676 698 repetitis
1700 658 1777 691 aliis
1802 660 1910 703 signis
1933 675 2015 696 suae
2031 677 2115 708 pru—

1123 699 1264 732 dentiae
1282 712 1321 734 ac
1337 702 1552 745 diligentiae.
1579 705 1784 751 Sequuntur
1800 711 1926 744 deinde
1946 715 1988 746 ad
2007 715 2112 748 finem

1122 761 1233 794 usque
1256 752 1501 793 narrationes,
1529 755 1614 799 quid
1631 764 1711 799 agat
1727 771 1805 792 cum
1822 762 1943 796 amicis
1963 764 2112 807 Romae,

1123 805 1156 831 et
1173 812 1264 845 quae
1289 802 1452 836 dicantur
1469 805 1511 837 de
1530 805 1714 841 Trebatio.

1375 886 1513 922 Aliud
1541 898 1865 935 argumentum.

1222 952 1427 988 Admodum
1450 957 1566 991 festivi
1590 966 1673 993 sunt
1698 960 1767 994 ioci
1800 960 1904 998 huius
1929 966 2112 1010 epistolae.

1119 1002 1262 1038 Primus
1283 1011 1334 1039 est
1351 1007 1393 1039 de
1413 1006 1523 1051 ipsius
1551 1010 1724 1053 sapientia
1743 1013 1931 1057 singulari,
1960 1019 2055 1062 quod
2076 1021 2113 1052 in

1120 1060 1280 1099 tempore
1305 1056 1371 1090 sibi
1396 1070 1520 1092 cavere
1545 1060 1679 1096 didicit.
1732 1063 1912 1100 Secundus
1937 1068 1979 1100 de
2005 1068 2110 1102 Octa-

1119 1105 1176 1137 vio
1197 1105 1306 1150 ipsius
1324 1108 1511 1149 familiari,
1539 1123 1644 1156 quem
1662 1125 1769 1157 supra
1784 1115 1895 1150 filium
1914 1123 2028 1152 terrae
2047 1132 2110 1153 no-

1119 1155 1280 1191 minavit.
1334 1158 1476 1193 Tertius
1492 1161 1535 1193 de
1552 1164 1726 1197 sententia
1745 1165 1866 1207 Balbi,
1895 1168 1956 1213 qui
1983 1172 2110 1204 confir-

1119 1214 1279 1241 maverat
1293 1208 1503 1244 Trebatium
1520 1212 1677 1246 futurum
1696 1215 1842 1250 divitem
1855 1244 1864 1257 ,
1892 1220 2010 1252 addita
2028 1222 2108 1254 irri-

1118 1257 1216 1291 sione
1240 1261 1434 1293 sententiae
1457 1261 1658 1297 Stoicorum
1691 1266 1733 1299 de
1758 1267 1936 1303 divitibus.

1118 1314 1173 1342 tus
1197 1310 1239 1341 de
1264 1310 1374 1353 ipsius
1397 1311 1566 1346 iactantia
1592 1321 1625 1348 et
1646 1318 1823 1360 superbia.

1118 1359 1266 1404 epistola
1284 1368 1421 1395 constat
1441 1371 1611 1408 perpetua
1629 1368 1848 1403 narratione.

1993 1271 2109 1316 Quar-

1889 1319 2004 1354 Porro
2031 1329 2105 1356 tota

1359 1453 1498 1489 Aliud
1527 1467 1850 1502 argumentum.

1215 1519 1491 1556 Narratiuncula
1517 1531 1587 1565 est,
1616 1539 1706 1571 quae
1730 1527 1856 1572 incipit
1881 1542 1899 1563 a
1925 1535 2106 1567 communi

1114 1571 1324 1614 proverbio:
1354 1572 1440 1606 Sero
1464 1575 1606 1618 sapiunt
1632 1575 1789 1622 Phryges
1804 1579 1863 1626 87).
1916 1582 2103 1618 Proverbii

1114 1624 1398 1656 accommodatio
1421 1633 1560 1669 sumpta
1579 1634 1629 1661 est
1645 1640 1664 1660 a
1689 1641 1841 1673 persona
1859 1631 2019 1666 Trebatii
2041 1648 2104 1679 per

1114 1673 1345 1708 contrarium.
1382 1675 1696 1713 Narratiunculam
1716 1681 1761 1712 ad
1779 1682 1884 1715 finem
1901 1695 2012 1729 usque
2031 1687 2104 1730 epi-

1113 1724 1223 1756 stolae
1241 1732 1439 1770 sequuntur
1455 1726 1542 1769 ioci,
1571 1730 1698 1775 quibus
1717 1731 1857 1779 salseSS)
1882 1733 2007 1769 irridet
2016 1736 2103 1770 Tre-

1112 1774 1260 1809 batium.

1327 1864 1463 1900 Aliud
1494 1877 1810 1912 argumentum
1826 1872 1884 1920 S³³).

1211 1931 1335 1965 Primo
1354 1932 1493 1967 iocatur
1513 1935 1549 1967 in
1567 1948 1667 1976 eum,
1694 1939 1789 1982 quod
1804 1939 1927 1974 timide
1949 1948 1981 1974 et
2000 1951 2099 1977 caute

1112 1988 1273 2015 versatur
1290 1983 1327 2015 in
1345 1995 1383 2016 re
1400 1985 1567 2025 militari,
1599 1993 1631 2018 et
1650 1994 1771 2021 caveat
1790 1996 1823 2022 et
1841 1991 1990 2025 declinet
2007 1995 2099 2037 peri-

1112 2032 1240 2066 culum.
1293 2033 1444 2067 Orditur
1469 2048 1487 2067 a
1511 2037 1725 2079 proverbio,
1754 2045 1787 2072 et
1804 2045 2049 2077 accommodat
2064 2045 2098 2078 id

1111 2083 1155 2115 ad
1174 2083 1382 2117 Trebatium
1408 2097 1426 2117 a
1445 2086 1618 2122 dissimili.

1158 2173 1483 2219 Argumentum
1521 2185 1561 2212 et
1588 2178 1761 2214 scholia
1798 2183 1842 2215 in
1878 2185 2047 2228 episto-

1493 2230 1578 2263 lam
1607 2230 1714 2266 XVII.

1208 2300 1422 2337 Adhortatio
1438 2304 1504 2352 ⁹⁰),
1528 2318 1571 2339 ne
1590 2307 1810 2341 occasionem
1839 2312 2019 2354 augendae
2044 2316 2095 2347 rei

1108 2352 1294 2388 familiaris
1317 2355 1467 2391 amittat.
1521 2357 1589 2391 Sed
1604 2359 1783 2402 praecedit
1798 2359 1904 2404 longa
1922 2364 2095 2405 narratio,

1140 2472 1189 2500 87)
1208 2472 1249 2496 De
1272 2472 1322 2530 ἓὲο
1345 2473 1491 2503 proverbio
1516 2474 1588 2499 conf.
1615 2474 1724 2499 Erasmi
1748 2475 1827 2507 adag,
1853 2476 1914 2502 01111.
1933 2479 1954 2504 1.
1986 2484 2055 2505 cent.
2075 2483 2093 2507 1.

1178 2512 1254 2536 prov,
1310 2524 1315 2530 .

1140 2548 1188 2576 88)
1208 2549 1298 2577 salse]
1324 2548 1364 2573 sic
1389 2551 1464 2574 recte
1487 2550 1572 2577 Editt.
1593 2551 1684 2584 1556.,
1712 2553 1805 2585 1592.3
1839 2555 1890 2579 Ed.
1912 2556 1987 2583 1565.
2005 2558 2093 2584 false:

1175 2583 1225 2607 Ed.
1247 2583 1319 2606 1569.
1339 2584 1436 2608 falsae.
2085 2586 2089 2589 ’

1140 2625 1188 2653 89)
1208 2624 1265 2649 Hoc
1290 2628 1477 2657 argumentum
1496 2627 1580 2651 Editt.
1602 2628 1791 2655 1565—1596.
1810 2631 1919 2656 habent.

1140 2667 1189 2695 90)
1208 2666 1274 2689 Huic
1292 2667 1352 2690 voci
1380 2667 1406 2690 in
1425 2668 1507 2691 Editt.
1538 2669 1629 2697 1540„
1652 2671 1741 2701 1544,
1762 2672 1852 2703 1554„
1882 2674 1954 2699 1557,
1971 2677 2094 2706 praefixa

1179 2702 1244 2725 sunt
1263 2701 1318 2727 eie.
1338 2702 1423 2726 verba
1441 2703 1483 2731 (s.
1504 2703 1557 2731 1.):
1584 2705 1632 2729 Ex
1651 2705 1711 2730 tuis
1730 2705 1850 2732 litteris.

1469 2738 1515 2771 17
