2351 2990
172 132 244 165 ⁴:35

177 229 308 250 mores:
338 215 441 251 item,
470 213 564 258 quod
590 211 746 244 libellum
772 207 921 241 ediderit.
939 211 1061 238 contra
1078 205 1165 237 Cae,-

178 280 303 300 sarem.
359 265 465 298 Addit
491 271 607 296 autem
634 260 891 294 excusationem
920 257 1091 289 libertatis
1116 263 1165 289 at-

179 331 246 362 qu·-
266 315 522 348 amarulentiae
541 315 576 346 in
596 311 836 345 maledicendo
856 310 898 341 ab
918 307 1078 351 exemplo
1099 306 1167 339 Lu-

321 367 380 411 qui
412 366 546 410 primus
579 363 643 396 suit
679 361 867 394 satirarum
895 358 1047 402 scriptor
1073 359 1167 401 apud

388 417 484 449 cuius
515 411 747 447 amarulentia
772 411 877 445 etiam
904 409 1059 443 carmine
1084 409 1169 442 Per—

178 368 245 400 cilii
266 394 274 405 ,

180 419 342 454 Latinos,

178 470 277 502 siano
299 474 420 500 notata
447 472 512 498 est:

393 524 490 551 Secuit
514 522 643 549 Lucilius
667 521 788 553 urbem,

225 579 268 605 'l'e
292 576 390 612 Lupe,
413 581 442 601 te
458 572 609 611 Muci77),
632 578 661 600 et
684 571 843 609 genuinum
865 568 951 606 fregit
974 568 1004 595 in
1028 567 1082 595 illis
1092 565 1148 604 ἿΒ).

185 628 220 660 111
246 625 468 659 conclusione
495 624 600 667 petit,
635 629 675 657 111
700 623 772 666 ipse
791 620 934 659 Cicero,
969 619 997 652 si
1021 618 1105 663 quid
1129 619 1170 650 de

184 677 340 711 Caesaris
367 688 451 709 nece
477 674 627 714 scribat,
670 686 706 707 se
738 684 880 717 quoque
906 677 1017 715 ponat
1044 669 1080 702 in
1110 669 1169 701 illo

183 729 325 772 scripto.

427 792 567 826 Aliud
604 796 935 834 argumentum.

284 851 573 897 Pl11tarch11s⁷⁸a)
593 851 699 884 refert
713 848 996 883 interfectoribus
1012 846 1170 879 Caesaris

183 908 338 939 decretas
355 916 426 938 esse
449 901 650 948 provincias
678 913 741 934 ceu
763 899 921 945 praemia
939 910 1003 942 pro
1022 898 1169 929 liberata

186 970 202 989 a
223 964 375 1002 tyranno
393 954 587 999 republica,
610 959 643 985 et
662 952 753 984 inter
773 964 831 984 eos
851 949 1033 982 Trebonio
1054 949 1171 981 decre-

187 1015 255 1040 tam
281 1019 352 1040 esse
376 1006 525 1039 Assiam.
589 1002 619 1036 ls
642 1003 748 1046 igitur
775 1001 997 1039 Trebonius,
1031 1012 1109 1032 cum
1135 1000 1170 1031 in

186 1072 260 1091 eam
281 1057 498 1101 provinciam
526 1054 747 1099 profecturus
765 1050 922 1086 Athenas
940 1050 1111 1089 venisset,
1139 1056 1172 1082 et

187 1110 231 1141 ibi
253 1108 433 1141 Ciceronis
460 1107 569 1140 tilium
594 1104 719 1138 studiis
745 1102 967 1148 eloquentiae
993 1113 1032 1133 ac
1058 1099 1170 1144 pbilo-

185 1158 328 1203 sophiae
354 1170 497 1202 operam
530 1158 673 1189 dantem
703 1153 945 1192 convenisset,
984 1152 1105 1185 scribit
1132 1164 1169 1184 ea

188 1213 229 1243 de
251 1224 286 1243 re
306 1208 480 1248 Ciceroni,
499 1213 531 1240 et
549 1207 726 1240 collaudat
743 1206 951 1238 Ciceronem
971 1203 1172 1236 adolescen-

186 1269 268 1301 tem,
296 1267 327 1293 et
346 1260 543 1304 gratulatur
559 1256 699 1302 parenti
714 1257 756 1289 de
776 1255 837 1288 tali
851 1254 935 1287 filio.
970 1252 1008 1286 In
1027 1255 1093 1286 line
1113 1265 1173 1285 an-

186 1318 374 1345 nectuntur
397 1311 570 1356 quaedam
597 1308 718 1341 brevia
748 1308 792 1340 de
821 1304 999 1350 republica
1028 1310 1061 1337 et
1089 1316 1171 1336 nece

188 1364 359 1397 Caesaris.

405 1427 541 1460 Aliud
569 1422 953 1469 argumentumw).

287 1488 349 1521 Est
367 1486 574 1521 suaxissima
592 1485 759 1528 epistola,
786 1483 821 1515 in
845 1493 913 1527 qua
938 1485 1059 1513 narrat
1079 1479 1173 1512 Cice-

185 1540 263 1572 roni
281 1541 322 1572 de
338 1539 463 1572 studiis
489 1537 561 1569 tilii.
624 1535 661 1567 ln
684 1536 752 1567 fine
777 1533 875 1566 addit
901 1533 942 1565 de
968 1537 1129 1575 poemate
1154 1543 1171 1563 a

187 1603 221 1624 se
246 1591 281 1623 in
305 1590 429 1622 itinere
453 1594 574 1620 contra
595 1586 781 1619 Caesarem
797 1583 1010 1626 conscripto.
1060 1581 1173 1614 Excu-

187 1648 239 1675 sat
274 1647 390 1673 autem
425 1638 652 1671 acerbitatem
683 1636 842 1679 exemplo
866 1631 1071 1678 Luciliiffl),
1113 1632 1172 1677 qui

187 1692 311 1725 satiras
329 1690 479 1734 scripsit,
508 1689 542 1721 in
562 1688 688 1733 quibus
705 1686 844 1719 notavit
858 1685 950 1718 cives
969 1683 1174 1723 nobiliores,

187 1743 275 1776 sicut
291 1740 486 1784 Persiusffl)
505 1739 645 1772 indicat.

341 1823 522 1859 Scholia
561 1823 603 1855 in
640 1821 879 1865 epistolam
915 1817 1021 1852 XVII.

292 1892 320 1936 {-
356 1894 386 1925 1.
442 1894 549 1925 Grata
583 1890 666 1922 milei
700 1884 924 1932 vehementer]
968 1884 1174 1918 Exordium.

189 1946 316 1989 Captat
331 1939 614 1976 benevolentiam
635 1951 675 1971 ex
696 1937 960 1982 praedicatione
979 1935 1084 1969 osticii
1109 1935 1173 1968 sui.

188 1990 451 2039 ExSy1·2·a⁸‘-')]
479 1990 659 2025 Narratio.

478 2065 804 2109 Argumentum
822 2062 879 2107 83).

288 2129 357 2161 Res
390 2126 463 2170 ipsa
496 2129 644 2157 testatur
679 2122 844 2165 epistolas
876 2121 918 2152 ad
946 2117 1174 2151 Cornificium

187 2182 258 2213 fere
277 2190 398 2212 omnes
417 2178 517 2209 datas
535 2186 606 2207 esse
624 2179 705 2205 ante
726 2171 886 2205 Caesaris
904 2171 1045 2203 caedem
1058 2196 1066 2209 ‚
1095 2182 1173 2202 cum

221 2279 269 2306 77)
288 2278 374 2305 Muci]
395 2276 435 2300 sic
454 2274 584 2301 Persium
612 2272 676 2296 ittae
697 2272 778 2296 Editt.
798 2271 875 2296 Muti.

222 2321 269 2351 78)
290 2320 376 2344 Persii
395 2319 482 2342 satira
500 2318 521 2344 1,
544 2317 600 2340 114.
622 2316 678 2340 115.
702 2315 735 2337 ed
754 2313 869 2343 Koenig.

224 2361 290 2393 782¹)
310 2363 444 2386 Plutarch.
463 2362 537 2384 Brut.
555 2359 593 2383 19.

219 2406 266 2433 79)
288 2406 343 2427 Hoc
361 2404 549 2435 argumentum
568 2401 666 2424 habent
686 2399 767 2423 Editt.
787 2396 974 2421 1565-1596.

219 2448 267 2474 80)
287 2446 398 2473 Lucilii]
419 2445 457 2468 sic
477 2446 552 2468 recte
573 2444 620 2467 Ed.
643 2443 735 2472 1565.;
763 2441 845 2464 Editt.
868 2439 951 2470 1571..
974 2439 1047 2464 1596.
1068 2439 1152 2463 Lucii.

218 2490 266 2517 8¹)
286 2488 354 2510 Vide
375 2488 520 2511 1101311178.

217 2531 263 2559 82)
284 2530 336 2553 Pro
355 2529 395 2552 his
413 2529 467 2553 cie.
493 2527 583 2551 verbis
606 2527 632 2550 iu
655 2526 739 2549 Editt.
759 2525 848 2551 1540.,
872 2524 964 2551 154⁴..
986 2525 1077 2549 1554..
1100 2524 1172 2547 1557.

251 2564 311 2587 huic
330 2565 410 2586 notae
428 2562 573 2591 adscriptis
593 2561 675 2584 Editt.
700 2560 789 2585 15115η
813 2559 886 2582 1560.
912 2559 935 2581 11.
956 2558 971 2582 1.
999 2559 1097 2581 habeut
1127 2565 1172 2581 se-

252 2597 377 2628 quentia:
412 2597 516 2620 Romae
534 2601 689 2625 summum,
721 2594 814 2624 quihus
840 2593 866 2615 in
886 2592 934 2615 Ed.
957 2592 1029 2616 15:37.
1051 2592 1076 2615 in
1097 2598 1170 2615 mar—

251 2632 313 2661 gine
331 2632 372 2653 est
390 2630 524 2659 apposita.

215 2674 263 2701 83)
282 2675 340 2697 Hoc
359 2673 547 2699 argumentum
567 2671 593 2693 et
613 2670 663 2694 duo
682 2669 825 2700 sequentia
844 2668 868 2692 in
889 2668 972 2692 Editt.
992 2668 1082 2698 1556.,
1105 2668 1170 2691 1565

250 2721 277 2726 -
294 2707 366 2731 ¹596.
386 2707 547 2730 afferuntur.

749 121 871 157 PHIL.
904 119 1016 155 MEL.
1052 118 1253 154 SCRIPTA
1288 119 1624 156 PHILOLOGICA.

2128 120 2202 154 436

1220 207 1288 239 iam
1309 207 1495 251 imperium
1521 214 1642 242 teneus
1666 206 1920 252 rempublicam
1946 206 2125 250 delapsam
2149 218 2203 238 re-

1219 264 1377 291 staurare
1411 265 1610 293 conaretur.
1677 259 1760 292 Fuit
1785 264 1901 291 autem
1928 256 2136 290 Cornificius
2158 256 2203 288 ob

1220 309 1381 352 poeticen
1409 317 1441 342 et
1466 310 1658 342 oratoriam
1680 310 1815 348 clarus,
1845 309 2037 352 praelectus
2053 307 2205 346 Africae,

1221 359 1280 403 qui
1301 372 1379 392 011111
1396 360 1527 393 amicas
1551 360 1683 394 litteras
1707 362 1751 393 ad
1770 360 1975 393 Ciceronem
2000 357 2205 402 scripsisset,

1222 410 1344 442 Cicero
1371 408 1433 443 bac
1462 411 1608 455 epistola
1637 412 1669 445 ei
1693 412 1902 456 respondet,
1943 422 2032 455 quae
2058 415 2129 441 tota
2155 414 2206 441 est

1223 462 1423 493 narratoria
1448 463 1490 494 de
1516 462 1667 495 maxime,
1690 463 1796 495 variis
1831 462 1946 494 rebus.
2009 459 2205 492 Exordium

1223 518 1402 555 sumptum
1430 518 1480 545 051
1503 513 1545 544 ab
1574 513 1757 546 occasione
1791 513 1988 545 litterarum
2014 509 2207 549 Cornificii,

1224 568 1256 594 et
1282 568 1418 595 constat
1446 563 1613 595 familiari
1635 565 1759 596 affectu
1786 570 1930 608 propter
1959 561 2207 595 amicissimam

1225 614 1442 645 voluntatem
1463 614 1653 647 Cornificii.
1706 615 1871 660 Sequitur
1889 613 2046 646 narratio
2062 613 2104 644 de
2131 612 2208 656 qui-

1224 665 1369 696 busdam
1397 664 1549 697 motibus
1576 664 1698 709 Syriae
1726 671 1759 698 et
1784 664 2039 710 tranquillitate
2064 664 2098 695 in
2121 663 2207 695 urbe

1225 715 1406 754 Romana,
1435 728 1502 760 qua
1523 727 1558 748 se
1576 722 1793 748 commotum
1811 727 1882 749 esse
1900 715 2042 753 iudicat,
2070 720 2107 747 ut
2125 713 2209 747 scri-

1224 766 1317 798 beret
1353 766 1481 798 librum
1514 767 1556 798 de
1589 766 1725 810 optimo
1760 778 1886 809 genere
1909 766 2068 805 dicendi,
2103 776 2210 810 quem

1225 817 1414 849 Cornificio
1433 818 1620 861 probatum
1638 829 1709 850 esse
1729 817 1836 860 cupit.
1889 817 1941 850 Ad
1962 818 2068 849 finem
2083 815 2210 849 Corni-

1223 868 1302 900 ticio
1327 880 1425 901 suam
1442 868 1727 900 benevolentiam
1747 865 1897 901 exhibet.

1468 952 1601 986 Aliud
1630 959 1956 996 argumentum.

1326 1019 1522 1052 Exordium
1566 1019 1724 1052 continet
1758 1019 2059 1064 praedicati0nem
2094 1016 2212 1055 officii,

1226 1076 1346 1115 estque
1371 1070 1489 1102 addita
1518 1070 1635 1103 brevis
1658 1070 1793 1114 petitio.
1854 1070 1990 1102 vDeinde
2015 1073 2212 1113 sequuntur

1226 1127 1380 1165 quatuor
1398 1121 1699 1154 narratiunculae.
1733 1121 1856 1153 Prima
1877 1126 1927 1153 est
1943 1122 1984 1152 de
2003 1118 2211 1152 tumultibus

1227 1171 1262 1203 in
1278 1172 1378 1216 Syria
1399 1171 1548 1211 exortis,
1584 1178 1730 1215 propter
1755 1183 1843 1216 quos
1866 1171 1966 1203 valde
1991 1169 2096 1202 fuerit
2117 1167 2212 1201 solli-

1226 1222 1325 1255 citus.
1379 1222 1539 1255 Secunda
1557 1228 1607 1255 est
1621 1223 1663 1254 de
1681 1228 1773 1255 statu
1791 1221 1887 1255 urbis
1908 1221 1991 1255 satis
2018 1220 2147 1253 misero
2172 1230 2211 1250 ac

1226 1273 1436 1316 periculoso,
1490 1273 1610 1305 Tertia
1630 1274 1673 1305 de
1689 1285 1752 1305 suo
1772 1272 1881 1311 libro,
1909 1273 1953 1305 ad
1973 1271 2071 1304 cuius
2094 1269 2213 1302 lectio-

1228 1336 1305 1355 nem
1325 1323 1553 1355 Cornilicium
1581 1323 1716 1356 invitat.
1771 1322 1903 1355 Ultima
1928 1328 1978 1355 est
2002 1322 2044 1354 de
2069 1320 2211 1363 ingenio

1227 1380 1259 1406 et
1274 1374 1397 1407 studiis
1417 1373 1614 1413 Cornificii,
1643 1386 1733 1419 quae
1754 1374 1907 1418 praefert
1924 1373 2000 1406 aliis
2019 1371 2194 1405 omuibus.

1474 1458 1608 1491 Aliud
1636 1464 1962 1501 argumentum.

1329 1524 1419 1557 Sunt
1444 1526 1617 1569 quaedam
1644 1525 1866 1558 narrationes
1898 1525 2033 1556 breves.
2101 1521 2213 1554 Exor-

1227 1574 1324 1607 dium
1356 1582 1536 1619 sumptum
1573 1582 1623 1609 est
1657 1588 1676 1607 a
1710 1576 1913 1609 laudatione
1949 1572 2054 1606 officii
2089 1572 2211 1605 amici:

1227 1626 1376 1658 Gratum
1396 1632 1447 1659 est
1464 1624 1570 1666 milli,
1599 1627 1693 1671 quod
1712 1627 1840 1659 retines
1857 1624 2066 1658 memoriam
2089 1623 2213 1656 nostri.

1227 1677 1394 1721 Sequitur
1425 1677 1584 1709 narratio
1618 1678 1660 1709 de
1694 1682 1787 1709 statu
1810 1676 1907 1709 urbis
1930 1682 1963 1708 et
1984 1673 2212 1718 reipublicae.

1227 1727 1363 1760 Deinde
1382 1727 1524 1760 additur
1551 1734 1584 1760 et
1605 1727 1672 1759 alia
1700 1727 1859 1760 narratio
1882 1728 1923 1759 de
1947 1738 2009 1760 suo
2036 1725 2152 1758 studio
2180 1730 2216 1755 et

1227 1778 1376 1821 scriptis.
1430 1777 1467 1810 ln
1485 1780 1553 1810 tine
1571 1784 1621 1811 051
1636 1778 1774 1820 elegans
1793 1778 1946 1811 clausula
1971 1782 2004 1809 et
2029 1775 2212 1819 responsio

1228 1830 1273 1862 ad
1292 1829 1364 1862 eius
1383 1829 1742 1863 commendationem.

1378 1929 1560 1964 Scbolia
1592 1932 1635 1963 in
1664 1930 1904 1975 epistolam
1935 1926 2054 1961 XVIII.

1334 2006 1359 2050 ξ.
1386 2008 1416 2040 1.
1452 2009 1544 2047 Quod
1569 2004 1777 2052 extremum]
1806 2005 2000 2038 Exordium
2026 2017 2042 2036 a
2067 2016 2213 2037 eonsue-

1230 2058 1350 2091 tudine
1377 2064 1574 2090 oratorum.
1658 2059 1727 2090 llos
1751 2069 1804 2090 vos
1826 2068 1962 2099 muynos
1987 2061 2135 2089 oratores
2154 2054 2212 2098 [α-

1228 2107 1320 2155 cere]
1350 2115 1388 2141 ut
1407 2106 1560 2153 ὕστερον
1577 2104 1756 2153 ,πρότερον
1772 2107 1895 2139 dicatis
1907 2106 1965 2153 Μ).

1530 2191 1559 2223 Α
1571 2203 1587 2223 1·
1597 2203 1689 2234 gum
1703 2204 1719 2224 e
1732 2204 1752 2223 n
1765 2198 1851 2224 tum
1867 2190 1925 2237 S³).

1329 2259 1560 2294 Accusatione
1582 2258 1761 2291 Cornificii
1795 2266 1911 2292 motus
1941 2259 2114 2302 significat
2141 2264 2211 2292 stu-

1228 2313 1326 2347 dium
1349 2310 1525 2346 scrihendi
1549 2322 1732 2354 nunquam
1759 2310 1824 2343 sibi
1848 2311 2008 2343 defuisse.
2067 2308 2211 2342 Deside-

1228 2370 1368 2396 raverat
1394 2362 1486 2394 enim
1513 2361 1721 2394 Cornificius
1746 2362 1880 2394 litteras
1899 2360 2089 2394 Ciceronis.
2142 2360 2210 2392 Pu·-

1227 2415 1377 2459 spondet
1396 2419 1512 2445 autem
1532 2413 1575 2444 ad
1593 2412 1758 2456 epistolas
1775 2412 1973 2451 Cornificii,
2001 2417 2034 2444 et
2054 2410 2208 2455 primum

1258 2547 1305 2578 84)
1327 2548 1400 2570 Haec.
1414 2547 1477 2570 nota
1491 2546 1515 2569 in
1532 2546 1613 2569 murt.
1632 2546 1714 2572 1545..
1737 2545 1809 2569 1560.
1830 2551 1889 2568 cum
1905 2543 2075 2575 praecedenti
2090 2544 2113 2567 ιἰι
2129 2551 2208 2568 uuam

1291 2582 1330 2604 sic
1349 2581 1490 2604 coniuncta
1515 2582 1570 2603 cst:
1604 2581 1686 2609 Quod
1705 2580 1875 2608 ertlremnm]
1893 2578 2041 2603 Exordium
2060 2590 2093 2595 —·
2111 2582 2206 2602 orato-

1294 2622 1370 2643 rum,
1390 2616 1417 2637 ut
1437 2611 1552 2645 ὕστερον
1570 2613 1706 2645 πρότερον
1725 2613 1830 2637 dicatis.

1257 2666 1305 2693 85)
1324 2667 1380 2689 Hoc
1398 2666 1585 2695 argumentum
1605 2666 1631 2688 et
1651 2665 1702 2688 duo
1723 2662 1864 2695 sequentia
1882 2662 1909 2687 iu
1929 2662 2011 2687 Editt.
2030 2663 2122 2693 1556..
2144 2655 2210 2689 ¹565

1291 2699 1408 2724 -1596,
1431 2699 1611 2723 continentur.
