2351 2990
220 119 296 154 903

225 216 316 251 quac
334 203 435 237 nobis
452 215 526 236 non
544 210 631 238 esset
651 203 813 242 inimica,
841 205 905 238 iste
923 205 1076 247 negabat
1094 216 1217 249 quem-

227 268 334 300 quam
367 267 521 299 aequum
558 255 708 289 iudicem
739 255 842 289 nobis
873 268 913 288 ac
935 254 1104 300 Philippo
1130 255 1217 289 sore.

226 307 342 339 Dabat
368 305 586 339 Halonesum
618 304 822 349 l‘hilippus;
864 307 928 340 iste
954 307 1097 339 vetabat
1129 306 1218 339 acci-

226 369 330 401 pere,
356 357 383 390 si
400 358 516 394 daret;
542 358 599 391 sed
617 357 644 389 si
662 358 836 396 redderet,
865 358 1029 391 censebat
1045 356 1218 401 recipien-

226 409 310 441 dum
329 420 420 441 esse:
457 408 503 440 ita
529 409 571 440 de
597 408 740 452 sjllabis
762 408 976 452 disputabat.
1030 409 1218 442 Postremo

227 460 418 492 decernens
443 471 592 491 coronas
621 457 694 497 his,
727 459 787 504 qui
813 466 936 493 contra
959 460 1082 493 foedus
1107 457 1219 493 Thes-

226 511 334 544 saliae
357 510 488 542 bellum
513 509 727 550 intulerant,
758 522 882 554 pacem
910 510 1152 555 perturbavit,
1185 516 1220 543 et

226 561 425 594 luctuosum
470 572 509 592 ac
550 561 726 594 funestum
771 561 903 594 bellum
949 563 1117 595 adversus
1157 573 1219 605 pa-

226 612 331 644 triam
358 611 534 644 excitavit.
599 611 732 645 Verum
764 613 882 646 aeneis
914 624 953 645 ac
980 611 1220 645 adamantinis

227 662 357 701 muris,
383 668 421 695 ut
438 662 511 706 ipse
530 662 598 701 ait,
621 663 775 696 Atticam
800 663 953 696 munivit
977 662 1151 697 adiunctis
1175 664 1218 695 ad

226 719 385 746 nostram
418 713 623 746 societatem
657 713 924 749 Euboeensibus
960 721 993 747 et
1025 712 1219 747 Thebanis.

227 764 295 797 Sed
314 776 376 797 vos
393 762 481 796 nihil
500 765 567 797 tale
587 764 774 808 opinantes
793 765 955 799 maximis
970 765 1110 799 iniuriis
1127 765 1220 798 cives

225 815 261 847 in
279 815 391 848 tribus
409 816 514 848 rebus
534 816 648 848 affecti
666 817 758 850 estis.

329 866 559 911 Quamquam
577 874 694 900 autem
721 869 763 900 ad
782 868 985 901 societatem
1007 865 1220 900 Thebanam

226 929 382 961 propero
403 944 412 957 ,
454 924 601 958 tamen,
648 925 688 951 ut
721 931 850 964 sequar
885 931 1005 952 rerum
1044 918 1221 958 ordinem,

226 968 326 1012 prius
342 969 384 1001 de
404 967 605 1002 Euhoeensi
624 969 751 1004 dicam.
806 969 878 1003 Vos
902 970 995 1003 enim
1023 982 1103 1003 cum
1131 969 1220 1003 mul-

225 1025 278 1052 tas
305 1025 339 1051 et
361 1031 508 1063 magnas
536 1020 685 1054 iniurias
713 1021 932 1065 accepissetis
959 1033 979 1054 a
1005 1018 1219 1055 Mnesarcho

226 1067 469 1111 Chalcidensi,
498 1071 600 1104 Callii
626 1078 659 1104 et
685 1070 945 1106 Taurosthenis
973 1079 1096 1116 patre,
1131 1083 1220 1117 quos

225 1121 289 1154 iste
318 1133 412 1155 nunc
436 1129 626 1167 corruptus
648 1124 818 1166 pecunia,
853 1124 960 1157 audet
987 1123 1129 1156 civitate
1157 1123 1220 1155 do-

225 1183 336 1211 nare;
380 1180 565 1217 praeterea
590 1186 608 1206 a
634 1172 872 1215 Themisone,
907 1175 969 1220 qui
993 1175 1097 1209 nobis
1121 1173 1220 1218 pacis

224 1229 387 1267 tempore
414 1224 578 1269 Oropum
604 1226 755 1259 ademit:
801 1233 921 1259 tamen
947 1224 1078 1259 horum
1105 1225 1219 1265 obliti,

225 1280 348 1317 postea
374 1275 545 1309 auxilium
571 1276 620 1310 eis
642 1277 771 1311 tulistis
796 1283 890 1311 terra
922 1277 1107 1323 marique,
1139 1289 1219 1310 cum

224 1323 389 1358 Thebani
410 1328 617 1361 transissent
641 1328 679 1361 in
701 1327 909 1368 Euboeam,
944 1335 983 1362 ut
1006 1329 1112 1361 urbes
1135 1328 1219 1361 isto-

225 1388 305 1410 rum
335 1377 372 1410 iu
397 1378 604 1412 servitutem
630 1379 853 1423 redigerent,
887 1386 921 1413 et
949 1379 1042 1412 intra
1069 1379 1119 1413 30
1145 1378 1219 1412 dies

224 1428 331 1471 potiti
362 1428 528 1470 Euboea,
572 1436 605 1463 et
636 1431 805 1475 repressis
835 1429 1017 1463 Thebanis
1050 1430 1155 1463 urbes
1185 1435 1220 1462 et

224 1479 465 1524 principatum
482 1481 556 1514 istis
572 1481 785 1515 restituistis.
829 1481 910 1526 Qua
929 1481 965 1514 in
980 1493 1018 1513 re
1037 1481 1218 1525 praeclare

223 1530 370 1568 fecistis;
409 1543 525 1577 neque
553 1532 647 1565 enirn
679 1533 826 1566 decebat
855 1545 918 1566 vos
946 1539 1032 1565 tunc
1064 1531 1217 1564 iniuriae

223 1582 446 1623 meminisse,
475 1595 553 1616 cum
574 1583 631 1616 isti
657 1596 692 1617 se
716 1585 760 1617 ad
777 1589 932 1617 vestram
963 1584 1067 1616 fidem
1095 1588 1130 1615 et
1152 1582 1219 1614 mi-

223 1633 454 1667 sericordiam
487 1635 701 1668 conferrent.
769 1634 881 1679 Atqui
904 1632 941 1667 hi
967 1646 1047 1667 cum
1073 1639 1173 1666 tanta
1198 1644 1217 1665 a

226 1685 326 1718 vobis
341 1685 510 1717 beneficia
529 1686 764 1729 accepissent,
792 1686 897 1729 longe
916 1685 1122 1719 dissimilem
1140 1696 1219 1728 gra-

224 1735 310 1768 tiam
328 1736 427 1769 vobis
443 1737 687 1770 reddiderunt.
739 1736 809 1770 Sed
833 1742 1068 1782 posteaquam
1094 1735 1132 1768 in
1147 1735 1219 1769 Eu-

224 1787 350 1820 boeam
367 1787 541 1821 transistis
558 1788 602 1820 ad
612 1788 872 1821 defendendum
882 1785 1129 1827 Plutarchum,
1151 1787 1219 1819 ini-

225 1838 274 1870 tio
291 1838 507 1871 simulabant
533 1839 726 1872 amicitiam
748 1851 830 1883 erga
854 1851 930 1873 vos.
983 1838 1119 1871 Verum
1137 1850 1216 1871 cum

224 1888 475 1929 transivimus,
503 1896 537 1923 et
558 1890 678 1934 copias
696 1890 918 1924 traduximus
936 1901 1001 1934 per
1018 1889 1218 1934 Cotylaeon

224 1946 404 1980 montem,
447 1940 497 1974 ibi
521 1941 668 1981 Callias,
708 1954 815 1986 quem
838 1939 1098 1974 Demosthenes
1122 1952 1218 1974 nunc

224 1993 386 2025 mercede
403 1992 617 2032 conductus,
645 1993 758 2025 civem
782 1993 918 2026 efficere
937 1991 1139 2032 contendit,
1167 1992 1219 2024 vi-

223 2044 310 2076 dens
331 2043 524 2076 exercitum
551 2050 714 2077 nostrum
745 2043 917 2087 impedito
940 2043 1019 2076 loco
1047 2049 1081 2075 et
1109 2054 1218 2087 angu-

224 2094 299 2128 stiis
314 2095 473 2140 undique
489 2095 665 2128 inclusum
692 2107 785 2134 esse,
819 2096 914 2128 unde
937 2095 1088 2127 evadere
1110 2106 1217 2127 nemo

224 2152 387 2190 poterat,
412 2145 475 2179 uhi
498 2146 597 2179 nulla
623 2145 746 2179 auxilii
765 2157 881 2191 neque
906 2157 927 2179 a
948 2151 1043 2178 terra
1059 2157 1175 2190 neque
1198 2157 1217 2177 a

224 2197 316 2230 mari
340 2209 419 2241 spes
443 2203 537 2237 erat,
573 2197 705 2241 raptim
738 2203 920 2230 contracto
953 2196 1109 2229 exercitu
1137 2208 1216 2229 cum

224 2249 359 2288 fratre,
399 2249 461 2293 qui
489 2249 685 2281 adduxerat
719 2245 920 2282 Phocenses
954 2248 1110 2287 milites,
1153 2259 1217 2281 vos

225 2297 314 2331 nihil
331 2299 400 2332 tale
418 2299 606 2344 opinantes
624 2299 811 2343 oppressit.
863 2300 979 2345 Atque
1003 2297 1060 2331 hic
1077 2298 1217 2331 Tauro-

226 2348 366 2384 sthenes
383 2351 454 2383 iam
472 2363 534 2384 vos
554 2351 685 2384 salutat
701 2351 872 2396 vobisque
886 2350 1081 2383 blanditur.
1133 2349 1218 2383 Fuit

227 2407 346 2433 autem
369 2402 450 2434 urbi
472 2408 615 2435 nostrae
640 2408 795 2435 extrema
822 2402 1008 2446 turpitudo
1031 2401 1216 2435 subeunda

226 2452 288 2484 illo
315 2458 496 2495 tempore,
534 2453 603 2486 nisi
628 2452 723 2486 Deus
753 2453 881 2498 aliquis
905 2453 1031 2486 urbem
1054 2458 1215 2486 nostram

226 2509 418 2543 servasset,
443 2509 477 2535 et
495 2504 624 2537 milites
642 2504 814 2538 instructa
836 2504 909 2537 acie
935 2503 1126 2537 fortissime
1152 2516 1216 2548 pu-

225 2554 369 2598 gnando
384 2554 578 2597 periculum
592 2555 844 2589 discussissent.
871 2555 994 2600 Neque
1012 2555 1106 2587 enim
1122 2554 1217 2587 vinci

227 2605 263 2637 in
280 2605 420 2649 proelio
444 2617 580 2638 summa
610 2606 792 2649 turpitudo
817 2613 886 2647 est,
914 2608 975 2640 sed
1000 2607 1043 2639 ab
1061 2606 1216 2649 indignis

226 2654 387 2689 hostibus
419 2656 456 2688 in
487 2655 677 2688 discrimen
702 2657 850 2697 adduci,
886 2658 923 2690 id
945 2670 1031 2691 vero
1058 2657 1216 2702 duplicat

228 2707 478 2742 calamitatem.
531 2706 604 2740 Vos
628 2714 745 2741 autem
759 2734 768 2748 ,
793 2714 890 2741 tanta
908 2708 1040 2742 iniuria
1059 2715 1214 2753 accepta,

798 119 920 154 PHIL.
954 118 1067 154 MEL.
1102 117 1305 153 SCRIPTA
1336 117 1672 154 PHILOLOGICA.

2184 119 2262 156 904

1271 209 1392 236 tamen
1419 216 1497 238 cum
1521 204 1570 238 eis
1595 204 1631 237 in
1648 204 1798 248 gratiam
1817 204 1982 238 rediistis.
2037 203 2127 238 Cum
2145 212 2265 240 autem

1270 254 1436 288 fecissetis
1471 255 1503 288 ei
1538 255 1687 299 gratiam
1722 256 1796 289 eius
1831 267 1974 301 quoque
2009 255 2147 296 delicti,
2189 268 2265 291 non

1270 305 1385 338 multo
1414 311 1493 349 post
1520 318 1641 340 rursus
1672 308 1715 339 ad
1744 307 1926 350 ingenium
1954 306 2072 340 rediit.
2139 306 2266 352 Coegit

1271 356 1366 389 enim
1384 356 1573 390 concilium
1591 357 1627 389 in
1644 357 1796 401 speciem
1818 358 1854 390 in
1871 355 2055 397 Chalcide,
2084 364 2264 392 caeterum

1271 419 1308 440 re
1328 407 1403 451 ipsa
1424 405 1491 439 hoc
1512 409 1602 451 egit,
1629 414 1669 441 ut
1684 407 1867 442 Euboeam
1887 409 2055 442 adversus
2070 421 2132 442 vos
2147 421 2266 443 arma-

1271 463 1345 498 ret,
1373 463 1406 490 et
1427 458 1493 491 sibi
1518 458 1744 502 tyrannidem
1768 459 1961 500 stabiliret,
1988 471 2134 504 sperans
2155 472 2192 494 se
2216 461 2264 494 ad

1273 521 1350 542 eam
1385 520 1461 541 rem
1495 507 1654 553 Philippi
1685 510 1817 543 auxilio
1848 523 1995 544 usurum
2026 523 2110 544 csse.
2167 510 2263 546 Nam

1273 559 1451 604 profectus
1483 559 1519 592 in
1543 559 1792 593 Macedoniam
1820 562 2059 595 assectabatur
2088 574 2190 602 eum,
2227 564 2264 596 et

1273 622 1365 643 unus
1393 610 1590 644 amicorum
1620 609 1779 655 Philippi
1807 612 2072 647 nominabatur.
2123 612 2263 647 Deinde

1273 674 1352 694 cum
1381 659 1588 706 Philippum
1619 662 1843 703 offendisset,
1879 664 2042 697 deserens
2070 675 2150 697 eum
2179 676 2264 708 pro-

1272 712 1361 756 fugit
1379 713 1424 745 ad
1441 711 1653 753 Thebanos,
1677 720 1797 757 postea
1813 713 1944 748 relictis
1961 712 2034 755 his,
2055 715 2264 748 mutabilior

1273 775 1381 808 quam
1407 762 1582 808 Euripus,
1625 765 1670 797 ad
1692 777 1797 810 quem
1829 763 2031 804 habitabat,
2073 765 2198 799 incidit
2223 766 2263 799 in

1273 814 1427 847 mediam
1460 815 1735 856 dissensionem,
1772 828 1862 860 quae
1890 816 1984 849 inter
2010 813 2203 850 Thebanos
2229 823 2266 850 et

1273 863 1481 909 Philippum
1512 867 1738 907 versabatur,
1775 867 1825 900 ibi
1848 867 1884 899 in
1914 873 2071 900 extrema
2099 868 2264 912 despera-

1274 916 1391 956 tione,
1419 928 1498 950 cum
1516 917 1687 958 nesciret,
1715 930 1786 962 quo
1804 930 1839 952 se
1855 924 2027 958 verteret,
2054 918 2187 952 indicta
2204 930 2263 952 ex-

1274 967 1474 1012 peditione,
1501 968 1683 1012 prospexit
1698 981 1808 1001 unam
1825 967 1917 1002 hanc
1941 969 2064 1003 salutis
2087 981 2208 1014 spem,
2233 969 2265 1004 si

1273 1030 1309 1052 se
1328 1019 1515 1052 nobiscum
1539 1019 1789 1063 coniungeret,
1816 1032 1951 1066 nosque
1979 1021 2024 1054 ad
2049 1020 2133 1054 belli
2154 1020 2265 1054 socie-

1274 1075 1381 1103 tatem
1400 1076 1558 1114 cogeret,
1585 1070 1614 1104 si
1632 1071 1710 1116 quis
1727 1077 1851 1104 contra
1870 1084 1951 1105 eum
1969 1083 2070 1105 arma
2091 1077 2265 1107 moveret.

1273 1119 1382 1166 quue
1398 1122 1558 1155 futurum
1576 1128 1670 1161 erat,
1686 1122 1755 1155 nisi
1769 1135 1832 1156 vos
1849 1121 2135 1167 prohibuissetis.
2167 1123 2265 1156 Haec

1274 1184 1353 1205 cum
1380 1172 1708 1214 animadvertisset,
1743 1174 1853 1207 mittit
1876 1172 1945 1207 huc
1968 1174 2104 1218 legatos
2127 1174 2263 1219 populo

1273 1223 1418 1256 inanem
1449 1236 1575 1268 spem,
1621 1223 1856 1258 Demostheni
1890 1225 2035 1270 eiusque
2073 1225 2177 1260 sociis
2206 1236 2263 1258 ar-

1273 1281 1418 1319 gentum
1444 1276 1652 1309 adserentes.
1720 1275 1835 1309 Porro
1867 1276 1935 1309 tria
1961 1276 2130 1309 beneficia
2155 1276 2261 1310 simul

1272 1331 1448 1359 mercatus
1468 1332 1529 1360 est.
1567 1326 1729 1359 Primum
1748 1327 1871 1359 fraude
1888 1327 2083 1360 insinuavit
2101 1339 2137 1361 se
2153 1327 2191 1359 in
2206 1338 2263 1361 so-

1272 1376 1435 1409 cietatem
1456 1383 1627 1414 vestram;
1665 1390 1780 1422 neque
1807 1379 1902 1410 enim
1925 1378 2082 1411 medium
2107 1384 2201 1418 erat,
2234 1376 2266 1411 si

1272 1427 1424 1471 populus
1455 1440 1594 1461 memor
1624 1428 1838 1461 iniuriarum
1869 1428 2075 1462 societatem
2109 1428 2184 1462 eius
2208 1439 2265 1461 re-

1271 1478 1470 1522 pudiasset,
1506 1491 1577 1523 quo
1610 1479 1728 1512 minus
1753 1485 1815 1512 aut
1845 1491 1886 1512 ex
1914 1477 2082 1512 Chalcide
2110 1480 2261 1523 sugeret,

1272 1535 1334 1562 aut
1359 1529 1407 1561 ibi
1431 1529 1573 1562 relictus
1600 1536 1825 1563 moreretur:
1870 1530 1961 1563 tanti
1985 1531 2154 1564 adversus
2179 1542 2263 1564 eum

1273 1580 1446 1614 exercitus
1476 1578 1634 1624 Philippi
1671 1587 1706 1614 et
1736 1579 1992 1615 Thebanorum
2028 1582 2262 1616 ducebantur.

1272 1631 1434 1664 Secundo
1457 1643 1589 1664 merces
1607 1633 1690 1664 data
1711 1638 1761 1665 est
1778 1632 1830 1672 ei,
1859 1632 1921 1677 qui
1938 1632 2019 1665 tulit
2036 1632 2262 1677 rogationem

1272 1683 1314 1715 de
1339 1683 1503 1722 foedere,
1530 1695 1574 1715 ne
1593 1680 1842 1717 Chalcidenses
1866 1689 2077 1727 cogerentur
2102 1681 2263 1717 Athenas

1272 1734 1310 1766 in
1327 1740 1543 1767 conventum
1560 1733 1693 1767 venire.
1744 1734 1868 1767 Tertio
1892 1747 1937 1767 ne
1959 1734 2132 1768 tributum
2150 1733 2265 1768 solve-

1271 1791 1336 1820 ret.
1395 1786 1512 1830 Atque
1545 1782 1632 1817 haec
1662 1785 1783 1818 omnia
1814 1785 1959 1829 perfecit
1992 1785 2132 1820 Callias.
2193 1784 2264 1818 Sed

1270 1833 1547 1875 Demosthenes,
1577 1835 1639 1881 qui
1663 1848 1699 1869 se
1716 1842 1952 1881 tyrannorum
1970 1835 2107 1870 hostem
2127 1848 2200 1870 esse
2217 1835 2263 1869 si-

1272 1887 1405 1927 mulat,
1431 1899 1609 1932 quemque
1628 1885 1795 1931 Ctesipho
1820 1888 1954 1932 optime
1974 1888 2157 1921 consulere
2179 1886 2262 1920 urbi

1272 1938 1423 1983 scripsit,
1446 1938 1606 1982 prodidit
1619 1938 1835 1983 reipublicae
1855 1938 2153 1983 opportunitates,
2175 1937 2262 1972 scri-

1272 1990 1342 2034 psit
1357 1990 1395 2022 in
1410 1989 1553 2023 foedere
1572 2002 1638 2023 nos
1655 1990 1826 2023 auxilium
1844 1990 1937 2023 ferre
1953 1987 2259 2030 Chalcidensibus,

1271 2047 1394 2086 postea
1412 2047 1551 2073 mutato
1571 2041 1680 2073 verbo
1692 2067 1701 2080 ,
1720 2053 1790 2085 quo
1808 2041 1926 2074 minus
1943 2041 2140 2074 offenderet
2155 2052 2260 2074 aures

1272 2092 1417 2137 populi,
1446 2091 1652 2136 adscripsit,
1681 2089 1929 2125 Chalcidenses
1946 2093 2073 2125 debere
2089 2091 2194 2126 nobis
2207 2090 2260 2124 vi-

1271 2143 1387 2177 cissim
1411 2155 1516 2187 opem
1537 2144 1649 2182 ferre,
1677 2143 1706 2176 si
1730 2142 1808 2187 quis
1827 2141 2102 2177 Atheniensibus
2124 2143 2259 2176 bellum

1271 2196 1412 2228 inferat.
1481 2194 1631 2227 Munera
1667 2205 1752 2226 vero
1788 2200 1822 2227 et
1857 2194 2090 2234 collationes,
2129 2194 2260 2239 quihus

1270 2251 1530 2280 sustentaretur
1550 2245 1702 2285 bellum,
1726 2257 1872 2289 prorsus
1892 2245 2071 2286 vendidit,
2097 2244 2261 2289 turpissi-

1269 2297 1337 2331 mis
1351 2297 1457 2330 rebus
1473 2302 1681 2341 praetexens
1703 2294 1891 2330 honestam
1909 2297 2129 2337 orationem,
2161 2296 2259 2342 quod

1270 2349 1429 2382 decuerit
1451 2359 1516 2381 nos
1543 2347 1699 2391 primum
1722 2347 1963 2392 indigentibus
1985 2348 2130 2382 Graecis
2153 2359 2260 2392 opem

1269 2401 1381 2441 ferre,
1422 2405 1545 2443 postea
1569 2398 1723 2442 cogitare
1749 2399 1792 2432 de
1818 2399 1986 2433 societate
2010 2405 2045 2432 et
2068 2400 2111 2432 de
2134 2404 2259 2432 nostra

1269 2452 1434 2485 utilitate.
1487 2450 1595 2494 Quod
1619 2456 1736 2483 autem
1764 2462 1849 2483 vera
1873 2451 2008 2490 dicam,
2034 2449 2144 2483 recita
2167 2447 2259 2482 mihi

1270 2503 1402 2536 Calliae
1417 2501 1587 2545 scriptum
1609 2507 1643 2533 et
1659 2502 1802 2541 foedus,
1831 2508 1864 2535 et
1880 2502 1957 2546 lege
1978 2503 2172 2534 decretum.

1370 2553 1539 2588 Nondum
1566 2549 1633 2584 hoc
1656 2553 1739 2586 satis
1766 2564 1873 2596 grave
1899 2559 1969 2592 est,
2007 2552 2135 2585 talibus
2159 2561 2260 2584 occa-

1268 2605 1446 2644 sionibus,
1482 2609 1580 2636 tanta
1602 2604 1752 2647 pecunia
1771 2603 2028 2649 rempublicam
2052 2602 2257 2636 fraudatam

1268 2669 1340 2690 esse
1363 2655 1547 2701 proditore
1572 2653 1825 2689 Demosthene.
1878 2655 1946 2688 Sed
1971 2653 2128 2687 recitabo
2154 2652 2258 2687 vobis

1267 2708 1365 2742 aliud
1396 2707 1539 2741 foedum
1572 2706 1719 2742 facinus.
1780 2705 1909 2740 Callias
1943 2717 1985 2739 eo
2015 2703 2257 2750 improbitatis
