2294 2975
103 112 177 146 317
243 108 364 145 XXIII.
414 107 723 144 ARGUMENTA
741 107 806 142 ET
827 106 1030 143 SCHOLIA
1055 106 1103 143 IN
1118 103 1275 146 ‚EPIS'R
1300 105 1412 142 FAM.
1438 106 1522 142 CIC.
1549 107 1637 144 LIB.
1656 108 1712 144 lx.
1739 110 1996 149 EP.18—21.

316 195 452 228 Aliud
486 194 870 240 argumentum‘ffl).

202 255 265 288 Est
283 261 316 288 et
329 253 416 287 haec
431 253 551 288 iocosa
569 254 736 299 epistola,
765 254 801 286 in
818 266 887 300 qua
904 253 1092 287 salsissime

102 307 193 340 ridet
224 318 265 338 ac
296 303 526 350 reprehendit
556 305 663 338 simul
693 312 834 338 tenuem
867 311 1092 349 apparatum,

102 371 173 403 quo
204 357 327 391 solitus
358 362 409 390 est
440 356 599 400 excipere
620 369 705 392 ,suos
734 354 890 400 hospites
913 356 1091 400 Papirius.

100 408 280 453 Significat
296 419 437 452 quoque
453 420 489 440 se
512 409 674 441 futurum
695 405 870 451 hospitem
897 408 1089 440 admodum

99 459 318 498 famelicum,
356 459 516 503 adeoque
548 459 725 492 facturum
756 459 903 503 Papirio
936 459 1089 492 multum

99 510 234 554 negotii
261 509 480 542 comedendo
496 509 555 555 4¹).
624 509 772 544 Constat
795 517 912 543 autem
939 510 1087 554 epistola

96 561 232 594 duabus
256 559 428 603 partibus.
488 560 612 593 Primo
637 561 715 594 loco
740 567 995 594 enumerantur
1020 560 1088 593 ioci

96 612 139 644 de
156 611 356 655 frugalitate
374 610 524 655 Papirii.
574 610 713 645 Deinde
734 619 858 645 monet
882 612 1087 656 gravissime

96 663 139 695 de
159 662 414 696 consuetudIne
430 662 543 703 vitae,
575 675 684 708 quam
703 661 770 696 hoc
788 670 948 708 tempore
964 674 1088 708 sequa-

95 719 172 751 tur;
218 713 302 746 item
331 714 374 746 de
405 725 546 748 summo
572 714 716 754 dolore,
759 727 864 760 quem
893 714 1024 758 ceperit
1040 712 1086 758 ²¹¹²)

93 771 242 809 propter
258 764 429 799 miserum
448 765 663 809 reipublicae
680 771 822 800 statum.

338 840 478 874 Aliud
506 847 830 885 argumentum.

200 908 263 942 Est
287 915 320 941 et
342 906 430 941 haec
457 909 605 952 epistola
629 908 747 941 iocosa
771 908 813 940 de
836 908 949 946 fame,
977 918 1084 952 quam

95 961 207 994 soleat
233 959 359 992 afferre
385 959 555 992 invitatus
579 959 622 992 ab
646 959 787 1004 aliquo,
816 965 850 991 et
868 959 910 991 de
927 958 1085 998 lautitiis,

93 1024 181 1057 quas
198 1022 339 1054 semper
356 1016 505 1054 expetat.
558 1009 621 1043 His
636 1009 723 1043 iocis
739 1009 837 1043 addit
858 1010 1003 1042 brevem
1026 1010 1085 1041 de-

92 1061 323 1106 scriptionem
354 1073 436 1094 suae
468 1061 572 1094 vitae.
633 1060 785 1093 Orditur
816 1072 835 1093 a
864 1060 1084 1100 narratione,

92 1119 234 1157 sumpta
255 1111 439 1145 occasione
457 1123 475 1143 a
494 1111 620 1144 litteris
636 1111 793 1155 Papirii,
825 1111 1025 1155 significans
1048 1123 1083 1144 se

92 1165 186 1197 fame
203 1169 237 1196 et
260 1162 407 1196 lautitiis
428 1163 604 1195 facturum
630 1162 735 1195 fuisse
760 1162 843 1196 satis
866 1163 1000 1206 negotii
1016 1162 1084 1195 Pa-

92 1215 206 1259 pirio,
242 1213 310 1246 nisi
336 1211 505 1246 hactenus
527 1212 718 1257 impeditus
741 1212 880 1252 fuisset,
922 1220 956 1246 et
985 1213 1083 1245 addit

91 1264 374 1299 admonitionem
386 1290 394 1303 ,
422 1270 461 1296 ut
478 1275 587 1307 porro
605 1264 702 1296 omni
720 1275 847 1306 genere
862 1263 1081 1296 lautitiarum

90 1317 189 1350 domi
205 1316 396 1348 instructus
414 1314 479 1353 sit,
505 1325 569 1346 nec
586 1314 723 1347 dubitet
738 1314 946 1347 Ciceronem
964 1312 1082 1358 hospi—

92 1373 163 1400 tem
180 1379 252 1401 esse
275 1365 577 1398 delicatissimum.
631 1365 733 1397 Hanc
757 1365 1002 1398 narrationem
1030 1365 1082 1398 io-

90 1430 209 1452 cosam
227 1416 386 1462 sequitur
400 1416 517 1450 brevis
534 1416 723 1460 descriptio
742 1417 1007 1450 consuetudinis
1030 1416 1081 1448 vi-

90 1475 158 1502 tae.
224 1467 266 1500 ln
290 1468 358 1500 fine
380 1467 527 1510 ponitur
550 1467 647 1500 iocus
670 1468 712 1499 de
737 1468 956 1512 sumptibus,
992 1480 1080 1512 quos

88 1520 201 1552 facere
219 1517 537 1562 cogeturPapirius
552 1518 589 1550 in
606 1518 813 1562 excipiendo
832 1519 892 1551 tali
910 1517 1059 1562 hospite.

332 1593 468 1626 Aliud
496 1600 824 1638 argumentum.

187 1653 355 1688 Narratio
388 1659 463 1686 tota
491 1653 610 1686 iocosa
642 1660 693 1687 est
706 1653 773 1699 ⁴3),
811 1666 880 1698 qua
909 1654 1078 1687 admonet

85 1706 255 1744 Paetum,
299 1710 339 1737 ut
369 1704 414 1737 sit
444 1703 613 1737 sollicitus
644 1705 687 1737 de
718 1704 881 1738 convivio
905 1705 1000 1738 laute
1024 1705 1077 1737 in-

86 1757 277 1796 struendo,
304 1754 514 1800 praesertim
531 1766 610 1787 cum
629 1752 815 1788 habiturus
837 1755 881 1788 sit
905 1756 1076 1789 delicatis-

84 1808 214 1842 simum
233 1805 421 1850 hospitem.
474 1804 514 1838 In
535 1806 604 1838 fine
626 1805 783 1838 breviter
806 1814 1076 1847 commemorat,

85 1858 283 1893 cuiusmodi
299 1857 409 1889 vitam
426 1868 521 1889 nunc
538 1863 637 1901 agat,
665 1856 785 1889 addito
802 1857 930 1890 affectu
947 1858 989 1890 de
1008 1859 1076 1891 sol-

82 1909 265 1943 licitudine
289 1915 323 1942 et
346 1920 509 1941 moerore
541 1914 688 1952 propter
718 1907 908 1941 extinctam
934 1921 1075 1953 rempu-

82 1961 224 1995 blicam.

309 2025 447 2060 Aliud
473 2027 855 2073 argumentum‘fl).

184 2086 327 2120 locatur
343 2083 400 2118 hic
416 2098 558 2131 quoque
575 2098 655 2119 cum
672 2086 784 2119 Paeto
802 2092 877 2119 tum
903 2087 946 2119 de
970 2085 1073 2119 lauti-

83 2140 140 2174 tiis
156 2137 246 2178 suis,
271 2143 346 2170 tum
365 2137 406 2169 de
422 2137 615 2170 voracitate
632 2149 713 2178 sua,
740 2144 773 2170 et
788 2143 912 2170 narrat
930 2138 971 2170 de
991 2149 1073 2170 con-

81 2189 268 2226 suetudine
297 2187 410 2227 vitae,
453 2200 560 2233 quam
593 2194 774 2234 sequatur.
853 2188 970 2221 Scatet
998 2194 1070 2221 tota

78 2242 178 2276 iocis.
245 2238 443 2273 Exordium
474 2239 662 2283 epistolare
691 2240 735 2272 ab
766 2239 949 2273 occasione
980 2239 1071 2272 litte-

77 2304 214 2327 tarum.

113 2395 161 2427 4ο)
181 2394 238 2417 Hoc
256 2392 445 2421 argumentum
464 2391 492 2414 et
511 2391 562 2415 duo
582 2392 726 2422 sequentia
744 2391 772 2416 in
786 2391 871 2416 Editt.
892 2392 983 2422 1556„
1004 2392 1069 2416 1565

148 2427 267 2451 —1596.
292 2425 476 2449 inveniantur.

114 2473 163 2499 41)
181 2468 361 2496 comedendo]
394 2467 435 2490 sic
463 2469 538 2490 recte
562 2468 611 2491 Ed.
632 2469 724 2498 15923
760 2468 844 2492 Editt.
865 2468 958 2499 ¹556„
991 2468 1066 2492 1565.

148 2503 356 2532 counuedend03
383 2501 433 2524 Ed.
454 2501 527 2526 1569.
550 2505 694 2533 corrupte:
719 2502 939 2527 commendeudo.

113 2547 161 2574 42)
179 2545 296 2575 ceperit]
316 2544 357 2568 sic
375 2543 424 2567 Ed.
445 2543 538 2571 1556.;
567 2544 652 2571 Editt.
675 2544 768 2575 1565„
790 2545 884 2575 1569.‚
906 2544 980 2568 1592.
1000 2550 1065 2568 coe-

165 2581 226 2604 erit.

111 2589 161 2661 ⁴233³
177 2622 272 2646 iocosa
290 2622 348 2651 est]
367 2621 408 2644 sic
425 2619 508 2643 Editt.
530 2619 615 2650 1565„
634 2620 720 2652 1569„
740 2620 832 2652 1592.;
853 2620 1000 2654 Ed2l556.
1020 2621 1064 2645 est

142 2664 152 2680 1
171 2662 244 2680 cosa.

109 2663 233 2728 44301100
250 2698 439 2730 argumentum
457 2696 556 2721 hahent
573 2696 657 2722 Editt.
674 2697 863 2722 1565—1596.

2063 114 2135 147 318

1288 191 1473 226 Scholia
1499 193 1542 226 iu
1571 194 1816 239 epistolam
1844 197 2001 244 XXI.⁴⁵).

1250 265 1280 311 §-
1310 270 1340 303 1.
1379 271 1460 305 Am
1482 269 1669 318 tamlem?]
1707 271 1949 317 Reprehendit
1972 274 2135 312 Paetum,

1145 318 1241 361 quod
1255 319 1404 354 fulmina
1422 322 1614 356 verborum
1633 322 1776 357 dixisset
1802 324 1839 357 in
1865 326 2020 369 epistolis
2039 325 2135 358 Cice·

1143 380 1242 402 roms
1265 382 1349 406 esse.

1145 469 1152 476 .
1200 470 1207 477 .
1247 418 1328 464 §.72
1362 425 1510 458 Fecerunt
1533 423 1705 472 em'mw)]
1739 424 1928 469 Catalogus
1955 425 2133 458 maiorum

1143 483 1265 515 ipsuis.

1432 549 1838 598 Argumentumffl).

1241 614 1439 659 Scripserat
1456 617 1586 651 Paetus
1609 631 1644 652 se
1666 619 1845 653 Ciceronis
1869 620 2072 653 facultatem
2094 618 2132 651 in

1141 663 1291 698 dicendo
1316 667 1455 712 assequi
1479 680 1552 701 non
1574 681 1696 712 posse,
1737 683 1802 703 nec
1825 671 1969 705 mirum.
2029 669 2130 703 Illam

1140 715 1235 747 enim
1262 716 1454 751 dictionem
1481 731 1554 751 esse
1577 732 1799 754 summorum
1825 722 1986 755 virorum
2011 721 2049 754 in
2077 733 2130 753 re-

1139 766 1279 809 publica
1291 766 1349 812 48).
1418 769 1461 802 Se
1486 770 1664 813 plebeium
1690 783 1782 812 esse,
1824 779 1858 805 et
1878 773 2056 816 plebeium
2079 771 2131 804 di-

1140 816 1242 849 cendi
1261 829 1369 861 genus
1381 845 1390 859 ‚
1414 817 1482 852 hoc
1500 827 1569 861 est,
1596 828 1701 855 tenue
1719 829 1752 855 et
1766 820 1901 856 humile
1917 823 2027 869 sequi.
2060 822 2130 855 Re-

1139 869 1291 911 spondet
1313 869 1421 913 igitur
1439 870 1562 904 Cicero
1587 874 1631 905 ad
1657 873 1841 917 epistolam
1858 874 1980 914 Paeti,
2017 880 2051 906 et
2074 885 2129 905 re-

1137 918 1228 950 futat
1257 919 1434 963 primum,
1477 923 1574 967 quod
1603 923 1677 967 ipse
1704 931 1872 968 posuerat
1903 925 1941 957 in
1972 924 2130 963 exordio,

1137 980 1264 1013 nempe
1283 970 1491 1005 Ciceronem
1513 973 1564 1006 uti
1579 973 1774 1008 luminibus
1791 976 1827 1007 in
1847 975 2015 1019 epistolis.
2066 974 2129 1007 Di-

1138 1019 1184 1052 cit
1199 1020 1292 1053 enim
1310 1034 1410 1055 suam
1428 1036 1571 1069 quoque
1592 1025 1785 1058 dictionem
1814 1026 1851 1059 in
1876 1026 2033 1070 epistolis
2057 1038 2128 1059 esse

1136 1071 1312 1114 plebeiam
1330 1079 1364 1105 et
1380 1074 1590 1107 familiarem
1603 1102 1613 1116 ,
1640 1083 1746 1121 atque
1766 1074 1833 1110 hoc
1852 1077 1888 1110 in
1910 1078 1988 1110 loco
2012 1078 2126 1116 docet,

1138 1123 1234 1166 quali
1273 1123 1445 1158 orationis
1478 1138 1604 1169 genere
1635 1127 1740 1160 scribi
1764 1129 1916 1161 debeant
1946 1128 2126 1173 epistolae.

1136 1172 1274 1206 Deinde
1289 1175 1417 1208 refellit
1433 1173 1520 1217 hoc,
1553 1178 1649 1222 quod
1674 1178 1861 1222 scripserat
1876 1179 2025 1219 Paetus,
2052 1190 2127 1211 ma-

1136 1223 1228 1257 iores
1259 1237 1340 1258 suos
1369 1226 1473 1260 fuisse
1505 1228 1673 1271 plebeios.
1734 1229 1829 1262 Dicit
1860 1231 1955 1263 enim
1976 1231 2127 1264 Paetum

1135 1286 1208 1307 non
1229 1288 1301 1308 esse
1317 1273 1500 1310 hominem
1515 1279 1694 1322 plebeium
1705 1306 1714 1320 ,
1739 1281 1799 1313 sed
1814 1293 1855 1314 ex
1873 1282 2008 1327 optima
2024 1280 2127 1314 fami-

1135 1325 1181 1357 lia
1208 1332 1351 1366 natum,
1395 1334 1428 1360 et
1454 1341 1517 1372 per
1541 1327 1633 1362 hanc
1659 1331 1880 1365 occasionem
1903 1338 2061 1366 recenset
2084 1344 2125 1364 ex

1135 1377 1322 1410 annalibus
1338 1379 1470 1413 multos
1491 1391 1532 1412 ex
1559 1381 1693 1414 familia
1710 1381 1830 1423 Paeti,
1865 1385 1926 1428 qui
1948 1384 2041 1416 inter
2064 1395 2125 1427 pa—

1134 1427 1253 1460 tricios
1268 1428 1423 1463 fuerunt.
1477 1430 1658 1475 Quoniam
1675 1439 1791 1465 autem
1817 1434 1946 1477 plebeii
1970 1433 2126 1478 improbi

1132 1478 1295 1518 suerunt,
1329 1486 1470 1520 monet,
1507 1494 1551 1514 ne
1576 1489 1744 1526 agnoscat
1769 1484 1916 1526 Paetus,
1950 1493 2124 1530 tanquam

1133 1541 1174 1561 ex
1191 1541 1253 1563 sua
1269 1530 1404 1563 familia
1422 1538 1543 1573 natos,
1578 1534 1638 1566 sed
1657 1534 1776 1579 potius
1797 1536 1927 1569 referat
1951 1538 1995 1570 ad
2014 1536 2124 1580 patri-

1132 1579 1204 1614 cios
1229 1580 1403 1624 originem
1427 1583 1582 1617 familiae
1608 1597 1702 1619 suae.
1762 1586 1959 1621 Exordium
1983 1587 2124 1620 ducitur

1132 1631 1175 1664 ab
1193 1631 1475 1676 interrogatione
1487 1661 1496 1674 ,
1524 1635 1561 1667 in
1579 1648 1650 1681 quo
1666 1636 1771 1670 simul
1787 1639 1890 1681 ponit
1912 1638 2123 1673 confutatio-

1130 1695 1212 1716 nem
1232 1683 1376 1718 alterius
1394 1685 1506 1730 partis
1524 1686 1692 1731 epistolae
1709 1687 1821 1724 Paeti.

1375 1767 1511 1802 Aliud
1546 1779 1876 1814 argumentum.

1234 1834 1466 1869 Consumitur
1503 1835 1590 1870 haec
1623 1838 1772 1883 epistola
1808 1840 1846 1873 in
1879 1840 2119 1874 confutatione

1128 1883 1328 1918 litterarum
1353 1887 1490 1930 Papirii
1516 1889 1558 1921 de
1582 1891 1893 1936 grandiloquentia
1926 1891 2119 1930 Ciceronis,

1130 1948 1199 1980 qua
1242 1942 1401 1970 uteretur
1436 1938 1616 1971 interdum
1652 1940 1689 1972 in
1723 1942 1916 1975 scribendis
1951 1942 2119 1986 epistolis.

1128 1986 1215 2019 ltem
1240 1987 1282 2019 de
1307 1988 1441 2020 familia
1462 1989 1704 2033 Papiriorum.
1770 1992 1860 2024 Sunt
1883 1993 2002 2037 itaque
2027 1993 2118 2026 duae

1127 2037 1363 2071 narrationes.
1428 2038 1548 2072 Altera
1578 2040 1754 2085 principio
1785 2043 1943 2076 continet
1970 2045 2116 2077 brevem

1125 2086 1439 2133 reprehensionem
1457 2091 1651 2124 sententiae
1677 2099 1710 2125 et
1734 2093 1855 2126 iudicii
1871 2094 2027 2138 Papirii,
2055 2095 2115 2127 ad—

1127 2141 1199 2172 dita
1240 2139 1460 2184 expositione
1497 2143 1634 2185 generis
1674 2145 1866 2185 sermonis,
1908 2158 1979 2190 quo
2012 2152 2114 2178 uten-

1125 2192 1211 2224 dum
1243 2198 1312 2231 est,
1353 2198 1386 2224 et
1411 2192 1484 2236 ipse
1509 2193 1621 2227 utitur
1655 2194 1692 2226 in
1725 2195 1880 2239 epistolis
1907 2196 2112 2230 scribendis.

1123 2242 1244 2275 Altera
1266 2240 1374 2275 habet
1396 2244 1596 2288 catalogum
1619 2245 1797 2279 maiorum
1813 2247 1968 2291 Papirii,
2004 2260 2111 2293 quem

1123 2294 1230 2327 sumit
1246 2306 1286 2326 ex
1302 2293 1501 2335 annalibus,
1530 2309 1600 2340 quo
1615 2297 1754 2340 probat,
1782 2297 1967 2341 Papirium
1984 2305 2108 2332 natum

1122 2357 1194 2379 esse
1209 2357 1250 2378 ex
1264 2343 1412 2379 honesta
1431 2346 1587 2387 familia,
1616 2353 1650 2379 et
1667 2347 1772 2380 simul
1797 2356 1939 2390 monet,
1973 2356 2011 2383 ut
2036 2350 2108 2394 ple-

1153 2467 1201 2494 45]
1220 2468 1389 2523 Argtumento
1409 2467 1472 2492 Mel.
1491 2466 1575 2491 Editt.
1596 2466 1797 2499 1537—1554.,
1818 2469 1904 2501 1557„
1925 2471 2010 2501 1560„
2030 2471 2104 2495 1601.

1187 2506 1269 2525 caten
1285 2518 1290 2522 .

1153 2544 1201 2571 46]
1221 2544 1274 2566 Pro
1294 2542 1336 2566 his
1356 2542 1411 2568 Cic.
1429 2543 1521 2566 verbis
1539 2543 1565 2566 in
1584 2543 1765 2574 Editt.1545.‚
1785 2546 1858 2570 1560.
1879 2547 1937 2571 huic
1956 2549 2037 2571 notae
2054 2549 2104 2572 ad-

1187 2578 1290 2607 scripta
1310 2579 1374 2600 suut
1391 2577 1599 2607 praecedentia:
1625 2579 1682 2602 >sed
1699 2580 1794 2604 tamen
1812 2582 1851 2604 mi
1870 2581 1965 2606 Paete.

1148 2620 1196 2651 47)
1216 2621 1275 2643 Hoc
1289 2621 1477 2650 argumentum
1490 2621 1517 2643 et
1531 2620 1582 2643 duo
1597 2622 1739 2650 sequeutia
1749 2622 1778 2646 in
1790 2623 1874 2649 Editt.
1892 2624 1976 2655 1556„
1996 2625 2103 2649 1565—

1183 2654 1257 2678 1596.
1275 2655 1394 2677 exstant.

1147 2695 1194 2728 48)
1213 2696 1366 2726 republica]
1386 2696 1435 2722 Ed.
1455 2696 1528 2721 1556.
1549 2702 1644 2721 errore
1664 2698 1794 2729 typogra
1814 2699 1987 2729 reipublicae.
