2294 2975
125 130 194 165 511

125 210 321 260 praesentia
350 205 505 252 pericula
534 206 755 236 contemnat:
797 195 891 242 QuIa
914 194 1011 227 bono
1033 193 1111 250 vino

125 265 207 299 satis
228 262 271 296 sit
295 260 433 304 culpam
459 261 595 288 tantum
618 256 815 296 praestare,
842 251 978 279 caetera
997 245 1113 301 despi-

127 314 248 348 cienda
272 323 355 345 esse.
407 307 557 351 Reliqua
576 314 655 348 pars
674 298 841 344 epistolae
858 302 997 330 tantum
1016 306 1113 328 iocos

128 365 296 399 continet.

178 447 500 491 Argumentum
528 436 577 469 'et
604 432 778 468 scholia
814 432 859 466 in
894 430 1064 476 episto-

509 488 521 521 l
531 500 549 520 a
560 499 595 519 m
623 483 731 519 XVII.

232 569 377 611 Toum)
395 563 542 610 epistola
558 560 702 595 reiectio
721 559 894 606 quaedam
914 563 982 595 est;
1010 561 1116 600 negat

129 637 163 658 se
192 622 297 660 scire,
335 630 423 663 quos
454 626 557 659 agros
589 612 718 646 Caesar
745 609 916 644 militibus
945 606 1115 641 diviserit.

130 674 253 707 Ratio:
283 670 376 715 Quia
402 679 445 700 nc
470 665 614 711 quidem
640 664 683 696 de
709 662 782 695 vita
804 666 927 694 nostra
950 658 1036 692 certi
1060 670 1116 691 su-

132 737 208 758 mus
218 723 274 767 Ν).

236 774 266 811 ξ.
294 770 326 807 1.
358 769 509 806 Deinde,
543 767 627 811 quod
649 759 822 809 sci1·e¹³)]
857 759 1013 793 Venusia
1041 769 1117 791 cor-

132 824 259 858 rectio:
288 820 361 853 Imo
379 819 470 857 scio,
500 817 582 862 quia
601 825 739 858 semper
757 823 876 845 omma
891 812 975 843 fient
998 821 1038 842 ex
1063 820 1118 840 ar-

131 875 237 909 bitrio
255 870 410 905 victoris.
463 868 648 901 Postremo
667 864 759 897 redit
778 864 821 895 ad
839 861 1079 894 reiectionem.

236 923 265 961 ξ.
284 926 319 958 2.
346 923 410 963 Qui
425 921 456 953 .ςὶ
475 916 603 964 cupiat]
626 916 778 949 Excusat
795 914 996 951 Caesarem,
1024 909 1120 955 quod

134 988 207 1009 non
225 962 269 1009 sit
283 973 434 1005 liberum
451 970 583 1006 facere,
611 978 701 1011 quae
720 963 869 1010 veliin).

240 1024 269 1068 {-
288 1025 321 1057 3.
357 1023 424 1056 Sed
446 1016 594 1064 Ionyiocs]
630 1014 820 1049 praecisio.
923 1013 1016 1045 Haec
1039 1007 1120 1056 tibi]

136 1076 304 1121 Epilogus
316 1074 370 1119 15).
457 1072 506 1104 Tu
520 1065 652 1114 iumen]
678 1063 895 1099 Gravissima
917 1061 1084 1095 clausula.

355 1154 491 1188 Aliud
519 1146 904 1195 argumentu1nJ‘3).

238 1226 429 1269 Sequentes
448 1219 615 1264 epistolae
633 1222 714 1250 sunt
732 1214 902 1258 scriptae,
928 1224 1006 1245 cum
1022 1209 1123 1243 victis

138 1279 207 1310 iam
231 1274 390 1309 hostibus
414 1270 658 1304 dominaretur
684 1267 824 1300 Caesar.
883 1263 1123 1304 Interrogatus

138 1335 254 1361 autem
273 1326 395 1359 Cicero
413 1333 476 1366 per
494 1319 678 1364 epistolam
696 1329 714 1349 a
732 1315 877 1360 Papirio
894 1316 937 1347 de
956 1323 1121 1368 agrorum

139 1378 363 1424 quorundam
382 1372 554 1406 divisione
573 1370 664 1401 iuter
679 1367 825 1403 milites;
860 1365 896 1398 id
920 1376 998 1397 cum
1025 1374 1124 1406 peni-

138 1437 193 1463 tus
224 1427 391 1464 nesciret,
431 1422 622 1465 respondet
650 1418 777 1451 rectius
811 1414 879 1448 hoc
909 1413 1032 1459 quaeri
1062 1424 1125 1456 po-

139 1480 243 1513 tuisse
269 1491 309 1511 ex
324 1475 436 1509 Balbo
458 1471 615 1505 Caesaris
642 1469 780 1501 intimo,
832 1465 997 1499 Ostendit
1024 1475 1124 1507 prae-

138 1538 232 1563 terea
251 1540 349 1562 suam
368 1523 577 1559 sententiam
592 1547 601 1559 ,
629 1520 712 1564 quid
729 1520 771 1550 de
794 1529 829 1550 se
852 1523 885 1549 et
907 1516 949 1548 de
974 1520 1048 1546 tota
1071 1525 1124 1545 re-

139 1580 276 1626 publica
295 1580 454 1611 futurum
475 1572 658 1605 existimet.
711 1568 760 1601 Ita
780 1566 983 1611 gravissime
1011 1576 1050 1596 ac
1072 1575 1125 1596 sa-

141 1632 280 1676 pienter
314 1629 356 1660 de
392 1623 529 1666 magnis
563 1622 667 1653 rebus
702 1617 757 1652 hic
800 1617 955 1660 disputat
990 1615 1124 1648 Cicero,

139 1683 255 1715 Porro
291 1685 363 1711 tota
393 1674 539 1719 epistola
572 1676 709 1704 constat
738 1669 890 1714 quadam
923 1665 1124 1698 reiectione.

141 1733 253 1771 *Negat
271 1730 362 1762 enim
381 1740 416 1760 se
433 1725 539 1763 scire,
575 1734 662 1767 quos
683 1732 785 1763 agros
807 1718 936 1751 Caesar
955 1715 1125 1748 militibus

143 1767 312 1816 dixtism'it·
352 1777 456 1810 Ratio
474 1781 540 1807 est:
570 1772 660 1817 Quia
681 1784 723 1803 ne
741 1770 883 1814 quidem
901 1768 1033 1799 demea
1054 1765 1124 1797 vita

143 1839 256 1866 certus
278 1843 367 1864 sum.
433 1825 569 1858 Deinde
593 1822 735 1855 additur
763 1825 908 1852 venusta
936 1817 1124 1850 correctio:

143 1883 217 1916 Iino
234 1882 303 1916 scio
322 1877 476 1924 aliquid,
511 1875 592 1921 quia
619 1883 756 1916 semper
779 1870 899 1903 omnia
924 1867 1125 1913 agentur-¹⁷)

181 1991 226 2018 11)
246 1987 314 2012 Huic
339 1983 397 2008 voci
422 1982 448 2007 in
467 1981 550 2005 Editt.
573 1979 660 2007 1540„
682 1979 774 2007 154⁴.,
796 1977 886 2001 ¹554..
908 1974 982 1999 155⁷.
1007 1974 1127 2003 praefixa

212 2024 274 2046 suut
293 2021 348 2045 Cic.
366 2019 451 2041 verba
469 2014 508 2047 (ᾗ.
527 2016 582 2041 1.);
602 2013 677 2036 Num
696 2012 758 2040 (Ed.
780 2010 964 2048 Oreth'Non)
984 2010 1015 2032 tu
1035 2009 1126 2031 homo.

180 2058 226 2085 12)
246 2056 341 2079 Ratio:
359 2065 393 2069 —-
412 2051 478 2075 certi
499 2049 616 2074 sumus]
637 2048 701 2069 haee
719 2046 873 2071 autument·
894 2049 957 2081 pars
976 2048 992 2065 a
1013 2048 1127 2082 praeite-t

213 2090 285 2114 denti
304 2089 329 2111 in
349 2086 432 2111 Editt.
455 2084 545 2107 1545..
568 2082 640 2104 1560.
660 2080 787 2109 praefixis
806 2078 860 2102 Cic.
880 2079 971 2100 verbis
990 2077 1127 2114 Hfzbuzslz

213 2125 286 2149 enim
304 2122 374 2145 male
391 2118 515 2142 abscissa
535 2118 592 2142 est,
619 2114 680 2143 quia
700 2114 787 2136 editor
806 2113 852 2135 iiia
869 2113 1023 2148 argumenti
1042 2111 1126 2133 verba

214 2159 249 2182 ad
267 2158 332 2180 haec
352 2152 507 2178 Ciceronis,
539 2149 633 2178 quibus
661 2148 685 2169 iu
706 2148 753 2170 Ed.
775 2146 849 2169 15:37.
870 2146 895 2168 in
914 2150 1036 2171 margine
1056 2145 1126 2167 forte

213 2191 337 2221 apposita
354 2189 432 2211 suut.
452 2184 595 2207 referenda
615 2187 675 2203 esse
695 2181 819 2209 opinatus
840 2181 889 2202 est.
907 2191 942 2196 ·—
966 2179 1022 2201 Hoc
1041 2184 1125 2217 a-rgu-

210 2228 326 2249 mentum
352 2222 449 2244 liabent
475 2218 556 2241 Editt.
579 2215 782 2241 1537—1515.,
809 2214 900 2241 1554„
922 2212 1012 2239 1552,
1027 2212 1126 2249 ‘10504

214 2256 398 2283 Editt.1546.,
419 2254 493 2276 1601.
512 2252 536 2274 11.
555 2250 574 2275 Ι.
592 2248 714 2273 Ascensii
733 2249 936 2277 argumentum,
956 2252 1049 2276 pauens
1067 2251 1126 2268 mu-

211 2294 277 2316 tatis
292 2308 298 2315 .
324 2290 456 2314 exhibent.

182 2328 228 2353 13)
249 2326 331 2348 Editt.
353 2323 443 2351 1545„
464 2319 538 2344 1560.
564 2323 612 2348 pro
637 2316 677 2339 his
696 2314 752 2340 Cic.
770 2314 863 2337 verbis
882 2314 907 2336 11.
927 2314 945 2336 1.
963 2313 1062 2336 habent
1080 2319 1126 2336 se-

217 2359 337 2389 queutia:
364 2357 427 2381 Fiet
446 2355 527 2379 enim.
850 2381 855 2386 ¹
1002 2380 1007 2385 ‘
1028 2380 1033 2385 ⁸

185 2396 230 2420 14)
249 2390 468 2415 lumnam-15..
491 2387 562 2410 1560.
583 2387 647 2408 nota
665 2382 828 2408 antecedens
848 2381 960 2419 inrduas
982 2381 1127 2418 disiuncta,

218 2429 243 2450 et
269 2432 326 2448 enni
351 2425 439 2447 altera
465 2427 556 2444 earum
582 2420 647 2442 haee
675 2419 701 2441 in
727 2422 806 2440 unani
831 2416 973 2438 coniuncta
999 2417 1041 2437 est
1067 2421 1125 2437 sm:

217 2461 280 2484 Fz'vc
300 2459 385 2484 enim]
405 2457 527 2478 Yenusta.
545 2453 679 2476 correctio
695 2464 728 2469 —-
746 2450 859 2474 arbitrio
879 2448 1000 2473 victoris.
1042 2448 1126 2472 Nihil

215 2494 322 2520 tamen]
342 2491 480 2514 Postremo
501 2488 570 2511 redit
594 2488 627 2510 ad
655 2485 839 2510 reiectionem.
881 2483 1002 2506 Excusat
1021 2481 1126 2506 Caesa-

214 2534 286 2551 10111.
304 2538 338 2542 —-
356 2529 423 2553 quae
442 2522 515 2545 vetit.

182 2564 228 2589 15)
250 2562 320 2583 Ham:
338 2560 402 2581 nota
420 2557 446 2579 in
466 2556 547 2579 Editt.
563 2555 647 2584 15⁴5„
666 2554 740 2577 ¹560.
760 2552 845 2576 deest.
889 2584 894 2589 ι
966 2583 993 2590 .-
1076 2584 1086 2590 Ι

182 2598 228 2623 16)
246 2595 303 2618 noc
321 2591 506 2615 amumentum
525 2592 551 2612 et
570 2589 620 2612 duo
639 2587 782 2618 sequentia
799 2586 827 2610 iu
844 2585 928 2610 Edztt.
948 2583 1038 2615 1006„
1059 2583 1126 2607 1065

213 2627 328 2651 —1596.
351 2624 531 2648 inveniuntur.

183 2664 227 2690 17)
246 2660 377 2689 agentur]
401 2658 440 2682 sic
459 2656 507 2681 Ed.
530 2655 620 2685 1556.;
657 2655 684 2679 iu
709 2655 792 2678 Editt.
813 2654 906 2685 1565.,
932 2651 1024 2682 1569„
1050 2651 1123 2675 1592.

217 2697 300 2720 deest.

706 110 828 149 PBH..
856 107 969 145 MEL.
1005 107 1207 143 SCRIPTA
1236 107 1569 144 PHILOLOGICA.

2079 108 2152 144 312

1166 205 1207 226 ex
1230 193 1377 226 arbitrio
1401 193 1557 228 victoris.
1627 193 1755 228 Postea
1780 192 1922 226 additur
1956 193 2152 226 consolatio

1166 250 1290 277 contra
1317 243 1375 277 illa
1398 246 1514 277 sutura
1542 245 1633 277 mala
1647 271 1656 284 ,
1693 251 1727 277 et
1747 244 1852 278 simul
1875 249 2015 277 excusat
2029 242 2154 277 Caesa-

1165 307 1263 335 rem,
1298 301 1337 327 ut
1359 295 1413 327 cui
1439 307 1512 327 non
1535 295 1580 329 sit
1602 296 1753 329 liberum
1777 296 1912 334 facere,
1947 305 2036 339 quae
2058 294 2154 329 velit.

1165 345 1336 389 Epilogus
1355 346 1513 379 continet
1526 346 1670 379 brevem
1691 346 1939 390 repetitionem
1958 345 2056 378 istius
2073 356 2154 389 par—

1167 396 1210 429 tis
1229 395 1455 440 principalis,
1484 398 1579 443 quod
1599 397 1761 430 videlicet
1784 394 1875 429 nihil
1899 395 2072 440 explorati
2091 393 2155 428 ha-

1166 446 1284 479 buerit
1314 444 1483 481 hactenus
1513 448 1555 480 de
1586 448 1759 481 divisione
1785 460 1964 491 agrorum.
2023 445 2063 479 ln
2085 447 2155 479 fine

1166 497 1314 542 ponitur
1333 497 1486 531 clausula
1507 499 1548 531 de
1566 499 1672 532 modo
1689 498 1865 532 tolerandi
1883 499 2041 532 adversa.

1411 587 1547 622 Aliud
1581 597 1902 634 argumentum.

1270 654 1511 700 Responsoria
1543 661 1594 689 est
1626 656 1771 699 epistola
1784 683 1793 697 ‚
1831 656 1869 689 in
1902 668 1970 702 qua
1986 655 2156 688 'breviter

1169 713 1293 740 monet
1309 706 1493 750 Papirium
1505 732 1514 745 ,
1542 718 1577 739 se
1593 704 1683 738 nihil
1704 705 1817 740 adhuc
1833 707 1920 741 scire
1937 708 1979 740 de
1998 707 2157 739 dividen-

1170 758 1223 790 dis
1239 757 1331 801 agris
1346 757 1438 789 inter
1457 756 1607 796 milites,
1642 757 1761 790 addita
1786 758 2040 800 significatione
2064 756 2158 802 peri-

1171 808 1330 841 culorum
1343 834 1352 848 ,
1394 819 1483 852 quae
1513 805 1720 847 imminent,
1759 813 1793 840 et
1814 807 2052 847 fortitudinis,
2088 818 2157 852 qua

1171 865 1253 892 sunt
1269 859 1454 891 toleranda
1480 864 1513 891 ct
1537 859 1736 902 superanda
1755 859 1913 892 adversa.
1964 857 2114 891 Orditur
2139 869 2159 890 a

1172 907 1448 953 reprehensione
1478 909 1767 952 interrogationis
1793 910 1835 942 de
1861 908 2034 942 divisione
2057 920 2160 952 agro-

1172 972 1253 993 rum
1270 972 1348 992 cum
1368 958 1559 1003 petitione,
1592 966 1631 992 ut
1649 961 1691 992 de
1707 972 1745 992 ea
1763 972 1801 992 re
1819 960 1890 1004 ipse
1910 959 2058 999 scribat,
2085 970 2160 991 ma-

1173 1010 1266 1044 xime
1285 1023 1363 1043 cum
1381 1010 1475 1054 apud
1492 1022 1525 1043 se
1536 1009 1687 1043 Balbum
1702 1008 1877 1044 habuerit.
1928 1010 2065 1042 Deinde
2080 1009 2160 1043 suh—

1174 1061 1266 1100 iicit,
1309 1061 1449 1105 qualem
1480 1072 1577 1103 spem
1603 1058 1670 1092 hoc
1693 1067 1851 1104 tempore
1876 1059 2004 1093 habeat
2019 1060 2084 1105 ¹8),
2125 1066 2159 1092 et

1175 1123 1265 1156 quae
1280 1111 1399 1143 sutura
1417 1110 1601 1143 existimet.
1652 1111 1761 1143 Addit
1780 1117 1813 1143 et
1838 1111 2098 1143 excusationem
2116 1111 2159 1143 de

1176 1162 1343 1201 Caesare,
1371 1160 1427 1194 cui
1442 1172 1516 1193 non
1531 1160 1576 1194 sit
1591 1160 1740 1194 liberum
1758 1173 1895 1206 semper
1911 1161 2024 1193 facere
2035 1187 2045 1201 ,
2069 1172 2159 1206 quae

1176 1213 1269 1251 vult,
1296 1218 1484 1256 propterea
1502 1212 1598 1256 quod
1624 1224 1703 1244 cum
1728 1213 1847 1245 multis
1872 1224 1906 1245 se
1932 1212 2161 1255 colligaverit.

1177 1262 1365 1296 Conclusio
1384 1260 1490 1295 habet
1507 1262 1765 1295 excusationem
1785 1262 1935 1302 silentii,
1962 1269 1996 1295 et
2017 1274 2158 1296 causam

1177 1313 1351 1347 scribendi
1375 1311 1442 1345 hoc
1467 1318 1638 1356 tempore.
1701 1312 1741 1345 In
1763 1314 1831 1346 fine
1856 1319 1906 1346 est
1928 1313 2065 1353 brevis,
2099 1314 2159 1346 sed

1177 1365 1278 1397 valde
1299 1363 1415 1407 graxis
1434 1363 1630 1396 admonitio
1647 1364 1751 1407 plane
1768 1361 2012 1408 philosophica
2024 1390 2033 1404 ,
2069 1376 2159 1409 quae

1178 1415 1335 1447 continet
1365 1419 1612 1458 praeceptum,
1663 1416 1759 1459 quod
1790 1415 2008 1460 sequendum
2039 1420 2089 1448 est
2123 1414 2161 1448 in

1178 1465 1276 1498 omni
1292 1465 1361 1497 vita
1374 1490 1383 1504 ,
1411 1462 1478 1497 hoc
1494 1471 1563 1505 est,
1591 1465 1628 1497 in
1645 1465 1808 1498 omnibus
1825 1465 1980 1498 consiliis
1998 1470 2031 1498 et
2052 1465 2159 1498 actio-

1177 1516 1293 1549 nibus.

1426 1591 1561 1626 Aliud
1592 1598 1914 1636 argumentum.

1278 1659 1482 1703 Propositio
1513 1666 1563 1693 est
1592 1672 1654 1704 per
1680 1659 1997 1702 interrogationem
2019 1671 2080 1693 seu
2103 1661 2163 1694 ad-

1178 1711 1422 1743 mirationem:
1448 1710 1639 1756 Mirorw),
1665 1722 1774 1755 quare
1800 1709 1895 1756 ex‘20)
1921 1723 1977 1743 me
2001 1722 2162 1756 quaeras,

1179 1761 1263 1806 quid
1289 1761 1437 1794 sentiam
1463 1763 1505 1794 de
1533 1761 1625 1805 agris
1649 1761 1864 1800 dividendis,
1906 1774 1984 1794 cum
2010 1762 2105 1805 apud
2127 1768 2160 1795 te

1178 1811 1343 1845 habueris
1361 1812 1513 1845 Balbum
1536 1812 1701 1845 intimum
1727 1811 1965 1845 consiliarium
1991 1811 2162 1846 Caesaris.

1179 1863 1344 1908 Sequitur
1358 1863 1475 1896 brevis
1492 1863 1632 1907 petitio:
1661 1862 1757 1907 Quin
1775 1868 1812 1895 tu
1837 1862 1954 1905 potius
1979 1862 2090 1896 scribe
2117 1863 2162 1896 ad

1178 1927 1253 1953 me,
1280 1927 1369 1959 quae
1386 1914 1563 1947 audiveris
1583 1926 1600 1945 a
1618 1913 1742 1946 Balbo.
1788 1912 1925 1945 Deinde
1944 1913 2042 1946 addit
2060 1913 2161 1958 quasi

1180 1966 1358 2010 quandam
1377 1965 1554 2009 querelam
1572 1965 1613 1996 de
1630 1963 1872 2008 praesentibus
1890 1963 2162 2005 calamitatibus,

1180 2027 1269 2061 quae
1293 2028 1371 2048 euni
1394 2016 1492 2049 nullo
1518 2015 1625 2047 modo
1656 2014 1761 2046 vitari
1791 2021 1956 2057 possunt,
1996 2016 2162 2048 serendae

1179 2072 1271 2100 sunt.
1322 2066 1526 2111 Respondet
1551 2066 1654 2098 etiam
1679 2065 1834 2098 breviter
1850 2065 1986 2109 Papirii
2009 2065 2161 2099 interro—

1180 2117 1313 2161 gationi
1330 2118 1371 2149 de
1392 2117 1589 2150 dividendis
1607 2115 1697 2159 agris
1714 2127 1775 2159 per
1788 2115 2031 2156 Caesarianos,
2055 2116 2162 2160 signi-

1179 2171 1285 2201 ficans
1301 2181 1382 2201 suos
1399 2169 1502 2201 etiam
1521 2179 1622 2211 agros
1640 2167 1709 2198 iam
1720 2166 1766 2211 ¹²⁶¹)
1782 2179 1852 2199 esse
1870 2167 1905 2199 in
1924 2168 2043 2202 dubio.
2070 2167 2162 2201 Huic

1179 2220 1400 2263 responsioni
1416 2217 1555 2252 subiicit
1571 2219 1613 2249 de
1629 2229 1689 2250 sua
1713 2230 1772 2261 spe
1796 2224 1829 2250 et
1852 2218 2062 2259 tolerantia,
2087 2231 2162 2252 non

1180 2271 1258 2302 ideo
1277 2283 1348 2303 esse
1367 2270 1638 2314 desperandum,
1666 2268 1802 2301 etiamsi
1820 2269 2023 2302 adimantur
2041 2282 2163 2304 omnes

1181 2321 1266 2364 agri.
1318 2321 1428 2353 Addit
1452 2327 1486 2353 et
1508 2319 1767 2353 excusationem
1794 2320 1836 2352 de
1859 2319 2018 2354 Caesare.
2071 2320 2164 2354 Con—

1215 2455 1260 2482 18)
1281 2455 1391 2483 haheat]
1416 2452 1457 2476 sic
1484 2451 1567 2475 Editt.
1586 2451 1676 2483 1556.,
1697 2451 1789 2482 1592.;
1825 2450 1852 2475 in
1871 2451 1954 2476 Editt.
1975 2450 2067 2482 1565„
2087 2450 2160 2475 ¹569.

1246 2495 1337 2512 omiss.

1214 2532 1260 2559 19)
1278 2531 1380 2558 Miror]
1406 2529 1447 2552 sic
1472 2529 1545 2552 recte
1571 2528 1619 2551 Ed.
1640 2528 1731 2558 1556.;
1759 2527 1843 2551 Editt.
1865 2527 1956 2557 1565.,
1977 2526 2066 2558 1569„
2087 2526 2162 2552 1592.

1246 2565 1333 2588 male:
1359 2564 1458 2587 Minor.

1211 2608 1260 2636 20)
1280 2608 1328 2635 ex]
1348 2606 1387 2629 sic
1405 2605 1487 2629 Editt.
1505 2604 1595 2635 1565„
1616 2605 1702 2636 1569„
1724 2604 1813 2634 1592.;
1838 2603 1887 2627 Ed.
1909 2602 1982 2626 1556.
2002 2602 2043 2626 de.

1211 2651 1259 2677 21)
1278 2650 1344 2677 iam]
1364 2649 1402 2672 sic
1420 2648 1468 2671 Ed.
1491 2647 1583 2679 1556.;
1611 2648 1694 2671 Editt.
1715 2647 1806 2677 15⁶5„
1825 2646 1897 2669 1569.
1917 2646 2062 2674 corrupte:
2087 2651 2162 2675 cunm

1245 2684 1294 2708 Ed.
1316 2683 1388 2707 1592.
1408 2688 1486 2706 nuuc.
