2351 2990
124 702 287 745 XLIV.

369 703 466 744 PH.
510 702 674 743 Muli.
722 699 1307 744 INTERPRETATIO
1354 698 1626 742 LATINA
1670 695 2165 741 NARRATIONIS

412 784 702 827 PRODICl
746 784 835 825 DE
868 780 1199 824 HERCUIAE
1242 781 1334 822 Ex
1372 779 1873 823 ΧΕΝΟΡΗΟΝΊἘ.

126 913 238 967 Alter
262 936 356 973 locus,
393 944 481 974 quem
505 934 678 964 Melanthon
710 943 748 962 ex
771 933 971 973 Xenophonte
1002 932 1123 960 latinum
1151 931 1240 969 fecit,
1277 933 1403 960 narratio
1433 937 1477 960 est
1506 931 1544 960 de
1567 931 1697 960 Hercule
1719 930 1867 968 Prodicio,
1903 938 1978 969 quae
2008 930 2037 958 in
2066 928 2170 958 Xeno-

130 979 247 1017 phontis
270 979 507 1007 Meinorabilibus
530 978 656 1007 Socratis
680 977 729 1005 lib.
749 978 786 1007 11.
811 986 874 1014 cap.
891 975 920 1006 1.
943 974 972 1014 §.
987 973 1139 1005 21—34.
1161 975 1217 1004 Ed.
1232 975 1358 1004 Thieme
1381 976 1500 1013 legitur.
1545 975 1635 1003 Huius
1658 974 1832 1003 narrationis
1853 972 2057 1012 interpretatio
2080 972 2170 1001 latina

130 1021 327 1051 Melanthonis
351 1021 551 1050 tantummodo
574 1020 722 1049 invenitur
744 1020 772 1047 in
796 1020 847 1048 illo
871 1019 945 1047 libro
969 1028 1058 1057 supra
1081 1028 1111 1056 p.
1124 1016 1187 1048 691
1205 1028 1248 1056 sq.
1272 1018 1436 1056 descripto:

255 1079 434 1110 Orationes
457 1089 504 1108 cs
527 1078 671 1108 historia
698 1076 905 1118 Thucydidis
927 1082 960 1106 et
982 1078 1186 1116 insigniores
1210 1076 1340 1115 aliquot
1364 1074 1597 1106 Demosthenis
1628 1080 1660 1104 et
1689 1074 1834 1105 aliorum
1858 1073 2042 1104 Orator-um
2064 1071 2171 1105 Grae-

298 1133 429 1159 corum,
465 1131 647 1152 conuersae
680 1122 715 1149 in
745 1121 889 1150 latinum
918 1129 1098 1150 sermonem
1129 1129 1151 1148 α
1179 1118 1341 1159 Philippu
1368 1117 1595 1149 Melanchone.

307 1163 516 1204 nitebergae
538 1162 591 1195 M.
608 1163 653 1194 D.
669 1162 792 1193 LXII.
836 1164 868 1194 8.

1646 1117 1774 1149 Editae
1796 1128 1818 1148 a
1843 1117 1988 1158 Casparo
2013 1117 2172 1148 Peucero.

130 1224 158 1251 in
182 1234 238 1262 quo
262 1224 302 1251 sic
325 1230 369 1253 est
392 1225 547 1263 inscripta:
577 1224 623 1252 Ex
646 1223 774 1252 secundo
798 1224 870 1252 libro
894 1221 1097 1261 Xenophontis
1119 1222 1158 1251 de
1181 1222 1308 1252 Socratis
1332 1222 1526 1252 sermonibus.

214 1424 512 1462 PRODICI
553 1424 636 1461 DE
677 1423 1004 1461 HERCULE
1052 1421 1433 1460 NARRATIO
1475 1421 1564 1458 EX
1603 1419 2090 1459 ΧΕΝΟΡΗΟΝΤΕ

671 1491 901 1522 renarro
931 1492 1269 1521 MELANTHONE
1299 1489 1624 1519 INTERPRETE.

124 1583 317 1639 Prodicus
350 1602 491 1647 sapiens
521 1601 559 1635 in
593 1601 725 1646 scripto
755 1602 798 1635 de
822 1601 994 1643 Hercule,
1029 1603 1126 1648 quod

127 1655 291 1701 pluribus
309 1653 472 1688 similiter
488 1653 672 1693 recitavit,
705 1653 754 1687 sic
776 1653 895 1699 inquit
917 1654 960 1687 de
986 1653 1130 1695 virtute,

130 1712 305 1753 quantum
324 1718 388 1749 ego
404 1705 565 1740 memini.
599 1704 695 1737 Dicit
710 1704 915 1746 Herculem,
943 1717 1023 1739 cum
1044 1706 1130 1739 ado-

129 1759 264 1792 lescens
277 1763 377 1797 esset,
393 1769 433 1790 ea
446 1763 575 1797 aetate,
598 1768 689 1802 quae
705 1755 778 1789 iam
797 1757 985 1791 ostendere
1002 1763 1131 1802 potest,

129 1822 176 1843 an
196 1809 307 1842 vitam
325 1821 404 1842 cum
421 1808 553 1842 virtute
573 1820 676 1852 agere
693 1808 791 1849 velit,
808 1815 871 1842 aut
886 1820 931 1841 an
948 1821 1014 1854 per
1032 1809 1132 1854 igna-

128 1861 225 1894 viarn
242 1860 443 1905 voluptates
460 1859 579 1906 sequi,
602 1871 782 1904 egressum
809 1872 883 1894 esse
907 1860 944 1893 in
969 1860 1131 1895 solitudi-

127 1925 224 1947 nem.
262 1911 315 1945 lbi
327 1924 407 1945 cum
426 1912 566 1946 sederet
582 1911 842 1956 cogitabundus
861 1924 901 1945 ac
918 1912 1132 1953 deliberans,

129 1971 250 1999 utram
271 1963 367 1996 viam
385 1963 652 2008 ingrederetur,
687 1963 814 2007 procul
839 1971 1063 1998 accesserunt
1087 1965 1132 1997 ad

132 2028 214 2050 eum
245 2016 336 2049 duae
367 2015 534 2049 mulieres
564 2026 756 2060 procerae,
799 2027 954 2061 quarum
987 2016 1133 2050 alterius

132 2067 266 2113 species
297 2064 448 2100 honesta
477 2072 555 2100 erat
579 2073 613 2100 et
634 2066 811 2111 ingenuae
835 2073 1024 2101 matronae
1050 2079 1134 2101 con-

128 2119 296 2158 veniens,
328 2118 504 2152 munditie
529 2119 691 2163 corporis
714 2119 865 2159 decora,
899 2119 1009 2153 oculis
1034 2131 1134 2152 vere-

132 2171 269 2210 cunda,
304 2176 404 2214 gestu
430 2170 613 2211 modesta,
654 2176 750 2204 veste
780 2170 945 2205 candida.
1010 2171 1132 2205 Altera

132 2228 210 2256 erat
225 2221 408 2266 pinguiori
426 2233 577 2266 corpore
594 2227 628 2255 et
646 2222 762 2255 fucata
774 2247 783 2262 ‚
811 2227 852 2256 ut
874 2223 1008 2256 candor
1027 2229 1061 2257 et
1074 2235 1134 2257 ru-

131 2273 200 2307 bor
216 2274 254 2306 in
268 2272 357 2306 sacie
373 2273 491 2307 maior
507 2279 617 2314 esset,
652 2285 760 2319 quam
778 2274 922 2309 nativus
938 2287 1012 2309 esse
1028 2275 1134 2313 solet;

134 2324 291 2359 incessus
319 2336 406 2358 vero
440 2325 542 2366 talis,
581 2331 622 2359 ut
653 2325 835 2359 videretur
866 2326 981 2371 magis
1009 2327 1134 2367 ardua,

136 2388 245 2421 quam
263 2382 352 2417 erat,
381 2376 475 2411 oculi
493 2376 626 2422 passim
644 2383 826 2421 vagantes,
853 2377 999 2413 vestitus
1018 2379 1135 2424 splen-

135 2427 253 2461 didus.
305 2426 402 2460 Haec
419 2434 453 2461 et
468 2440 542 2462 sese
558 2428 634 2473 ipsa
650 2428 992 2474 circumspectabat,
1028 2437 1063 2464 et
1080 2442 1134 2463 re-

139 2478 331 2523 spiciebat,
358 2491 403 2512 an
419 2485 453 2512 et
472 2480 532 2512 alii
552 2492 630 2513 eam
653 2481 1004 2526 contemplarentur,
1030 2494 1135 2527 saepe

135 2537 170 2564 et
185 2530 352 2563 umbram
367 2542 468 2564 suam
485 2532 735 2566 contuebatur.
789 2532 880 2566 Cum
901 2539 1020 2567 autem
1037 2540 1135 2567 utra-

140 2593 209 2627 que
234 2593 309 2614 non
337 2582 464 2626 procul
488 2583 643 2625 abesset,
687 2584 885 2619 modestior
914 2584 974 2618 illa
1009 2586 1135 2618 eodem

138 2632 249 2666 modo
278 2633 512 2677 procedebat;
555 2635 665 2668 altera
695 2648 780 2670 vero
810 2642 851 2670 ut
885 2642 1137 2678 anteverteret,

142 2683 304 2717 celeriter
330 2685 483 2719 accurrit
509 2685 554 2719 ad
578 2685 792 2728 Herculem,
833 2693 868 2722 et
893 2688 996 2734 prior
1019 2689 1136 2723 dicere

141 2735 270 2780 coepit.

1283 1601 1459 1636 Dubitare
1478 1608 1511 1635 te
1532 1601 1702 1636 Hercules
1720 1600 1843 1642 video,
1869 1606 1988 1635 utram
2010 1601 2106 1636 viam
2131 1602 2179 1636 ad

1181 1654 1291 1688 vitam
1308 1653 1532 1699 ingrediaris.
1594 1653 1653 1687 Me
1670 1665 1755 1687 vero
1772 1653 1800 1688 si
1821 1653 1886 1687 tibi
1901 1653 2098 1688 ductricem
2115 1655 2178 1688 ad-

1180 1706 1325 1751 iungas,
1352 1707 1479 1740 ducam
1498 1711 1531 1739 te
1547 1704 1584 1738 in
1607 1705 1704 1738 viam
1729 1704 1972 1740 dulcissimam
1996 1712 2031 1740 et
2054 1706 2180 1741 facilli-

1181 1770 1298 1799 mam,
1324 1758 1362 1791 in
1387 1770 1457 1804 qua
1483 1757 1650 1792 omnibus
1667 1757 1802 1791 deliciis
1818 1757 1948 1792 frueris
1963 1764 1997 1791 et
2011 1755 2104 1792 nihil
2121 1770 2180 1793 ex-

1182 1809 1332 1855 perieris
1348 1809 1508 1844 insuave.
1559 1808 1723 1843 Primum
1740 1821 1805 1842 nec
1821 1809 2012 1852 bellorum,
2038 1822 2104 1844 nec
2117 1822 2180 1844 ne-

1183 1861 1364 1906 gotiorum
1383 1873 1467 1895 cura
1486 1867 1519 1894 te
1537 1860 1770 1900 excruciabit;
1803 1862 1865 1895 sed
1887 1873 2038 1908 quaeres
2060 1868 2182 1907 gratos

1184 1913 1281 1947 cibos
1298 1919 1332 1946 et
1347 1920 1472 1959 potus,
1500 1919 1534 1946 et
1551 1913 1673 1948 oculos
1699 1912 1862 1949 iucundis
1885 1914 2094 1958 spectaculis
2118 1914 2183 1948 ob-

1184 1964 1351 2005 lectabis,
1387 1966 1499 1999 odore
1517 1970 1551 1998 et
1567 1971 1662 1999 tactu
1688 1964 1845 1999 suaviter
1867 1965 2053 2007 afficieris,
2086 1965 2183 2000 frue—

1183 2017 1233 2051 ris
1265 2016 1467 2058 amoribus,
1510 2022 1544 2050 et
1573 2016 1780 2051 mollissime
1815 2016 1994 2059 dormies,
2036 2023 2072 2051 et
2093 2015 2184 2053 haee

1184 2080 1294 2115 quam
1318 2068 1470 2102 minimo
1495 2068 1617 2102 labore
1642 2068 1869 2114 adipisceris,
1910 2080 1951 2102 ae
1982 2068 2012 2104 si
2036 2071 2183 2116 quando

1184 2120 1339 2165 suspicio
1364 2120 1516 2161 incidet,
1558 2121 1764 2155 defuturum
1791 2133 1864 2156 esse
1891 2120 2027 2168 aliquid
2050 2119 2184 2158 horum

1184 2173 1387 2214 bonorum,
1431 2185 1505 2206 non
1533 2178 1690 2213 metuas,
1732 2185 1777 2207 ne
1808 2173 1936 2207 ducam
1966 2179 2001 2207 te
2034 2186 2097 2217 eo,
2143 2181 2185 2210 ut

1185 2225 1310 2258 labore
1335 2225 1497 2270 corporis
1522 2229 1556 2258 et
1579 2223 1690 2257 animi
1712 2222 1799 2258 haec
1829 2237 1953 2270 pares;
1995 2226 2057 2260 sed
2087 2227 2182 2261 dabo

1185 2277 1337 2310 fruenda
1355 2277 1474 2310 alieno
1490 2276 1612 2310 labore
1627 2282 1729 2321 parta
1740 2303 1750 2317 ‚
1777 2288 1843 2310 nec
1859 2277 1903 2311 ab
1920 2276 1993 2311 ulla
2010 2289 2050 2311 re
2075 2279 2184 2314 absti-

1186 2328 1309 2369 nebis,
1345 2341 1387 2362 ex
1415 2340 1487 2375 qua
1503 2327 1635 2361 lucrari
1651 2328 1872 2373 voluptatem
1890 2328 2036 2374 poteris.
2087 2330 2183 2366 Nam

1187 2380 1377 2415 comitibus
1403 2380 1491 2415 meis
1516 2380 1672 2413 concedo
1694 2380 1838 2416 delicias
1862 2381 2101 2428 undecunque
2127 2392 2186 2419 su-

1184 2444 1296 2466 mere.

1288 2481 1386 2516 Haec
1410 2494 1490 2516 curn
1514 2482 1670 2517 audisset
1693 2483 1883 2525 Hercules,
1916 2496 2050 2518 nomen
2074 2485 2184 2521 inter-

1186 2540 1291 2579 rogat
1304 2534 1477 2569 mulieris.
1528 2533 1590 2567 Illa
1613 2534 1737 2580 igitur:
1765 2535 1891 2570 ‘Amici
1914 2548 1972 2570 me
1994 2537 2186 2573 beatitudi—

1186 2598 1289 2627 nem,
1328 2585 1466 2632 inquit,
1508 2586 1716 2626 nominant;
1755 2587 1892 2621 inimici
1918 2599 2025 2629 vero,
2063 2596 2104 2624 ut
2126 2601 2185 2625 me

1188 2638 1413 2683 vituperent,
1436 2637 1630 2682 ignaviam.

1292 2687 1429 2722 Interea
1455 2689 1601 2724 accessit
1617 2696 1651 2724 et
1670 2689 1799 2724 altera:
1837 2688 1882 2724 Et
1910 2702 1975 2736 ego
1998 2691 2043 2725 ad
2068 2697 2102 2725 te
2125 2704 2183 2726 ve-

1189 2740 1272 2782 nio,
1300 2753 1394 2787 quae
1419 2741 1505 2775 novi
1527 2748 1561 2775 et
1582 2742 1739 2776 maiores
1765 2748 1866 2783 tuos,
1901 2748 1937 2776 et
1960 2748 2057 2777 tuam
2081 2750 2185 2778 natu-
