2351 2990
194 131 266 165 635

199 211 447 260 loquuntur-³¹)
465 211 676 245 Germanica
694 211 825 254 lingua.
878 207 1000 253 ltaque
1018 217 1097 240 cum
1114 205 1183 239 Ge-

200 275 252 299 tae
269 277 330 299 seu
348 261 457 298 Gothi
475 260 655 296 Thracum
672 261 779 294 vicini
797 265 930 298 essent,
963 269 1037 290 non
1052 256 1184 290 mirum

199 324 266 355 cst,
294 315 438 349 Graecis
456 320 559 347 notos
577 314 691 346 fnisse.
751 308 1008 356 Herodotusffi)
1033 314 1067 341 et
1085 305 1186 341 'rhu-

198 367 338 412 cydides
350 365 396 411 ³⁸)
413 370 604 402 testantur,
632 374 753 395 eorum
772 362 871 395 sedes
895 360 986 393 inter
1001 358 1130 393 Istrum
1152 363 1186 391 et

199 417 391 452 Thraciam
414 416 529 449 fuisse.
589 413 707 458 Quare
731 411 915 458 Straboffi)
941 410 1183 444 Alexandrum

199 471 305 502 etiam
326 468 458 501 venisse
477 466 512 497 in
529 464 689 497 Geticam
705 463 887 508 regionem
905 461 1038 496 scribit.
1096 460 1186 493 Pro-

202 519 392 553 ximiGetis
410 531 423 548 x
435 527 530 549 ersus
539 514 758 559 llungariam
777 515 873 547 suere
884 515 985 553 Daci,
1014 511 1075 556 qui
1091 522 1186 544 nunc

205 571 340 605 I'alaclu‘
363 568 540 601 dicuntur.
593 566 753 599 Fuerunt
775 577 880 609 supra
898 563 1076 596 Euxinum
1091 562 1187 595 Pon-

203 630 274 655 tum
291 618 396 652 vicini
415 617 512 652 Getis
530 623 564 650 et
583 619 765 652 Cimmerii.
821 616 869 648 Ut
895 621 1013 648 autem
1042 613 1127 646 olim
1150 612 1187 645 in

203 673 259 705 illa
276 683 338 704 ora
355 668 605 714 septentrionis
630 668 709 700 illae
733 674 802 700 tres
825 672 944 711 gentes
968 663 1188 703 habitarunt,

203 724 249 756 ita
267 721 428 755 existimo
446 726 589 763 vagatas
607 730 678 752 esse
696 725 770 751 toto
788 715 951 750 Ballhico
978 716 1096 748 littore
1108 741 1118 755 ‚
1155 720 1189 746 et

202 785 322 807 carum
341 770 509 816 reliquias
533 769 728 803 etiamnum
754 780 826 803 csse
853 780 910 801 eas
936 773 1073 811 gentes,
1098 777 1188 811 quae

205 830 323 858 tenent
349 821 564 856 Cimbricam
591 819 868 859 Chersonesum,
908 818 1071 850 videlicet
1095 816 1190 850 Cim-

203 878 303 914 bros,
344 874 486 912 Danos,
528 870 679 905 Gothos.
747 871 791 904 Et
825 869 997 903 assentior
1023 867 1190 901 Conrado

203 925 368 972 Celtiffi),
396 924 458 969 qui
474 923 680 962 chanum,
709 922 805 967 qnod
829 932 923 954 nunc
947 925 1077 953 vocant
1092 918 1190 951 Dan-

204 979 347 1017 tiscum,
373 975 490 1020 inquit
506 986 525 1006 a
542 974 638 1007 Getis
657 985 717 1006 seu
736 970 862 1007 Gothis
879 971 1011 1004 dictum
1038 981 1130 1009 esse,
1159 974 1192 1001 et

204 1029 389 1062 Codanum
431 1026 546 1059 sinum
567 1052 576 1065 ,
626 1024 727 1069 quasi
761 1021 959 1057 Gothinum
1000 1033 1020 1054 a
1052 1017 1191 1055 Gothis.

204 1080 293 1114 Nam
321 1084 354 1111 et
378 1077 505 1111 Graeci
529 1088 547 1108 a
573 1075 691 1115 Getis,
729 1074 856 1120 gentile
879 1084 1012 1106 nomen
1033 1072 1193 1105 fecerunt

204 1127 362 1177 ysvgrol.
417 1127 522 1160 Celtis
539 1127 587 1160 sic
604 1126 668 1159 ait:

246 1188 305 1217 Sed
329 1186 473 1225 quondam
489 1184 661 1223 Gedanum,
683 1183 846 1212 Gothorum
868 1192 885 1211 a
907 1182 1025 1210 nomine
1047 1181 1166 1218 dictum,

248 1239 379 1275 Hiucque
401 1238 479 1265 sinus
503 1236 637 1264 Codanus
660 1235 776 1263 nomina
799 1234 893 1262 clarus
915 1233 1014 1262 habet.

306 1289 401 1322 Haec
416 1288 567 1320 libenter
583 1285 762 1325 recensui,
789 1291 822 1318 et
841 1284 924 1330 quia
948 1283 1083 1329 aliquid
1107 1281 1194 1316 lucis

208 1341 363 1374 afferunt
386 1338 532 1378 Tacito,
573 1343 606 1370 et
627 1343 666 1370 ut
692 1336 849 1380 gentium
875 1335 1018 1368 illarum
1043 1333 1195 1367 Cimbri-

207 1404 266 1425 cae
291 1398 324 1424 et
346 1388 519 1424 Gothicae
546 1388 739 1433 antiquitas
764 1399 783 1420 a
808 1386 973 1421 studiosis
996 1385 1195 1418 considere-

243 1535 290 1562 31)
310 1531 448 1562 appellant
461 1546 468 1554 .
503 1530 529 1552 et
547 1527 719 1557 loquuntur]-
737 1526 776 1550 sic
800 1525 882 1550 Editt.
899 1523 1109 1554 1557—1673.;
1143 1523 1195 1547 Ed.

282 1568 356 1591 15³3.
375 1564 531 1594 appellent,
555 1564 581 1585 et
602 1563 754 1591 loquantur.

245 1610 294 1638 32)
315 1607 485 1634 Herodotus]
507 1605 546 1628 sic
565 1605 587 1628 li.
609 1605 627 1628 l.
648 1604 818 1627 scribendum
839 1604 895 1628 est:
921 1608 1014 1626 omnes
1035 1600 1099 1624 illae
1111 1599 1196 1623 Editt.

280 1643 340 1667 1=.l.
360 1642 431 1664 falso
458 1641 570 1663 liabent:
604 1639 783 1662 Herodianus.
806 1650 836 1654 —-
879 1637 1008 1667 Spectant
1034 1634 1104 1658 enim
1132 1633 1197 1656 haec

278 1674 461 1701 Melantlionis
482 1675 564 1696 verna
583 1673 616 1695 ad
633 1673 764 1695 Herodnt.
783 1672 829 1696 lV.
848 1670 889 1695 93.
909 1668 983 1702 Πρὶν
1002 1667 1030 1693 δὲ
1048 1665 1197 1691 ἀπικέσθαι

278 1710 322 1735 ἐπὶ
344 1708 391 1732 τὸν
407 1709 527 1738 Ἰσῑρον,
546 1704 670 1736 πρώτους
688 1705 771 1737 αἱρέει
790 1705 873 1732 Γέτας
890 1703 954 1732 τούς
971 1700 1196 1731 ἀθανατίζοντας.

244 1755 291 1779 33)
312 1752 430 1781 Thur-vd.
450 1751 481 1774 ll.
500 1750 541 1773 96.
562 1747 653 1772 ἔπειτα
672 1747 734 1775 τούς
752 1746 901 1780 ὑπερβάντι
917 1741 1017 1778 Αἷμον
1034 1744 1132 1775 Γέτας,
1151 1740 1196 1766 καὶ

278 1786 328 1811 [ιο-ιε
349 1786 417 1809 (112).st
435 1784 503 1816 .“-‘¹<''I
523 1781 600 1809 ἐντός
618 1782 665 1806 τοῦ
682 1781 784 1813 Ἴστρου
812 1780 941 1813 ποταμοῦ
961 1778 1030 1812 πρὸς
1048 1777 1197 1803 θάλασσαν

277 1820 386 1853 μᾶλλον
404 1817 453 1848 ⁷121-
472 1817 520 1841 τοῦ
541 1814 675 1845 Εὐξείνου
693 1814 798 1840 πόντου
817 1815 966 1849 κατῴκητο.

244 1868 292 1896 3⁴)
312 1866 402 1890 strab.
426 1869 520 1891 gener.
539 1862 601 1885 Vll.
627 1869 651 1891 p.
670 1862 729 1885 301.
756 1862 796 1885 ed.
817 1860 934 1885 casaub.
960 1861 1000 1888 (p.
1016 1857 1075 1882 462.
1099 1857 1140 1880 ed.
1164 1857 1198 1880 ab

281 1898 409 1929 Almel.):
434 1894 612 1926 Ἀλέξανδρος
630 1894 682 1927 γάρ
703 1893 886 1924 §datianum
904 1891 973 1917 κατὰ
993 1890 1041 1922 τήν
1059 1889 1105 1915 ἐπὶ
1122 1889 1197 1922 Θρά-

281 1943 328 1961 κης
352 1931 413 1958 ‘ross‘
438 1928 506 1962 ὗίῑὶρ
532 1930 579 1953 τοῦ
598 1931 694 1961 Λὶμοι·
719 1927 852 1960 στρατιάν
876 1924 1005 1960 ἐμβαλών
1025 1926 1062 1953 εἰς
1080 1924 1198 1956 Τριβαλ-

280 1967 360 1996 λούς,
379 1966 451 1997 ὁρῶν
469 1965 551 1996 μέχρι
570 1964 618 1988 τοῦ
633 1963 736 1996 Ἴστρου
755 1960 943 1994 καθήκοντας,
961 1959 1007 1985 καὶ
1023 1960 1066 1989 τῆς
1080 1958 1111 1983 ἐν
1124 1956 1198 1991 αὐτῷ

278 2000 363 2033 νήσου
383 1998 506 2029 Πεύκης,
538 1997 570 2022 τά
596 1998 684 2030 πέραν
703 1996 730 2022 δὲ
749 1997 832 2025 Γέτας
850 1996 981 2028 ἔχοντας,
999 1991 1135 2028 ,ἀφῖχθαι
1152 1992 1197 2017 λέ-

280 2045 355 2069 γεται
371 2034 453 2068 μέχρι
471 2032 558 2065 δεῦρο.

246 2080 294 2110 35)
314 2080 395 2105 Conr.
417 2078 509 2101 celtes
530 2076 604 2099 1459.
624 2081 638 2098 e
657 2075 810 2098 Franconia
829 2074 977 2099 oriundae.
1010 2072 1085 2096 1508.
1104 2071 1196 2095 Vien-

284 2120 352 2138 nae.
376 2112 421 2135 ubi
442 2111 502 2134 inde
521 2110 554 2133 ab
573 2115 598 2133 a.
616 2110 689 2134 1501.
709 2109 834 2138 poeticen
855 2112 881 2132 et
901 2107 1054 2132 rhetoricen
1075 2107 1197 2136 docebat.

286 2150 422 2173 mortuns.
449 2147 490 2168 est
518 2144 622 2174 primns
648 2144 674 2166 in
694 2143 840 2167 Germania
864 2145 943 2172 poeta
968 2142 1014 2171 (ab
1038 2141 1097 2170 ipso
1118 2140 1197 2164 CaeS.

282 2181 422 2207 Friderico
442 2179 485 2203 ΙΙΙ,
517 2179 591 2201 1491.
617 2177 827 2208 Norimnergac)
859 2178 1016 2200 coronatus.
1070 2175 1198 2198 Poemata

283 2218 342 2240 eius
363 2215 479 2238 collecta
500 2212 574 2236 1513.
594 2211 753 2242 prodierunt
779 2212 819 2234 sic
844 2211 992 2239 inscripta:
1026 2209 1111 2233 Conr.
1133 2209 1198 2233 Cel-

285 2253 322 2275 tis
348 2247 484 2279 promen,
515 2246 594 2276 primi
619 2246 646 2268 in
672 2245 820 2269 Germania
844 2246 942 2274 poetae
967 2243 1105 2267 coronati.
1136 2242 1197 2265 libri

285 2285 403 2309 odarum
418 2282 464 2304 lv.
484 2287 542 2303 cuin
563 2280 646 2310 epodo
667 2282 693 2302 et
713 2279 830 2303 seculari
850 2278 986 2303 carmine,
1007 2277 1153 2305 diligenter
1173 2277 1198 2299 et

285 2320 411 2342 accurate
430 2314 558 2345 impressi
577 2318 603 2337 et
623 2315 671 2336 lim:
690 2314 800 2343 prinnini
821 2315 887 2342 typo
908 2313 935 2334 in
956 2311 1102 2335 stntliosor.
1123 2316 1198 2333 enio-

287 2354 431 2375 lninentnm
467 2349 540 2372 editi.
571 2350 601 2375 (a
627 2348 722 2372 loach.
750 2348 891 2371 l'adiano.
917 2347 1031 2375 Arsscnt.
1064 2351 1096 2367 cx·
1129 2345 1197 2368 offic.

289 2385 486 2408 >vaureu-iana.
521 2383 600 2405 ductu
626 2383 727 2407 Leonli¹
754 2384 779 2405 et
805 2383 893 2404 Lucae
918 2381 1048 2402 Alantsee
1073 2378 1197 2401 fratrum.

289 2420 361 2442 1513.
377 2425 408 2441 ni.
429 2418 524 2444 Maio.)
548 2419 571 2439 4.
602 2417 668 2440 Eius
687 2422 797 2439 carmen
816 2416 855 2438 lle
874 2414 928 2437 situ
948 2415 974 2436 et
995 2413 1113 2435 moribus
1128 2413 1199 2435 Ger-

289 2453 393 2476 maniae
419 2451 518 2480 prodiit
544 2451 617 2475 1511,
645 2451 670 2473 in
698 2451 782 2473 lituro:
815 2450 934 2472 Berosus
960 2446 1141 2476 Bam-lonicus
1167 2447 1199 2469 de

288 2487 344 2510 his.
377 2491 443 2514 qnae
469 2486 680 2513 praecesserunt
708 2484 908 2507 inundationem
935 2484 1080 2504 terrarum.
1118 2480 1198 2503 ltem:

289 2519 421 2549 Myrsilus
447 2519 479 2541 de
498 2519 605 2548 origine
630 2519 839 2541 Turrlienornin.
866 2519 917 2539 etc.
943 2517 967 2539 4.
988 2528 1020 2532 ——
1044 2514 1113 2536 idem
1142 2515 1201 2537 lruic

290 2553 471 2578 Melantlionis
498 2553 530 2574 de
556 2553 697 2576 vocabulis
723 2553 863 2581 regionum
889 2550 979 2573 libello
1004 2549 1031 2571 in
1056 2549 1103 2571 Ed.
1127 2548 1199 2572 ¹557.

289 2593 422 2611 annexum
454 2588 479 2608 et
505 2586 531 2608 in
556 2587 678 2609 &eliardii
705 2593 786 2616 opere
811 2590 895 2614 supra
925 2583 1061 2611 descripto
1088 2582 1161 2606 Toni.
1182 2582 1198 2605 l.

289 2629 315 2652 p.
335 2620 496 2644 4⁴5—443.
539 2621 673 2643 Editionis
700 2621 791 2645 1574..
823 2626 847 2648 p.
862 2617 1020 2642 226—225.
1057 2616 1105 2639 Ed.
1128 2616 1199 2640 1673.

290 2660 414 2679 recusum
434 2655 485 2676 est.
506 2665 535 2671 -
574 2655 682 2677 Versus
709 2656 854 2684 sequentes
880 2652 906 2675 in
932 2652 982 2674 hoc
1006 2650 1110 2680 quidem
1138 2656 1201 2673 ear-

288 2690 359 2713 minc
380 2694 431 2711 non
453 2687 558 2712 inveni.
589 2692 754 2717 quapropter
779 2694 810 2711 ex
829 2687 884 2710 alio
905 2685 1019 2716 quodam
1039 2684 1116 2708 allati
1139 2690 1201 2707 esse

289 2723 422 2746 videntur.

768 123 887 158 PHlL.
923 121 1034 156 MEL.
1075 118 1274 155 SCRIPTA
1308 118 1642 155 PHILOLOGICA.

2145 122 2220 156 636

1236 212 1314 246 tur,
1340 205 1549 250 praesertim
1568 218 1648 240 cum
1663 203 1814 241 Gothica
1831 217 1914 251 gens
1932 218 2005 240 non
2021 207 2136 241 solum
2150 208 2222 241 for-

1236 256 1387 290 titudine
1405 257 1626 298 excelluerit,
1652 258 1712 291 sed
1734 257 1840 290 etiam
1857 257 2102 291 moderatione
2125 264 2160 291 et
2176 259 2221 291 ci·
2260 293 2264 295 ,

1237 307 1365 341 vilibus
1388 307 1589 342 virtutibus.
1647 306 1694 341 Et
1723 308 1810 342 utile
1844 314 1896 342 est
1927 308 2004 342 illas
2033 309 2223 353 stupendas

1238 358 1395 403 gentium
1415 358 1610 392 errationes
1627 370 1667 392 ac
1685 359 1921 404 dispersiones
1937 359 2123 404 diligenter
2141 371 2223 393 con-

1237 409 1405 443 siderare.
1471 407 1512 441 In
1536 406 1591 442 his
1614 409 1709 442 enim
1733 410 1787 443 vel
1811 410 1964 444 maxime
1997 410 2224 454 conspicitur,

1239 473 1346 506 quam
1364 459 1435 494 sint
1450 471 1506 493 res
1523 457 1701 493 humanae
1720 460 1900 494 instabiles
1918 474 1957 494 ac
1973 461 2124 505 fugaces.

1340 512 1445 554 Lyye'c'
1467 509 1575 543 vicini
1600 509 1756 554 Quadis,
1793 524 1867 545 non
1889 512 2013 556 procul
2039 524 2057 545 a
2081 512 2224 555 Panno-

1239 561 1307 595 niis
1337 562 1537 595 abfuerunt.
1596 560 1689 595 Rani
1713 561 1912 609 Tacitusw)
1944 563 2012 603 ait,
2047 563 2226 607 praesecto

1240 612 1450 646 Pannoniae
1470 612 1679 645 mandatum
1699 624 1790 653 esse,
1817 619 1857 647 ut
1880 611 2105 647 contraheret
2130 625 2226 647 exer-

1241 663 1329 697 cilus
1362 664 1407 696 ad
1431 663 1601 696 arcendos
1627 662 1770 707 Lygios.
1835 663 1950 698 Sonus
1979 665 2226 709 appellationis

1243 713 1366 747 alludit
1392 714 1436 746 ad
1451 715 1581 748 Slesz'ae
1606 725 1756 754 nomen,
1793 714 1856 747 etsi
1879 712 1935 748 hic
1953 714 2097 750 Tacitus
2119 715 2225 749 etiam

1244 764 1429 810 Elysiosffi)
1447 765 1622 798 nominat.
1675 764 1744 798 Sed
1770 765 1926 798 arbitror
1950 773 2098 810 cognata
2124 778 2228 800 voca-

1243 817 1324 850 bula
1343 828 1434 856 esse,
1461 821 1495 848 et
1511 815 1555 848 ab
1570 813 1638 848 hac
1662 821 1764 859 gente
1780 815 1908 850 Slesios
1931 828 1993 850 seu
2009 815 2226 863 Lusatiosae)

1245 873 1341 900 ortos
1359 879 1451 907 esse,
1478 878 1632 911 quorum
1647 867 1744 900 sedes
1761 867 1880 913 aliqua
1897 879 1939 899 ex
1963 873 2063 911 parte
2087 873 2169 901 sunt
2189 867 2227 900 in

1244 923 1403 951 veterum
1426 916 1622 962 Lygiorum
1643 917 1800 961 regione.
1868 917 2042 963 Reliquae
2073 918 2227 963 appella-

1245 969 1358 1002 tiones
1381 981 1459 1001 cum
1486 968 1570 1012 ipsis
1594 968 1756 1013 gentibus
1782 968 1955 1001 extinctae
1984 974 2099 1005 sunt.⁴
2135 971 2230 1010 Arii,

1245 1018 1495 1065 Helvecones39)
1527 1025 1591 1052 etc.
1655 1020 1846 1053 ΝαΙιιινιάΙὶ
1861 1018 1907 1066 ³⁰)
1939 1018 2024 1053 dicti
2053 1019 2232 1058 videntur,

1246 1070 1347 1116 quasi
1377 1069 1600 1111 morimeam.
1648 1067 1716 1102 hoc
1757 1076 1827 1110 est,
1876 1070 1938 1115 qui
1967 1070 2156 1114 migrarint
2186 1071 2232 1103 ad

1246 1121 1536 1166 septentrionem.

1348 1173 1516 1211 Lemovii,
1556 1170 1726 1211 Pruteni‚
1770 1171 1831 1216 qui
1865 1170 2043 1215 progressi
2068 1171 2232 1204 videntur

1250 1235 1381 1256 nomen
1399 1222 1534 1256 dedisse
1552 1221 1738 1254 Livoniae.

1350 1273 1453 1317 (Cap.
1470 1272 1593 1318 XLV.)
1623 1271 1802 1317 Efflui⁴¹)‚
1829 1271 1984 1306 Livonii.

1348 1326 1492 1358 Suiones
1514 1329 1614 1362 sunt,
1648 1334 1736 1367 quos
1761 1334 1855 1355 nunc
1876 1324 1999 1356 Suecos
2021 1334 2082 1356 seu
2105 1325 2232 1357 Suedas

1248 1374 1478 1418 appellamus.
1546 1374 1706 1417 Apparet
1732 1379 1849 1406 autem
1874 1385 1915 1405 ex
1938 1373 2232 1417 descriptionibus

1248 1425 1285 1457 in
1301 1423 1368 1458 hoc
1385 1424 1523 1464 libello,
1550 1430 1585 1456 et
1603 1429 1770 1466 cognatas
1796 1429 1935 1466 gentes,
1968 1426 2002 1456 et
2025 1423 2145 1456 affinia
2172 1436 2234 1457 vo-

1249 1476 1370 1508 cabula
1387 1475 1492 1508 fuisse
1508 1476 1693 1513 Suionum,
1720 1475 1905 1508 saevorum
1923 1479 1958 1506 et
1971 1475 2140 1508 Sitonum.
2181 1475 2232 1508 Ac

1248 1538 1346 1559 mare
1371 1525 1559 1559 Suevicum
1582 1522 1649 1557 hoc
1672 1524 1751 1557 loco
1772 1530 1875 1557 vocat
1897 1524 2053 1558 vicinum
2077 1524 2234 1559 Sueciae.

1248 1576 1294 1610 Et
1310 1576 1439 1621 opinor
1455 1576 1588 1609 Suevos
1614 1587 1656 1608 ex
1678 1574 1811 1608 ultimis
1836 1575 1908 1608 oris
1923 1575 2158 1609 Pomeraniae
2176 1577 2235 1609 de-

1249 1628 1386 1662 duxisse
1405 1626 1562 1660 colonias
1579 1626 1616 1658 in
1634 1625 1809 1660 Sueciam.
1869 1625 1962 1659 Mira
1982 1627 2076 1659 enim
2093 1627 2160 1660 fuit
2176 1639 2234 1660 cu-

1249 1679 1379 1723 piditas
1409 1678 1586 1711 veteribus
1618 1677 1815 1721 occupandi
1843 1676 1995 1718 insulas,
2034 1678 2158 1718 credo,
2194 1684 2234 1712 ut

1251 1735 1464 1775 quaererent
1482 1735 1654 1774 tanquam
1668 1740 1838 1768 secessus,
1865 1728 1943 1761 loca
1960 1727 2221 1774 tranquilliora.

1350 1780 1536 1814 Postremo
1565 1779 1668 1824 (Cap.
1685 1777 1843 1824 XLVI),
1877 1778 2021 1812 Tacitus
2043 1778 2166 1812 miscet
2181 1778 2234 1812 ul-

1249 1832 1354 1865 timos
1372 1834 1556 1866 Germanos
1572 1829 1697 1863 vicinis
1713 1832 1902 1870 Sarmatis,
1935 1830 2027 1863 ultra
2042 1828 2232 1863 Livoniam

1249 1889 1283 1916 et
1298 1882 1515 1916 Lituaniam.
1567 1881 1661 1915 Nam
1679 1878 1747 1913 hae
1762 1881 1907 1914 fuerunt
1925 1887 2100 1913 extremae
2118 1880 2233 1924 regio-

1249 1946 1311 1968 nes
1334 1933 1561 1967 Germaniae.
1627 1931 1766 1964 Deinde
1790 1931 1975 1964 cinxerunt
1996 1931 2229 1964 Germaniam

1249 1985 1443 2018 Sarmatae.
1503 1984 1753 2016 Annumerant
1776 1988 1893 2015 autem
1918 1981 2107 2026 scriptores
2122 1985 2233 2017 Hene-

1248 2042 1298 2070 τος
1314 2035 1497 2074 Sarmatis,
1525 2047 1614 2080 quos
1631 2040 1750 2066 tamen
1767 2032 1919 2066 discerni
1936 2033 2106 2077 oportuit.
2139 2033 2231 2068 Nam

1249 2086 1455 2132 Heneti⁴²)‚
1491 2098 1574 2129 gens
1597 2084 1771 2124 Asiatica,
1806 2083 1961 2127 origine,
1988 2084 2130 2128 lingua,
2157 2096 2232 2118 mo-

1284 2221 1332 2252 36)
1352 2221 1437 2244 Tacit.
1458 2220 1556 2243 Annal.
1576 2219 1636 2242 xn.
1655 2218 1695 2241 29.
1715 2217 1756 2241 30.

1284 2265 1332 2292 37)
1353 2263 1483 2292 Elysios]
1503 2263 1542 2285 sic
1560 2262 1643 2286 Editt.
1662 2260 1764 2283 1538—
1778 2259 1852 2284 1673.
1872 2261 1899 2282 et
1917 2259 2000 2283 Editt.
2015 2259 2140 2290 walth„
2158 2260 2232 2283 Doe-

1320 2299 1404 2328 ἀει-1.,
1425 2298 1566 2325 Passow.;
1591 2295 1675 2319 Editt.
1696 2295 1824 2323 Grinnn.,
1843 2295 1956 2317 Massm.
1975 2293 2111 2318 Helisios.

1285 2339 1562 2398 3Sziesselultbusatios]
1583 2338 1623 2361 sic
1641 2335 1942 2366 Editt.1557.—1673.;
1967 2336 1995 2359 in
2009 2336 2057 2359 Ed.
2075 2336 2148 2361 1538.
2168 2337 2234 2360 haec

1285 2417 1331 2445 3⁹)
1351 2417 1434 2447 Arii,
1472 2415 1661 2443 Heli-econes]
1694 2414 1734 2438 sic
1764 2413 1847 2437 Editt.
1870 2412 1981 2436 1538·-
1997 2411 2072 2436 1673.
2097 2413 2123 2435 et
2148 2412 2230 2436 Editt.

1320 2451 1445 2477 XValtli.5
1464 2449 1600 2473 Doederl..
1620 2449 1765 2479 Passow.;
1785 2448 1867 2470 Editt.
1891 2447 2020 2476 Guium„
2038 2446 2150 2470 Massm.
2170 2447 2232 2471 Ha-

1320 2486 1379 2515 rii,
1398 2484 1576 2509 netz-etones.

1286 2529 1333 2556 40)
1353 2526 1533 2554 Nolam-van]
1552 2526 1591 2549 sie
1611 2525 1692 2549 Editt.
1715 2523 1920 2553 1538—1673.;
1951 2523 2033 2548 Eunt.
2058 2522 2122 2546 illae
2145 2523 2162 2546 5
2186 2529 2231 2546 re-

1319 2563 1402 2585 centt.
1422 2561 1640 2586 Nahanurrali.

1287 2605 1336 2632 41)
1359 2602 1466 2634 Effluit]
1491 2602 1531 2625 sic
1555 2602 1636 2625 Editt.
1658 2599 1848 2625 1538—1673.
1873 2600 1901 2622 et
1919 2599 1971 2629 al.;
2007 2598 2089 2622 Editt.
2115 2598 2233 2627 xvalth,

1323 2637 1580 2665 PassoW.·Aeswi;
1600 2636 1683 2658 Editt.
1705 2634 1848 2658 Doederl..
1868 2633 1997 2663 arnum,
2016 2633 2128 2655 Massm.
2141 2633 2234 2657 Aestii

1322 2672 1407 2700 (conf.
1427 2671 1567 2695 xvaltheri
1586 2672 1613 2693 et
1630 2669 1798 2692 massmanni
1819 2669 1899 2691 notae
1918 2667 1978 2690 crit.
1998 2667 2031 2689 ad
2051 2666 2075 2689 11.
2091 2667 2131 2694 l.).

1289 2715 1336 2741 42)
1357 2714 1469 2742 Heneti]
1489 2713 1537 2736 Ed.
1562 2711 1633 2736 ¹673.
1654 2717 1748 2735 errore
1767 2712 1893 2740 typogn:
1922 2710 2016 2733 flcnet.
