2294 2975
105 124 178 160 203
663 110 783 147 PHIL.
818 107 930 144 MEL.
964 102 1164 140 SCRIPTA
1197 104 1531 141 PHILOLOGICA.
2055 107 2129 142 204

95 212 158 246 rit,
186 207 279 253 quod
297 203 437 237 videbat
454 212 594 235 causam
619 210 692 232 non
716 196 845 230 malam
872 190 1078 235 impruden-

96 269 146 293 tor
175 265 205 290 οἱ
236 256 381 301 pessime
399 253 473 296 ag13
502 253 606 286 item.
634 245 820 290 disceptari
838 242 1078 277 cumCaesare
1134 243 1276 276 Necesse
1300 247 1349 276 est
1371 240 1480 289 enim]
1509 243 1781 288 Argumentum.

710 294 897 330 Conclusio
922 292 1080 338 primum
1135 290 1235 339 bunt]
1263 290 1430 338 δίλημμα
1458 300 1526 326 est:
1572 293 1643 327 Aut
1672 294 1790 339 aliqua
1820 293 2018 336 respublica
2049 293 2128 332 erit,

94 322 165 343 nou
192 309 285 345 iure,
330 306 388 339 sed
415 304 447 335 xi
479 309 510 335 et
538 301 657 334 armis.

95 359 250 392 continet
268 368 407 390 causam
426 353 629 387 scribendae
655 345 925 382 coiisolationis3
953 342 1081 376 deinde

95 408 401 445 adhortationem,
444 410 481 437 ut
515 401 652 435 sortiter
695 399 784 430 serat
823 395 892 429 hoc
927 393 1083 432 exilium,

95 466 235 504 sumpto
255 461 462 499 argumento
481 466 498 485 a
521 453 597 484 loco
622 451 664 482 de
683 447 846 481 laudibus
862 443 1083 479 Athenarum

97 520 128 544 et
151 524 168 543 a
193 507 430 543 familiaritate
449 503 561 536 Servii
585 499 750 544 Sulpicii,
778 498 876 532 cuius
900 500 1085 530 consuetu-

97 563 177 595 dine
205 569 342 602 semper
365 555 416 589 uti
443 553 565 598 possit.

340 637 474 670 Aliud
501 638 830 678 argumentum,

200 706 395 742 Exordium
419 703 527 738 habet
545 701 743 746 generalem
772 696 1004 735 sententiam,
1032 693 1088 727 cui

101 761 303 794 adiunctum
323 763 372 790 est
397 752 519 794 πάθος
546 755 588 787 de
612 750 854 797 praesentibus
880 745 1089 781 calamitati-

99 814 174 845 bus,
226 808 381 842 Exordio
397 805 595 851 propositio
615 810 665 837 est
684 802 815 834 inclusa
829 827 838 840 ,
864 811 907 832 ne
931 798 976 832 sit
995 796 1089 831 solli-

102 864 207 900 citus,
243 860 338 905 quod
363 856 431 891 boc
453 864 612 900 tempore
638 854 753 886 Roma
785 850 886 885 absit.
952 848 1089 881 Deinde

102 918 297 958 sequuntur
317 914 522 953 argumenta
547 902 795 939 consolatoria.
848 900 1010 957 Primum
1034 910 1091 931 ar-

103 969 308 1008 gumentum
339 959 495 993 continet
519 955 796 991 confutationem
820 964 838 984 a
864 955 1091 1006 circumstan-

104 1015 161 1047 tiis
187 1014 328 1046 ductam
342 1037 350 1051 ,
378 1010 473 1055 quod
492 1021 547 1041 res
565 1007 723 1051 privatae
747 1015 869 1037 omnes
884 999 998 1034 adhuc
1022 1006 1091 1033 smt

105 1066 279 1107 integrae,
307 1068 340 1094 et
357 1061 452 1106 quod
469 1059 571 1092 multi
591 1056 650 1090 alii
672 1055 757 1088 boni
782 1054 872 1087 cives
890 1052 983 1085 idem
1000 1051 1091 1083 serre

104 1115 246 1148 exilium
275 1118 457 1155 cogantur.
511 1108 711 1142 Secundum
729 1109 976 1149 argumentum
998 1113 1092 1135 sum-

107 1173 205 1210 ptum
232 1165 275 1196 ab
303 1161 522 1195 humanitate
548 1157 719 1191 Caesaris.
781 1154 943 1188 Tertium
968 1164 1009 1186 ex
1031 1163 1092 1183 vo-

106 1218 238 1250 luntate
256 1213 431 1245 victorum
450 1221 531 1253 erga
550 1209 663 1253 ipsum
677 1233 686 1245 ,
714 1206 810 1250 quod
828 1203 934 1236 habet
948 1202 1091 1234 brevem

106 1264 409 1310 computationem
427 1261 495 1294 loci
515 1256 732 1296 communis,
759 1260 903 1288 eventus
918 1252 1091 1285 bellorum

107 1330 178 1351 esse
195 1317 358 1348 incertos.
412 1312 588 1357 Quartum
613 1313 861 1352 argumentum
886 1302 993 1337 habet
1011 1312 1093 1334 con-

107 1368 317 1402 solationem
335 1363 468 1397 doloris
484 1367 630 1406 propter
651 1369 807 1391 eversam
824 1353 1093 1399 rempublicam.

109 1419 195 1452 Loci
221 1423 302 1451 sunt
320 1428 339 1448 a
358 1420 451 1448 recta
479 1409 693 1446 conscientia
712 1415 746 1442 et
760 1408 803 1441 ab
820 1406 935 1440 officio
952 1403 1095 1438 boniac

108 1468 274 1514 sapientis
297 1465 393 1499 civis.
446 1463 537 1497 Huic
561 1466 769 1505 argumento
798 1457 938 1491 additus
960 1460 1011 1488 est
1024 1454 1096 1497 epi-

109 1522 219 1564 logus.
272 1517 448 1550 Ultimum
469 1517 716 1557 argumentum
731 1515 911 1553 sumptum
929 1512 979 1540 est
995 1517 1014 1538 a
1032 1516 1095 1538 suo

110 1570 290 1614 exemplo,
326 1566 423 1600 cuius
449 1563 537 1598 haec
560 1573 698 1596 summa
721 1567 788 1594 est:
830 1559 927 1593 Olim
952 1556 1096 1590 iubebas

111 1635 167 1654 me
194 1622 283 1653 bene
306 1628 466 1661 sperare,
500 1626 595 1648 nunc
625 1611 777 1645 vicissim
802 1610 908 1643 etiam
933 1615 965 1641 te
992 1607 1095 1640 iubeo

111 1674 199 1705 bene
218 1681 370 1714 sperare.
423 1665 593 1710 Epilogus
609 1661 716 1696 habet
733 1661 987 1706 expositionem
1016 1668 1098 1690 con-

111 1723 199 1761 silii,
228 1731 335 1766 quare
361 1716 539 1760 scripserit
555 1713 622 1748 hoc
639 1720 798 1757 tempore
817 1712 950 1744 litteras
975 1720 1098 1742 conso-

111 1772 276 1808 latorias,
304 1776 337 1802 et
352 1768 493 1801 additur
520 1765 684 1809 repetitio
708 1761 960 1796 consolationis
984 1772 1002 1792 a
1020 1760 1097 1792 loco

111 1831 146 1857 et
164 1821 339 1857 sodalitio.
380 1818 419 1852 In
437 1819 503 1851 fine
520 1815 666 1861 ponitur
687 1813 895 1858 pollicitatio
913 1811 967 1845 sui
982 1810 1098 1843 officii.

163 1923 487 1965 Argumentum
517 1923 557 1950 et
590 1913 765 1950 scholia
803 1913 846 1946 in
884 1912 1051 1957 episto-

533 1968 616 1999 lam
644 1965 685 1999 Π.

217 2037 463 2073 Consolatoria
490 2042 550 2069 est.
603 2033 753 2068 Orditur
772 2031 946 2076 autcm‘22)
974 2032 1018 2064 ab
1046 2043 1102 2063 ex-

115 2091 292 2125 cusatione
317 2087 457 2122 silentii.
527 2085 664 2119 Deinde
689 2084 786 2116 addit
811 2082 1103 2121 consolationem,

115 2144 151 2175 in
174 2153 242 2187 qua
261 2138 462 2173 distributio
478 2143 529 2171 est
551 2136 659 2169 trium
678 2135 942 2173 membrorum,
970 2145 1011 2166 ex
1035 2143 1103 2178 qua

116 2192 366 2229 ratiocinatur,
402 2195 435 2221 et
469 2187 601 2230 colligit
633 2196 753 2219 causas
788 2184 972 2218 minuendi
1005 2184 1106 2216 dolo-

118 2243 164 2276 ris
182 2244 240 2287 23).

221 2291 250 2335 ἓ.
272 2293 304 2328 1.
333 2293 413 2324 Peto
429 2291 487 2323 abs
502 2295 533 2324 ie
542 2285 609 2335 24)]
632 2285 827 2319 Exordium
843 2283 950 2318 babet
967 2297 1107 2318 excusa-

120 2344 251 2376 tionem
270 2340 463 2386 silentii25).

154 2442 203 2469 22)
224 2441 326 2468 autem]
347 2439 373 2462 ln
393 2439 475 2462 Editt.
493 2437 577 2463 15⁴6..
600 2436 676 2461 1801.
695 2435 781 2458 deest.

155 2484 202 2511 23)
222 2484 278 2506 Hoc
297 2483 485 2512 argumentum
505 2481 587 2505 Editt.
603 2477 810 2506 1537—1554.,
833 2474 916 2503 1557„
938 2473 1022 2505 1560.‚
1045 2473 1110 2497 1565

193 2516 320 2541 —1596..
343 2516 413 2538 1601.
434 2514 566 2538 exhibent.

157 2559 205 2586 24)
226 2559 276 2581 abs
294 2558 334 2583 te]
355 2557 393 2578 sic
410 2555 587 2583 Editmaaz.
610 2554 694 2577 1560..
715 2552 805 2581 1601.;
825 2550 1004 2579 Editt.1544.‚
1027 2550 1110 2579 15⁴5„

195 2592 280 2617 1546..
302 2591 392 2618 155⁴„
420 2589 494 2612 1557.
514 2588 539 2611 in
559 2590 634 2610 textu
653 2593 738 2616 aeque
761 2592 793 2609 ae
815 2585 862 2608 Ed.
884 2584 967 2608 Oren.
987 2591 1006 2608 a
1025 2585 1052 2608 te
1071 2584 1112 2611 (in

192 2626 246 2650 Cic⁴
269 2624 360 2647 verbis
379 2625 468 2646 autem
487 2622 547 2644 huic
569 2623 648 2644 notae
668 2620 796 2650 praefixis
818 2618 1112 2648 habentEdnt.15⁴4.,

196 2660 281 2683 1554„
303 2656 376 2680 1557.
398 2659 424 2680 et
442 2656 490 2680 Ed.
513 2655 584 2678 1540.
606 2656 657 2678 abs
674 2654 724 2684 te.)

167 2702 214 2729 25)
236 2702 307 2725 Haec
326 2701 390 2723 nota
409 2699 434 2721 in
453 2697 536 2721 Editt.
559 2698 642 2721 1545..
667 2697 738 2720 1560.
758 2696 844 2719 deest.

1240 191 1271 235 ἓ.
1288 194 1324 227 2.
1351 193 1444 233 Quod
1461 190 1606 239 maiore]
1636 191 1838 236 Propositio
1865 191 2129 226 consolationis.

1859 245 1901 276 Si
1924 255 2020 276 arma
2044 243 2130 276 vale-

1136 349 1197 375 aut
1220 343 1328 377 nulla.
1399 343 1436 376 Si
1458 344 1596 390 aliqua,
1633 344 1695 377 tibi
1722 357 1801 388 spes
1835 344 1972 388 reliqua
1999 349 2066 381 est;
2099 343 2131 376 si

1136 394 1254 434 nulla,
1281 406 1345 428 nec
1370 400 1408 427 tu
1433 401 1532 439 optes
1559 402 1590 429 te
1613 396 1839 440 superstitem
1865 406 1937 428 esse
1962 393 2131 439 reipubli-

1138 456 1197 478 cae
1214 444 1273 491 26).
2114 446 2120 454 “

1354 545 1490 579 Aliud
1518 547 1909 593 argumentumffl).

1240 627 1335 660 Haec
1353 627 1501 672 epistola
1520 634 1571 661 est
1587 640 1728 674 quoque
1745 629 1887 674 scripta,
1916 641 1995 662 cum
2014 626 2129 662 adhue

1141 679 1281 712 arderet
1303 678 1433 712 bellum
1455 678 1576 718 civile,
1605 685 1639 711 et
1654 685 1704 713 est
1722 680 1815 713 idern
1843 679 1917 714 eius
1942 691 2131 724 argumen-

1141 737 1217 763 tum
1240 742 1320 763 cum
1354 729 1537 774 superiore
1567 729 1728 773 epistola.
1789 730 2003 764 Consolatur
2032 730 2129 763 enim

1141 781 1367 826 Torquatum
1393 779 1526 824 duplici
1547 780 1712 821 nomine,
1755 787 1788 813 et
1814 782 1856 814 de
1886 781 2003 814 reditu
2030 787 2064 814 et
2087 781 2131 814 de

1142 832 1282 865 turbata
1298 832 1477 875 republica
1495 831 1685 865 dolentem.
1731 831 1926 865 Exordium
1945 832 2046 864 valde
2064 832 2133 864 ele-

1142 895 1227 927 gans
1245 888 1314 923 est,
1342 882 1379 915 in
1397 894 1468 928 quo
1485 888 1624 916 excusat
1647 882 1829 915 raritatem
1855 882 2072 922 litterarum,
2099 888 2134 915 et

1142 934 1248 968 simul
1264 946 1363 967 suam
1383 945 1463 977 erga
1479 932 1704 978 Torquatum
1722 933 2006 966 benevolentiam
2029 939 2134 966 testa-

1145 991 1213 1018 tur.
1265 984 1404 1017 Deinde
1422 983 1581 1029 sequitur
1607 984 1826 1028 propositio,
1853 996 1896 1017 ne
1920 984 2066 1017 moleste
2084 984 2133 1016 se-

1143 1042 1199 1068 rat
1228 1047 1263 1068 se
1298 1034 1432 1068 tardius
1466 1034 1614 1068 restitui.
1674 1035 1845 1068 Rationes
1878 1033 2133 1078 propositionis

1144 1092 1226 1120 sunt
1252 1085 1406 1119 inclusae
1432 1085 1469 1117 in
1499 1084 1689 1122 dilemma,
1723 1091 1843 1129 estque
1869 1083 1954 1117 haec
1976 1096 2131 1117 summa:

1144 1137 1182 1169 Si
1207 1142 1380 1179 perpetuo
1402 1133 1582 1166 durabunt
1611 1133 1703 1166 bella
1733 1133 1871 1174 civilia,
1907 1134 2044 1168 nullum
2068 1134 2134 1167 tibi

1145 1185 1226 1218 inde
1244 1185 1440 1229 periculum
1465 1184 1543 1218 erit.
1597 1183 1633 1217 Si
1655 1196 1740 1217 vero
1764 1196 1833 1229 pax
1858 1184 1942 1225 erit,
1977 1185 2051 1219 sine
2073 1185 2137 1218 du-

1145 1237 1204 1269 bio
1222 1235 1417 1269 restitueris
1433 1234 1602 1279 pristinae
1622 1234 1798 1278 dignitati.
1841 1235 1903 1268 Sin
1921 1236 2039 1268 omnia
2055 1247 2135 1279 per-

1146 1288 1267 1327 ibunt,
1304 1286 1371 1319 erit
1389 1297 1577 1319 commune
1603 1285 1802 1329 periculum
1829 1286 1993 1320 omnibus
2020 1286 2135 1320 bonis.

1146 1338 1268 1371 Prima
1294 1337 1385 1370 ratio
1413 1342 1553 1380 sumpta
1577 1342 1628 1369 est
1650 1337 1694 1369 ab
1716 1336 1812 1374 utili;
1840 1338 1994 1371 secunda
2020 1349 2038 1369 a
2058 1349 2136 1381 spe;

1148 1389 1250 1422 tertia
1269 1389 1311 1421 ab
1329 1387 1500 1432 exemplo.
1553 1386 1724 1431 Epilogus
1742 1385 1848 1420 habet
1869 1389 2013 1421 brevem
2038 1399 2139 1432 repe-

1148 1440 1309 1473 titionem
1336 1437 1598 1472 consolationis.
1651 1437 1690 1470 ln
1712 1439 1780 1471 fine
1804 1439 1950 1482 ponitur
1972 1436 2138 1472 adhorta-

1149 1491 1323 1530 tiuncula,
1352 1496 1390 1523 ut
1408 1501 1514 1534 quam
1537 1488 1694 1533 primum
1712 1489 1861 1532 scribat.⁴

1393 1607 1531 1641 Aliud
1559 1615 1885 1652 argumentum.

1252 1691 1342 1736 Apte
1369 1691 1507 1724 orditur
1526 1690 1649 1724 Cicero
1665 1691 1701 1723 in
1716 1689 1781 1723 liae
1799 1690 1946 1735 epistola
1972 1691 2015 1724 ab
2038 1703 2139 1724 excu-

1151 1742 1286 1777 satione
1313 1742 1461 1782 sssentii,
1489 1754 1533 1775 ne
1556 1741 1794 1786 suspicaretur
1819 1742 2023 1786 Torquatus
2045 1754 2080 1775 se
2102 1741 2139 1774 in

1152 1793 1254 1827 exilio
1272 1792 1403 1836 negligi
1421 1804 1439 1825 a
1465 1805 1528 1826 suo
1555 1793 1691 1837 optimo
1717 1791 1843 1826 amico.
1898 1792 2016 1836 Quare
2041 1792 2140 1825 addit

1152 1844 1445 1888 significationem
1461 1850 1592 1876 certam
1609 1843 1663 1877 sui
1681 1843 1792 1876 animi
1813 1849 1846 1875 et
1862 1843 2141 1877 benevolentiae.

1152 1895 1308 1928 Exordio
1344 1894 1484 1928 subiicit
1506 1894 1788 1939 propositionem
1822 1894 2074 1927 consolationis
2097 1894 2139 1926 de

1154 1952 1247 1980 statu
1272 1945 1486 1989 reipublicae
1520 1951 1553 1978 et
1580 1946 1622 1977 de
1647 1945 1781 1984 reditu,
1813 1956 1856 1976 ne
1878 1944 2025 1978 moleste
2048 1945 2139 1977 ferat

1154 1996 1245 2030 lianc
1273 2008 1411 2030 moram
1437 2007 1519 2030 suae
1542 1995 1785 2029 restitutionis.
1847 1994 1953 2027 Ratio
1978 1995 2140 2040 proposi·

1155 2047 1260 2081 tionis
1277 2046 1434 2080 continet
1448 2046 1754 2079 ratiocinationem
1771 2052 1804 2078 et
1817 2045 2059 2079 collectionem
2077 2058 2140 2090 per

1156 2098 1441 2133 distributionem
1467 2097 1574 2130 trium
1598 2098 1841 2130 membrorum
1865 2098 1908 2130 de
1943 2097 2054 2130 causis
2075 2097 2141 2130 mi-

1157 2150 1290 2183 nuendi
1317 2149 1462 2182 doloris.
1522 2147 1709 2181 Conclusio
1734 2145 1840 2180 habet
1863 2148 2142 2181 commendatio-

1158 2213 1239 2234 nem
1269 2207 1302 2233 et
1330 2199 1577 2244 repetitionem
1601 2198 1864 2232 consolationis.
1932 2197 1972 2231 In
1995 2199 2063 2232 fine
2091 2205 2142 2232 est

1158 2251 1274 2286 brevis
1306 2248 1527 2289 adhortatio,
1561 2255 1600 2282 ut
1632 2262 1737 2296 quam
1763 2249 1919 2294 primum
1944 2249 2074 2283 scribat
2100 2250 2142 2282 de

1160 2309 1253 2337 statu
1276 2313 1395 2335 rerum
1417 2311 1560 2335 suarum
1569 2299 1627 2346 ¹2⁸).

1194 2453 1243 2481 26)
1262 2452 1335 2476 naec
1360 2454 1424 2476 uota
1450 2452 1476 2476 in
1501 2452 1585 2475 Editt.
1613 2452 1704 2483 1545.‚
1730 2451 1806 2475 1560.
1832 2457 1891 2475 cum
1914 2451 2094 2481 praecedente
2118 2451 2145 2475 in

1230 2492 1309 2510 unam
1328 2486 1428 2520 sic-est
1447 2486 1603 2510 coniuncta:
1622 2486 1745 2511 Necesse
1769 2487 1811 2510 est
1833 2486 1921 2514 enim]
1940 2486 2144 2515 Argumentum.

1231 2520 1363 2544 nitemma
1381 2522 1424 2544 est
1442 2533 1476 2538 —
1494 2520 1666 2550 reipublicae.

1197 2573 1245 2601 27)
1264 2573 1321 2596 Hoc
1339 2574 1529 2604 argumentum
1547 2574 1574 2596 et
1592 2573 1643 2596 duo
1663 2572 1805 2602 sequentia
1824 2572 1852 2595 in
1870 2571 1952 2595 Editt.
1968 2571 2060 2602 1556.‚
2082 2571 2146 2595 1565

1232 2620 1266 2624 —
1283 2607 1355 2632 1596.
1374 2607 1557 2631 inveniuntur.

1199 2659 1246 2687 28)
1266 2664 1357 2682 rerum
1376 2659 1502 2687 suarum]
1520 2658 1560 2682 sie
1575 2658 1658 2683 Editt.
1676 2658 1759 2687 1565„
1780 2657 1864 2689 1569„
1885 2656 1976 2686 15923
1994 2657 2049 2689 Ed.
2073 2656 2145 2682 1556.

1236 2698 1346 2717 suarum
1365 2699 1463 2717 rerum.
