2294 2975
91 123 163 160 157
269 121 391 157 XXIII.

87 211 241 244 militum
260 209 376 243 vertit.
412 207 459 240 Hi
476 216 607 251 magna
624 204 760 239 invidia
778 217 853 239 non
870 206 985 240 solum
1004 218 1087 251 pro-

87 261 282 296 hibuerunt
299 261 526 298 Ciceronem,
560 269 641 291 cum
665 269 685 290 a
713 257 900 291 consulatu
922 258 1087 305 abiret9),

88 326 133 347 ne
168 326 235 358 pro
267 324 367 346 more
394 310 538 355 publico
571 309 609 341 in
643 308 814 342 concione
839 309 953 343 resin
977 310 1087 354 magi-

89 372 202 400 stratu
219 371 333 408 gestas
350 362 534 401 recitaret,
569 360 631 393 sed
656 360 765 393 etiam
787 372 861 394 non
886 362 1033 394 obscure
1056 361 1088 394 ei

89 416 216 450 minati
240 421 322 449 sunt
347 413 582 457 supplicium,
615 417 806 456 propterea
829 413 926 458 quod
952 413 1088 445 nobiles

90 469 186 501 viros
221 466 296 500 sine
330 465 470 510 publica
507 463 699 496 autoritate
735 463 885 496 interfici
922 463 1087 498 iussisset.

91 520 157 553 Sed
186 524 309 552 contra
335 529 394 550 eos
419 515 590 549 acerrime
614 526 649 548 se
679 515 838 548 defendit
863 514 1008 555 Cicero,
1054 521 1088 548 et

92 571 175 605 satis
198 567 452 602 contumeliose
471 567 630 599 invectus
649 572 700 600 est
722 567 890 600 adversus
904 566 945 600 L.
964 566 1087 600 Metel-

90 623 177 655 lum.
230 620 331 652 Hanc
349 625 461 652 totam
486 630 627 651 causam
652 630 781 661 magna
806 618 1030 651 accusatione
1055 624 1088 650 et

94 672 236 719 querela
260 670 515 715 perscripserat
539 668 579 703 L.
605 668 769 703 Metellus
796 670 841 702 ad
870 670 1016 702 fratrem
1043 669 1087 713 Q.

89 722 350 767 Metellumm),
377 721 439 767 qui
455 727 530 754 tum
550 720 720 764 temporis
737 721 944 754 ulteriorem
962 720 1088 764 Hispa-

91 776 188 809 niam
213 772 462 819 proconsulari
489 772 640 816 imperio
669 772 822 805 tenebat.
875 771 950 804 Hac
966 772 1086 816 itaque

95 826 243 872 epistola
268 824 424 869 graviter
447 823 645 868 expostulat
667 822 830 856 Metellus
853 822 955 856 Lucii
977 823 1088 855 frater

94 891 173 912 cum
193 877 383 916 Cicerone,
418 876 515 921 quod
540 887 576 908 se
597 874 698 907 fratri
727 874 954 918 opposuerit,
990 874 1087 907 nulla

56 949 64 957 ·
92 928 214 963 habita
245 928 385 961 ratione
417 925 595 959 amicitiae
620 931 653 958 et
677 926 844 958 familiae.
907 925 1089 958 Admiscet

93 987 211 1015 autem
244 979 351 1011 aliam
383 989 526 1023 quoque
558 988 718 1016 causam,
761 989 850 1022 quae
882 974 1089 1010 huiusmodi

91 1032 168 1066 suit.
222 1030 375 1075 Questus
394 1035 468 1061 erat
486 1028 609 1061 Cicero
625 1027 662 1060 in
679 1034 822 1067 senatu,
850 1028 892 1072 Q.
904 1028 1088 1061 Metellum

93 1085 136 1117 ab
153 1082 275 1116 amicis
292 1082 503 1119 adductum,
529 1091 573 1111 ne
593 1079 802 1112 Ciceronem
819 1079 856 1111 in
873 1086 997 1112 senatu
1014 1079 1087 1111 lau-

93 1137 194 1168 daret
217 1134 262 1166 ob
286 1145 342 1166 res
366 1132 403 1163 in
423 1130 609 1164 consulatu
639 1135 771 1173 gestas,
815 1143 902 1174 quas
924 1130 1088 1163 Metellus

97 1186 293 1219 adiuverat.
356 1182 446 1215 Eam
470 1180 651 1214 Ciceronis
680 1181 862 1226 querelam
887 1193 965 1213 cum
993 1181 1088 1212 vide-

95 1243 176 1270 rent
199 1235 277 1275 alii,
305 1234 468 1267 Metellus
492 1245 527 1265 se
551 1232 694 1265 irrisum
717 1244 790 1265 esse
816 1232 966 1275 putavit.
1019 1232 1088 1264 Sed

93 1288 181 1322 haec
202 1286 327 1320 melius
352 1284 593 1328 intelligentur
620 1295 661 1316 ex
685 1283 918 1327 responsione
946 1282 1087 1315 Cicero-

94 1340 160 1374 nis.
240 1335 456 1371 Observahis
488 1340 605 1368 autem
638 1333 914 1379 expostulationi
946 1346 1088 1378 asperas

95 1392 202 1425 etiam
220 1389 376 1422 rationes
394 1399 466 1420 esse
484 1387 528 1419 ab
545 1385 659 1419 officio
671 1412 680 1425 ,
709 1392 742 1418 et
764 1398 782 1418 a
799 1386 972 1430 personis.
1026 1384 1089 1418 Est

96 1443 204 1486 igitur
220 1439 308 1474 haec
333 1438 481 1483 epistola
507 1437 644 1482 generis
667 1437 861 1477 iudicialis,
890 1436 1088 1481 expostula-

98 1493 188 1526 toria
207 1504 269 1525 seu
284 1489 519 1527 accusatoria;
548 1495 643 1522 caret
658 1489 815 1522 exordio.
870 1488 936 1521 Sed
956 1500 1087 1532 propo-

95 1544 175 1578 sitio
195 1544 344 1587 figurata
362 1547 412 1574 est
429 1541 610 1585 paradoxo
625 1567 634 1581 ,
663 1540 764 1586 quasi
780 1540 890 1573 dicat:
919 1540 1002 1573 Non
1020 1552 1085 1583 pu-

94 1594 169 1628 tavi
190 1595 286 1633 sore,
313 1598 353 1626 nt
374 1604 430 1624 me
457 1593 638 1626 absentem
662 1598 696 1625 et
720 1592 867 1625 fratrem
894 1603 1013 1624 meum
1040 1590 1088 1623 sic

94 1647 264 1679 laederes.
316 1643 456 1676 Deinde
473 1643 615 1677 additur
639 1641 886 1688 enthymema,
914 1642 1014 1689 quasi
1037 1642 1088 1674 di-

96 1704 167 1731 cat:
209 1695 498 1739 Indignissimum
523 1701 592 1735 est,
630 1708 706 1735 me,
744 1696 806 1740 qui
827 1695 913 1728 soris
939 1705 1087 1738 operam

94 1761 189 1782 navo
212 1746 448 1792 reipublicae,
475 1745 524 1779 sic
547 1746 643 1778 domi
667 1746 880 1790 periclitari,
916 1752 950 1778 et
976 1757 1088 1789 oppu-

95 1799 198 1845 gnari
224 1811 281 1832 me
314 1804 347 1831 et
379 1809 488 1830 meos.
549 1797 676 1830 Postea
709 1797 886 1831 conclusio
919 1795 1087 1841 epistolae

93 1851 271 1897 sequitur,
300 1849 336 1882 in
356 1861 425 1894 qua
444 1848 601 1881 minatur
620 1854 653 1881 ct
668 1848 873 1892 perstringit
890 1861 983 1887 eum,
1010 1853 1088 1880 tan-

94 1915 200 1949 quam
225 1902 505 1939 inconstantem,
547 1900 661 1932 levem
696 1906 730 1933 et
763 1900 982 1932 mutabilem.
1046 1897 1086 1930 ln

93 1956 162 1988 fine
180 1960 230 1988 est
245 1953 412 1991 clausula,
441 1952 539 1985 cuius
555 1949 642 1984 haec
657 1957 707 1985 est
723 1951 914 1985 sententia:
943 1949 1018 1993 Ego
1036 1956 1087 1982 ta-

94 2018 175 2039 men
194 2005 345 2039 fideliter
361 2003 618 2037 administrabo
637 2002 894 2047 rempublicam
919 2009 953 2035 et
970 2002 1087 2041 fidem,

95 2069 202 2103 quam
227 2057 357 2095 debeo,
383 2055 599 2100 reipublicae
624 2054 825 2099 praestabo.
880 2053 1087 2088 Commina-

93 2109 142 2142 tio
161 2115 299 2148 autem,
328 2119 397 2152 qua
420 2120 503 2141 usus
528 2113 579 2140 est
603 2106 639 2138 in
660 2104 725 2139 hac
744 2105 892 2151 epistola
909 2104 1086 2144 Metellus,

93 2161 197 2195 debet
214 2172 286 2194 esse
305 2159 518 2193 alienissima
536 2159 580 2192 ab
598 2157 766 2192 amicitia.

343 2251 476 2285 Aliud
502 2257 828 2296 argumentum.

193 2330 337 2364 Priores
369 2329 459 2361 duae
491 2327 681 2372 epistolae,
721 2339 873 2373 quarum
900 2327 1008 2359 altera
1035 2333 1085 2360 est

93 2382 248 2422 Metelli,
285 2381 393 2414 altera
414 2379 613 2419 Ciceronis,
649 2386 730 2413 sunt
755 2379 926 2423 scriptae,
961 2390 1085 2424 quem-

159 2501 285 2527 Basiteae
305 2504 339 2522 ex
362 2496 475 2521 aedituus
502 2495 540 2518 10.
560 2494 671 2519 Bebeiii.
697 2495 733 2517 M.
750 2494 781 2518 D.
797 2494 914 2519 XXXV.
942 2494 1001 2519 Fol.
1035 2495 1082 2519 fol.

160 2534 317 2560 319—323.
366 2532 415 2555 ltte
434 2530 505 2554 enim
524 2529 661 2553 Plutarchi
681 2530 764 2552 verba
783 2529 833 2553 1.1,
854 2530 916 2558 (foi.
930 2529 1015 2557 3231«)
1043 2530 1082 2553 sic

159 2570 259 2609 vertit:
294 2573 352 2611 ,ὗες
375 2566 516 2590 Metellum
542 2565 568 2587 et
586 2564 707 2587 Bestiam
732 2564 867 2588 tribunos
886 2565 1013 2588 militum
1033 2564 1081 2588 de-

157 2610 296 2636 signasse.

123 2658 153 2685 9)
173 2655 275 2683 abiret]
296 2653 336 2677 sie
354 2651 403 2676 Ed.
426 2649 516 2679 1556.;
542 2648 626 2672 ndat.
646 2648 738 2679 1565.,
758 2649 850 2679 1569„
871 2649 947 2674 1592.
967 2650 1029 2674 iret.

125 2709 171 2734 10)
191 2708 230 2730 De
249 2706 298 2729 hoc
318 2704 349 2733 Q.
368 2701 479 2726 Metello
500 2701 531 2729 Q.
550 2699 568 2723 f.
588 2699 694 2728 Nepote
712 2700 784 2724 conf.
805 2701 904 2725 Oreitii
932 2702 958 2725 et
977 2701 1080 2726 Baiten¹

156 2742 296 2767 onomast.
315 2737 431 2761 Titttiaii.
452 2735 480 2759 P.
495 2735 528 2758 11.
548 2741 573 2764 p.
590 2733 637 2757 107
650 2740 691 2763 sq.

445 117 755 155 ARGUMENTA
780 117 846 153 ΕΤ
872 119 1075 154 SCHOLIA
1100 119 1150 156 IN
1174 119 1323 157 EPIST.
1348 120 1461 158 FAM.
1490 121 1573 157 CIC.
1601 121 1689 158 LIB.
1711 122 1753 158 V.
1781 122 1854 159 ΕΡ.
1874 125 1906 159 1.
1923 127 1957 160 2.

2064 123 2133 158 158

1141 208 1335 241 admodum
1355 220 1396 242 ex
1411 206 1570 243 historiis
1588 215 1744 249 constat,
1771 222 1844 243 non
1860 210 1908 243 ita
1925 210 2037 244 multo
2054 218 2135 254 post

1141 260 1364 293 consulatum
1387 260 1579 295 Ciceronis.
1642 261 1758 294 Porro
1784 261 1828 306 Q.
1854 262 2038 301 Metellus,
2075 262 2136 307 qui

1141 322 1181 343 eo
1212 317 1374 356 tempore
1405 312 1612 346 ulteriorem
1644 312 1855 356 Hispaniam
1887 313 2136 358 proconsulari

1141 361 1292 406 imperio
1318 364 1481 405 tenebat,
1525 377 1604 398 cum
1632 363 1803 397 Cicerone
1833 364 1871 396 in
1895 363 1961 397 hac
1987 364 2134 409 epistola

1140 414 1296 447 breviter
1311 415 1455 460 quidem
1468 443 1477 456 ,
1504 417 1564 449 sed
1584 415 1668 450 satis
1683 415 1821 449 duriter
1839 427 1879 448 ac
1903 417 2053 460 superbe
2079 428 2135 448 ex-

1142 466 1317 508 postulat,
1355 468 1452 511 quod
1481 468 1602 501 suisset
1625 479 1730 501 ausus
1761 479 1796 500 se
1827 479 2008 511 opponere
2033 467 2137 500 fratri

1142 516 1293 554 Metelli;
1322 516 1425 558 item,
1455 520 1550 563 quod
1568 520 1603 552 in
1620 525 1745 552 senatu
1760 518 1833 562 ipse
1849 519 1932 552 satis
1955 524 2137 551 contume-

1141 568 1226 601 liose
1252 574 1421 602 tractatus
1444 570 1575 604 suisset.
1644 570 1792 603 Constat
1816 569 1936 615 itaque
1960 575 2034 603 tota
2065 569 2138 613 epi-

1140 619 1228 652 stola
1244 625 1382 653 tantum
1408 622 1635 662 narratione,
1673 633 1763 666 quae
1789 628 1951 655 versatur
1975 621 2012 653 in
2039 632 2139 654 accu-

1140 669 1276 703 satione
1296 677 1329 704 et
1349 672 1505 716 querela.

1389 763 1524 798 Aliud
1562 772 1885 809 argumentum.

1243 831 1520 866 Narratiuncula
1539 831 1645 866 habet
1662 833 1859 878 simplicem
1883 832 2137 877 expostulatio-

1141 894 1243 923 nem,
1287 884 1347 916 sed
1373 884 1568 917 admodum
1590 886 1775 925 acerbam,
1820 897 1928 930 quam
1957 884 2097 917 orditur
2118 896 2139 916 a

1141 935 1336 978 paradoxo.
1396 934 1586 969 Interserta
1611 943 1692 969 sunt
1716 937 1893 982 quaedam
1917 942 2139 979 argumenta,

1142 998 1251 1031 qnare
1275 984 1343 1019 hoc
1366 998 1441 1020 non
1464 989 1579 1020 facere
1607 987 1730 1020 Cicero
1755 987 1943 1021 debuisset.
2010 986 2139 1019 Addita

1143 1043 1194 1070 est
1224 1038 1559 1082 amplificatiuncula
1587 1040 1630 1071 de
1655 1039 1755 1083 gravi
1780 1039 1922 1077 dolore,
1967 1051 2073 1083 quem
2100 1050 2139 1069 ex

1142 1088 1201 1120 illa
1236 1101 1273 1121 re
1310 1090 1437 1133 capiat.
1514 1090 1702 1124 Conclusio
1738 1090 1896 1124 continet
1931 1089 2139 1122 intermina-

1142 1139 1289 1173 tionem.

1193 1265 1517 1307 Argumentum
1549 1273 1589 1299 et
1623 1265 1800 1300 scholia
1838 1268 1880 1300 in
1918 1268 2087 1311 episto-

1561 1318 1571 1349 l
1583 1330 1600 1350 a
1613 1331 1647 1350 111
1677 1317 1718 1352 Il.

1244 1401 1381 1434 Partiin
1414 1403 1600 1446 purgatio,
1644 1403 1774 1447 partim
1807 1403 2050 1436 recriminatio
2079 1409 2139 1436 est.

1141 1452 1302 1498 Suntque
1325 1459 1481 1498 quatuor
1501 1454 1777 1498 propositiones.
1845 1455 1900 1488 Ad
1928 1454 2138 1499 primam¹¹)

1142 1505 1334 1549 respondet
1351 1517 1414 1549 per
1431 1505 1693 1540 infitiationem.
1753 1506 1885 1540 Narrat
1910 1506 2004 1539 enim
2030 1518 2137 1551 quae-

1142 1557 1245 1596 dam,
1283 1568 1323 1588 ex
1348 1556 1475 1601 quibus
1502 1556 1651 1601 intelligi
1675 1558 1791 1601 potuit
1816 1570 1851 1591 se
1878 1555 2072 1590 honorifice
2096 1558 2138 1589 de

1142 1607 1287 1640 Metello
1304 1608 1446 1641 sentire.
1499 1608 1660 1641 Secunda
1680 1609 1879 1653 propositio
1903 1607 2009 1641 habet
2031 1609 2137 1642 recri-

1141 1658 1397 1699 minationem,
1440 1660 1536 1704 quod
1560 1660 1723 1693 Metellus
1753 1673 1827 1693 non
1854 1660 2050 1693 reddiderit
2076 1672 2137 1704 pa-

1141 1722 1216 1743 rem
1234 1711 1473 1749 voluntatenu
1503 1717 1608 1756 atque
1624 1711 1672 1743 ibi
1695 1724 1757 1745 sua
1784 1712 1898 1744 officia
1921 1723 2138 1745 commemo-

1141 1768 1208 1795 rat.
1275 1762 1418 1802 Tertia,
1459 1762 1577 1796 brevis
1600 1762 1764 1795 infitiatio
1789 1770 1838 1796 est
1863 1764 1905 1796 de
1931 1763 2138 1796 reconcilia·

1141 1813 1249 1847 tione.
1310 1813 1469 1858 Quarta,
1503 1814 1659 1847 defensio
1686 1821 1756 1855 est,
1792 1826 1901 1860 quare
1928 1827 2005 1848 cum
2029 1816 2138 1847 fratre

1142 1865 1418 1903 concertaverit3
1458 1872 1707 1909 argumentum
1733 1878 1750 1898 a
1772 1866 2019 1910 magnitudine
2046 1865 2137 1898 inin-

1140 1916 1233 1955 riae,
1277 1917 1445 1950 adversus
1474 1929 1580 1962 qnam
1612 1917 1687 1950 iure
1713 1929 1749 1950 se
1779 1918 1871 1950 tueri
1888 1917 1933 1962 12)
1963 1917 2135 1950 debuerit.

1141 1967 1330 2000 Conclusio
1348 1974 1398 2001 est
1415 1968 1672 2011 elegantissima
1688 1981 1694 2005 ;
1723 1966 1829 2000 habet
1846 1969 1939 2001 enim
1964 1968 2135 2001 inversio-

1139 2031 1241 2057 nem,
1270 2018 1353 2051 item
1374 2019 1635 2062 argutissimam
1657 2019 1940 2058 concessionem,
1977 2031 2043 2064 qua
2070 2018 2135 2052 sibi

1141 2082 1283 2115 quoque
1301 2069 1445 2102 concedi
1463 2070 1619 2114 postulat
1636 2070 1879 2103 defensionem
1891 2070 1949 2116 13).

1243 2135 1272 2182 ἓ.
1291 2138 1323 2171 1.
1351 2140 1393 2172 Si
1409 2143 1462 2179 tu,
1490 2137 1808 2186 e.rei·ce‘1usque¹'¹)]
1826 2139 2009 2183 Purgatio.
2045 2139 2134 2173 Nar-

1138 2195 1195 2222 rat
1211 2196 1328 2222 autem
1343 2190 1473 2223 factum
1486 2216 1494 2230 ‚
1523 2190 1560 2222 in
1579 2203 1650 2235 qno
1668 2191 1836 2224 transfert
1858 2190 1896 2223 in
1921 2203 1956 2224 se
1980 2190 2064 2223 dicti
2081 2191 2134 2224 sui

1138 2238 1467 2285 reprehensionem.
1571 2243 1640 2276 Sed
1663 2240 1795 2288 tamen]
1824 2242 1945 2275 Prima
1969 2243 2132 2287 proposi-

1138 2293 1187 2325 tio
1200 2292 1257 2339 15).
1339 2294 1432 2334 Quod
1448 2305 1547 2339 quum
1565 2291 1728 2339 elicerem]
1756 2292 1936 2327 InfitiatiO.

1171 2427 1218 2457 1¹)
1239 2427 1370 2458 primam]
1390 2429 1474 2453 Editt.
1495 2430 1567 2456 1546.
1580 2447 1587 2458 .
1609 2431 1682 2455 1560.
1703 2431 1826 2461 primum.

1172 2479 1218 2507 12)
1239 2486 1269 2502 se
1288 2480 1374 2509 tueri]
1395 2481 1478 2506 Editt.
1501 2482 1594 2511 1546„
1616 2482 1690 2506 1601.
1713 2483 1784 2507 tueri
1802 2489 1841 2507 se.

1171 2531 1217 2559 13)
1237 2531 1295 2555 Hoc
1312 2533 1501 2562 argumentum
1518 2532 1661 2556 exhibetur
1673 2533 1706 2557 ab
1720 2533 1804 2560 Editt.
1820 2534 2025 2560 1537—1554.,
2047 2536 2131 2564 1557..

1207 2566 1300 2596 1560„
1324 2566 1532 2595 law—1596„
1555 2567 1629 2592 1601.

1173 2617 1292 2645 14)P1·o
1318 2617 1360 2640 his
1387 2617 1443 2641 Cic.
1471 2618 1563 2641 verbis
1590 2619 1616 2642 in
1641 2620 1833 2650 Editt.1545.,
1861 2621 1935 2646 ¹560.
1963 2622 2024 2646 huic
2049 2624 2130 2646 notae

1204 2652 1345 2681 adscripta
1364 2653 1428 2674 sunt
1448 2653 1533 2676 verba.
1552 2654 1762 2684 subsequentia:
1781 2657 1894 2680 ,Scribis
1913 2656 1952 2680 ad
1970 2663 2020 2681 me.

1168 2703 1216 2730 15)
1237 2704 1309 2726 Haec
1330 2703 1397 2725 nota
1417 2702 1443 2724 in
1463 2702 1653 2729 Editt.1545..
1675 2706 1750 2729 15⁶0.
1771 2707 1945 2736 praecedenti
1964 2712 2070 2732 annexa
2086 2710 2131 2732 est

1202 2737 1258 2761 sie:
1286 2755 1291 2760 .
1309 2755 1314 2761 .
1331 2754 1338 2760 .
1358 2737 1612 2770 reprehensionem,
1639 2741 1665 2763 et
1686 2743 1729 2764 est
1749 2741 1838 2771 prima
1857 2741 2019 2772 propositio.
