2351 2990
95 113 170 150 857
327 114 465 149 XXXV.

94 210 229 244 vosque
246 198 295 232 ita
312 200 354 233 de
374 212 415 234 eo
434 201 565 234 sentire
589 201 702 245 magis
727 200 816 236 11366
841 202 928 236 'vitia
955 203 993 237 in
1016 204 1093 248 ipso

101 262 208 296 quam
226 250 264 283 in
279 264 336 285 me
355 264 439 285 esse.
494 251 587 296 Quia
606 253 649 285 de
667 253 871 299 eloquentia
895 267 973 289 mea
998 255 1095 289 voci-

97 302 252 342 feratur,
281 301 373 336 hanc
389 303 495 336 etiam
508 329 517 344 ,
552 304 667 349 qualis
686 305 748 345 sit,
783 305 811 339 si
830 319 898 352 qua
916 314 985 348 est,
1019 320 1095 340 non

95 353 287 397 ignoratis;
321 354 386 388 etsi
403 354 506 388 video
525 355 667 389 laudem
685 357 909 402 eloquentiae
926 359 974 392 ita
996 359 1094 393 cuili-

93 405 155 438 bet
170 404 299 446 tribui,
325 412 365 439 ut
387 406 518 440 iudicia
543 414 626 441 sunt
649 409 867 444 auditorum.
925 410 975 444 Ut
998 411 1093 444 enim

96 469 159 490 vos
177 456 334 502 aliquem
355 470 434 491 cum
461 459 710 493 benevolentia
738 462 889 502 auditis,
924 462 973 495 ita
997 463 1093 496 vide-

96 514 154 541 tur
170 508 320 542 dicendo
337 510 558 545 antecellere.
612 512 649 545 Si
672 525 742 558 qua
768 520 819 547 est
843 520 962 547 autem
991 527 1093 559 expe-

94 559 224 593 rientia
240 573 319 594 mea
333 587 343 601 ,
370 561 406 594 in
425 574 466 595 eo
484 575 612 606 genere
630 564 837 605 invenietis,
872 578 929 598 me
952 578 1092 610 semper

95 623 135 644 ea
151 624 218 656 pro
237 612 338 646 vobis
357 626 459 647 usum
479 626 569 656 esse,
595 628 669 648 non
687 624 811 650 contra
827 629 909 657 vos,
937 629 1002 650 1166
1020 617 1091 661 pri-

93 669 174 695 vata
198 663 271 697 ulla
297 665 491 698 certamina
516 668 681 702 movisse.
747 667 813 702 Iste
834 680 920 701 vero
950 675 1091 702 contra-

91 713 186 748 rium
203 715 305 756 fecit,
334 717 396 761 qui
414 729 488 750 non
505 719 619 752 solum
635 732 702 764 pro
720 718 881 753 hostibus
896 720 1004 760 dixit,
1030 720 1091 753 sed

93 766 200 799 etiam
219 767 388 811 privatim
413 768 490 803 lites
509 770 641 811 movit,
676 772 705 805 si
732 771 810 817 quis
834 771 950 815 ipsum
980 771 1091 804 offen-

91 818 164 858 dit,
194 824 255 852 aut
274 819 396 864 aliquo
417 821 567 855 adverso
585 834 667 856 casu
685 823 821 863 affecit,
850 821 1019 856 adversus
1038 829 1090 856 ta-

90 869 142 903 les
166 881 241 902 non
265 870 354 904 iuste
378 884 444 905 nec
468 885 535 917 pro
560 873 713 907 utilitate
745 873 887 918 publica
921 875 1090 920 eloquen-

91 920 180 954 tiam
197 933 298 955 suam
317 923 456 957 exserit.
509 924 601 958 Nam
628 923 819 959 honestum
845 925 958 959 civem
984 938 1091 971 opor-

90 978 142 1005 tet
182 973 220 1005 in
259 973 389 1006 iudicia
425 975 570 1016 venire,
618 989 693 1010 non
724 983 873 1022 propter
907 978 1089 1022 privatum

90 1023 212 1057 odium
225 1051 234 1065 ,
262 1032 324 1058 aut
338 1025 562 1060 iracundiam
573 1055 582 1068 ,
611 1035 672 1062 aut
687 1028 820 1062 similes
836 1029 980 1063 affectus
991 1056 1000 1069 ,
1025 1042 1090 1063 nec

90 1075 179 1109 velle
207 1073 274 1110 hos
300 1077 446 1112 affectus
467 1078 625 1113 iudicum
652 1080 844 1113 autoritate
871 1081 1090 1121 confirmari,

89 1127 151 1173 qui
167 1128 330 1172 publicae
347 1129 512 1164 utilitatis
530 1143 634 1165 causa
656 1132 893 1173 conveniunt,
922 1144 962 1165 ac
978 1133 1090 1166 maxi-

88 1190 147 1212 me
164 1179 308 1224 quidem
326 1187 456 1214 natura
480 1194 608 1216 vacare
632 1181 686 1217 his
712 1183 906 1218 affectibus.
968 1183 1036 1217 Sed
1061 1184 1089 1217 si

89 1230 169 1275 quis
185 1231 291 1264 dolor
306 1232 421 1265 movit
438 1233 613 1274 animum,
641 1235 717 1269 sine
736 1235 945 1268 crudelitate
962 1241 996 1268 et
1012 1248 1089 1269 mo-

88 1281 210 1315 derate
227 1295 306 1316 eum
322 1283 428 1318 ferre.
481 1283 523 1317 In
541 1298 610 1331 qua
626 1299 664 1319 re.
687 1292 806 1319 autem
829 1287 874 1320 sit
896 1284 1088 1320 vehemens

88 1333 239 1367 orator?
299 1332 341 1367 In
363 1335 514 1379 publicis
542 1337 727 1382 periculis,
770 1344 805 1370 et
837 1350 917 1371 cum
951 1338 1089 1370 inimici

86 1385 304 1429 reipublicae
318 1387 540 1431 reprimendi
557 1395 651 1423 sunt.
704 1388 743 1422 Id
768 1390 868 1422 decet
891 1389 1028 1422 bonum
1055 1396 1089 1422 et

85 1436 241 1470 liberum
274 1436 399 1472 civem.
469 1439 577 1483 Quod
606 1446 725 1473 autem
750 1440 814 1474 iste
842 1453 917 1474 non
938 1447 1088 1486 propter

84 1487 199 1522 ullum
222 1489 406 1532 publicum
431 1490 587 1532 crimen,
628 1504 744 1537 neque
776 1491 978 1536 privatum,
1022 1505 1087 1525 nec

85 1539 249 1584 publicae
268 1552 333 1573 nec
350 1553 434 1574 suae
457 1542 621 1577 utilitatis
644 1555 769 1583 causa,
802 1544 863 1577 sed
885 1550 1024 1577 tantum
1048 1551 1088 1577 ut

85 1589 154 1624 hoc
174 1603 230 1624 me
247 1592 453 1626 testimonio
471 1593 585 1628 laudis
602 1594 748 1639 spoliet,
776 1607 833 1627 me
860 1602 1019 1635 accusat,
1054 1602 1087 1629 et

85 1648 160 1675 tam
184 1643 329 1687 longam
357 1645 559 1678 orationem
586 1659 624 1679 ea
651 1646 689 1678 in
711 1659 748 1679 re
773 1646 1014 1691 consumpsit,
1051 1647 1087 1680 id

87 1694 229 1739 signum
246 1701 297 1728 est
314 1695 446 1739 privati
467 1698 636 1731 adversus
659 1710 716 1731 me
740 1698 831 1737 odii,
866 1698 1086 1731 invidentiae

87 1751 123 1778 et
136 1745 371 1790 impotentiae
387 1747 511 1788 animi,
538 1762 613 1782 non
630 1750 716 1782 boni
733 1749 829 1783 civis.
873 1750 982 1795 Quod
1000 1763 1085 1783 vero

85 1809 161 1830 non
178 1803 273 1830 recta
291 1799 459 1833 adversus
475 1812 531 1833 me
550 1801 703 1835 instituit
718 1801 1000 1842 accusationem,
1026 1803 1086 1835 sed

87 1847 357 1894 Ctesiphontem
378 1851 560 1893 adoritur,
588 1853 737 1897 insignis
753 1853 888 1886 malitia
910 1859 971 1887 est.
1025 1853 1086 1886 Vi-

86 1900 180 1934 deris
196 1907 316 1934 autem
335 1908 409 1935 tam
425 1903 531 1947 longa
552 1904 734 1945 oratione,
767 1916 841 1937 non
865 1905 908 1938 de
937 1904 1086 1939 alicuius

86 1952 226 1986 sceleris
240 1965 356 1997 poena
380 1966 484 1999 agere
500 1956 675 1997 voluisse,
712 1957 772 1990 sed
796 1956 950 1990 voluisse
975 1957 1085 2001 speci-

85 2016 169 2037 men
193 2006 399 2047 ostendere,
438 2019 546 2052 quam
580 2020 750 2041 canoram
784 2020 908 2041 vocem
939 2005 1084 2042 habeas.

84 2054 169 2090 Non
186 2062 237 2089 est
252 2063 371 2090 autem
396 2059 513 2091 oratio
539 2066 600 2093 aut
623 2060 720 2093 vocis
745 2071 852 2094 sonus
878 2060 914 2092 in
940 2067 1084 2093 oratore

84 2119 264 2141 summum
282 2108 406 2149 decus,
434 2112 493 2143 sed
514 2112 638 2144 eadem
657 2112 766 2152 velle,
803 2123 893 2157 quae
921 2112 997 2144 vult
1022 2124 1084 2156 pa-

83 2158 173 2199 tria,
202 2170 242 2192 ac
260 2161 403 2193 eosdem
429 2161 543 2196 odisse
569 2175 609 2196 ac
638 2175 778 2203 amare,
813 2176 903 2209 quos
927 2163 984 2196 vel
1008 2163 1084 2196 odit

83 2210 140 2243 vel
159 2217 257 2244 amat
274 2211 410 2255 patria,
439 2213 501 2259 qui
524 2214 573 2248 sic
599 2215 745 2248 affectus
774 2220 844 2255 est,
880 2215 999 2247 omnia
1029 2215 1083 2248 in-

81 2267 182 2306 tegro
201 2262 323 2296 animo
343 2269 376 2296 et
399 2263 536 2299 sincera
560 2266 810 2301 benevolentia
833 2266 916 2311 agit.
978 2266 1083 2311 Quis-

83 2314 162 2359 quis
181 2320 298 2348 autem
314 2315 462 2349 inflectit
478 2329 513 2351 se
533 2319 578 2352 ad
599 2331 677 2360 eos,
714 2325 748 2352 et
765 2325 964 2363 aucupatur
982 2319 1081 2351 favo-

81 2377 179 2406 rem,
220 2378 239 2398 a
273 2367 403 2412 quibus
426 2368 549 2403 civitas
573 2370 639 2404 sibi
664 2371 864 2416 periculum
889 2376 1081 2403 venturum

83 2428 158 2451 esse
175 2418 361 2462 prospicit,
379 2418 408 2453 is
425 2431 500 2453 non
518 2422 641 2456 eadem
660 2420 817 2456 anchora
837 2434 914 2456 cum
935 2422 1081 2456 caeteris

83 2468 218 2503 civibus
242 2470 391 2511 nititur,
426 2484 492 2505 nec
514 2475 663 2508 eandem
688 2487 788 2519 spem
811 2472 921 2508 habet
944 2474 1080 2507 incolu-

79 2520 226 2556 mitatis.
293 2521 400 2556 Vides
423 2530 541 2557 autem
565 2539 622 2560 me
644 2539 791 2571 prorsus
817 2527 940 2560 eadem
965 2538 1080 2560 susce-

78 2573 192 2617 pisse,
237 2585 329 2619 quae
355 2575 485 2608 caeteri
508 2576 600 2612 cives
626 2579 814 2622 profutura
841 2591 915 2612 esse
939 2578 1078 2622 patriae

79 2624 351 2667 existimabant,
390 2638 456 2660 nec
484 2641 542 2661 me
574 2630 618 2663 ab
647 2630 696 2665 eis
729 2630 887 2671 seiunxi,
930 2642 994 2663 nec
1023 2642 1078 2663 re-

78 2683 219 2721 ceptum
241 2677 459 2722 peculiarem
483 2680 651 2724 spectavi.
712 2681 841 2716 Fuitne
868 2682 992 2716 similis
1016 2688 1076 2715 tua

77 2729 272 2764 voluntas?
309 2742 553 2777 nequaquam.
631 2732 689 2767 Tu
718 2733 814 2767 enim
845 2734 964 2768 statim
996 2740 1077 2778 post

510 113 910 150 INTERPRETATIO
939 115 1202 152 ORATIOMS
1229 115 1572 151 DEMOSTHEMS
1601 116 1666 151 DE
1697 117 1906 154 CORONA.

2068 122 2141 157 858

1147 213 1305 247 pugnam
1328 203 1464 248 legatus
1489 205 1533 237 ad
1559 203 1769 249 Philippum
1790 207 1969 249 profectus
1993 219 2047 247 es,
2083 208 2145 253 qui

1149 266 1190 287 eo
1210 259 1370 299 tempore
1388 256 1600 291 calamitatis
1619 256 1756 301 patriae
1777 268 1881 291 causa
1900 259 2034 299 suerat,
2063 271 2142 293 cum

1149 305 1291 352 quidem
1312 319 1451 352 semper
1469 314 1572 342 antea
1600 308 1883 342 familiaritatem
1906 310 1969 343 tibi
1997 324 2076 344 cum
2100 324 2142 345 eo

1148 370 1221 392 esse
1240 370 1415 402 negasses,
1441 366 1480 393 ut
1497 367 1632 394 norunt
1651 373 1784 394 omnes.
1840 361 1929 406 Quis
1945 369 1996 396 est
2012 370 2145 404 autem,

1147 409 1209 455 qui
1225 409 1405 444 civitatem
1422 411 1578 456 decipit?
1631 412 1759 447 Nonne
1777 412 1826 453 is,
1854 413 1915 459 qui
1935 414 2031 447 aliud
2047 415 2146 456 dicit,

1148 473 1257 506 quam
1277 462 1407 495 sentit?
1449 462 1541 497 Iuste
1559 470 1678 497 autem
1696 471 1880 498 execratur
1897 477 2025 509 praeco
2046 467 2144 507 tales,

1147 512 1208 557 qui
1226 512 1323 546 aliud
1340 515 1498 547 sentiunt
1513 522 1546 548 et
1571 516 1667 549 aliud
1693 517 1855 550 suadent.
1916 517 2024 562 Quod
2049 519 2144 550 enim

1145 564 1260 597 maius
1277 571 1327 598 est
1345 565 1383 597 in
1400 572 1544 600 oratore
1560 568 1670 601 scelus
1689 580 1798 613 quarn
1819 580 1894 601 non
1919 570 2042 603 eadem
2067 581 2145 603 sen-

1146 614 1212 648 tire
1230 621 1264 648 et
1281 616 1406 661 loqui?
1461 617 1559 651 Talis
1576 631 1655 652 cum
1672 617 1911 664 deprehensus
1929 620 1994 661 sis,
2023 627 2146 654 tamen

1146 672 1180 698 et
1199 666 1285 700 dicis
1301 666 1338 699 in
1355 668 1510 711 pubHco,
1535 676 1569 702 et
1585 667 1715 703 horum
1735 672 1843 704 audes
1860 671 1991 705 intueri
2003 671 2145 706 vultus?

1144 717 1239 751 Num
1258 718 1437 753 existimas
1458 718 1524 753 hos
1547 722 1704 761 nescire,
1740 723 1854 767 qualis
1881 723 1945 762 sis,
1981 730 2042 757 aut
2066 730 2146 757 tan-

1145 775 1220 802 tum
1237 781 1310 803 esse
1327 767 1456 804 horum
1478 778 1663 805 veternum
1685 779 1718 805 et
1735 774 1953 807 oblivionem
1968 801 1977 814 ,
2004 781 2043 808 ut
2067 787 2143 808 non

1144 820 1376 854 meminerint
1401 829 1498 856 tuam
1525 824 1745 864 orationem,
1790 825 1827 858 in
1857 835 1936 871 qua
1961 826 2084 861 iurans
2110 833 2144 860 te

1145 872 1263 916 ipsum
1282 881 1464 908 execratus
1482 887 1534 915 es,
1560 875 1589 908 si
1609 876 1694 921 quid
1715 876 1778 908 tihi
1801 889 1879 909 cum
1898 875 2067 922 Philippo
2083 890 2145 911 ne—

1144 924 1233 968 gotii
1256 931 1363 965 esset,
1400 932 1434 959 et
1457 927 1631 968 addebas,
1667 940 1724 960 me
1748 928 1911 972 privatae
1935 929 2144 963 inimicitiae

1145 987 1248 1009 causa
1269 974 1338 1009 hoc
1355 977 1484 1011 falsum
1503 978 1639 1012 crimen
1656 979 1692 1012 in
1711 985 1744 1012 te
1761 980 1992 1014 convertere?
2044 980 2146 1015 Nun·

1143 1027 1230 1060 tiata
1250 1040 1336 1061 vero
1356 1029 1453 1062 clade
1470 1030 1589 1064 statim
1606 1028 1698 1063 nihil
1714 1028 1801 1064 haec
1820 1044 1948 1065 curans
1965 1033 2145 1066 consessus

1144 1091 1198 1119 es,
1229 1086 1263 1112 et
1287 1081 1473 1114 ostendisti
1498 1081 1563 1115 tibi
1587 1094 1667 1115 cum
1692 1080 1862 1128 Philippo
1887 1083 2082 1117 amicitiam
2111 1090 2146 1117 et

1143 1129 1197 1164 ius
1219 1127 1367 1175 hospitii
1396 1145 1489 1173 esse,
1531 1131 1619 1166 haec
1650 1135 1824 1167 vocabula
1856 1136 2073 1169 transferens
2107 1135 2146 1168 in

1143 1183 1403 1216 mercenariam
1439 1196 1599 1228 operam.
1672 1185 1753 1230 Qua
1782 1186 1876 1219 enim
1910 1187 2052 1232 aequali
2085 1194 2146 1220 aut

1142 1232 1234 1266 iusta
1259 1246 1360 1268 causa
1384 1236 1657 1280 tympanistriae
1682 1237 1794 1277 filius,
1823 1237 1976 1278 amicus,
2003 1236 2146 1283 hospes,

1143 1291 1205 1317 aut
1221 1285 1408 1321 familiaris
1425 1294 1514 1321 esset
1530 1288 1625 1332 regi,
1654 1301 1717 1333 ego
1737 1301 1811 1322 non
1827 1289 1946 1330 video,
1973 1291 2033 1323 sed
2051 1302 2145 1323 mer-

1143 1336 1225 1368 cede
1245 1338 1439 1372 conductus
1457 1351 1534 1373 eras
1553 1346 1675 1373 contra
1693 1340 1860 1385 patriam.
1916 1341 2005 1374 Cum
2025 1348 2145 1375 autem

1142 1387 1329 1421 manifeste
1355 1390 1537 1424 convictus
1559 1391 1604 1425 sis
1629 1398 1690 1425 tuo
1720 1392 1827 1425 etiam
1854 1393 2005 1433 iudicio,
2047 1394 2145 1439 quod

1141 1439 1307 1482 proditor
1331 1441 1395 1482 sis,
1436 1448 1557 1475 tamen
1580 1455 1619 1475 ea
1647 1443 1683 1475 in
1708 1456 1764 1476 me
1789 1445 1944 1484 confers,
1988 1457 2144 1490 quorum

1141 1490 1202 1522 alii
1229 1503 1351 1525 omnes
1374 1493 1494 1537 potius
1520 1506 1623 1527 causa
1648 1501 1730 1528 sunt
1756 1508 1864 1540 quam
1892 1508 1968 1540 ego.
2028 1496 2143 1529 Multa

1140 1541 1223 1574 fecit
1248 1543 1371 1577 civitas
1394 1545 1534 1589 egregia
1558 1546 1649 1578 sacta
1671 1559 1751 1579 meo
1778 1547 1947 1587 consilio,
1988 1560 2144 1592 quorum

1140 1604 1216 1626 non
1232 1594 1342 1627 oblita
1362 1602 1423 1629 est.
1479 1596 1587 1630 Cuius
1604 1597 1657 1630 rei
1675 1598 1814 1642 signum
1836 1605 1898 1638 est,
1927 1601 2036 1644 quod,
2063 1612 2143 1632 cum

1142 1651 1266 1678 orator
1283 1653 1364 1690 post
1378 1648 1555 1691 proelium
1575 1649 1756 1693 eligendus
1776 1657 1866 1683 esset
1883 1650 1920 1682 in
1936 1651 2080 1691 funere,
2109 1657 2143 1684 te

1141 1695 1379 1743 (quamquam
1415 1700 1467 1733 tui
1499 1700 1634 1733 mentio
1667 1702 1758 1734 facta
1791 1702 1885 1749 erat)
1919 1714 1993 1735 non
2027 1702 2143 1746 elegit,

1140 1760 1214 1780 non
1229 1748 1425 1783 Demadem
1438 1778 1447 1791 ,
1476 1764 1697 1797 quamquam
1717 1765 1840 1787 recens
1858 1766 1982 1797 pacem
1999 1755 2145 1794 fecerat,

1140 1812 1213 1833 non
1232 1801 1458 1844 Hegemona,
1487 1815 1552 1835 nec
1576 1816 1795 1849 quemquam
1822 1805 1952 1845 alium,
1989 1806 2049 1838 sed
2074 1817 2144 1845 me,

1139 1853 1201 1884 ubi
1226 1865 1305 1885 cum
1331 1859 1370 1886 tu
1397 1860 1430 1887 et
1445 1852 1634 1899 Pythocles
1658 1855 1871 1899 prodiretis,
1901 1863 1935 1889 et
1954 1857 2145 1890 crudeliter

1140 1915 1179 1936 ac
1196 1905 1424 1949 impudenter
1441 1918 1498 1939 me
1515 1906 1639 1940 iisdem
1660 1907 1703 1939 de
1719 1907 1825 1941 rebus
1843 1909 2072 1948 accusaretis,
2101 1909 2144 1942 de

1140 1955 1267 2001 quihus
1288 1968 1385 1990 nunc
1402 1969 1564 1997 accusas,
1597 1964 1631 1991 et
1649 1959 1820 1992 atrociter
1836 1959 2142 2001 convichwremini,

1139 2008 1254 2041 studia
1274 2008 1400 2053 populi
1419 2021 1501 2053 erga
1520 2022 1576 2042 me
1595 2010 1687 2043 facta
1708 2017 1790 2044 sunt
1806 2011 1965 2051 maiora,
1995 2019 2029 2045 et
2046 2024 2143 2045 com-

1138 2060 1289 2103 probata
1309 2067 1360 2093 est
1377 2060 1500 2094 electio
1513 2088 1522 2099 ,
1550 2073 1615 2094 1166
1633 2062 1778 2105 ignoras
1807 2075 1949 2097 causam
1963 2090 1971 2103 ,
2007 2064 2067 2097 sed
2090 2070 2143 2097 ta-

1137 2123 1221 2144 111611
1245 2124 1436 2156 exponam.
1504 2113 1650 2147 Norunt
1679 2121 1875 2160 utrumque
1907 2115 1999 2149 cives
2024 2127 2142 2148 meam

1135 2163 1425 2197 benevolentiam
1444 2170 1478 2196 et
1494 2165 1600 2197 fidem
1621 2177 1701 2210 erga
1723 2166 1898 2210 patriam,
1933 2172 1967 2199 et
1984 2173 2140 2200 vestram

1136 2215 1363 2259 pravitatem.
1433 2215 1541 2260 Quod
1571 2217 1666 2250 enim
1696 2217 1805 2250 iurati
1836 2217 1988 2251 florente
2024 2218 2142 2263 patria

1136 2267 1308 2311 negastis,
1353 2268 1390 2300 id
1422 2274 1545 2312 postea
1579 2269 1677 2302 clade
1705 2274 1847 2313 accepta
1875 2270 2026 2303 confessi
2047 2269 2141 2304 estis.

1136 2318 1236 2364 Quos
1255 2319 1364 2363 igitur
1381 2319 1552 2353 videbant
1568 2319 1606 2353 in
1619 2320 1760 2364 publica
1780 2320 1982 2354 calamitate
2000 2321 2139 2355 maiore

1134 2370 1277 2404 licentia
1297 2371 1434 2412 dicere,
1463 2384 1554 2417 quae
1571 2372 1672 2416 prius
1697 2378 1906 2412 senserunt,
1942 2370 2008 2407 hos
2031 2373 2139 2407 fuisse

1135 2422 1280 2468 quidem
1298 2429 1399 2456 antea
1417 2423 1556 2468 patriae
1582 2424 1767 2464 inimicos,
1801 2424 1862 2457 sed
1884 2429 1969 2458 tunc
1993 2425 2139 2459 demum

1134 2486 1170 2508 se
1187 2474 1326 2520 aperire
1346 2475 1572 2513 iudicabant;
1606 2476 1731 2509 decere
1750 2474 1858 2508 etiam
1884 2475 2137 2510 existimabant

1134 2538 1234 2568 eum,
1263 2527 1385 2572 quide
1405 2527 1539 2561 civibus
1557 2526 1754 2561 interfectis
1779 2527 1938 2562 dicturus
1961 2534 2068 2569 esset,
2103 2534 2137 2561 et

1133 2590 1258 2612 eorum
1280 2578 1449 2612 virtutem
1478 2579 1712 2620 laudaturus,
1755 2591 1830 2612 non
1855 2579 1962 2613 fuisse
1986 2577 2135 2624 hospitii

1130 2630 1334 2664 foederibus
1368 2631 1597 2664 coniunctum
1632 2643 1714 2665 cum
1754 2630 2040 2665 interfectoribus
2077 2642 2137 2664 eo-

1131 2695 1233 2724 rum,
1261 2695 1326 2716 nec
1346 2694 1425 2723 eos,
1462 2683 1523 2728 qui
1547 2682 1633 2716 alibi
1660 2682 1758 2728 apud
1782 2683 2028 2717 interfectores
2053 2693 2137 2715 con-

1131 2735 1225 2768 vivia
1244 2735 1381 2779 agitant
1398 2741 1433 2768 et
1456 2732 1687 2779 triumphant
1711 2741 1863 2780 propter
1888 2734 2061 2770 Graeciae
2084 2745 2141 2768 ca-
