2294 2975
106 120 156 156 89
207 119 330 157 XXIII.

107 207 245 253 potius,
290 220 397 254 quam
428 207 575 251 legatos.
642 205 815 240 Rationes
846 205 1104 250 propositionis

107 266 178 294 tres
193 265 294 299 sunt,
323 271 413 305 quae
439 264 629 292 sumuntur
651 258 694 290 ab
719 258 810 291 utili.
864 258 987 290 Prima
1010 257 1103 290 ratio

109 324 128 345 a
146 311 333 344 nobilitate
351 310 566 356 quaestoris;
601 310 755 343 secunda
774 310 816 342 ab
836 309 970 347 officio;
999 309 1103 342 tertia

108 363 152 396 ab
171 363 245 396 eius
265 361 445 406 potentia,
479 361 517 393 in
542 373 611 407 qua
638 360 772 405 colligit
796 361 908 394 multa
933 360 1104 404 pericula,

107 414 226 447 addita
253 411 439 454 antithesi,
478 414 575 458 quod
600 413 638 445 in
662 410 729 445 hoc
754 424 817 446 suo
843 411 991 445 consilio
1013 409 1104 444 nihil

106 465 254 510 periculi
278 464 388 511 51179).
443 464 632 498 Conclusio
656 465 813 508 primum
844 463 1002 497 continet
1026 476 1106 496 cau-

107 528 181 550 sam
199 516 397 556 scribendi3
426 516 553 549 deinde
571 515 813 561 precationem
825 542 834 556 ,
861 521 901 548 ut
920 515 1040 548 omnia
1057 515 1106 547 se-

107 568 221 601 liciter
234 568 418 605 ereniant;
444 574 625 612 postremo
642 567 787 600 brevem
804 565 1106 607 adhortationem,

108 619 147 652 in
165 632 235 665 qua
253 620 382 664 repetit
407 620 704 664 propositionem.

360 711 499 745 Aliud
528 718 856 757 argumentum.

211 779 367 824 Quintus
394 776 574 812 Thermus
607 790 685 812 cum
714 775 926 822 Bithyniam
955 774 1107 809 admini-

111 837 274 870 strasset,
312 837 345 863 et
381 831 549 863 decedere
586 842 626 863 ex
662 828 967 862 senatusconsulto
1002 827 1108 860 vellet

114 881 309 926 praeterito
327 888 514 927 quaestore
531 893 594 914 suo
614 881 748 923 legatos
774 879 982 923 provinciae
1005 890 1107 922 prae-

110 933 213 966 ficere
230 932 354 965 voluit.
409 932 531 965 Cicero
548 931 656 975 igitur
671 937 795 963 monet
813 942 894 963 eum
906 957 915 970 ,
940 942 984 962 ne
1004 941 1107 974 prae-

111 990 224 1016 tereat
241 989 484 1028 quaestorem,
513 983 611 1029 quod
634 981 710 1015 sine
737 982 811 1015 eius
834 981 1032 1026 ignominia
1056 982 1106 1013 sa-

111 1045 188 1067 cere
205 1046 279 1066 non
295 1033 425 1077 possit,
453 1034 514 1068 sed
531 1046 611 1067 eum
630 1040 711 1078 post
725 1046 761 1067 se
786 1033 824 1065 in
847 1032 1032 1077 provincia
1051 1044 1106 1065 re-

107 1084 248 1130 linquat
271 1085 409 1130 potius,
452 1098 561 1131 quam
585 1085 730 1129 legatos.
799 1084 1021 1128 Argumenta
1050 1096 1106 1117 su-

108 1143 256 1169 muntur
285 1137 329 1169 ab
363 1136 535 1176 utilitate,
580 1136 706 1180 opibus
739 1142 772 1168 et
801 1136 973 1180 dignitate
1006 1134 1106 1169 istius

111 1188 354 1221 adolescentis.
407 1186 459 1221 Ita
476 1187 625 1232 epistola
643 1194 693 1220 est
708 1187 846 1231 generis
870 1186 1106 1220 deliberativi.

110 1239 308 1273 Exorditun
334 1236 442 1272 habet
472 1238 854 1272 commemorationem
878 1237 1105 1282 gratitudinis

109 1290 220 1335 ipsius
244 1288 406 1324 Thermi.
467 1289 635 1335 Sequitur
658 1289 878 1334 propositio:
921 1289 1104 1322 consulere

111 1354 167 1383 se,
208 1354 253 1374 ne
278 1347 502 1387 quaestorem
526 1347 747 1386 praetereat,
786 1341 843 1374 cui
868 1340 1105 1374 subiiciuntur

109 1393 286 1434 rationes,
314 1393 350 1425 in
374 1393 502 1438 quibus
525 1399 601 1426 tum
623 1392 813 1433 utilitates,
847 1398 924 1426 tum
946 1391 1104 1436 pericula

112 1445 255 1489 colligit.
310 1444 453 1488 Colligit
468 1444 552 1477 item
567 1457 631 1489 per
648 1441 859 1477 antithesin:
887 1443 925 1476 in
941 1456 1004 1477 suo
1022 1455 1105 1476 con-

110 1496 190 1531 silio
211 1493 302 1528 nihil
321 1508 394 1529 esse
408 1495 569 1540 periculi.
630 1495 820 1529 Conclusio
845 1495 1005 1528 continet
1027 1495 1105 1527 bre-

110 1559 189 1580 vem
208 1547 466 1592 expositionem
490 1547 628 1582 consilii
645 1547 842 1589 scribendi,
869 1553 903 1580 et
922 1546 1105 1592 repetitio-

110 1611 193 1633 nem
211 1599 481 1645 propositionis.

163 1709 490 1755 Argumentum
518 1715 562 1742 et
591 1707 769 1743 scholia
804 1709 850 1743 in
884 1710 1053 1755 episto-

452 1761 538 1793 lam
566 1759 756 1808 XVIII.³⁰).

211 1847 309 1881 Haec
326 1846 472 1891 epistola
493 1853 543 1880 est
556 1846 751 1891 periodica,
768 1845 850 1891 quia
869 1843 978 1879 habet
991 1858 1102 1879 unum

110 1906 252 1934 tantum
277 1905 311 1932 et
334 1904 548 1943 perpetuum
571 1903 843 1942 argumentum,
879 1910 950 1942 quo
973 1897 1104 1941 signifi-

113 1957 169 1985 cat
206 1950 374 1996 gaudium
403 1963 506 1983 suun]
543 1950 588 1983 ob
624 1955 849 1995 quaestorem
883 1949 935 1981 illi
968 1949 1103 1990 datum,

114 2015 220 2049 quem
246 2001 475 2049 volueratffl).

216 2052 246 2098 ἓ.
273 2053 305 2090 l.
343 2055 451 2095 Quum
474 2054 718 2096 optatissimum
744 2049 829 2098 ete.]
862 2049 1059 2084 Exordium
1083 2062 1102 2083 a

114 2112 199 2139 voto
223 2106 279 2139 vel
304 2117 324 2138 a
349 2117 409 2149 spe
426 2104 485 2152 S²).
589 2106 713 2147 Accepi
733 2109 844 2137 autem
866 2116 887 2137 a
910 2108 942 2137 te
963 2100 1104 2150 missas]

113 2156 283 2192 Narratio
295 2183 304 2197 ,
339 2156 396 2190 cui
413 2162 465 2190 est
479 2155 616 2189 adiecta
633 2153 851 2189 adhortatio.

149 2293 197 2322 79)
217 2292 268 2322 sit]
287 2291 336 2316 Ed.
356 2290 431 2315 1556.
451 2295 548 2314 errore
566 2290 694 2320 typogr.:
724 2289 763 2315 fit.

149 2345 198 2373 80)
218 2343 335 2372 xviii]
355 2343 396 2366 sio
414 2340 666 2373 inEditt.(1537.).
687 2342 774 2372 1556.‚
794 2340 988 2365 1560-1596.
1008 2339 1105 2369 (Edat.

185 2378 273 2409 1545„
293 2378 378 2407 1546„
398 2377 473 2401 1601.
493 2377 629 2406 xx1x.);
652 2376 681 2400 iu
699 2377 784 2401 Editt.
805 2376 892 2406 1540„
915 2375 1000 2407 1544,
1021 2375 1107 2406 1554.³

182 2412 260 2438 1557.
280 2413 308 2436 et
324 2412 373 2436 Ed.
393 2411 478 2436 oren.
496 2411 572 2435 xix.

150 2465 200 2493 81)
219 2465 253 2488 ob
276 2463 452 2493 quaestorem
469 2475 503 2482 -
521 2463 671 2492 voluerat]
702 2463 751 2487 Ed.
773 2463 848 2486 1560.
875 2463 908 2486 ob
933 2461 1109 2492 quaesturam

183 2498 226 2524 illi
245 2498 352 2526 datam,
372 2502 450 2527 quam
469 2497 604 2521 voluerat.
623 2510 658 2515 —
690 2498 749 2522 Hoc
767 2497 959 2528 argumentum
977 2497 1010 2520 ab
1022 2495 1106 2519 Editt.

186 2532 394 2563 1537—1554.,
415 2531 507 2562 1557.‚
527 2531 620 2563 1560„
640 2531 714 2555 1601.
735 2531 883 2556 exhibetur.

151 2584 201 2613 82)
219 2583 370 2608 Exordium
393 2588 410 2606 a
435 2583 507 2612 spe.]
537 2583 605 2607 haec
634 2584 720 2607 verba
744 2583 772 2607 in
796 2582 881 2607 Editt.
901 2581 994 2613 1540„
1020 2581 1108 2613 1544„

187 2618 281 2650 1546„
301 2618 393 2649 1554„
413 2616 506 2650 1557„
526 2617 618 2649 1601.‚
645 2617 703 2643 illis
722 2617 778 2645 Cic.
797 2617 892 2645 verbis
910 2618 1005 2649 Quum
1022 2617 1108 2648 opta-

382 119 695 155 ARGUMENTA
720 119 784 154 ET
809 117 1013 154 SCHOLIA
1039 117 1087 153 IN
1114 118 1264 154 EPIST.
1290 118 1403 154 FAM.
1433 118 1517 155 CIC.
1545 118 1633 154 LIB.
1653 118 1694 154 ΙΙ.
1729 118 1803 154 ΕΡ.
1824 119 1882 154 16.
1904 119 1962 154 17.
1981 119 2040 154 18.
2093 118 2142 154 90

1261 204 1291 250 ξ.
1308 210 1343 242 2.
1373 208 1591 249 Quamobrem
1608 219 1818 253 quaecunque
1827 203 1901 253 83)]
1929 204 2054 239 Defert
2073 205 2149 239 offi-

1158 270 1250 291 cium
1271 271 1387 293 suum.

1376 343 1514 378 Aliud
1547 355 1703 388 argum
1716 342 1935 390 entumffl).

1263 413 1412 447 Constat
1436 410 1523 445 haec
1545 412 1692 456 epistola
1713 417 1887 456 perpetuo
1913 411 2069 456 quodam
2095 421 2151 443 ar-

1159 471 1328 509 gumento
1340 491 1349 504 ,
1381 463 1544 497 videlicet
1563 465 1604 497 de
1621 476 1684 497 suo
1701 463 1831 507 gaudio
1850 468 1998 507 propter
2015 473 2150 494 novum

1160 523 1408 561 quaestorem,
1437 515 1500 561 qui
1514 516 1620 559 plane
1637 514 1785 558 contigit
1809 527 1851 548 ex
1875 513 1986 546 animi
2013 518 2153 546 senten-

1160 567 1220 601 tia.
1273 566 1472 600 Exordium
1493 573 1675 611 sumptum
1699 571 1750 598 est
1771 577 1790 598 a
1806 571 1891 598 1010
1907 591 1916 604 ,
1950 577 2012 598 seu
2035 576 2053 596 a
2079 575 2152 607 spe,

1160 624 1199 651 ut
1218 618 1417 662 obtingeret
1434 625 1600 663 quaestor
1616 618 1777 651 idoneus.
1836 616 2006 649 Narratio
2033 620 2084 648 est
2109 615 2152 647 tle

1159 669 1285 703 litteris
1303 669 1414 703 Caelii
1434 669 1603 713 acceptis,
1632 680 1723 714 quae
1743 667 1964 701 occasionem
1980 667 2153 711 praebue-

1160 727 1246 754 runt
1275 721 1383 754 subiti
1415 721 1553 754 consilii
1586 719 1753 753 mittendi
1775 725 1925 753 statores
1950 724 1983 751 et
2008 717 2152 750 lictores

1161 784 1241 805 cum
1272 772 1410 806 litteris.
1478 771 1734 806 Narrationem
1767 770 1927 815 sequitur
1950 768 2151 814 propositio

1160 836 1222 857 seu
1244 822 1469 863 adhortatio,
1496 829 1536 856 ut
1558 836 1665 869 quam
1688 822 1844 867 primum
1867 821 1988 853 1011131
2009 820 2046 852 111
2070 831 2153 863 pro-

1161 875 1328 909 vinciam.
1380 875 1509 908 Postea
1529 875 1673 908 additur
1698 871 1877 906 rhetorica
1901 872 2042 905 collatio
2059 871 2153 903 litte-

1159 939 1283 960 rarum
1316 927 1533 967 amicorum,
1570 939 1588 959 a
1620 926 1748 972 quibus
1772 924 2041 958 commendatus
2065 927 2153 960 erat,

1160 992 1239 1012 cum
1254 979 1381 1011 litteris
1398 978 1506 1023 ipsius
1524 977 1741 1023 quaestoris,
1770 987 1839 1022 qua
1857 974 2030 1019 significat
2045 973 2153 1006 etiam

1160 1031 1233 1064 sine
1263 1029 1573 1063 commendatione
1605 1042 1686 1062 eum
1713 1029 1873 1061 futurum
1900 1025 2152 1070 gratissimum.

1160 1082 1349 1115 Conclusio
1366 1081 1662 1126 pollicitationem
1681 1079 1839 1112 continet
1854 1090 2001 1111 suorum
2021 1075 2154 1109 officio-

1159 1146 1238 1167 rum
1265 1133 1385 1166 addita
1409 1133 1623 1177 repetitione
1648 1129 1930 1169 adhortationis,
1957 1134 2015 1167 ut,
2044 1138 2150 1172 quam

1159 1184 1316 1229 primum
1341 1185 1418 1217 fieri
1440 1184 1572 1228 possit,
1615 1189 1762 1228 propter
1784 1187 1897 1214 certas
1921 1190 2043 1213 causas
2068 1189 2151 1222 pro-

1159 1243 1259 1281 peret
1277 1236 1314 1268 in
1334 1236 1571 1280 provinciam.

1404 1318 1541 1352 Aliud
1575 1323 1906 1362 argumentum.

1260 1387 1323 1421 Est
1337 1393 1510 1432 perpetua
1527 1387 1708 1427 narratio,
1734 1386 1773 1419 in
1797 1398 1867 1431 qua
1889 1383 2048 1429 primum
2072 1393 2153 1426 gra-

1158 1439 1311 1480 tulatur,
1351 1439 1418 1473 sibi
1449 1439 1607 1472 Caelium
1637 1445 1864 1484 quaestorem
1894 1434 2079 1479 obtigisse,
2120 1439 2154 1466 et

1158 1505 1260 1527 suam
1278 1491 1501 1524 voluntatem
1518 1503 1557 1523 ac
1573 1489 1860 1524 benevolentiam
1881 1490 2151 1520 commemorat.

1158 1544 1296 1577 Deinde
1314 1541 1527 1576 adhortatur
1543 1555 1637 1583 eum,
1662 1549 1702 1576 ut
1718 1553 1826 1587 quam
1840 1539 1998 1584 primum
2015 1537 2053 1569 in
2068 1548 2152 1580 pro-

1158 1596 1313 1628 vinciam
1332 1596 1376 1628 ad
1394 1607 1428 1629 se
1445 1594 1576 1628 veniat.
1630 1593 1662 1628 Is
1679 1600 1797 1627 autem
1815 1590 2028 1629 estCaelius‚
2045 1599 2151 1633 quem

1159 1648 1283 1681 Cicero
1310 1647 1352 1679 de
1377 1646 1562 1691 provincia
1590 1646 1762 1679 decedens
1782 1642 1989 1689 provinciae
2008 1638 2150 1673 Ciliciae

1158 1698 1376 1744 praeposuit.

1376 1781 1514 1816 Aliud
1542 1786 1860 1826 argumentum
1873 1778 1933 1825 3⁵).

1260 1852 1356 1885 Haec
1373 1850 1521 1895 epistola
1540 1856 1591 1884 est
1605 1848 1799 1894 periodica,
1817 1846 1900 1892 quia
1916 1843 2023 1878 habet
2038 1854 2150 1876 unum

1157 1909 1297 1936 tantum
1323 1909 1357 1935 et
1379 1908 1593 1947 perpetuum
1619 1905 1890 1945 argumentum,
1926 1896 2023 1942 quod
2044 1892 2151 1937 signi-

1157 1956 1238 1988 ficat
1270 1953 1439 1999 gaudium
1471 1966 1574 1987 suum
1598 1954 1643 1986 ob
1676 1957 1902 1997 quaestorem
1932 1947 1984 1980 illi
2015 1947 2151 1982 datum,

1157 2018 1263 2052 quem
1280 2006 1453 2039 voluerat.
1505 2004 1568 2038 Est
1585 2011 1703 2038 autem
1719 2001 1904 2035 exordium
1927 2003 2106 2041 sumptum
2132 2006 2152 2026 a

1157 2063 1242 2090 voto
1262 2058 1349 2090 vela
1369 2069 1441 2101 spe.
1495 2055 1663 2101 Sequitur
1687 2052 1848 2087 narratio
1874 2052 1917 2084 de
1940 2048 2068 2082 litteris
2092 2057 2150 2078 ac-

1158 2108 1278 2153 ceptis.
1347 2107 1558 2142 Narrationi
1590 2105 1776 2141 subiicitur
1800 2100 2020 2148 propositio,
2057 2108 2148 2144 quae

1157 2158 1264 2194 habet
1281 2158 1569 2193 adhortationem
1581 2185 1590 2199 ,
1616 2165 1656 2192 ut
1672 2162 1841 2202 properet
1860 2165 1966 2199 quam
1989 2150 2148 2196 primum

1158 2211 1280 2245 venire
1304 2211 1341 2244 in
1365 2210 1601 2255 provinciam.
1661 2209 1833 2254 Epilogus
1853 2202 2149 2250 pollicitationem

1158 2261 1265 2296 habet
1281 2263 1335 2296 sui
1352 2262 1469 2296 officii.

1229 2383 1375 2408 tissimum
1394 2381 1520 2410 omissis,
1539 2379 1700 2411 argumento
1716 2375 1889 2408 praecedenti
1903 2374 2026 2405 proxime
2041 2377 2149 2398 annexa

1228 2419 1292 2441 sunt
1310 2418 1363 2441 sic:
1388 2418 1437 2440 Est
1456 2417 1546 2440 autem
1565 2414 1705 2438 exordium
1724 2419 1741 2437 a
1760 2414 1823 2436 voto
1843 2412 1887 2435 vet
1906 2416 1922 2434 a
1941 2415 1998 2439 spe.

1193 2460 1243 2489 83)
1262 2460 1315 2483 Pro
1339 2459 1381 2482 his
1406 2459 1459 2483 Cic.
1486 2457 1577 2481 verbis
1603 2457 1629 2479 in
1654 2455 1736 2478 Editt.
1758 2454 1849 2484 1545„
1883 2453 1957 2476 1560.
1981 2451 2043 2476 huic
2067 2452 2149 2474 notae

1230 2495 1352 2525 praefixa
1371 2494 1447 2516 suut:
1472 2494 1661 2523 Quaecunque
1679 2498 1696 2514 a
1716 2496 1760 2514 me
1779 2490 1958 2514 ornamenta.

1194 2538 1243 2567 84)
1264 2539 1322 2562 Hoc
1340 2537 1530 2567 argumentum
1554 2536 1582 2559 et
1606 2540 1723 2565 sequens
1742 2533 1771 2556 in
1787 2532 1872 2556 Editt.
1894 2529 2083 2555 1565—1596.
2103 2528 2147 2552 iu-

1227 2572 1374 2597 veniuntur

1192 2615 1241 2644 85]
1259 2616 1317 2640 Hoc
1335 2615 1362 2639 in
1380 2613 1464 2639 Editt.
1482 2612 1674 2638 1565-1596.
1693 2611 1839 2643 reperitur.
