2351 2990
74 136 174 172 1117
209 135 330 173 XLHI.
357 136 652 173 INTERPRET.
669 137 815 174 ORAT.
835 138 1028 173 CRITIAE
1048 140 1191 174 CONT.
1207 141 1373 174 THERA
1381 139 1560 175 MENEM
1576 139 1639 176 EX
1656 139 2004 177 XENOPHONTE.
2036 142 2133 178 1118

72 222 137 256 cile
155 223 346 257 obtineret.
391 223 439 256 At
453 223 515 257 ubi
535 223 645 257 sensit
661 224 786 268 populi
801 225 894 259 vires
912 238 985 260 esse
1001 237 1077 259 rna—

73 274 187 316 iores,
216 287 324 321 quam
342 280 382 308 ut
398 274 668 320 quadringentis
687 275 756 310 illis
773 277 816 310 de
834 276 987 321 imperio
1006 289 1077 311 ces-

75 339 178 361 surus
187 326 219 373 s)
237 327 435 367 videretur,
463 326 621 370 partium
639 328 765 372 populi
782 328 947 374 princeps
964 330 1077 363 factus

75 384 139 413 est.
193 378 312 424 Quam
330 378 375 412 ob
394 389 535 411 causam
554 384 588 412 et
602 377 829 414 Cothurnum
839 379 870 426 ⁹)
890 387 1077 421 vocarunt,

75 430 172 475 quod
191 429 334 476 utrique
354 429 436 474 pedi
457 428 554 463 iuxta
578 431 769 464 conveniat
796 430 1010 473 cothurnus,
1045 438 1079 465 et

76 486 197 515 tamen
214 481 332 516 neutri
349 481 432 515 satis
450 482 623 526 adposite.

180 533 339 567 Proinde
366 545 441 566 non
466 540 624 568 meretur
646 533 895 579 impunitatem
921 535 969 575 is,
1003 534 1078 580 qui,

78 596 158 618 cum
177 585 255 619 aliis
273 591 378 619 autor
401 585 508 619 suerit
522 585 657 630 negotii
678 586 827 620 alicuius
850 586 1078 631 suscipiendi,

77 637 272 670 mutaverit
297 637 533 677 sententiam,
576 637 606 671 si
630 638 716 683 quid
737 638 878 673 adversi
902 638 1078 673 incIderit.

77 687 147 721 Sed
174 695 250 721 erat
270 689 367 722 velut
392 689 429 721 in
454 688 539 721 navi
562 690 851 734 perdurandum,
889 691 1004 723 donec
1027 702 1079 724 se-

77 740 233 773 cundum
253 747 399 774 ventum
418 740 514 773 nacti
529 740 673 775 fuerint.
733 741 771 775 Si
794 742 955 782 deseras,
990 754 1080 788 quo-

76 792 186 825 modo
204 798 355 837 possunt
371 793 543 826 conficere
562 805 702 827 cursum
715 819 724 833 ,
761 805 840 827 cum
861 806 945 827 mox
961 805 1080 827 recur-

78 849 179 884 rant,
207 844 268 877 ubi
285 843 420 878 reflarit
439 843 587 879 ventus?
632 843 706 877 Iam
723 857 801 878 cum
820 845 1079 890 rebuspuhlicis

79 907 119 928 ac
139 895 356 943 imperiis¹⁰)
380 896 597 931 mutationes
622 908 745 931 omnes
772 898 878 931 caede
905 904 1080 938 constent,

77 947 244 992 plurimis
263 947 371 981 exitio
387 948 454 982 fuit
469 948 709 983 inconstantia
729 955 810 989 tua,
838 949 941 983 multi
959 956 993 982 te
1018 962 1079 983 au-

79 1005 158 1033 tore
173 1011 215 1033 ex
232 999 466 1044 optimatibus
483 1012 502 1033 a
520 1001 622 1045 plebe
640 1001 754 1034 necati
771 1007 874 1042 sunt,
909 1001 1013 1035 multi
1039 1014 1081 1035 ex

76 1051 223 1096 plebeiis
241 1052 285 1085 ab
305 1051 551 1098 optimatibus.

113 1175 146 1204 8)
164 1173 314 1202 cessurus]
334 1171 375 1197 sic
393 1173 469 1197 recte
480 1171 662 1201 Edttt.1525.,
684 1171 769 1203 1541„
790 1171 881 1201 1562.;
901 1170 1081 1198 Editt.¹559.,

151 1210 244 1239 1564„
272 1208 362 1240 1570.‚
390 1207 464 1232 1587.
489 1208 624 1231 cessuris.
654 1207 862 1237 (Xenophontis
890 1207 976 1230 verba
1000 1207 1079 1229 sunt:

150 1243 211 1269 ἐπεὶ
230 1240 257 1269 δ’
276 1241 378 1277 ᾔσθετο
397 1239 552 1266 ἀντίπαλόν
570 1250 594 1265 τι
614 1241 644 1275 τῇ
664 1238 810 1274 ὀλιγαρχίᾳ
829 1239 1056 1273 ξυνιστάμενον).

115 1289 146 1317 9)
167 1289 225 1312 Hoc
245 1287 383 1318 epitheton
399 1286 425 1309 in
438 1286 521 1310 Editt.
537 1285 624 1316 1559.,
646 1285 732 1314 1564„
755 1285 840 1315 1570„
862 1284 935 1309 1587.
957 1285 984 1308 in
1005 1291 1080 1308 mar-

148 1323 212 1355 gine
233 1324 276 1346 est
297 1321 451 1351 repetitum.

118 1367 165 1395 10)
183 1364 383 1395 rebuspuhlicis
402 1369 435 1388 ac
454 1363 592 1393 imperiis]
612 1361 846 1391 sicEditt.1525.‚
867 1361 940 1386 154¹.
958 1363 1005 1390 (2
1021 1361 1081 1385 Xe-

153 1402 233 1431 noph.
252 1398 428 1428 πολιτειῶν);
464 1398 548 1421 Editt.
565 1398 650 1427 1559„
673 1397 758 1427 156⁴.‚
779 1396 865 1427 ¹570„
885 1395 960 1420 1587.
980 1402 1082 1426 respu-

152 1436 224 1462 blica
243 1441 276 1459 ac
294 1433 436 1465 imperii53
461 1433 511 1459 Ed.
526 1432 600 1457 1562.
620 1431 793 1462 respublicae
811 1437 843 1455 ac
861 1430 976 1461 imperii.

1230 225 1421 260 Praeterea
1440 224 1523 261 huic
1539 239 1558 260 a
1576 227 1725 261 ducibus
1747 228 1976 263 commissum
2001 229 2132 269 fuerat,

1128 288 1256 310 necare
1273 276 1509 312 Athenienses
1522 305 1530 319 ‚
1558 279 1620 324 qui
1640 280 1684 312 ad
1700 278 1854 314 Lesbum
1870 293 1989 325 pugna
2008 279 2131 314 navali

1130 328 1213 361 victi
1236 336 1356 371 erant,
1391 342 1481 376 quos
1506 342 1586 364 cum
1612 343 1686 364 non
1710 331 1962 373 interfecisset,
1998 344 2043 365 ne
2062 331 2130 366 sibi

1128 380 1247 413 fraudi
1261 388 1369 422 esset,
1398 394 1472 415 non
1495 382 1675 426 paruisse,
1701 384 1807 417 duces
1834 383 1929 428 ipsos
1954 383 2132 418 accusavit

1129 438 1236 477 atque
1254 433 1394 467 occidit.
1448 434 1552 467 Unde
1577 435 1727 479 adparet
1743 447 1885 480 semper
1909 447 1990 469 eum
2012 436 2132 480 priva-

1130 489 1205 516 tum
1223 486 1452 518 commodum
1471 497 1556 530 prae
1573 486 1746 530 dignitate
1760 493 1794 520 et
1813 487 1935 521 amicis
1955 484 2133 521 hahuisse.

1130 534 1253 579 Quare
1276 536 1385 580 igitur
1401 538 1620 581 parcendum
1639 538 1670 571 ei
1688 538 1846 582 putatis?
1907 538 1980 573 Cur
2006 538 2131 571 incon-

1130 587 1259 620 stantia
1281 588 1355 622 eius
1373 589 1533 633 cognita,
1561 601 1634 622 non
1656 590 1870 631 observatis,
1898 603 1943 624 ne
1960 591 2131 624 adversus

1131 650 1196 672 nos
1213 651 1358 685 quoque
1374 640 1467 673 idem
1487 638 1739 675 machinetur?

1232 741 1391 775 Proinde
1408 754 1474 776 nos
1491 755 1570 777 eum
1589 755 1795 778 accusamus
1813 749 1847 777 et
1863 742 2075 778 insidiarum
2099 751 2134 778 et

1132 792 1360 837 proditionis.
1405 794 1514 840 Quod
1535 801 1654 829 autem
1670 795 1799 829 merito
1817 795 1852 829 id
1869 796 1951 837 fiat,
1978 794 2062 829 hinc
2080 796 2134 829 in-

1131 844 1307 889 telligetis.
1367 845 1460 880 Nam
1489 846 1526 879 in
1543 846 1915 881 Lacedaemoniorum
1937 848 2133 892 republica,

1132 909 1211 929 cum
1230 897 1273 931 sit
1293 897 1428 942 optime
1447 898 1653 939 constituta,
1679 899 1706 933 si
1727 899 1805 945 quis
1825 912 1866 932 ex
1882 897 2027 943 ephoris
2042 899 2134 932 nolit

1133 949 1281 995 obsequi
1298 949 1463 990 caeteris,
1489 952 1550 984 sed
1567 951 1816 995 magistratum
1835 951 2051 984 contumelia
2070 950 2134 983 ad-

1132 1000 1246 1042 ficiat,
1273 1007 1308 1034 et
1325 1002 1509 1048 obstrepat
1525 1014 1649 1036 eorum
1665 1002 1836 1044 decretis,
1864 1002 1992 1047 dignus
2014 1014 2132 1047 poena

1133 1051 1310 1087 iudicatur
1336 1053 1443 1087 etiam
1469 1055 1513 1088 ab
1532 1054 1616 1100 ipsis
1633 1053 1777 1100 ephoris
1795 1060 1829 1088 et
1849 1066 1867 1087 a
1885 1060 1959 1088 tota
1979 1054 2133 1088 civitate.

1132 1104 1205 1140 Vos
1221 1105 1350 1150 igitur,
1377 1105 1405 1139 si
1423 1106 1567 1152 sapitis,
1593 1119 1668 1140 non
1685 1105 1756 1147 illi,
1792 1107 1853 1140 sed
1867 1106 1968 1140 vobis
1986 1106 2134 1151 parcite.

1132 1156 1223 1191 Nam
1248 1157 1277 1192 si
1299 1155 1358 1191 hic
1381 1158 1554 1200 evaserit,
1596 1159 1718 1193 multis
1745 1159 1852 1192 addet
1878 1158 2059 1198 ani-mum,
2094 1163 2135 1191 ut

1132 1209 1233 1244 vobis
1265 1210 1516 1249 adversentur;
1558 1212 1655 1256 quod
1686 1211 1715 1245 si
1747 1210 1983 1255 interemptus
2014 1208 2134 1250 fuerit,

1132 1273 1230 1305 spem
1247 1262 1365 1295 demet
1382 1263 1548 1297 omnibus
1565 1262 1663 1295 domi
1681 1275 1720 1295 ac
1737 1262 1823 1296 soris
1839 1261 1897 1307 ¹¹).

1169 1398 1216 1425 11)
1236 1398 1286 1421 His
1312 1397 1404 1421 verbis
1427 1397 1522 1421 finitur
1546 1398 1613 1421 haec
1639 1397 1727 1421 oratio
1762 1397 1789 1421 in
1814 1397 1863 1421 Ed.
1891 1396 1965 1421 1525.
1999 1397 2055 1424 (z
2074 1396 2134 1421 Xe—

1203 1433 1318 1462 noph.);
1344 1434 1453 1457 ceterae
1471 1432 1553 1456 Editt.
1573 1432 1692 1457 addunt:
1720 1432 1788 1456 Dixi.
