2351 2990
148 102 222 137 333

145 188 394 233 probationem
424 186 561 221 consilii
586 185 766 220 Ciceronis
797 186 838 218 de
867 185 982 229 patria
1015 186 1132 219 desen-

145 240 274 274 denda.
324 238 455 272 Addita
473 244 523 271 est
542 237 763 270 confirmatio
782 236 920 270 consilii
939 249 979 270 ex
996 243 1134 280 praete-

145 291 222 324 ritis
238 290 342 324 rebus
359 289 473 334 gestis.
530 287 702 332 Epilogus
725 288 883 321 continet
907 288 1132 332 pollicitatio-

145 354 247 381 nem,
275 353 310 374 se
331 346 477 385 propter
504 339 733 372 autoritatem
753 338 933 372 Ciceronis
957 340 994 371 in
1018 339 1132 371 omni-

143 393 209 426 bus
227 392 419 425 affuturum
438 390 664 434 reipublicae.
724 388 763 422 In
786 391 854 423 fine
880 396 931 423 est
958 390 1131 434 significa-

143 444 193 477 tio
211 454 358 486 magnae
375 441 620 475 sollicitudinis
639 442 681 474 de
699 442 803 474 rebus
828 441 992 482 urbanis,
1026 442 1131 474 adeo-

144 506 211 539 que
235 494 278 526 de
301 493 375 536 ipsa
400 491 584 537 provincia
607 498 754 536 propter
777 492 992 532 discordias,
1040 504 1129 537 quae

142 544 307 577 videntur
325 544 496 577 allaturae
514 555 680 587 magnam
700 543 935 576 mutationem
952 543 1105 587 imperii.

190 643 515 688 Argumentum
544 649 586 676 et
617 640 795 677 scholia
830 643 876 676 in
910 642 1077 687 episto-

556 695 642 727 lam
670 694 712 728 V.

240 771 335 804 Haec
363 770 511 815 epistola
545 777 594 804 est
625 771 775 804 suasorii
808 768 964 814 generis,
1007 773 1127 812 estque

138 821 363 868 responsoria
384 848 392 860 ,
446 834 537 867 quae
572 822 726 866 pertinet
768 822 812 853 ad
854 820 1126 864 praecedentem

136 874 261 907 Planci
286 872 539 917 epistol:1111‘²⁹).

238 922 268 968 ἓ.
286 924 318 957 1.
346 925 456 956 Bitias
472 936 491 955 (ι
508 929 540 957 fe
557 920 687 969 accepi]
721 920 917 954 Exordium
947 932 964 952 a
990 920 1122 952 littera-

134 987 214 1008 rum
231 973 516 1019 praedicatione,
544 979 577 1005 et
595 980 645 1006 est
670 978 815 1005 xenusta
843 971 985 1004 collatio
1010 970 1123 1015 publi-

134 1026 163 1057 ci
183 1031 215 1058 et
234 1024 365 1069 privati
386 1024 501 1057 officii.
582 1026 642 1058 Est
666 1020 883 1070 ortitzitzo³⁰)]
914 1022 1122 1055 Commora-

134 1076 241 1110 turin
255 1075 541 1120 participatione.

236 1125 265 1170 §-
285 1128 320 1160 2.
349 1125 503 1171 quzce31)
522 1131 552 1158 te
570 1137 633 1158 non
650 1122 784 1171 hortor]
812 1124 956 1163 Petitio,
983 1136 1043 1156 seu
1062 1124 1121 1155 ad—

134 1176 290 1211 hortatio
299 1176 358 1222 3²).
435 1176 534 1209 Nihil
547 1181 596 1208 est
613 1173 715 1221 quod]
745 1175 852 1207 Ratio
872 1187 913 1207 ex
926 1172 1088 1207 honesto-

233 1226 263 1272 §-
285 1228 320 1260 3.
360 1228 479 1260 Adhuc
506 1228 596 1259 enim
623 1224 772 1272 patitur]
809 1225 960 1258 Collatio
989 1224 1120 1258 utilita-

132 1286 226 1313 tum:
267 1278 337 1310 Per
362 1277 543 1309 fortunam
576 1282 782 1309 consecutus
809 1288 843 1309 es
876 1288 931 1309 res
960 1287 1119 1319 magnas,

130 1342 226 1364 nunc
243 1329 373 1361 virtute
392 1326 628 1372 consequeris.
700 1328 832 1370 Mayna
849 1324 1003 1374 spesffiss
1032 1326 1119 1359 Ter-

131 1381 179 1414 tia
195 1380 286 1414 ratio
305 1380 348 1412 ab
366 1378 607 1423 expectatione
625 1377 766 1411 civium.

333 1463 473 1496 Aliud
503 1462 914 1508 argumentumssssa).

228 1531 292 1565 Est
310 1537 343 1563 et
364 1529 450 1563 haec
473 1530 720 1573 responsoria,
755 1530 814 1563 sed
841 1529 991 1563 suasorii
1015 1541 1118 1573 gene·

128 1583 194 1623 ris,
222 1582 400 1627 pertinens
416 1582 460 1614 ad
477 1580 675 1624 proximam
694 1581 963 1625 praecedentem
990 1580 1117 1624 episto-

128 1635 211 1667 lam.
246 1633 407 1666 Primum
423 1632 542 1676 itaque
559 1631 681 1664 laudat
694 1632 794 1665 illum
812 1631 984 1670 animum,
1012 1637 1116 1676 quem

127 1683 235 1718 habet
262 1684 413 1716 Plancus
435 1694 516 1725 erga
537 1683 806 1725 rempublicam.
866 1682 1004 1715 Deinde
1032 1683 1118 1726 petit

127 1748 189 1770 seu
214 1732 444 1772 adhortatur,
486 1739 526 1765 ut
553 1739 677 1776 pergat
706 1731 773 1765 hoc
797 1734 905 1765 modo
930 1734 1117 1777 complecti

127 1785 383 1831 rempublicam
402 1796 440 1817 ac
458 1784 657 1816 defendere.
708 1783 904 1816 Exordium
923 1785 1075 1817 sumitur
1097 1797 1115 1817 a

127 1836 393 1883 praedicatione
411 1835 608 1868 litterarum
622 1861 630 1874 ‚
657 1833 695 1866 in
723 1834 850 1879 quibus
872 1834 939 1867 suit
960 1835 1115 1867 declara-

128 1890 177 1923 tio
195 1888 341 1922 minime
359 1887 507 1920 obscura
526 1885 657 1929 privati
676 1891 708 1917 et
724 1885 856 1929 publici
873 1885 989 1919 officii.
1026 1885 1115 1918 Pro-

128 1940 257 1986 positio
275 1936 382 1972 habet
398 1937 607 1982 petitionem
624 1948 686 1969 seu
704 1934 1004 1970 adhortationem.
1043 1937 1114 1970 Ad-

126 1993 259 2026 duntur
284 1996 353 2023 tres
375 1988 543 2022 rationes.
602 1987 724 2020 Prima
750 1994 801 2021 est
821 1994 961 2031 sumpta
987 2000 1027 2020 ex
1050 1986 1113 2020 ho-

124 2049 237 2077 nesto.
289 2041 450 2074 Secunda
477 2051 496 2072 a
510 2039 556 2085 31)
581 2038 769 2071 collatione
792 2039 957 2072 fortunae
985 2045 1018 2072 ct
1042 2039 1112 2072 vir-

156 2157 203 2189 29)
222 2158 280 2182 Hoc
294 2157 482 2188 argumentum
493 2157 592 2181 habent
605 2156 689 2182 Editt.
701 2156 901 2187 1537—1545.,
918 2156 1003 2187 ¹554.,
1026 2156 1111 2188 1557„

184 2193 266 2216 1560.

156 2235 204 2262 30)
224 2235 278 2258 Pro
297 2234 337 2257 his
355 2234 411 2259 Cic.
430 2234 524 2258 verbis
544 2233 766 2263 i11Editt.1545.‚
787 2234 861 2257 1560.
880 2233 940 2257 huic
959 2234 1041 2257 notae
1060 2234 1111 2258 att-

189 2268 291 2298 scripta
310 2270 374 2292 sunt
392 2269 550 2299 sequentia:
575 2269 678 2299 ltaque
696 2268 928 2293 commemoratio
948 2271 1010 2292 tua.

158 2311 207 2340 31)
226 2311 327 2342 quue]
352 2310 392 2334 sic
410 2311 458 2333 Ed.
481 2311 555 2335 1537.
582 2311 609 2334 in
634 2313 727 2342 textu,
759 2313 787 2335 et
805 2311 889 2336 Editt.
911 2312 1004 2339 1540.,
1025 2311 1109 2341 1544„

192 2346 284 2375 1554.‚
313 2345 386 2368 1557.
405 2345 431 2367 in
451 2345 505 2369 Cic.
525 2346 617 2369 verbis
634 2346 694 2370 huic
713 2347 795 2369 notae
815 2346 960 2376 praefixis,
985 2346 1012 2368 in
1032 2347 1109 2369 textu

191 2381 281 2403 autem
297 2379 380 2402 Editt.
403 2379 609 2410 1544—1554‚‚
631 2381 722 2410 1552,
744 2380 835 2412 1560„
864 2381 937 2404 1601.
963 2386 1049 2410 aeque
1077 2385 1109 2403 ac

186 2414 237 2438 Ed.
258 2414 343 2438 Orett.
363 2413 462 2436 habent
481 2413 592 2444 Itaque.

155 2456 204 2484 32)
223 2456 297 2479 flacc
316 2456 380 2478 nota
398 2454 426 2477 in
444 2455 527 2480 Editt.
546 2455 637 2486 ¹545„
658 2456 732 2480 ¹560.
753 2457 841 2481 deest.

152 2499 201 2527 33]
219 2498 249 2522 ln
267 2498 362 2521 iisdem
376 2497 392 2521 2
406 2497 488 2522 Editt.
506 2498 566 2521 huic
584 2500 666 2522 notae
684 2505 733 2528 pro
753 2499 794 2522 his
814 2498 954 2529 adscripta
972 2500 1036 2523 suut
1054 2505 1106 2523 an-

187 2533 342 2557 tecedentia
361 2532 416 2556 t'ic.
437 2533 536 2555 verba:
561 2533 614 2557 His
632 2534 816 2564 temporibus.

153 2575 222 2604 83³)
240 2577 298 2600 Hoc
315 2577 505 2605 argumentum
524 2576 551 2598 et
570 2575 623 2599 tria
636 2576 778 2606 sequentia
790 2576 914 2600 abEditt.
932 2576 1018 2607 1556„
1039 2577 1106 2601 1565

183 2610 301 2634 -1596,
324 2609 492 2633 exhibentur.

150 2652 198 2680 34)
215 2654 246 2691 ιιι]
267 2653 307 2676 sic
327 2653 402 2677 recte
421 2652 506 2677 Editt.
528 2651 621 2683 1556„
642 2652 733 2684 1565.;
758 2653 787 2677 in
804 2653 889 2679 Editt.
911 2654 985 2681 1571.
998 2672 1007 2688 9
1028 2655 1103 2681 1596.

184 2693 278 2711 omiss.

309 99 430 136 XXIII.
477 98 784 135 ARGUMENTA
808 98 872 133 ET
899 98 1102 133 SCHOLIA
1124 94 1173 132 IN
1196 98 1344 136 EPIST.
1369 100 1482 137 FAM.
1507 101 1589 138 CIC.
1617 101 1704 139 LIB.
1726 103 1766 139 X.
1792 103 1864 140 ΕΡ.
1882 106 1917 141 3.
1934 105 1968 141 4.
1985 105 2018 141 5.

2105 107 2179 142 334

1188 185 1282 226 tutis,
1310 194 1430 233 estque
1448 186 1534 222 haec
1553 202 1709 224 summa:
1739 189 1869 225 Omnia
1887 190 2068 232 hactenus,
2089 205 2178 238 quae

1186 234 1311 277 habes,
1349 246 1554 275 consecutus
1579 253 1614 275 es
1639 243 1726 275 duce
1748 242 1903 276 fortuna.
1963 243 2067 278 Nunc
2092 256 2177 276 vero

1185 288 1259 320 sola
1279 289 1408 323 virtute
1428 291 1646 327 inclaresces.
1700 293 1824 326 Tertia
1847 293 1939 326 ratio
1959 295 2001 327 ab
2019 301 2178 338 expecta—

1186 338 1282 372 tione
1300 341 1460 374 omnium
1478 343 1655 377 bonorum
1674 343 1802 377 civium
1815 370 1824 383 ‚
1854 344 1973 378 addita
1991 345 2091 378 brevi
2119 347 2178 377 ad—

1184 387 1386 426 hortatione
1412 406 1475 437 per
1505 395 1790 429 obtestationem.
1859 394 1897 428 In
1929 396 1998 429 fine
2030 396 2176 440 ponitur

1184 441 1357 483 clausula,
1386 457 1454 489 qua
1473 446 1576 478 fidem
1598 446 1681 479 facit
1704 444 1948 479 adhortationi
1974 460 1992 479 a
2015 447 2175 481 testifica-

1184 491 1278 525 tione
1294 506 1377 527 suae
1395 495 1588 530 voluntatis
1605 509 1685 541 erga
1704 497 1833 542 ipsum.

1423 596 1561 631 Aliud
1589 605 1917 643 argumentum.

1282 669 1523 715 Responsoria
1551 680 1600 706 est
1624 674 1666 705 ad
1692 676 1961 719 praecedentem
1984 675 2169 720 epistolam

1181 719 1323 760 Planci,
1348 722 1512 755 adiuncta
1531 721 1735 757 hortatione
1754 726 1797 758 ad
1817 727 1985 758 tuendam
2002 726 2170 770 reipubli-

1181 782 1241 803 cae
1256 771 1467 807 libertatem.
1520 774 1715 808 Exordium
1737 782 1786 809 est
1802 783 1982 820 sumptum
2005 789 2046 810 ex
2069 788 2167 810 occa-

1179 821 1279 855 sione
1301 822 1500 857 litterarum
1520 825 1662 865 Planci,
1690 838 1761 871 quo
1786 827 1969 870 praedicat
1993 828 2065 862 eius
2092 828 2171 860 ‹lili-

1179 873 1336 917 gentiam
1363 881 1397 907 et
1418 875 1574 909 studium
1598 876 1773 910 iuvandae
1798 877 2024 921 reipublicae.
2092 878 2169 912 Est-

1178 936 1246 969 que
1270 925 1411 969 elegans
1438 927 1666 971 amplificatio
1699 940 1718 960 a
1749 928 1937 962 collatione
1972 928 2102 973 privati
2135 936 2165 961 et

1177 975 1309 1019 publici
1331 977 1447 1011 officii.
1501 978 1637 1011 Deinde
1657 985 1707 1012 est
1724 980 1921 1023 propositio
1939 977 2166 1016 hortationis,

1177 1038 1283 1071 quam
1302 1029 1489 1061 confirmat
1505 1029 1622 1073 primo
1642 1030 1685 1062 ab
1703 1027 1873 1069 honesto,
1901 1032 1998 1076 quod
2014 1029 2103 1063 nihil
2122 1031 2163 1064 sit

1176 1075 1376 1121 pulchrius,
1405 1092 1512 1124 quam
1532 1093 1637 1113 omne
1662 1081 1817 1114 studium
1844 1081 1880 1113 in
1908 1082 2165 1125 rempublicam

1176 1129 1347 1162 conferre.
1383 1130 1545 1163 Secundo
1564 1132 1607 1163 ab
1622 1131 1701 1164 utili
1720 1144 1783 1175 per
1801 1132 2040 1172 collationem,
2069 1134 2164 1177 quod

1175 1191 1253 1212 cum
1272 1181 1435 1213 fortunae
1453 1182 1622 1215 beneficio
1640 1180 1808 1216 hactenus
1830 1183 1940 1216 multa
1959 1190 2165 1218 consecutus

1174 1230 1230 1270 sit,
1246 1243 1341 1264 nunc
1358 1231 1464 1264 etiam
1482 1233 1612 1267 virtute
1628 1234 1768 1266 laudem
1786 1234 1915 1266 mereri
1931 1234 2025 1267 velit.
2077 1234 2166 1267 Ter-

1173 1281 1222 1313 tio
1257 1282 1301 1314 ab
1334 1283 1495 1315 omnium
1523 1284 1779 1328 expectatione.
1843 1284 2030 1318 Conclusio
2056 1283 2160 1318 habet

1173 1331 1336 1365 affectum
1348 1359 1358 1373 ,
1376 1334 1464 1379 ‘quo
1480 1340 1628 1369 testatur
1644 1347 1745 1368 suam
1761 1335 1982 1369 voluntatem
1998 1336 2034 1368 in
2051 1348 2092 1370 eo
2111 1336 2162 1369 iu-

1172 1383 1302 1417 vando.

1417 1467 1553 1502 Aliud
1587 1478 1917 1514 argumentum.

1273 1542 1480 1587 Respondet
1498 1546 1542 1577 ad
1559 1546 1694 1580 litteras
1711 1547 1855 1587 Planci,
1884 1554 1916 1581 et
1941 1548 2059 1592 primo
2086 1548 2159 1580 lau-

1172 1593 1232 1625 dat
1259 1594 1333 1628 eius
1358 1595 1578 1639 diligentiam
1604 1598 1638 1630 in
1661 1599 1867 1639 scribendo,
1896 1605 2016 1643 postea
2042 1599 2159 1643 priva-

1171 1650 1245 1677 tum
1265 1656 1304 1678 ac
1320 1646 1500 1689 publicum
1520 1648 1696 1689 officium,
1725 1656 1846 1695 estque
1869 1657 2016 1683 venusta
2043 1650 2079 1682 in
2104 1662 2161 1681 ex·-

1171 1695 1273 1728 ordio
1296 1697 1438 1730 collatio
1464 1699 1596 1741 publici
1622 1706 1655 1732 et
1678 1700 1808 1744 privati
1837 1701 1954 1734 officii.
2008 1700 2091 1734 Inde
2109 1700 2161 1734 „se-¹

1170 1746 1292 1791 quitur
1315 1746 1540 1789 adhortatio,
1575 1750 1630 1783 cui
1661 1752 1897 1785 subiicitintur
1929 1752 2084 1785 rationes
2116 1753 2158 1784 ab

1169 1795 1319 1831 honesto
1331 1826 1339 1839 ,
1368 1806 1402 1832 et
1419 1800 1562 1833 additur
1579 1802 1808 1845 amplificatio
1825 1815 1888 1847 per
1911 1803 2156 1836 collationem:

1168 1847 1238 1881 Res
1273 1861 1420 1894 magnas
1455 1852 1620 1885 fortunae
1660 1853 1830 1886 beneficio
1870 1860 2075 1887 consecutus
2111 1866 2157 1887 es.

1167 1898 1270 1932 Nunc
1298 1913 1445 1945 operam
1472 1902 1591 1943 dabss,
1633 1910 1673 1936 ut
1701 1910 1734 1937 et
1761 1917 1825 1949 per
1851 1905 2020 1938 virtutem
2049 1905 2157 1937 incla-

1167 1962 1292 1984 reseas.

1407 2034 1543 2069 Aliud
1573 2045 1902 2081 argumentum.

1267 2110 1427 2155 Epistola
1446 2118 1496 2145 est
1512 2113 1749 2157 responsoria.
1783 2114 1979 2148 Exordium
1996 2121 2046 2148 est
2061 2126 2155 2148 sum-

1164 2167 1264 2205 ptum
1283 2174 1300 2194 a
1317 2162 1583 2206 praedicatione
1599 2164 1811 2206 litterarum,
1840 2166 1895 2199 cui
1913 2166 2055 2199 additur
2072 2177 2153 2209 par-

1164 2212 1241 2245 titio
1254 2239 1263 2253 ,
1288 2213 1325 2245 in
1342 2225 1410 2258 qua
1431 2222 1674 2249 commoratur
1688 2217 1731 2249 de
1750 2217 2003 2250 consuetudine
2021 2216 2152 2250 scilicet

1163 2263 1322 2308 privata,
1364 2270 1398 2297 et
1426 2265 1546 2299 animo
1572 2279 1652 2310 erga
1677 2268 1944 2312 rempublicam.
2013 2267 2150 2300 Deinde

1161 2315 1320 2360 sequitur
1344 2316 1543 2359 propositio
1573 2318 1757 2352 continens
1780 2319 2001 2362 petitionem.
2063 2319 2152 2351 Pro—

1161 2366 1331 2410 positioni
1351 2367 1492 2400 additae
1517 2375 1599 2401 sunt
1625 2370 1715 2402 duae
1741 2369 1908 2404 rationes.
1950 2370 2070 2403 Altera
2095 2382 2150 2403 su-

1160 2417 1269 2451 mitur
1297 2430 1338 2450 ex
1366 2416 1528 2452 honesto.
1588 2418 1708 2452 Altera
1733 2421 1891 2454 continet
1920 2421 2148 2454 collationem

1159 2480 1280 2502 earum
1304 2481 1445 2510 rerum,
1481 2481 1567 2514 quas
1590 2471 1734 2504 fortuna
1757 2472 1844 2505 duce
1871 2470 2041 2505 hactenus
2066 2484 2148 2504 con-

1157 2526 1294 2554 secutus
1309 2520 1364 2560 sit,
1393 2526 1425 2553 et
1442 2532 1530 2565 quas
1546 2529 1820 2567 consequeretur
1834 2523 1964 2557 virtute
1980 2523 2016 2556 in
2036 2522 2147 2556 admi-

1156 2571 1337 2604 nistranda
1362 2571 1555 2615 republica.
1613 2571 1654 2605 In
1678 2573 1746 2607 fine
1771 2574 1913 2608 additur
1937 2574 2145 2619 significatio

1156 2622 1227 2655 odii
1254 2635 1292 2655 ac
1318 2621 1483 2656 desiderii
1515 2623 1676 2658 omnium
1698 2625 1878 2660 bonorum
1906 2625 2056 2666 civium,
2091 2625 2144 2658 cui

1155 2673 1274 2707 addita
1298 2680 1349 2707 est
1367 2671 1688 2711 adhortatiuncula.
