2294 2975
116 119 162 153 87

117 199 391 248 ‹!‹·{ulm-unt⁶⁷)]
426 198 719 244 Argumentatio,
754 210 863 243 quare
886 195 1035 230 Bibulus
1058 194 1109 228 vi-

121 257 246 288 deatur
266 253 450 286 alienatus.

227 303 245 327 ς
276 305 309 338 7.
346 305 407 337 Ille
435 303 646 340 simmnibus
669 297 799 345 es1⁶⁸)]
838 297 1026 331 Conclusio
1049 295 1112 330 ha-

228 322 257 342 N·

122 369 202 390 rum
220 354 582 398 argumentationnm.
655 354 742 385 Nam
759 352 802 383 ad
817 348 989 396 semanim]
1006 348 1113 381 Aliud

939 401 1116 446 Equiiibus

125 414 375 451 argumentum
410 403 678 438 malm-olentiae
703 401 834 434 Bibuli.

125 456 347 505 aanYiariis]
382 455 571 489 Auxiliarii
595 453 729 498 equites
753 458 835 485 sunt
865 451 1012 491 milites,
1056 451 1118 496 qui

127 510 318 543 mittuntur
334 510 375 541 ad
394 507 608 551 supplendas
625 502 800 537 cohortes,
874 505 942 537 Sed
963 504 1025 537 tibi
1048 514 1119 536 mo-

131 573 199 595 rem
213 558 323 606 yessi]
353 557 542 592 Conclusio
562 569 641 589 cum
660 554 878 588 correctione
889 554 949 600 69).

350 659 486 692 Aliud
514 655 899 701 argumentumw).

234 734 340 767 Varia
378 740 429 767 est
459 733 628 777 epistola,
668 744 758 777 quae
794 735 931 763 constat
960 724 1122 771 congerie

133 786 327 820 multarum
345 785 634 818 brevissimarum
653 782 914 816 narrationum.
964 779 1125 822 Respon-

135 839 195 870 det
215 843 331 870 autem
351 836 521 874 Caninio,
550 834 611 880 qni
634 841 709 867 erat
731 839 897 879 quaestor
913 830 1055 869 Bibuli,
1083 829 1126 861 ad

137 890 224 922 duas
241 888 417 932 epistolas.
470 886 632 919 Primum
651 886 774 918 ordine
792 889 930 923 monet,
966 883 1025 915 sed
1049 881 1127 912 bre-

137 940 227 972 viter
260 940 302 972 de
337 938 501 982 singulis,
551 950 641 982 quae
676 937 763 970 scire
798 935 912 967 voluit
947 932 1127 965 Caninius.

137 991 277 1024 Deinde
306 996 445 1023 excusat
462 1002 497 1022 se
517 990 559 1021 de
578 987 906 1025 commendatione,
944 996 1051 1029 qnam
1078 982 1129 1014 in-

140 1042 234 1075 vitus
256 1042 449 1074 admodum
471 1040 601 1073 scribat
624 1041 667 1072 ad
685 1039 871 1077 Bibulum,
905 1036 998 1080 apud
1024 1045 1129 1079 quem

142 1094 336 1131 existimet,
391 1105 425 1125 se
461 1104 587 1135 parum
625 1097 685 1123 aut
720 1089 810 1122 nihil
846 1089 1131 1131 impetraturum.

141 1144 323 1187 Principio
361 1142 595 1176 excusationis
625 1142 823 1186 expostulat
857 1152 934 1172 cum
968 1136 1132 1174 Caninio,

144 1196 200 1228 cui
222 1195 362 1227 videtur
396 1206 469 1226 non
498 1194 692 1226 admodum
724 1204 858 1238 aequus
881 1190 999 1223 fuisse.
1066 1187 1135 1220 Sed

145 1253 266 1280 tamen
282 1245 487 1278 mollissime
504 1256 604 1278 suam
622 1243 821 1277 orationem
847 1242 1074 1279 moderatur,
1102 1244 1137 1270 et

147 1298 268 1331 odium
287 1296 495 1330 dissimulat.
549 1295 686 1329 Deinde
704 1295 802 1328 addit
829 1295 899 1326 duo
927 1295 1135 1335 argumenta

147 1350 190 1382 de
216 1360 386 1392 persona:
430 1348 579 1379 alterum
606 1349 648 1380 de
672 1347 830 1386 indiciis,
874 1345 970 1390 quod
997 1341 1137 1387 penitus

147 1400 311 1432 videatur
330 1399 502 1432 alienatus
518 1410 608 1436 esse;
644 1399 794 1430 alterum
820 1399 862 1430 de
886 1396 1041 1428 eiusdem
1064 1404 1138 1425 ma-

148 1450 350 1484 levolentia.
416 1449 605 1483 Conclusio
638 1455 688 1483 est
716 1448 924 1482 brevissima
955 1445 1139 1479 continens

151 1502 408 1536 correctionem
430 1500 624 1544 superioris
646 1500 859 1539 sententiae,
897 1498 993 1544 quod
1020 1503 1140 1529 tamen

152 1552 332 1596 scripserit
361 1558 503 1596 praeter
539 1552 759 1585 voluntatem
793 1548 1141 1584 commendationem

153 1606 197 1637 ad
216 1604 395 1637 Bibulum.

405 1704 541 1738 Aliud
569 1710 893 1749 argumentum.

260 1782 427 1816 Continet
450 1780 536 1815 haec
565 1782 710 1827 epistola
737 1783 822 1814 duas
847 1786 977 1826 partes.
1040 1777 1146 1811 Prior

160 1841 212 1868 est
241 1835 415 1879 quaedam
447 1834 625 1877 congeries
654 1833 846 1865 nmltarum
886 1830 1147 1868 narrationum,

162 1898 253 1931 quae
277 1891 359 1919 sunt
386 1885 486 1917 valde
507 1885 641 1918 breves.
694 1884 814 1917 Altera
831 1882 938 1916 habet
956 1880 1149 1914 excusatio-

161 1949 266 1976 nem,
308 1948 417 1981 quare
449 1936 625 1968 difficilem
653 1947 688 1968 se
712 1935 881 1978 praebeat
904 1934 941 1967 in
964 1932 1149 1966 scribenda

163 1987 471 2021 commendatione
490 1988 534 2019 ad
551 1986 731 2020 Bibulum.
791 1985 933 2029 Colligit
956 1990 1073 2017 autem
1098 1982 1151 2015 in-

163 2045 261 2082 tegra
295 2038 623 2082 argumentatione,
660 2037 828 2070 Bibulum
862 2048 1007 2081 prorsus
1038 2033 1153 2067 videri

165 2090 370 2123 alienatum.
434 2089 544 2122 Addit
568 2095 602 2122 et
627 2088 779 2121 alterum
803 2093 1051 2131 argumentum
1079 2097 1154 2118 ma-

164 2140 375 2174 levolentiae
406 2140 587 2173 cuiusdam
616 2139 725 2183 ipsius
752 2139 884 2173 Bibuli.
951 2138 1068 2183 Atque
1099 2134 1155 2170 his

171 2192 336 2225 omnibus
367 2190 567 2224 rationibus
594 2190 767 2233 significat
791 2190 914 2224 Cicero
936 2201 1037 2224 suam
1060 2200 1155 2221 com-

169 2243 436 2276 mendationem
455 2254 581 2286 parum
604 2241 771 2286 ponderis
795 2239 1011 2275 habituram.
1064 2239 1157 2273 Con-

175 2293 282 2327 clusio
301 2292 408 2326 habet
424 2293 678 2326 correctionem
690 2319 699 2333 ‚
727 2304 761 2326 se
779 2298 898 2326 tamen
917 2290 1105 2336 scripsisse.

211 2428 259 2459 67)
279 2429 331 2452 Pro
356 2428 398 2452 his
423 2428 480 2452 Cic.
505 2427 597 2450 verbis
622 2427 649 2450 in
673 2426 755 2450 Editt.
776 2426 867 2453 154⁵„
895 2425 970 2448 1560.
993 2423 1055 2448 huic
1078 2426 1160 2448 notae

250 2464 372 2493 praefixa
391 2465 453 2485 sunt
472 2461 675 2485 antecedentia:
701 2461 787 2485 Solus
805 2461 881 2484 enim
898 2461 932 2484 tu
949 2465 985 2483 ea:
1003 2459 1142 2483 omnibus.

214 2516 261 2543 68)
281 2515 333 2538 Pro
353 2514 394 2537 his
414 2514 469 2538 Cic.
488 2513 579 2537 verbis
596 2513 624 2536 in
643 2512 738 2536 iisdem
756 2512 773 2535 2
790 2511 873 2534 Editt.
896 2509 958 2533 huic
976 2511 1057 2533 notae
1075 2516 1162 2540 appo-

250 2550 304 2573 sita
322 2549 386 2571 sunt
403 2547 608 2577 praecedentia:
636 2547 758 2571 Tantum
778 2546 811 2570 de
829 2545 988 2576 auguratu.

215 2602 262 2627 69)
281 2599 426 2624 Conclusio
445 2605 501 2622 cum
521 2598 713 2625 correctione]
728 2597 767 2621 sic
779 2594 1062 2625 Editt.15⁴0—1545.‚
1079 2595 1164 2626 1554„

253 2635 338 2664 1557.,
358 2634 448 2663 ¹560&
473 2633 521 2655 Ed.
542 2632 616 2656 1537.
635 2632 790 2660 Conclusio,
827 2629 980 2655 correctio.

218 2684 264 2715 70)
285 2685 342 2709 Hoc
369 2684 559 2715 argumentum
584 2683 610 2706 et
635 2688 753 2712 sequens
777 2681 806 2707 in
829 2680 913 2706 Editt.
933 2680 1025 2712 1556„
1053 2679 1166 2704 1565—

254 2720 327 2743 1596.
349 2718 530 2749 reperiuntur.

693 108 815 146 PHIL.
848 107 960 142 MEL.
995 102 1198 141 SCRIPTA
1230 101 1567 137 PHILOLOGICA.

1187 1143 1333 1187 epistola
1358 1144 1539 1188 pertinens
1561 1145 1606 1177 ad
1630 1157 1739 1189 genus
1761 1145 1973 1179 suasorium.

1187 1195 1364 1228 scribendi
1395 1202 1536 1239 sumpta
1565 1202 1617 1229 est
1641 1208 1660 1228 a
1684 1196 1832 1229 consilio
1850 1194 2018 1235 Thermi,
2050 1193 2114 1240 qui
2136 1205 2178 1226 ex

1187 1244 1357 1291 Bithynia
1377 1246 1474 1279 iuxta
1499 1247 1844 1281 senatusconsultum
1868 1247 2098 1286 discessurus,
2128 1244 2178 1277 le—

1190 1303 1289 1341 gatos
1314 1298 1504 1341 praeficere
1528 1298 1642 1332 voluit
1665 1299 1891 1343 provinciae,
1931 1297 2092 1343 neglecto
2123 1295 2179 1328 in-

1190 1349 1293 1381 terim
1311 1361 1351 1381 ae
1369 1349 1562 1393 praeterito
1578 1362 1642 1383 suo
1658 1356 1857 1396 quaestore,
1876 1356 2067 1395 propterea
2083 1347 2182 1393 quod

1192 1406 1280 1433 esset
1296 1401 1490 1433 admodum
1506 1401 1656 1435 iuvenis.

2106 100 2157 136 ’88

1213 190 1535 236 Argumentum
1567 198 1607 225 et
1640 188 1816 225 scholia
1850 190 1896 224 in
1931 189 2126 235 episto-‘

1518 244 1557 276 la
1569 256 1604 276 m
1630 242 1735 276 XVII.
1749 242 1805 289 71).

1270 317 1437 352 Suasoria
1468 318 1586 366 est72).
1654 319 1771 353 Habet
1802 318 1976 365 autemffl)
2005 329 2160 352 comme-

1167 370 1408 404 morationem
1424 371 1713 411 benevolentiae,
1741 377 1775 404 et
1798 377 1849 404 est
1874 370 2011 415 generis
2030 369 2160 403 delibe-

1168 428 1287 454 ratim.

1341 420 1503 455 Consulit
1520 423 1612 455 enim
1625 449 1633 462 ‚
1660 429 1700 455 ut
1718 428 1943 467 quaestorem
1960 422 2162 455 adolescen-

1171 479 1243 506 tem
1266 472 1423 505 nobilem
1441 473 1592 507 retineat
1614 474 1651 506 in
1674 473 1878 518 provincia,
1913 485 1952 505 ac
1978 473 2086 507 sumit
2108 483 2163 504 ar-

1172 529 1378 568 gumentum
1398 524 1442 557 ab
1459 525 1610 558 utilitate
1628 531 1661 558 et
1678 525 1803 568 opibus
1818 536 1857 557 ac
1875 521 2046 568 dignitate
2070 522 2164 555 illi-as

1175 575 1427 615 adolescentis,
1455 582 1575 620 estque
1600 576 1746 619 epistola
1764 573 1942 608 rhetorica
1952 574 2011 621 7²¹).

1278 624 1308 669 ξ.
1326 626 1358 659 1.
1388 628 1478 667 Quae
1493 628 1556 660 {ibi
1577 640 1616 661 uc
1640 625 1728 674 iuis]
1755 626 1952 659 Exordium
1975 639 1993 659 a
2019 623 2166 670 gratitu-

1177 676 1258 710 dine
1278 675 1426 709 Thermi
1437 677 1496 722 7⁵).
2048 681 2053 694 ’
2189 718 2195 729 Ι

2055 726 2167 760 Habes

1177 781 1264 812 enim
1291 782 1454 813 neminem
1466 777 1539 826 ⁷⁶)]
1569 779 1761 819 Rationes,
1802 779 1839 812 in
1862 780 1990 824 quibus
2011 776 2169 823 pericula

1181 830 1333 874 colligit,
1361 837 1394 863 et
1411 831 1516 863 siinul
1534 830 1722 863 utilitatem
1743 831 1889 864 indicat.

1281 727 1310 771 ξ.
1327 731 1362 763 2.
1396 730 1465 762 Sed
1490 729 1574 762 mihi
1596 726 1722 775 muye's]
1759 728 1976 773 Propositio.

1285 879 1314 924 ξ.
1334 881 1368 914 3.
1398 884 1466 915 Cur
1487 894 1544 925 eqo
1565 887 1596 914 {e
1622 880 1796 929 velim⁷⁷)]
1823 879 2038 920 Antithesis,
2073 877 2171 924 quod

1182 932 1219 964 in
1236 944 1298 965 suo
1318 933 1464 965 consilio
1482 930 1572 965 nihii
1587 932 1631 966 sit
1647 933 1807 977 periculi.

1397 1024 1534 1058 Aliud
1570 1024 1955 1070 argumentumw).

1287 1092 1383 1125 Haec
1411 1099 1462 1126 est
1484 1093 1648 1137 inprimis
1670 1094 1810 1137 elegans
1836 1100 1870 1126 et
1892 1105 1974 1126 vere
1995 1089 2175 1125 rhetorica

2026 1142 2175 1176 Occasio

1718 1401 1880 1435 Consulit
1905 1401 2026 1447 itaque
2043 1398 2182 1437 Cicero,

1192 1458 1231 1484 ut
1262 1451 1425 1495 inprimis
1449 1453 1646 1497 quaestoris
1672 1452 1765 1485 ratio
1796 1451 1990 1492 habeatur,
2029 1461 2182 1495 eumque

1194 1509 1393 1547 praeponat
1423 1503 1650 1547 provinciae,
1689 1510 1880 1548 propterea
1906 1503 2003 1549 quod
2027 1502 2103 1535 eius
2130 1499 2184 1534 rei

1195 1554 1323 1587 multas
1341 1561 1374 1587 et
1390 1566 1537 1597 magnas
1553 1566 1673 1588 causas
1691 1552 1832 1589 habeat.

1195 1611 1264 1638 stat
1294 1606 1559 1649 praedicatione
1591 1606 1816 1650 gratitudinis
1845 1604 2014 1646 Thermi,

1197 1656 1297 1688 brevi
1315 1657 1656 1690 commemoratione
1674 1669 1757 1691 suae
1773 1657 2054 1690 benevolentiae.

1198 1707 1327 1751 positio
1351 1705 1457 1741 habet
1479 1709 1736 1752 expositionem
1761 1709 1816 1742 sui
1839 1708 1997 1749 consilii,
2023 1706 2188 1740 videlicet

1884 1553 2084 1588 Exordium
2101 1563 2185 1585 con-

2063 1603 2184 1637 addita

2094 1655 2186 1688 Pro-

1200 1760 1296 1804 quod
1320 1766 1544 1805 quaestorem
1568 1761 1606 1793 in
1626 1759 1812 1805 provincia
1834 1760 2037 1805 relinquere
2058 1758 2187 1793 debeat

1237 1898 1284 1926 71)
1302 1896 1405 1924 xva]
1425 1894 1465 1918 sic
1484 1894 1605 1918 niteant.
1624 1894 1742 1926 (¹532),
1762 1894 1856 1923 1556.‚
1875 1894 2067 1920 1560—1596.
2086 1894 2185 1925 (mitt.

1273 1931 1358 1962 1515,
1379 1930 1464 1960 1546.7
1481 1930 1556 1954 1601.
1575 1929 1735 1959 xxvi11.);
1753 1929 1781 1952 in
1793 1929 1877 1954 editt.
1893 1930 1978 1960 1540„
1995 1930 2080 1961 1544„
2099 1930 2187 1961 1554„

1274 1965 1347 1989 1557.
1370 1966 1396 1988 et
1414 1964 1463 1987 Ed.
1485 1964 1570 1988 oren.
1591 1963 1691 1987 xviii.

1238 2010 1287 2038 72)
1305 2007 1436 2032 suasoria
1452 2008 1519 2035 est]
1539 2006 1580 2029 sic
1590 2006 1673 2030 Editt.
1689 2006 1774 2037 1540„
1793 2006 1879 2035 1511,
1903 2006 1989 2037 1551,
2010 2006 2096 2038 1557.,
2119 2006 2187 2031 1565

1274 2043 1404 2072 -1557.‚
1425 2042 1516 2070 1601.;
1546 2041 1573 2064 in
1591 2041 1674 2064 Editt.
1695 2040 1786 2069 1537.‚
1807 2041 1898 2072 1545,
1920 2041 1995 2065 1560.
2013 2047 2067 2065 vox
2087 2043 2188 2072 „sua-

1274 2075 1372 2102 soria”
1397 2076 1485 2099 minus
1510 2076 1573 2105 apte
1599 2075 1671 2098 inter
1698 2074 1802 2098 scholia
1824 2075 1960 2099 collocata
1989 2077 2052 2107 est,
2086 2075 2189 2106 legitur

1276 2112 1346 2136 enim
1378 2111 1406 2134 in
1436 2110 1561 2139 margine
1586 2109 1634 2132 Ed.
1656 2108 1729 2132 1537.
1755 2109 1832 2132 iuxta
1854 2110 1939 2133 verba
1962 2110 2032 2133 initii
2055 2109 2190 2141 Officium

1276 2153 1385 2175 meum,
1405 2146 1432 2169 et
1450 2144 1478 2167 in
1495 2143 1578 2167 Editt.
1598 2143 1689 2174 1545„
1710 2143 1783 2167 1560.
1802 2143 1907 2167 scholia
1923 2144 2055 2173 incipiunt
2071 2145 2105 2168 ab
2123 2144 2189 2168 hoe:

1276 2180 1411 2213 Officium
1427 2179 1533 2206 meum]
1552 2177 1685 2201 suasoria
1703 2177 1828 2207 epistola.
1869 2178 2017 2202 Exordium
2035 2184 2052 2202 a
2069 2178 2191 2209 gratitu-

1277 2217 1339 2239 dine
1358 2213 1473 2237 Thermi.

1243 2258 1290 2290 73)
1311 2257 1397 2281 Habet
1414 2256 1518 2283 autem]
1539 2254 1578 2277 sic
1591 2254 1768 2283 Editt.1540.,
1789 2256 1874 2285 1544„
1895 2256 1980 2284 1546.,
2000 2256 2086 2287 1554„
2105 2256 2192 2286 155⁷„

1280 2289 1484 2319 1565-1577.‚
1506 2289 1597 2318 160¹.;
1621 2289 1670 2312 Ed.
1688 2289 1761 2314 1537.
1781 2291 1886 2319 liabet;
1912 2290 1994 2314 Editt.
2011 2292 2096 2322 1545„
2116 2291 2190 2315 1560.

1279 2328 1354 2351 Haec
1371 2323 1488 2355 epistola
1507 2323 1595 2347 habet.

1245 2371 1293 2399 74)
1313 2369 1371 2393 Hoc
1388 2367 1577 2397 argumentum
1595 2365 1622 2389 in
1641 2365 1725 2391 Editt.
1746 2367 1954 2399 1537—1554.‚
1973 2368 2065 2400 1557„
2085 2369 2192 2393 1565—

1282 2403 1372 2432 1596.‚
1393 2402 1467 2425 1601.
1485 2400 1633 2424 iuvenitur.

1245 2447 1293 2474 75)
1313 2446 1386 2469 llaec
1403 2445 1467 2467 nota
1485 2443 1512 2466 in
1530 2442 1612 2466 Editt.
1637 2443 1728 2469 1545..
1756 2444 1827 2468 1560.
1853 2444 1945 2469 verbis
1967 2445 2191 2474 praecedentibus

1282 2478 1417 2512 Officium
1434 2484 1525 2501 meum
1543 2476 1683 2506 adscripta
1702 2479 1759 2507 est,
1784 2479 1846 2502 vide
1864 2481 1956 2503 notam
1974 2480 2016 2504 72.

1247 2525 1295 2552 76)
1315 2523 1368 2546 Pro
1387 2521 1429 2544 his
1444 2521 1499 2545 Cic.
1517 2520 1609 2543 verbis
1629 2521 1654 2543 in
1670 2521 1751 2544 Editt.
1768 2522 1853 2552 1545„
1873 2523 1947 2547 1560.
1965 2523 2026 2547 huic
2043 2525 2126 2549 notae
2141 2530 2194 2556 ap-

1283 2557 1375 2588 posita
1392 2556 1456 2579 sunt
1474 2555 1572 2578 verba:
1596 2555 1650 2579 Ille
1668 2557 1778 2587 autem,
1796 2558 1830 2581 ut
1847 2557 1979 2581 omittam
1995 2558 2094 2582 nobili.

1243 2600 1297 2628 ’77)
1320 2599 1373 2622 Pro
1397 2597 1439 2621 his
1465 2597 1520 2621 Cic.
1545 2597 1637 2621 verbis
1662 2597 1690 2621 iu
1711 2598 1793 2622 Editt.
1814 2598 1906 2627 1545.,
1928 2599 2003 2624 1560.
2026 2600 2089 2625 huic
2110 2602 2193 2626 notae

1284 2633 1407 2664 praefixa
1424 2633 1501 2655 sunt:
1527 2632 1667 2663 Tempora
1685 2633 1783 2657 autem
1798 2633 1983 2663 reipublicae.

1250 2675 1298 2706 78)
1318 2676 1375 2699 Hoc
1392 2675 1582 2705 argumentum
1606 2676 1633 2699 et
1659 2681 1775 2707 sequens
1799 2674 1828 2700 in
1852 2675 1937 2702 Edite.
1961 2676 2053 2709 1556„
2079 2677 2194 2703 1565—-

1286 2710 1360 2734 1596.
1382 2710 1499 2734 exstant.
