2294 2975
97 123 169 158 137
229 122 350 159 XXIII.

319 210 456 244 Aliud
484 210 870 256 argumentumffl).

200 277 360 323 Epistola
387 284 437 312 est
458 278 707 323 responsoria,
748 278 786 310 in
810 289 879 323 qua
903 277 1095 321 respondet

99 331 143 363 ad
164 330 445 363 consolationem
463 329 597 370 Servii,
625 330 773 362 laudans
790 329 863 362 eius
881 329 1035 362 officium
1061 335 1094 362 et

99 381 233 414 litteras
256 381 383 415 additis
405 381 625 420 rationibus,
653 393 762 426 quare
787 392 862 412 11011
888 380 997 424 possit
1018 386 1094 413 tan-

100 439 173 465 tum
197 433 357 466 dolorem
385 439 532 476 propter
556 432 747 465 extinctam
771 431 879 464 filiam
906 431 1029 464 eiicere
1054 443 1094 464 ex

101 483 233 517 animo,
285 483 482 516 Exordium
499 483 654 528 primum
673 481 779 516 habet
793 488 916 515 votum
932 495 993 516 seu
1013 495 1094 515 con-

101 535 312 567 cessionem:
348 534 507 568 Omnino
534 535 661 567 vellem
684 541 717 567 te
741 534 903 568 adfuisse.
956 533 1093 567 Deinde

100 585 243 619 additur
275 592 525 629 argumentum
560 598 600 619 ex
632 585 781 619 minori:
824 585 923 618 Tuae
956 585 1094 618 litterae

100 649 269 680 magnum
312 639 452 681 pondus
493 635 697 671 habuerunt
715 663 723 677 ‚
777 649 886 682 quare
927 648 1094 680 praesens

101 688 213 721 multo
248 688 327 731 plus
357 688 565 732 profecisses
600 689 831 722 consolando.
902 687 1094 721 Subiicitur

101 745 283 783 praeterea
306 740 524 783 praedicatio
551 740 749 773 officiorum
771 739 834 772 filii
856 738 991 779 Servii,
1034 739 1095 771 ad-

100 791 173 823 dita
201 791 496 835 comprobatione
525 791 744 831 litterarum,
791 790 917 835 quibus
942 790 1093 823 multum

100 842 290 886 profecerit
315 849 428 886 pater.
482 842 686 887 Propositio
704 841 811 875 hahet
826 842 970 873 brevem
990 852 1094 885 expo—

100 893 266 926 sitionem
284 893 539 937 magnitudinis
561 893 694 926 doloris
719 898 866 937 propter
891 892 1093 925 defunctam

101 944 230 984 filiam,
275 945 329 977 cui
354 957 457 988 saepe
484 956 558 977 non
581 945 693 988 possit
713 943 888 977 resistere.
961 942 1094 988 Estque

101 993 188 1028 haec
207 1007 343 1028 summa
371 995 647 1039 propositionis:
682 995 911 1040 Quamquam
935 1000 1016 1027 tuae
1040 994 1095 1027 lit-

101 1053 196 1079 terae
215 1059 270 1078 me
290 1053 372 1079 sunt
391 1047 614 1086 consolatae,
643 1053 765 1079 tamen
783 1046 886 1078 dolor
902 1046 1018 1078 maior
1034 1052 1096 1085 est,

100 1110 207 1142 quam
236 1103 274 1130 ut
299 1109 378 1130 eum
408 1098 548 1130 vincere
575 1097 720 1141 possim.
788 1096 927 1129 Deinde
953 1098 1096 1129 additur

101 1148 297 1181 confutatio
326 1148 579 1182 consolationis
605 1148 738 1187 Servii,
780 1160 859 1180 cum
885 1149 997 1181 multo
1022 1160 1097 1180 ma-

102 1199 178 1232 iora
205 1199 363 1232 amiserit
390 1199 425 1231 111
449 1199 651 1243 republica,
690 1200 782 1232 ferre
814 1199 920 1231 etiam
946 1199 1098 1231 debebat

102 1263 217 1296 aequo
244 1250 364 1283 animo
391 1257 544 1283 mortem
569 1250 672 1283 filiae.
741 1249 819 1282 Hoc
845 1256 1095 1293 argumentum

103 1302 208 1335 diluit
233 1313 296 1345 per
321 1301 579 1335 inversionem:
615 1300 690 1334 Imo
718 1301 803 1346 quia
829 1307 931 1333 antea
956 1301 1096 1345 publica

103 1353 229 1387 solatia
255 1352 375 1393 amisi,
409 1352 480 1385 iam
506 1350 596 1385 nihil
622 1350 759 1392 habeo,
794 1353 888 1385 unde
914 1349 1008 1385 hunc
1035 1353 1097 1384 do-

104 1405 288 1437 mesticum
322 1404 457 1437 luctum
494 1404 605 1437 lenire
641 1415 793 1448 possem.
868 1403 989 1448 Quare
1018 1404 1096 1448 plus

105 1455 211 1488 etiam
230 1467 336 1500 quam
364 1455 512 1495 caeteri,
548 1455 609 1500 qui
636 1455 765 1488 liberos
789 1454 1007 1495 amiserunt,
1034 1456 1098 1488 do-

103 1507 172 1541 leo.
239 1506 428 1539 Conclusio
448 1512 498 1539 est
517 1506 693 1551 quaedam
710 1506 834 1550 petitio
850 1518 912 1539 seu
930 1504 1098 1539 adhorta-

102 1558 173 1598 tio,
200 1563 240 1591 ut
256 1558 301 1590 ad
318 1569 352 1591 se
369 1570 476 1603 quam
495 1558 652 1602 primum
670 1557 801 1591 veniat.
853 1556 901 1590 Et
917 1558 1098 1591 adduntur

104 1621 247 1650 causae,
276 1621 386 1654 quare
403 1609 519 1654 ipsum
538 1615 724 1653 tantopere
741 1615 909 1653 expectet.

350 1691 486 1726 Aliud
520 1700 852 1737 argumentum.

206 1760 302 1793 Haec
327 1759 474 1804 epistola
502 1767 553 1794 est
576 1760 739 1805 inprimis
765 1762 923 1806 elegans,
961 1768 995 1795 et
1016 1775 1096 1796 meo

105 1811 236 1846 iudicio
255 1817 316 1844 aut
330 1811 537 1845 suavissima
549 1839 557 1851 ,
594 1819 655 1845 ant
679 1813 772 1845 inter
788 1813 1014 1847 suavissimas
1032 1827 1097 1848 nu-

108 1864 277 1897 meranda
297 1862 335 1895 in
353 1869 428 1896 toto
447 1861 513 1896 hoc
533 1863 638 1898 libro,
699 1864 761 1897 Est
777 1870 894 1897 autem
910 1877 1098 1909 responso-

104 1915 157 1948 ria
183 1921 215 1947 et
233 1915 336 1958 plena
361 1915 564 1958 gravitatis,
592 1915 628 1947 in
647 1928 715 1961 qua
734 1916 924 1960 respondet
939 1917 1098 1950 consola-

106 1966 197 2000 tioni
216 1965 348 2005 Servii,
377 1978 486 2011 quare
504 1978 577 1998 11011
594 1968 705 2011 possit
722 1973 860 2000 tantum
885 1967 1045 2000 dolorem
1065 1974 1099 2000 et

105 2018 238 2051 luctum
276 2023 424 2061 propter
458 2017 625 2051 amissam
661 2018 770 2051 filiam
806 2018 926 2051 animo
962 2019 1097 2052 eiicere.

103 2069 300 2102 Exordium
322 2066 429 2101 habet
448 2069 709 2103 concessionem
730 2082 747 2101 a
767 2076 868 2103 voto:
903 2069 1041 2103 Vellem
1065 2077 1098 2103 te

105 2121 258 2153 affuisse.
310 2119 356 2152 Et
372 2120 515 2153 additur
532 2121 623 2153 ratio
642 2134 682 2153 ex
699 2121 850 2161 minori,
879 2134 956 2154 011111
974 2122 1099 2155 absen-

106 2172 149 2205 tis
169 2172 307 2204 litterae
327 2177 464 2204 tantum
484 2173 625 2216 pondus
642 2170 864 2212 habuerunt,
890 2173 1002 2205 multo
1020 2174 1098 2217 plus

106 2235 272 2268 praesens
290 2222 506 2256 consolando
526 2224 708 2258 effecisses.
754 2223 892 2257 Deinde
909 2224 1099 2258 correctio-

106 2287 188 2307 nem
204 2273 362 2311 subiiCit3
397 2272 463 2306 Sed
482 2280 602 2308 tamen
618 2275 760 2309 Servius
777 2276 868 2309 filius
888 2281 966 2309 tuus
986 2276 1098 2309 vicem

106 2333 204 2359 tuam
224 2324 330 2358 subiit
347 2336 385 2357 ea
401 2325 438 2357 111
453 2337 502 2359 re.
535 2326 704 2372 Sequitur
720 2326 934 2371 propositio:
965 2327 1099 2372 Quam-

108 2389 216 2423 quam
250 2388 305 2408 me
331 2376 532 2410 consolatae
562 2378 633 2411 sint
665 2385 746 2411 tuae
779 2379 936 2418 litterae,
979 2385 1099 2411 tamen

107 2429 224 2461 maior
253 2434 304 2460 est
334 2428 454 2467 dolor,
489 2441 596 2474 quam
620 2435 659 2463 ut
684 2442 764 2462 eum
789 2430 930 2463 vincere
954 2430 1098 2474 possim.

106 2478 352 2524 Propositioni
380 2479 521 2512 additur
554 2480 812 2524 elegantissii‘na
835 2481 989 2515 inversio
1016 2493 1099 2514 con-

107 2530 292 2573 solationis
316 2530 518 2564 Servianae.
586 2532 641 2565 Sic
675 2532 770 2565 enim
799 2533 1001 2566 consolatus
1023 2539 1099 2566 erat

108 2583 201 2615 iuter
224 2581 360 2627 reliqua
378 2581 603 2615 Ciceronem:
638 2583 753 2617 Multo
777 2583 915 2617 maiora
939 2584 1098 2624 amisisti,

144 2700 191 2732 54)
211 2701 268 2723 Hoc
287 2700 477 2729 argumentum
497 2700 523 2722 et
542 2699 593 2723 duo
613 2700 756 2730 sequentia
775 2701 802 2725 iu
820 2701 905 2725 Editt.
921 2701 1012 2732 1556..
1033 2701 1099 2724 1565

178 2748 205 2753 -
220 2734 294 2758 1596.
312 2733 495 2764 reperiuntur.

404 123 714 158 ARGUMENTA
740 121 805 157 ET
832 122 1037 158 SCHOLIA
1063 122 1112 158 IN
1138 124 1287 165 EPIST.
1305 120 1431 165 ⁴FAM¹
1463 129 1547 166 CIC.
1575 130 1738 168 LIB.1V.
1766 132 1840 168 ΕΡ.
1863 132 1896 168 5.
1916 135 1948 168 6.
1971 134 2011 168 7..

2067 134 2136 167 138

1148 226 1257 258 quare
1275 213 1361 249 haec
1385 230 1527 263 quoque
1545 217 1635 251 filiae
1652 218 1787 252 iactura
1806 231 1920 266 aequo
1948 204 2070 252 animo‘
2092 221 2139 252 fe-

1147 268 1255 299 renda
1276 274 1366 305 erat;
1403 269 1474 301 imo
1488 296 1497 309 ,
1524 269 1641 315 inquit
1657 269 1800 310 Cicero,
1829 271 1911 316 quia
1933 271 2052 304 omnia
2071 271 2140 303 alia

1147 319 1286 361 publica
1305 319 1429 353 solatia
1452 321 1572 361 amisi,
1598 333 1672 353 non
1693 320 1826 362 habeo,
1855 323 1948 355 unde
1973 322 2140 355 domesti-

1148 381 1225 401 cum
1243 367 1337 403 hunc
1354 371 1485 404 luctum
1504 372 1635 416 possim
1653 373 1784 413 lenire,
1812 379 1846 405 et
1870 373 1968 406 addit
1990 373 2140 417 amplifi-

1148 421 1322 454 cationem
1347 423 1390 454 ab
1414 423 1597 467 exemplis:
1636 423 1727 464 Alii,
1769 424 1897 469 quibus
1918 422 2014 457 chari
2037 424 2139 457 liberi

1148 472 1349 516 perierunt,
1389 480 1584 517 potuerunt
1607 487 1640 508 se
1667 487 1727 509 sua
1754 476 1925 519 dignitate
1952 475 2142 514 consolari,

1148 536 1254 568 quam
1273 524 1459 568 capiebant
1476 538 1516 558 ex
1533 526 1725 570 republica.
1784 526 1831 560 At
1851 539 1945 559 nunc
1966 527 2063 560 nulla
2090 532 2142 559 est

1147 575 1363 619 respublica,
1404 577 1502 609 nulla
1534 584 1616 609 sunt
1646 577 1810 621 negotia,
1850 578 1969 611 nullae
2004 589 2142 616 causae,

1149 638 1239 670 quae
1271 627 1446 659 abducere
1479 627 1637 660 animum
1672 641 1791 661 meum
1822 636 1966 673 possent
1989 641 2007 661 a
2031 630 2140 662 luctu.

1149 676 1337 710 Conclusio
1354 675 1461 710 habet
1481 680 1659 723 quandam
1677 680 1905 723 petitionem:
1935 680 2024 713 Cum
2043 680 2141 713 nulla

1147 740 1202 761 res
1218 740 1275 761 me
1291 729 1403 772 possit
1421 730 1597 762 consolari
1612 730 1648 762 in
1665 737 1763 763 tanto
1783 744 1862 764 meo
1885 732 2002 771 luctu,
2037 743 2144 776 quae-

1147 792 1206 819 so,
1234 786 1273 813 nt
1291 781 1334 812 ad
1352 792 1407 813 me
1426 793 1532 826 quam
1550 781 1707 825 primum
1726 782 1858 817 venias.

1394 866 1530 902 Aliud
1564 877 1895 913 argumentum.

1249 933 1445 967 Exordium
1464 942 1645 980 sumptum
1665 943 1715 970 est
1732 949 1772 969 ex
1790 937 1936 981 epistola
1956 936 2082 975 Servii,
2110 942 2144 969 et

1149 984 1275 1029 incipit
1292 998 1309 1018 a
1328 992 1412 1019 voto
1425 1013 1434 1026 ‚
1463 987 1560 1020 cuius
1583 985 1669 1020 haec
1688 995 1738 1022 est
1753 1000 1908 1022 summa:
1945 988 2023 1021 Tua
2043 999 2143 1031 prac-

1149 1036 1259 1069 sentia
1283 1037 1477 1081 plurimum
1502 1050 1559 1070 me
1583 1039 1760 1072 consolari
1788 1039 1971 1084 potuisses.
2032 1037 2144 1071 Inter-

1149 1094 1241 1121 serta
1270 1094 1320 1121 est
1352 1089 1469 1122 brevis
1500 1089 1693 1123 declaratio
1726 1091 1858 1124 amoris
1882 1102 1921 1123 ac
1950 1090 2144 1123 voluntatis

1150 1139 1212 1171 filii
1229 1139 1355 1173 Servii.
1408 1140 1544 1172 Deinde
1561 1141 1720 1186 sequitur
1738 1141 1953 1186 propositio:
1982 1141 2142 1174 Admitto

1151 1196 1183 1222 et
1216 1191 1363 1223 omnino
1397 1191 1498 1235 capio
1530 1193 1822 1226 consolationem.
1896 1192 2144 1237 Propositioni

1149 1240 1267 1274 statim
1286 1248 1335 1274 est
1355 1243 1473 1274 addita
1493 1243 1664 1276 correctio
1694 1256 1755 1287 per
1778 1244 2037 1283 inversionem,
2071 1256 2142 1288 qua

1151 1300 1410 1325 commemorat
1441 1305 1501 1333 ea,
1544 1307 1634 1338 quae
1657 1295 1791 1328 faciunt
1816 1296 1977 1328 dolorem
2004 1295 2144 1338 gravio-

1149 1355 1225 1375 rem
1254 1344 1296 1376 de
1324 1350 1439 1376 morte
1473 1344 1576 1378 filiae.
1645 1345 1779 1390 Estque
1814 1344 1902 1379 haec
1938 1344 2042 1379 11111115
2076 1346 2144 1378 1001

1150 1407 1305 1428 summa:
1334 1394 1409 1427 lmo
1436 1395 1514 1428 ideo
1538 1397 1649 1440 magis
1674 1398 1770 1430 dolet
1796 1409 1891 1431 mors
1912 1397 2026 1437 filiae,
2062 1397 2145 1442 quia

1150 1446 1347 1490 respublica
1366 1453 1398 1479 et
1416 1447 1569 1490 dIgnitas
1587 1448 1624 1480 in
1647 1449 1828 1492 republica
1853 1461 1928 1481 non
1951 1455 2067 1492 potest
2088 1460 2144 1481 me

1151 1497 1339 1531 consolari.
1408 1498 1597 1531 Conclusio
1630 1497 1736 1532 habet
1758 1501 1900 1533 brevem
1923 1500 2145 1544 petitionem,

1151 1556 1190 1583 ut
1208 1549 1352 1582 Servius
1370 1561 1476 1595 quam
1496 1550 1651 1594 primum
1668 1551 1798 1585 xeniat.

1204 1650 1534 1695 Argumentum
1571 1658 1612 1685 et
1639 1649 1813 1686 scholia
1850 1653 1894 1686 in
1922 1653 2093 1698 episto·

1550 1703 1589 1735 la
1602 1717 1636 1737 m
1673 1703 1746 1738 Vll.

1254 1778 1483 1824 Quamquam
1516 1778 1658 1813 videtur
1681 1777 1766 1813 haec
1794 1780 1941 1824 epistola
1967 1792 2039 1814 esse
2063 1780 2140 1813 lon-

1151 1828 1248 1873 gior,
1291 1836 1410 1862 tamen
1439 1842 1511 1862 non
1544 1828 1650 1865 habet
1675 1838 1811 1864 tantum
1836 1838 2144 1875 argumentorum,

1152 1887 1324 1925 quantum
1356 1882 1588 1925 praecedens,
1634 1889 1666 1915 et
1697 1890 1746 1915 est
1775 1883 1847 1915 sere
1877 1889 1950 1915 tota
1985 1883 2144 1915 narratio

1152 1932 1339 1976 quaedam.
1408 1932 1574 1965 Suasoria
1606 1941 1723 1966 autem
1756 1941 1817 1968 est.
1885 1934 1932 1967 Et
1963 1934 2102 1967 orditur
2125 1946 2143 1966 a

1152 1983 1445 2027 comprobatione
1470 1984 1606 2017 consilii
1630 1985 1801 2018 MarcellL
1866 1985 2003 2017 Deinde
2029 1985 2145 2030 sequi-

1151 2040 1208 2066 tur
1239 2034 1419 2073 narratio,
1461 2047 1551 2079 quae
1579 2036 1736 2067 continet
1760 2036 2065 2068 enumerationem
2096 2037 2144 2068 al-

1152 2085 1219 2118 tius
1238 2085 1422 2128 repetitam
1444 2086 1671 2119 consiliorum
1693 2086 1872 2126 Marcelli,
1901 2088 1942 2120 de.
1966 2087 2068 2120 initio
2098 2088 2144 2120 ci-

1151 2136 1229 2169 vilis
1247 2136 1382 2182 belli5'3)
1403 2137 1492 2169 etde
1509 2138 1728 2182 deponendis
1751 2138 1870 2171 armis.
1929 2138 2055 2171 Postea
2082 2140 2142 2171 ad-

1151 2187 1201 2220 dit
1225 2200 1327 2221 suum
1355 2188 1561 2229 consilium,
1596 2202 1666 2235 quo
1693 2190 1841 2233 figurate
1863 2186 2027 2222 bortatur
2052 2202 2144 2230 eum,

1151 2251 1194 2271 ne
1210 2245 1345 2272 recuset
1361 2240 1477 2272 redire
1494 2239 1660 2275 Romam.
1714 2241 1932 2282 Argumenta
1950 2247 2031 2274 sunt
2047 2254 2142 2275 sum-

1151 2296 1210 2334 pta
1230 2303 1248 2323 a
1268 2290 1425 2335 periculo
1438 2317 1447 2331 ,
1482 2291 1565 2323 item
1582 2304 1599 2324 a
1617 2304 1654 2325 re
1672 2291 1838 2324 familiari
1855 2291 2026 2325 Marcelli.
2078 2292 2141 2327 Est

1152 2342 1330 2385 eleganter
1351 2341 1481 2386 scripta
1513 2340 1598 2375 haec
1629 2343 1796 2387 epistola,
1839 2342 1920 2387 quia
1939 2343 2008 2390 ⁶⁵³)
2034 2342 2139 2377 habet

1152 2394 1281 2427 multas
1311 2394 1502 2426 sententias
1524 2395 1565 2426 de
1588 2394 1746 2427 civilibus
1768 2393 1887 2434 bellis,
1928 2400 1961 2427 et
1989 2396 2140 2429 multum

1151 2442 1259 2477 habet
1281 2444 1491 2478 urbanitatis
1501 2445 1530 2463 5⁵
1541 2444 1583 2491 b).

1184 2547 1232 2574 55)
1252 2545 1341 2569 civilis
1361 2544 1439 2573 hetti]
1460 2544 1499 2567 sic
1520 2543 1605 2567 Editt.
1629 2544 1817 2573 1537—155⁴.,
1839 2546 1923 2577 1552,
1944 2548 2030 2576 1560„
2051 2548 2141 2577 1601.;

1219 2580 1304 2604 Editt.
1326 2579 1391 2603 1565
1405 2578 1518 2602 -1577,
1538 2578 1601 2601 belli
1621 2579 1720 2603 civilis.

1184 2624 1251 2649 55³¹)
1272 2621 1348 2651 quia]
1366 2620 1611 2644 sicEditt.1537—
1626 2621 1711 2653 ¹554„
1735 2623 1819 2654 1552,
1841 2624 1926 2654 1560„
1948 2624 2039 2655 1601.;
2058 2625 2141 2651 Edizt,

1222 2655 1412 2680 1565—1577.
1431 2660 1508 2684 quae.

1184 2698 1251 2726 55¹¹)
1271 2699 1329 2722 Hoc
1353 2700 1543 2727 argumentum
1572 2698 1671 2722 hahent
1695 2699 1779 2723 Editt.
1800 2699 1912 2724 1537-
1928 2701 2017 2731 1551.,
2055 2703 2140 2729 1557..

1221 2733 1311 2764 1560.‚
1333 2733 1539 2763 ὠθεῖ-1590,
1561 2732 1634 2757 1601.
2134 2733 2137 2735 “
