2294 2975
104 123 176 158 519

104 209 201 241 boios
231 206 266 237 in
291 214 352 236 sua
380 196 590 241 samnitium),
619 194 765 240 quisere
793 201 914 223 omnes
939 186 1095 231 improbi

107 262 268 294 suoi-unt,
297 264 369 286 non
388 254 575 294 agnoscat,
602 246 661 279 sed
680 243 817 276 sortiter
834 244 1049 273 contemnat.

351 333 485 368 Aliud
521 331 847 373 argumentum.

211 403 414 448 Propositio
437 407 486 433 ost
512 400 656 441 figurata
676 406 738 438 per
766 388 1099 433 interrogationem,

602 446 683 480 Non
718 450 768 477 est
794 448 891 475 tanta
919 439 1100 485 grandilo-

116 508 257 554 quvniia
274 517 365 541 mea,
395 513 499 546 quain
520 496 658 542 assequi
677 508 751 528 non
770 505 899 538 posses.
931 491 1101 536 'Sequun-

116 568 172 592 tur
190 554 468 602 propositionem
488 551 576 582 duae
595 545 866 581 confutationes.
926 541 966 574 In
991 542 1102 574 altera

117 611 300 641 confirmat
325 616 359 637 se
386 614 457 635 non
485 600 535 634 uti
561 598 686 643 grandi
709 607 834 641 genere
861 592 1032 626 orationis
1066 591 1103 623 in

117 657 283 703 epistolis.
336 654 454 686 Altera
476 651 633 683 continet
652 648 851 690 catalogum
868 643 1022 677 familiae
1035 642 1104 674 Pa-

119 710 290 754 piriorum
309 711 430 737 contra
456 701 666 736 sententiam
686 698 806 737 Paeti,
835 695 896 741 qui
918 694 1105 738 scripserat

120 761 254 793 nullum
274 769 314 790 ex
328 753 482 799 Papiriis
500 750 615 785 adhuc
633 749 804 788 extitisse,
831 746 898 780 nisi
917 744 1106 789 plebeium.

122 811 290 854 Epilogus
312 805 418 839 habet
436 806 578 837 brevem
599 799 906 836 adhortationem,
934 803 973 829 ut
990 794 1108 839 potius

121 861 311 905 glorietur,
354 858 398 889 ad
435 865 664 900 quoscunque
697 849 852 889 venerit,
892 848 933 880 de
956 844 1109 890 Papiriis

124 910 299 956 patriciis,
328 920 434 953 quam
454 903 668 950 plebeiis⁵⁰).

114 465 234 502 estque
258 455 343 489 haec
369 449 559 486 sententia:

174 1004 497 1046 Argumentum
525 1002 565 1028 et
596 991 770 1028 scholia
804 991 850 1024 in
885 988 1060 1034 episto-

484 1048 571 1080 lam
599 1042 704 1078 XXII.

228 1124 422 1170 I'xecitat‘ss)
452 1122 652 1156 Stoicorum
689 1118 896 1163 opinionem
932 1115 974 1147 de
1009 1113 1113 1145 liber-

127 1187 198 1213 tate
226 1175 415 1222 loquendi,
451 1184 539 1218 quae
559 1170 690 1216 Cynica
714 1169 832 1213 potius
859 1172 910 1200 est
930 1176 1037 1210 quam
1056 1175 1116 1196 ur-

129 1229 289 1274 bana-‘’⁸2).
968 1265 975 1271 ι
1091 1263 1098 1270 .

229 1278 258 1323 ξ.
276 1278 310 1311 3.
344 1278 412 1310 Dic
435 1286 512 1318 eryo
533 1267 715 1317 etia1n⁵³)]
742 1266 914 1301 Iudicium
936 1265 1117 1299 Ciceronis

129 1333 170 1364 de
191 1329 244 1363 his
262 1328 378 1361 rebus.

234 1378 264 1423 ξ.
283 1377 318 1412 5.
347 1379 453 1419 Quam
477 1374 581 1408 multa
608 1367 737 1416 ex⁵²)]
772 1366 908 1400 Ironice
937 1371 972 1399 et
996 1365 1118 1399 irriso-

131 1433 180 1465 rie
203 1431 348 1464 dictum.

349 1501 488 1536 Aliud
522 1492 902 1541 argumentum55).

233 1570 393 1616 Epistola
410 1574 461 1601 est
477 1567 519 1599 de
539 1561 778 1608 disputatione
795 1558 998 1593 Stoicorum
1014 1556 1119 1600 plane

136 1623 286 1662 Cvnica,
311 1632 380 1666 qua
400 1616 628 1661 disputabant
645 1612 779 1646 nullam
803 1622 875 1643 esse
901 1606 1122 1642 obscoenita-

136 1665 227 1714 tem,
267 1683 381 1716 neque
408 1670 444 1701 in
468 1679 525 1706 re,
567 1675 681 1710 neque
705 1663 742 1694 in
766 1660 901 1700 verbis,
940 1671 1006 1692 nec
1026 1657 1123 1703 quic-

138 1737 244 1771 quam
269 1723 364 1755 dictu
390 1731 462 1753 esse
497 1717 730 1753 obscoenum,
772 1712 869 1757 quod
898 1711 993 1743 factu
1019 1715 1122 1753 turpe

137 1788 210 1809 non
229 1780 327 1807 esset.
382 1770 504 1803 Cicero
527 1766 618 1800 hanc
640 1771 752 1798 totam
772 1761 1051 1806 disputationem
1070 1771 1124 1792 re-

138 1827 210 1859 iicit
236 1831 269 1857 et
292 1825 456 1860 damnat,
492 1820 620 1851 docens
645 1813 915 1852 verecundiam,
951 1811 1048 1844 cuius
1072 1822 1125 1844 se-

138 1878 234 1910 mina
268 1872 479 1907 naturaliter
509 1870 630 1902 insunt
660 1865 825 1899 omnibus
856 1861 1061 1896 hominibus
1087 1861 1125 1893 in

139 1927 240 1961 dictis
267 1932 299 1958 et
321 1922 421 1956 factis
443 1918 723 1954 conservandam
749 1927 840 1954 esse,
868 1919 1052 1958 sequentes
1075 1911 1126 1944 vi-

139 1978 263 2011 delicet
291 1980 477 2011 naturam,
514 1976 553 2003 ut
578 1970 621 2001 ab
645 1966 761 2006 omnI‚
802 1965 898 2010 quod
921 1961 1128 1996 abhortaret

140 2030 182 2062 ab
222 2028 297 2071 ipsa
335 2023 520 2057 oculorum
561 2019 773 2062 auriumque
821 2014 1128 2060 comprobatione,

140 2079 325 2123 fugiamus.

179 2196 224 2222 49)
245 2195 271 2217 et
290 2192 369 2215 simul
395 2190 501 2217 monet,
526 2188 555 2210 ut
580 2183 700 2215 plebeios
726 2183 753 2207 iu
779 2188 828 2206 sua
852 2181 987 2212 familia,]
1015 2181 1055 2205 sic
1081 2181 1130 2206 Ed.

216 2229 305 2253 1556.;
331 2226 357 2248 in
373 2222 552 2251 Editt.¹565.,
574 2220 647 2242 1569.
667 2220 733 2241 haec
751 2218 836 2241 verba
855 2217 970 2248 desuut3
994 2216 1043 2241 Ed.
1057 2216 1130 2240 1592.

214 2268 262 2291 pro
282 2261 315 2284 iis
336 2261 438 2283 tantum
458 2257 536 2280 habet
557 2255 654 2277 verba:
680 2252 800 2282 plebeios
820 2257 895 2276 vero.

181 2304 227 2333 50)
249 2302 373 2332 plebeiis]
392 2300 476 2323 Editt.
495 2297 586 2325 1565..
612 2295 702 2323 1569.‚
724 2294 797 2318 ¹592.
818 2293 928 2322 plebeis,

182 2347 228 2372 51)
249 2344 313 2367 Huic
332 2343 391 2366 voci
418 2343 443 2365 in
463 2340 545 2364 Editt.
567 2338 658 2366 ¹540.,
680 2337 770 2366 1544..
799 2336 889 2363 1554..
916 2336 990 2361 1557.
1016 2336 1135 2366 praefixa

219 2381 281 2400 sunt
300 2378 355 2401 Cic.
376 2378 459 2399 verba
479 2375 519 2403 (5.
537 2374 592 2400 1.):
613 2372 681 2396 Amo
700 2370 912 2395 verecundiam.

184 2420 230 2443 52]
252 2420 307 2441 Uoc
322 2420 507 2448 argumentum
521 2416 619 2439 habent
632 2414 714 2437 Editt.
727 2412 928 2443 1537—1554.‚
944 2412 1029 2443 1557„
1050 2413 1134 2443 1560..

222 2454 295 2476 1601.

185 2495 233 2520 553)
253 2494 305 2516 Pro
325 2493 365 2515 his
382 2492 436 2515 Cic.
455 2491 548 2515 vei-his
568 2490 594 2513 in
608 2490 691 2513 Editt.
707 2488 792 2517 1545„
816 2488 890 2511 1560.
908 2487 969 2511 huic
988 2489 1068 2512 notae
1087 2488 1137 2512 ad-

222 2528 324 2556 scripta
343 2530 405 2549 sunt
426 2526 630 2555 praecedentia:
656 2524 741 2548 Bella
760 2523 926 2547 tectoriola.

187 2572 234 2597 5⁴)
255 2569 370 2592 Eaedem
395 2568 411 2591 2
432 2568 514 2591 l-jditt.
534 2568 558 2591 li.
577 2567 596 2591 1.
623 2567 721 2589 habent
745 2565 935 2589 antecedentia
954 2564 1009 2589 Cic.
1037 2566 1138 2588 verba:

224 2604 320 2628 Habes
342 2602 477 2625 scholam.

188 2647 236 2673 55)
258 2646 314 2668 flor
332 2645 519 2669 argumentum
539 2644 565 2666 et
584 2642 634 2666 duo
656 2641 797 2670 sequentia
815 2642 847 2665 ab
861 2641 946 2666 Editt.
962 2641 1054 2671 1556„
1075 2641 1142 2665 ¹565

224 2678 341 2702 -1596,
361 2678 525 2701 exhibentur.

677 106 799 142 PHlL.
834 103 946 138 MEL.
980 99 1183 136 SCRIPTA
1218 97 1553 135 PHILOLOGICA.

2056 97 2131 134 320

1392 184 1525 219 Aliud
1553 189 1881 228 argumentum.

1249 258 1344 293 Haec
1369 260 1517 305 epistola
1543 266 1593 294 est
1613 259 1656 292 de
1679 257 1891 292 verecundia
1918 257 1955 290 in
1971 269 2134 292 sermone

1150 311 1320 343 servanda
1340 312 1532 355 disputatio
1550 311 1680 345 iocosa.
1733 309 1905 342 Recensct
1923 314 2039 341 autem
2059 320 2136 342 sen-

1151 361 1297 393 tentiam
1318 362 1540 402 Stoicorum,
1581 361 1643 406 qui
1670 361 1869 394 libertatem
1894 360 1931 392 in
1956 359 2136 405 loquendo

1152 412 1344 456 probantes
1363 425 1463 446 suam
1481 424 1660 458 quamque
1682 424 1757 445 rem
1781 411 1925 444 nomine
1954 410 2135 454 appellan-

1153 464 1233 495 dam
1261 475 1332 497 esse
1356 464 1628 497 contendebant.
1704 462 1744 495 ln
1767 474 1892 495 eorum
1925 461 2139 494 sententiam

1155 513 1330 558 disputat,
1374 515 1435 548 sed
1468 513 1646 547 concludit
1673 520 1793 546 tamen
1823 525 1859 547 se
1890 512 2140 546 verecundiam

1156 565 1331 608 amplecti.
1386 565 1439 597 De
1464 563 1529 597 hac
1554 565 1793 608 disputatione
1816 564 1896 597 vide
1913 563 2140 596 Aristotelem

1157 616 1215 649 lil».
1232 616 1265 648 3.
1294 614 1520 655 Rhetorices‚
1555 621 1589 648 et
1613 615 1820 648 Ciceronem
1841 615 1901 649 lib.
1921 615 1952 648 1.
1971 613 2140 660 Offie.⁵⁶).

1159 667 1249 711 Quia
1270 673 1388 700 autem
1406 666 1529 699 Cicero
1551 664 1608 698 hic
1629 666 1741 699 utitur
1760 665 1942 699 obscoenis
1964 664 2142 709 exemplis,

1159 730 1273 762 neque
1300 715 1405 750 habet
1435 717 1590 762 aliquam
1616 717 1805 749 utilitatem
1829 716 2043 760 singularem
2071 714 2144 759 epi-

1160 769 1268 808 stola,
1296 768 1450 812 (iocatur
1467 768 1578 814 enim)
1596 767 1674 800 ideo
1693 779 1770 800 eam
1788 767 2003 800 omittemus.

1413 867 1548 901 Aliud
1577 873 1900 912 argumentum.

1264 943 1431 977 Narratio
1463 950 1515 977 est
1544 943 1682 983 iocosa,
1726 943 1763 975 in
1789 954 1858 988 qua
1883 942 2037 976 ostendit
2059 942 2150 976 iudi-

1166 994 1258 1026 cium
1282 1006 1383 1027 suum
1411 995 1453 1026 de
1475 994 1714 1038 disputatione
1745 1006 1864 1026 rerum
1897 1000 1931 1027 et
1962 994 2152 1027 vocabulo-

1167 1057 1245 1077 rum
1272 1046 1365 1088 apud
1387 1042 1638 1088 philosophos,
1664 1044 1873 1087 praesertim
1893 1045 1988 1088 apud
2003 1044 2151 1077 Stoicos.

1166 1095 1299 1140 Estque
1323 1093 1409 1127 haec
1425 1095 1619 1134 sententia,
1654 1095 1751 1139 quod
1776 1095 1919 1140 (natura
1942 1096 2015 1139 ipsa
2041 1094 2152 1138 magi-

1168 1146 1256 1191 stra)
1281 1146 1421 1178 abditae
1446 1158 1500 1178 res
1525 1151 1645 1189 turpes
1670 1145 1851 1179 vocabulis
1874 1145 1974 1179 tectis
1994 1156 2033 1178 ac
2055 1156 2153 1178 vere-

1170 1197 1291 1230 cundis
1306 1197 1538 1241 appellandae
1555 1202 1647 1229 sunt.

1296 1334 1621 1379 Argumentum
1649 1333 1877 1378 epistolae
1904 1333 2027 1370 XXIII.

1275 1417 1396 1453 Iocosa
1408 1418 1454 1464 ⁵⁷)
1480 1417 1640 1451 narratio
1664 1419 1706 1451 de
1730 1430 1793 1452 suo
1820 1419 1986 1453 adventu.

1393 1501 1532 1535 Aliud
1558 1501 1942 1548 argumentumffs).

1273 1578 1437 1612 Breviter
1458 1576 1517 1611 hic
1538 1577 1675 1611 iocatur
1699 1589 1778 1611 cum
1802 1577 1969 1622 Papirio,
2002 1579 2098 1623 quod
2123 1578 2160 1612 in

1175 1630 1416 1675 superioribus
1439 1628 1595 1673 epistolis
1611 1628 1771 1673 pluribus
1789 1629 1870 1662 fecit
1886 1628 2105 1662 mentionem
2113 1629 2159 1676 5θ’)

1176 1683 1218 1715 de
1251 1680 1415 1714 convivio
1442 1680 1671 1724 apparando,
1697 1679 1910 1724 ⁴significans
1932 1677 2000 1713 hoc
2021 1680 2100 1713 loco
2124 1692 2160 1714 se

1177 1739 1271 1766 certo
1299 1732 1457 1765 futurum
1484 1729 1679 1774 hospitem,
1720 1731 1857 1765 etiamsi
1880 1730 2033 1764 audierit
2053 1731 2161 1775 Papi·

1176 1785 1269 1817 rium
1287 1783 1434 1827 pedibus
1453 1793 1597 1825 aegrum
1612 1781 1786 1821 maxime,
1823 1794 1901 1815 cum
1918 1780 2007 1814 nihil
2025 1782 2162 1815 dubitet

1178 1835 1270 1868 illius
1288 1846 1441 1879 coquum
1461 1831 1575 1865 adhuc
1597 1832 1765 1866 membris
1782 1832 1958 1876 integrum
1986 1844 2070 1867 esse.
2121 1831 2161 1865 In

1179 1888 1246 1919 fine
1264 1885 1410 1930 ponitur
1425 1883 1543 1917 brevis
1559 1882 1786 1927 significatio,
1821 1883 1934 1928 qualis
1956 1882 2001 1916 sit
2022 1884 2162 1918 futurus

1180 1936 1319 1981 hospes.

1424 2018 1560 2052 Aliud
1592 2024 1918 2062 argumentum.

1284 2093 1559 2129 Narratiuncula
1591 2098 1641 2126 est
1673 2093 1714 2125 de
1745 2106 1808 2127 suo
1842 2094 2007 2128 adventu.
2065 2093 2165 2128 Hanc

1185 2152 1290 2179 ornat
1314 2145 1391 2178 ioco
1417 2146 1458 2178 de
1482 2145 1639 2188 podagra
1656 2144 1777 2185 Paeti,
1811 2157 1917 2190 quam
1944 2145 1993 2178 ait
2009 2157 2082 2178 non
2100 2146 2165 2179 im·

1184 2197 1384 2242 pedituram
1403 2195 1602 2229 institutum
1621 2195 1699 2229 iter.

1221 2350 1270 2376 56)
1290 2347 1403 2371 aristot.
1429 2346 1539 2369 Rhetor.
1564 2345 1581 2367 1.
1602 2344 1644 2368 111.
1671 2351 1692 2368 c.
1709 2345 1733 2369 7.
1758 2345 1796 2368 De
1821 2345 1982 2370 elocutionis
2008 2346 2115 2371 decoro.
2135 2357 2168 2364 ·—

1258 2383 1313 2407 Cic.
1333 2383 1365 2404 (ie
1385 2381 1462 2405 orne.
1481 2381 1498 2403 1.
1517 2380 1537 2404 l.
1557 2386 1579 2402 c.
1593 2379 1634 2403 35.

1224 2434 1359 2463 57)11uic
1384 2431 1444 2456 voci
1471 2432 1497 2454 iu
1522 2431 1604 2455 Editt.
1629 2431 1834 2456 1540—1545..
1863 2431 1951 2460 1554.‚
1979 2431 2070 2461 1557.,
2095 2430 2169 2455 1560.

1258 2469 1381 2499 praefixa
1399 2467 1461 2489 sunt
1481 2465 1535 2489 Cic.
1555 2466 1641 2487 verba
1660 2465 1700 2493 (S.
1719 2464 1770 2495 1.):
1804 2466 1876 2489 Heri
1896 2466 1977 2496 veni,
2004 2464 2099 2495 quibus
2119 2466 2168 2490 hoe

1259 2502 1446 2532 argumentum
1466 2500 1492 2523 in
1512 2499 1560 2522 Ed.
1581 2499 1654 2523 15:37.
1675 2498 1701 2522 in
1720 2499 1843 2530 margine
1861 2500 1904 2522 est
1921 2499 2081 2529 appositum.

1225 2553 1271 2585 58)
1293 2554 1348 2576 noc
1372 2552 1558 2581 argumentum
1590 2553 1616 2574 et
1641 2557 1758 2581 sequens
1784 2551 1811 2574 in
1836 2549 1919 2574 Editt.
1941 2550 2032 2580 ¹556.,
2064 2551 2172 2575 1565—

1262 2589 1334 2611 1:2⁹6.
1359 2586 1540 2610 nivcniuntur,

1228 2639 1276 2668 59)
1295 2638 1473 2677 mentionem]
1494 2637 1532 2660 sic
1550 2637 1632 2660 Edi‘tt.
1649 2637 1739 2665 1565.,
1763 2636 1853 2662 1569..
1873 2636 1964 2667 ¹592.;
1988 2636 2015 2660 in
2033 2636 2082 2660 Ed.
2099 2636 2173 2660 ¹556.

1264 2679 1357 2698 omiss.

2260 0 2264 27 ,5

2285 0 2288 19 l
