2294 2975
95 108 171 147 265
231 108 352 145 XXIII.
393 106 704 143 ARGUMENTA
725 107 789 142 ET
812 106 1014 142 SCHOLIA
1036 106 1084 143 IN
1105 106 1253 143 EPIST.
1274 107 1386 144 FAM.
1410 107 1494 144 CIC.
1525 108 1612 143 LIB.
1630 107 1704 144 VH.
1732 108 1990 146 lineo—24.

225 193 413 229 Scholia
442 193 486 227 in
516 193 758 238 epistolam
786 192 957 239 XXII.¹⁸).

197 265 280 298 Silia·
302 259 517 308 causccm¹⁹)]
545 261 735 303 Narratio,
763 274 853 308 quae
871 260 977 294 habet
993 273 1087 293 com-

98 315 365 348 mendationem
386 324 511 346 causae
531 312 693 347 sorensis.

381 389 702 433 Argumentum
716 388 775 435 ²⁰).

196 449 432 484 Commendat
462 448 633 481 Trebatio
663 447 902 481 iureconsulto
942 459 1083 481 causam

95 501 276 535 cuiusdam
302 499 425 539 amici,
453 499 514 544 qui
533 512 612 532 cum
628 505 839 532 testamento
858 499 974 542 legata
990 505 1084 542 pete-

94 558 167 592 ret,
195 553 238 585 ab
262 549 472 584 adversariis
494 548 769 594 prohibebatur,
803 550 951 596 quibus,
985 550 1013 584 si
1040 550 1082 582 ab

92 603 259 635 intestato
276 601 497 640 decessisset,
523 613 661 635 cessura
682 607 784 634 erant
798 601 856 634 illa
872 602 979 634 bona.
1011 600 1082 633 Vo-

90 654 213 686 lebant
238 653 332 686 enim
359 651 553 685 adversarii
571 658 822 686 testamentum
841 652 978 685 nullum
997 663 1082 691 esse,

90 705 187 750 quod
212 703 261 744 is,
288 703 349 749 qui
364 702 584 743 decessisset,
610 715 684 736 non
708 701 888 737 habuisset
909 702 962 735 ius
978 708 1082 736 testa-

89 754 203 788 menti
227 754 390 788 faciendi.
465 753 549 786 Vice
573 754 709 787 exordii
736 754 882 798 ponitur
908 753 1082 792 narratio,

91 818 181 851 quae
198 803 306 838 habet
322 804 668 837 commendationem
688 817 813 838 causae
841 802 1081 837 haereditatis.

88 857 227 890 Deinde
248 863 298 889 est
313 855 430 889 brevis
448 853 671 895 adhortatio,
700 861 740 888 ut
761 854 799 887 in
817 866 921 889 causa
940 860 1011 888 tam
1029 854 1082 888 iu-

87 914 141 942 sta
158 907 272 941 amico
292 907 368 940 viro
387 905 524 950 optimo
543 907 663 939 adesse
679 905 774 941 velit.

327 983 464 1016 Aliud
492 990 825 1027 argumentum.

188 1042 493 1077 Commendaticia
524 1049 575 1077 est
608 1043 780 1087 epistola,
817 1042 854 1075 in
885 1054 954 1087 qua
985 1054 1081 1074 com-

86 1096 232 1128 mendat
256 1093 521 1137 diligentissime
538 1094 709 1126 Trebatio
736 1106 877 1127 cansam
896 1093 995 1131 Silii,
1023 1105 1080 1125 cu-

86 1147 141 1179 ius
165 1144 289 1189 petitio
313 1144 419 1188 legati
446 1156 487 1177 ex
504 1150 716 1177 testamento
742 1145 839 1178 varie
863 1143 1080 1188 impedieba-

85 1203 145 1229 tur
167 1208 187 1229 a
210 1195 348 1234 multis,
376 1194 438 1239 qui
462 1196 615 1239 probare
641 1195 760 1228 conati
786 1201 868 1229 sunt
891 1201 1079 1228 testamen-

85 1254 161 1280 tum
186 1246 274 1279 illud
295 1245 433 1278 nullum
459 1257 544 1279 esse.
597 1246 719 1278 Primo
737 1247 815 1279 loco
833 1246 980 1290 ponitur
997 1257 1078 1277 nar-

84 1297 177 1330 ratio
201 1298 244 1329 de
266 1295 436 1328 varietate
467 1296 724 1329 sententiarum
755 1297 1077 1330 iureconsultorum

84 1348 122 1380 in
158 1347 218 1380 illo
250 1359 352 1386 casu,
385 1346 505 1379 addita
538 1359 641 1380 causa
671 1359 733 1380 seu
762 1348 947 1381 occasione
972 1345 1076 1380 huius

86 1397 417 1432 commendationis.
446 1397 584 1430 Deinde
603 1404 653 1431 est
668 1398 807 1442 petitio,
834 1405 873 1432 ut
889 1398 967 1432 viro
987 1397 1078 1443 opti-

85 1462 145 1483 mo
167 1449 205 1482 in
222 1460 326 1482 causa
344 1448 439 1481 bona
457 1449 575 1483 deesse
593 1461 667 1482 non
683 1449 779 1484 velit.

329 1531 463 1565 Aliud
490 1539 821 1576 argumentum.

182 1599 351 1634 Narratio
378 1605 447 1640 est,
487 1599 525 1632 in
547 1612 617 1645 qua
647 1601 838 1645 exponitur
868 1612 973 1635 causa
999 1600 1075 1634 Silii

82 1653 126 1685 de
142 1649 373 1685 haereditate.
425 1649 466 1682 ln
490 1653 557 1683 line
582 1657 633 1684 est
647 1652 792 1695 petitio,
816 1658 857 1685 ut
870 1652 997 1685 Silium
1014 1653 1075 1685 ad-

81 1703 189 1737 iuvet.
239 1702 355 1735 Porro
386 1702 559 1734 sententia
583 1703 626 1734 de
658 1715 762 1736 causa
786 1703 863 1736 Silii
893 1701 981 1736 haec
1007 1710 1073 1738 est:

80 1753 188 1788 Silius
212 1758 395 1797 acceperat
418 1752 596 1785 bonorum
614 1752 798 1797 Turpiliae
814 1754 1073 1798 possessionem

81 1817 123 1838 ex
147 1804 322 1848 praetoris
348 1802 474 1837 edicto.
527 1802 761 1837 lui-econsulti
786 1817 870 1838 vero
896 1806 1074 1849 negabant

79 1855 118 1889 id
140 1855 245 1888 licere
257 1881 266 1895 ,
294 1866 374 1887 cum
391 1853 577 1898 Turpiliae
593 1861 842 1888 testamentum
866 1862 954 1889 esset
970 1856 1073 1889 vitio-

79 1919 170 1941 sum.
229 1905 380 1952 Quaerit
410 1905 529 1951 itaque
545 1906 591 1952 ²¹)
620 1905 851 1947 Trebatium,
886 1906 973 1952 quid
998 1907 1072 1952 ipse

81 1957 222 1993 sentiat.

162 2043 488 2087 Argumentum
516 2041 744 2087 epistolae
771 2041 987 2089 XXIII.‘²¹“²).

179 2111 263 2155 Agit
278 2109 363 2143 etin
381 2107 447 2143 hac
464 2110 612 2155 epistola
628 2111 671 2144 de
695 2123 778 2145 casu
795 2111 881 2145 iuris
893 2138 902 2152 ‚
932 2118 965 2145 et
988 2124 1072 2156 pro-

79 2164 148 2196 fert
163 2162 288 2196 ordine
305 2167 446 2195 autores
458 2187 467 2202 ‚
499 2162 561 2208 qui
580 2163 816 2207 pronuntient
834 2161 978 2196 haeredi
997 2176 1070 2197 esse

114 2264 162 2293 18)
179 2263 283 2291 XXII]
307 2262 347 2287 sic
369 2262 452 2287 Editt.
478 2262 603 2294 (15:370,
630 2263 716 2291 1540„
743 2263 833 2291 1544..
869 2262 936 2285 1554
951 2262 1069 2285 -1596,

146 2297 345 2328 (Editt.1545.‚
365 2297 451 2326 1546..
471 2297 561 2322 1601.:
583 2297 670 2328 122.);
689 2298 739 2322 Ed.
759 2297 847 2322 Orell.
865 2297 940 2321 XXI.
958 2309 993 2314 —
1011 2298 1070 2320 Me-

146 2331 286 2357 lanthonis
311 2332 499 2362 argumentum
525 2332 603 2355 huius
635 2332 770 2361 epistolae
795 2332 823 2355 iu
845 2332 929 2356 Editt.
958 2331 1069 2354 1537-

146 2366 234 2396 1554.,
255 2365 340 2396 1557.,
362 2365 447 2397 1560.,
468 2366 542 2390 1601.
561 2373 616 2390 non
640 2368 748 2397 exstat;
774 2371 823 2397 ea,
851 2371 919 2396 quae
938 2365 965 2388 in
983 2365 1068 2389 Editt.

146 2401 233 2430 1546„
255 2399 328 2423 1601.
348 2399 407 2423 sine
425 2400 547 2423 auctoris
568 2401 678 2425 nomine
701 2401 761 2424 huic
780 2402 807 2424 et
826 2401 930 2424 duabus
948 2406 1068 2430 sequen-

144 2436 216 2459 tibus
236 2433 362 2463 epistolis
382 2435 447 2457 sunt
465 2434 634 2466 praemissa,
654 2435 781 2466 Longolii
800 2436 872 2458 sunt.

109 2479 155 2506 19)
176 2478 229 2501 Pro
248 2476 290 2499 his
310 2475 365 2501 Cic.
384 2475 475 2499 verbis
493 2475 520 2499 in
537 2477 720 2508 Editt.1545.,
741 2477 814 2502 1560.
834 2476 896 2500 huic
913 2477 996 2500 notae
1015 2476 1068 2500 ad-

146 2512 250 2541 scripta
270 2511 335 2533 sunt
353 2510 560 2540 subsequentia:
580 2512 647 2536 Etsi
665 2512 805 2537 bonorum
824 2511 984 2541 Turpiliae.

108 2555 157 2583 20)
176 2555 235 2578 Hoc
251 2554 441 2584 argumentum
459 2554 486 2577 et
504 2553 556 2578 duo
574 2555 717 2585 sequentia
733 2556 769 2580 al)
784 2555 868 2579 Editt.
889 2554 974 2585 1556„
1002 2554 1070 2577 1565

143 2602 178 2606 —-
189 2588 262 2613 1596.
282 2587 450 2612 exhibentur.

109 2633 158 2660 2¹)
177 2632 283 2661 itaque]
303 2631 354 2655 Ed.
375 2630 448 2654 1556.
469 2635 566 2654 errore
585 2630 713 2662 typogr.:
733 2631 833 2662 tiaque.

109 2674 177 2701 21³)
196 2674 313 2703 xxum
333 2673 372 2696 sic
389 2672 473 2697 Editt.
494 2673 617 2703 (maz),
645 2674 737 2705 1540.,
755 2675 842 2706 1544.,
863 2675 930 2698 1554
943 2674 1068 2699 —1596.

142 2708 341 2739 (Editt.1545.,
361 2707 448 2739 1546,
467 2707 558 2732 1601.:
579 2705 668 2739 123.);
687 2708 831 2734 Batoi-en.
849 2709 939 2735 xxu.
958 2721 992 2726 --
1009 2710 1069 2733 Hoc

2050 111 2124 146 266

1141 195 1315 229 acti0nem
1340 195 1424 229 furti
1437 222 1445 236 ‚
1489 196 1606 240 quod,
1647 202 1836 240 antequam
1870 194 2127 229 haereditatem

1139 246 1298 287 adiisset,
1325 248 1455 281 sactum
1474 253 1535 280 est.
1590 246 1682 291 Quia
1706 259 1791 279 vero
1818 248 1947 291 duplex
1971 254 2021 281 est
2035 247 2127 279 actio

1139 298 1241 338 furti,
1267 296 1323 331 hic
1349 305 1487 331 tantum
1512 298 1671 343 loquitur
1695 298 1738 330 de
1764 297 1858 330 civili
1876 299 2014 332 actione
2031 297 2128 337 furti,

1139 361 1206 394 qua
1231 350 1403 393 repetitur
1424 349 1631 393 simpliciter
1657 361 1711 382 res
1738 349 1832 381 furto
1855 350 1984 383 ablata.
2043 348 2126 382 Non

1138 405 1256 433 autem
1272 400 1431 445 loquitur
1446 402 1488 433 de
1506 400 1681 433 criminali
1700 400 1850 439 actione,
1874 400 1910 432 in
1928 412 1997 445 qua
2015 399 2126 432 veteri

1137 450 1211 494 lege
1228 451 1362 484 furtum
1386 452 1612 495 repetebatur
1636 451 1835 496 quadruplo
1845 451 1911 495 ²²),
1939 450 2041 485 sicuti
2062 462 2125 482 no—

1135 502 1216 535 stris
1231 502 1365 545 legibus
1382 502 1584 546 deposcitur
1601 503 1658 535 sur
1674 503 1718 534 ad
1732 502 1974 545 suspendium.
2007 502 2123 534 Porro

1137 558 1209 585 tota
1229 553 1376 596 epistola
1394 550 1502 586 habet
1523 553 1666 585 brevem
1693 553 1936 585 narrationem
1949 579 1958 593 ,
1986 564 2054 597 qua
2073 564 2127 584 re-

1136 603 1220 636 citat
1236 603 1443 647 simpliciter
1459 615 1578 636 casum
1596 603 1681 636 iuris
1692 610 1724 636 et
1740 604 1931 637 sententias
1948 610 2128 636 autorum.

1135 653 1174 686 In
1198 655 1266 686 fine
1294 655 1467 698 significat
1489 654 1555 688 sibi
1583 654 1694 698 magis
1712 655 1858 699 probari
1873 654 2034 688 Trebatii
2049 665 2126 688 sen·

1136 711 1295 739 tentiam.

1381 780 1516 815 Aliud
1545 789 1873 826 argumentum.

1236 848 1362 883 Brevis
1388 856 1438 883 est
1462 850 1661 882 admonitio
1688 851 1950 884 controversiae
1975 850 2126 894 agitatae

1136 899 1172 932 in
1190 900 1355 933 convivio
1384 902 1426 933 de
1452 902 1607 945 quodam
1632 914 1715 934 casu
1740 901 1846 942 iuris,
1875 903 2061 935 ostendens
2085 901 2128 933 de

1135 949 1200 984 hac
1224 951 1433 996 quaestione
1451 952 1561 984 multa
1581 952 1758 996 disputata
1781 965 1853 986 csse
1872 965 1890 985 a
1916 950 2127 985 doctissimis

1135 1002 1409 1042 iureconsultis,
1451 1003 1512 1047 qui
1550 1003 1844 1049 pronuntiantffl)
1876 1001 2047 1042 haeredi,
2092 1001 2129 1034 in

1135 1066 1241 1099 quem
1265 1065 1370 1086 omne
1402 1053 1455 1086 ius
1478 1054 1656 1087 testatoris
1687 1055 1919 1094 transfertur,
1947 1054 2125 1086 actionem

1134 1116 1207 1138 esse
1241 1105 1315 1137 eius
1346 1104 1457 1144 furti,
1494 1106 1589 1150 quod
1608 1131 1618 1145 ,
1650 1111 1843 1151 antequam
1871 1103 2127 1138 haereditatem

1133 1155 1309 1200 petiisset,
1336 1156 1468 1188 sactum
1495 1162 1596 1191 esset.

1372 1248 1511 1283 Aliud
1537 1256 1864 1294 argumentum.

1233 1316 1510 1351 Nat-ratiuncula
1551 1318 1594 1350 de
1632 1319 1838 1363 quaestione
1874 1317 2058 1362 proposita
2090 1322 2125 1349 et

1132 1368 1263 1413 agitata
1283 1368 1321 1401 in
1337 1367 1515 1402 convivio.

1258 1459 1443 1496 Scholia
1478 1461 1524 1494 in
1552 1461 1797 1506 epistolam
1824 1461 2013 1507 XXIV.2‘¹).

1234 1541 1379 1572 Tantum
1401 1550 1447 1571 ex
1470 1536 1654 1585 Arpinati]
1680 1537 1860 1572 Narratio.
1913 1537 2125 1581 Expostulat

1130 1596 1249 1624 autem
1264 1590 1307 1622 de
1324 1588 1431 1632 signis
1447 1589 1553 1623 nimis
1571 1602 1700 1633 magno
1719 1589 1857 1633 emptis.
1889 1588 2011 1622 Cicero
2029 1588 2124 1620 enim

1129 1641 1242 1674 voluit
1258 1639 1324 1673 sibi
1343 1639 1413 1672 emi
1429 1639 1584 1683 picturas
1601 1646 1634 1673 et
1651 1640 1808 1680 tabulas,
1836 1640 1910 1685 ipse
1927 1651 2011 1672 vero
2029 1650 2122 1672 eme-

1128 1699 1184 1726 rat
1211 1697 1344 1726 statuas
1355 1690 1413 1736 ²⁵).

1231 1740 1261 1786 ἓ.
1279 1741 1313 1776 4.
1342 1743 1434 1783 Quod
1449 1744 1493 1775 ad
1513 1754 1563 1775 me
1577 1743 1616 1775 ‹Ie
1629 1740 1738 1789 domo]
1767 1741 1844 1774 Alia
1870 1740 2028 1774 narratio
2038 1739 2097 1785 26).

1418 1833 1743 1878 Argumentum
1759 1835 1818 1880 ι3-7).

1225 1909 1462 1942 Mandaverat
1484 1910 1588 1943 Gallo
1613 1923 1677 1954 per
1700 1911 1856 1950 litteras,
1884 1916 1923 1943 ut
1946 1909 2118 1952 imagines

1126 1962 1262 2007 aliquot
1276 1966 1420 2000 emeret,
1449 1961 1577 2006 quibus
1594 1967 1711 2005 posset
1731 1961 1855 1994 Cicero
1871 1973 1969 1994 suam
1986 1960 2115 1993 biblio-

1192 2078 1382 2106 argumentum
1402 2078 1429 2101 et
1447 2078 1499 2102 duo
1519 2078 1662 2108 sequentia
1681 2079 1706 2102 in
1723 2079 1806 2104 Editt.
1829 2078 1915 2107 1556,
1936 2078 2113 2103 1565-1556,

1193 2111 1387 2141 inveniunturg
1421 2113 1503 2137 Editt.
1526 2113 1591 2136 1537
1605 2114 1741 2143 -1554.,
1763 2113 1847 2141 1557..
1869 2113 1954 2142 1560.,
1976 2114 2048 2136 1601.
2068 2119 2118 2136 ne-

1193 2147 1478 2202 iiilssnitii‘gumenmm'
1513 2153 1600 2176 neque
1634 2148 1738 2171 scholia
1763 2147 1945 2171 Melanthouis
1969 2148 1994 2172 h.
2022 2148 2041 2172 1.
2069 2154 2118 2170 ex-

1157 2223 1205 2250 22)
1225 2221 1303 2246 conf.
1323 2222 1355 2244 A.
1375 2222 1477 2246 Adam:
1503 2223 1606 2247 Haudb.
1627 2224 1677 2246 der
1703 2224 1771 2247 rb'm.
1788 2224 1922 2251 Alton-th..
1949 2224 2039 2248 tibet-s.
2060 2229 2116 2247 von

1190 2257 1216 2280 J.
1235 2257 1266 2280 1..
1284 2256 1389 2285 Meyer.
1413 2257 1441 2279 T.
1456 2257 1475 2281 1.
1496 2264 1520 2286 p.
1540 2258 1591 2281 426
1616 2265 1656 2288 sq.
1683 2259 1710 2281 et
1730 2258 1778 2283 W.
1804 2259 1891 2283 Rein:
1917 2259 1943 2284 d.
1969 2257 2117 2283 Crnninal-

1192 2291 1268 2314 recht
1287 2290 1336 2313 der
1354 2291 1456 2314 Rb'mer
1474 2298 1499 2321 p.
1517 2291 1569 2315 296
1587 2299 1645 2322 sqq.

1155 2333 1204 2360 23)
1222 2332 1415 2363 pronuntiant]
1434 2333 1483 2356 Ed.
1504 2333 1578 2358 1556.
1598 2339 1694 2357 errore
1713 2335 1840 2366 tumgrst
1859 2334 2041 2365 prommtiam.

1155 2375 1204 2408 24)
1223 2374 1340 2404 XXIV.]
1364 2375 1404 2399 sic
1424 2375 1507 2401 Editt.
1528 2376 1649 2406 (1537.)‚
1677 2377 1770 2407 1540„
1796 2378 1887 2408 1544,
1909 2378 1975 2402 1554
1990 2377 2115 2403 -1596,

1192 2410 1291 2439 (Editt.
1311 2410 1404 2439 1545..
1425 2410 1516 2439 1546„
1538 2410 1628 2435 1601.:
1657 2411 1748 2439 124.);
1780 2412 1830 2435 Ed.
1850 2412 1935 2436 Orell-
1960 2412 2060 2437 xxm.
2080 2424 2115 2431 —·

1188 2445 1356 2474 Argumento
1376 2444 1561 2468 Melanthouis
1577 2444 1660 2468 Editt.
1682 2445 1748 2469 1537
1760 2458 1795 2463 ·—-
1812 2447 1898 2477 1554„
1917 2447 2004 2477 1557.,
2026 2447 2112 2478 1560.‚

1193 2479 1268 2502 160¹.
1287 2480 1394 2503 carent.

1157 2519 1205 2552 25)
1225 2522 1300 2545 Haec
1318 2522 1383 2544 nota
1405 2520 1433 2544 in
1458 2520 1541 2544 Editt.
1562 2521 1652 2551 1545„
1673 2522 1748 2547 1560.
1775 2522 1907 2548 disiuncta
1929 2525 1972 2547 est
1988 2523 2015 2547 in
2034 2525 2117 2548 hasce

1187 2556 1273 2579 duas:
1306 2555 1430 2579 Tantum
1459 2561 1496 2578 ea:
1518 2555 1673 2585 Arpinati]
1698 2557 1837 2582 Narratio.
1875 2559 1966 2584 Estne
1997 2560 2051 2583 aut
2072 2559 2117 2584 tui

1186 2590 1322 2621 pudoris]
1342 2589 1506 2618 Expostuxat
1525 2589 1558 2613 de
1576 2589 1662 2620 signis
1682 2602 1714 2607 —
1734 2594 1852 2615 statuas.

1153 2631 1202 2660 ²6)
1222 2633 1297 2655 Haec
1311 2633 1378 2655 nota
1395 2631 1423 2654 in
1442 2631 1542 2655 iisdem
1561 2631 1578 2656 2
1595 2633 1680 2656 Editt.
1700 2633 1788 2659 deest.

1153 2674 1200 2703 27)
1221 2675 1280 2698 1100
1297 2674 1485 2704 argumentum
1505 2675 1532 2697 et
1556 2674 1608 2699 duo
1627 2676 1771 2706 sequentia
1788 2678 1821 2701 ab
1833 2676 1919 2703 Editt.
1941 2677 2026 2708 1556.,
2047 2678 2114 2702 1565

1188 2708 1305 2732 -1596,
1323 2708 1503 2738 praebentur.
