2351 2990
200 122 272 157 827

201 207 277 240 aliis
302 207 353 239 ius
377 217 519 250 quoque
545 205 771 238 tribuendum
800 211 863 237 est.
917 203 1079 247 Largitus
1101 215 1192 242 sum,

200 265 387 303 propterca
422 257 569 294 laudor,
610 268 724 300 neque
758 261 903 298 propter
936 267 996 293 ea,
1031 266 1122 299 quae
1148 255 1191 286 de

200 321 279 341 meo
296 308 375 340 dedi
389 334 397 345 ,
424 320 501 341 sum
521 307 705 340 obnoxius.
767 304 804 337 ln
825 305 1035 349 magistratu
1052 305 1121 344 fui,
1149 306 1191 337 de

200 373 241 393 eo
261 360 416 392 rationes
435 358 558 396 retuli,
586 369 659 390 non
678 358 720 389 de
739 356 799 395 iis,
827 369 918 401 quae
942 356 1088 399 largitus
1113 368 1189 389 sum

201 410 453 444 mediusfidius.
507 410 553 441 At
570 408 660 440 male
678 407 767 451 gessi
792 407 1066 451 magistratum?
1120 407 1192 440 Cur

201 473 285 495 vero
305 467 362 499 tu,
391 460 450 505 qui
473 460 629 498 adesses,
664 471 742 492 cum
771 471 826 491 me
853 465 1058 504 quaestores
1080 458 1192 490 intro-

199 514 381 548 ducerent,
409 523 482 542 non
502 509 712 543 accusabas?
751 509 799 542 Ut
814 516 931 542 autem
950 509 1067 543 sciatis
1085 509 1190 543 istum

200 565 314 607 ipsum
333 561 509 594 testificari
527 559 635 599 mihi,
662 572 719 593 me
739 561 784 592 ob
806 573 845 593 ea
872 573 944 594 esse
970 572 1101 594 corona
1129 561 1192 592 do-

201 621 343 649 natum,
389 618 536 655 propter
569 624 660 657 quae
695 612 850 645 rationes
875 610 962 644 mihi
989 612 1191 644 reddendae

200 676 272 697 non
299 665 459 696 suerunt:
505 675 590 706 cape
615 669 649 695 et
672 663 778 695 recita
807 669 920 695 totum
943 664 1122 696 decretum
1150 664 1192 695 de

202 728 257 747 me
282 715 426 747 sactinu.
486 714 592 758 Quod
617 713 710 746 enim
741 715 1086 748 senatusconsultum
1119 726 1192 746 non

201 765 388 804 accusavit,
411 777 452 797 eo
468 765 544 808 ipso
563 765 857 797 calumniatorem
877 778 956 799 eum
976 777 1091 809 agere,
1118 777 1192 798 non

201 823 441 850 accusatorem
467 815 657 849 constabit.

550 902 843 935 Decretum.

304 970 464 1001 Praetor-e
482 969 645 1011 Euchyele
665 967 722 1000 19.
737 970 791 1001 die
813 969 965 1002 Octobris
980 968 1070 1001 trihu
1092 978 1194 1010 prae-

198 1021 328 1054 sidente
353 1020 496 1057 Oeneia,
526 1019 677 1061 Ctesipho
692 1019 890 1052 Leosthenis
908 1018 1002 1060 silius
1016 1018 1193 1061 Anaphly-

199 1073 285 1104 slo'us
319 1071 432 1102 ‹lioeist
485 1071 650 1109 Quoniam
686 1071 926 1103 Demosthenes
959 1070 1195 1103 Demosthenis

196 1120 344 1164 filius²³)
369 1122 591 1153 Paeaniensis
618 1122 727 1154 muris
755 1120 944 1162 reficiendis
974 1125 1111 1154 curator
1136 1119 1194 1163 sa-

199 1178 289 1211 ctus,
333 1173 402 1204 tria
426 1172 552 1203 talenta
577 1173 616 1204 de
639 1183 699 1204 suo
724 1173 759 1205 in
783 1183 863 1214 opus
885 1174 1054 1214 insumpta
1077 1171 1195 1214 populo

199 1225 351 1263 donarit,
380 1227 410 1255 el
426 1222 585 1255 theatrali
597 1224 759 1264 pecuniae
770 1222 960 1265 praefectus
983 1223 1127 1265 larqitus
1146 1227 1195 1255 est

200 1287 246 1307 es
279 1273 618 1313 omnibustribubus
651 1274 720 1313 iis,
771 1276 828 1318 qui
863 1274 1024 1306 theatrali
1051 1275 1195 1316 pecunia

195 1325 382 1367 fruuntur,
411 1328 541 1356 centum.
557 1326 668 1357 minas
693 1326 737 1357 ad
758 1323 943 1366 sacrificia:
974 1325 1107 1367 placere
1131 1325 1195 1357 Se-

201 1378 298 1409 natui
313 1375 493 1419 populoque
508 1375 766 1408 Atheniensium
775 1375 821 1420 2²²)
842 1377 982 1408 laudare
998 1375 1195 1408 Demosthe-

201 1439 275 1460 nem
300 1426 534 1459 Demosthenis
554 1425 664 1467 filium
690 1428 934 1459 Paeam'ensem
960 1427 1097 1459 virtutis
1118 1436 1196 1467 erqo

199 1483 231 1511 et
246 1478 425 1515 bonitatis,
454 1488 519 1521 qua
535 1481 730 1509 constanter
745 1479 853 1510 utitur
877 1478 968 1509 omni
990 1480 1136 1518 tempore
1157 1477 1195 1508 in

198 1529 354 1571 populum
374 1527 630 1569 Atheniensem,
656 1532 687 1560 et
713 1538 837 1560 ornare
860 1539 982 1560 corona
1005 1538 1130 1565 aurea,
1164 1530 1195 1558 et

198 1580 409 1622 proclamare
422 1589 577 1610 coronam
597 1579 631 1610 in
651 1578 1045 1617 theotroBacchanaliz‘s,
1061 1582 1194 1619 t7·ctyoe-

200 1631 268 1663 diis
287 1631 398 1667 novis,
430 1630 645 1670 praeconium
664 1634 773 1662 (aulem
789 1641 890 1662 curae
907 1631 952 1662 sit
967 1629 1194 1671 ayonolhelae.

307 1680 408 1724 Quae
435 1678 541 1721 igitur
566 1678 713 1721 largitus
737 1692 835 1719 sum,
869 1677 955 1711 haec
977 1685 1079 1718 sunt,
1106 1691 1194 1724 quo-

202 1743 280 1763 rum
310 1737 346 1762 tu
371 1727 461 1761 nihil
488 1730 670 1763 accusasti.
731 1730 831 1774 Quae
854 1742 939 1763 vero
963 1736 1105 1763 senatus
1129 1742 1193 1773 pro

202 1779 255 1814 his
273 1779 361 1813 mihi
376 1781 563 1813 tribuenda
583 1787 718 1820 censet,
746 1793 785 1813 ea
802 1787 903 1821 sunt,
931 1793 1022 1826 quae
1041 1793 1194 1814 accusas.

201 1832 302 1877 Quae
320 1832 426 1875 igitur
446 1832 527 1863 data
547 1831 705 1875 accipere
730 1832 926 1875 legitimum
952 1844 1024 1865 esse
1052 1832 1194 1864 conflte-

202 1884 249 1916 ris
261 1910 270 1923 ,
297 1895 362 1927 pro
379 1882 420 1916 iis
436 1883 583 1914 relatam
601 1882 751 1925 gratiam
771 1882 984 1916 violatarum
1002 1883 1118 1926 legum
1140 1894 1195 1915 ac-

202 1934 327 1967 cusas.q
378 1934 424 1965 At
439 1931 548 1965 homo
570 1934 877 1977 profligatissimus
902 1941 936 1967 et
952 1934 1029 1967 Diis
1049 1934 1194 1973 invisus,

202 1992 235 2017 et
256 1997 294 2017 re
321 1997 402 2017 vera
427 1984 554 2017 lividus
570 2012 578 2024 ‚
612 1985 726 2029 qualis
751 1985 817 2017 erit
841 1998 904 2029 per
921 1985 1040 2018 Deos?
1075 1997 1194 2017 nonne

203 2036 306 2069 talis?
358 2035 431 2068 Iam
449 2036 542 2079 quod
564 2037 606 2067 ad
634 2036 863 2079 praeconium
889 2037 924 2068 in
951 2035 1090 2068 theatro
1115 2036 1195 2068 atti-

203 2094 281 2126 net,
310 2087 500 2120 sexcenties
524 2093 705 2119 sexcentos
733 2099 804 2120 csse
830 2088 1068 2131 proclamatus
1094 2099 1194 2130 prae-

203 2145 322 2177 tereo,
348 2144 387 2171 ut
402 2149 457 2169 me
484 2150 587 2181 saepe
613 2137 727 2181 ipsum
752 2138 850 2182 prius
877 2151 949 2172 esse
974 2150 1105 2171 corona
1132 2139 1195 2170 do-

203 2196 339 2222 natum.
393 2189 460 2221 Sed
480 2188 594 2221 Deum
611 2189 870 2229 immortalem,
894 2189 990 2222 itane
1013 2201 1134 2222 vecors
1159 2202 1194 2222 es

203 2246 236 2272 et
260 2239 421 2283 stupidus
439 2237 632 2280 Aeschine,
666 2246 704 2273 ut
729 2240 923 2283 intelligere
949 2253 1123 2285 nequeas,
1151 2240 1195 2280 ei,

204 2291 264 2335 qui
301 2297 512 2329 coronatur,
555 2292 703 2323 eandem
739 2291 944 2335 contingere
979 2291 1194 2331 felicitatem,

204 2342 405 2386 ubicunque
432 2354 563 2374 corona
582 2342 841 2385 proclametur;
878 2344 937 2376 sed
964 2349 1112 2387 propter
1137 2356 1194 2376 co-

204 2403 330 2424 ronam
348 2392 556 2425 donantium
575 2393 762 2426 utilitatem
783 2393 819 2425 in
838 2392 976 2427 theatro
998 2395 1074 2427 fieri
1093 2407 1194 2438 prac-

205 2442 374 2475 conium'?
436 2444 525 2477 Nam
554 2450 731 2489 quotquot
755 2445 941 2484 audivere,
975 2443 1013 2477 hi
1037 2446 1081 2478 ad
1104 2447 1193 2478 bene

204 2494 246 2526 de
267 2493 448 2537 republica
474 2496 682 2528 merendum
705 2496 922 2535 excitantur,
959 2502 992 2528 et
1020 2507 1098 2535 eos,
1133 2497 1194 2542 qui

238 2626 286 2654 23)
309 2627 397 2655 filius]
418 2626 445 2649 in
463 2627 513 2649 Ed.
539 2628 612 2652 1562.
633 2629 657 2653 h.
678 2629 694 2653 1.
715 2629 809 2652 omiss.

239 2678 294 2742 24}
307 2678 345 2736 11⁴}¹
355 2677 403 2702 Ed.
426 2678 499 2702 1562.
520 2678 570 2701 hae
591 2685 672 2703 voces
693 2681 816 2709 scriptae
835 2682 899 2704 sunt
918 2685 966 2710 per
985 2682 1081 2704 notas:
1112 2682 1140 2705 S.
1161 2681 1192 2706 P.

804 118 925 152 PHIL.
955 117 1066 152 MEL.
1094 115 1296 150 SCRIPTA
1323 114 1658 150 PHILOLOGICA.

2159 114 2235 150 828

1245 201 1395 245 gratiam
1413 202 1590 241 referunt,
1626 200 1736 244 magis
1753 200 1899 233 laudant
1919 211 2025 246 quam
2047 211 2147 239 eum,
2175 199 2237 244 qui

1245 258 1449 286 coronatur.
1502 252 1581 298 Qua
1599 254 1641 286 de
1669 264 1771 285 causa
1793 252 1905 295 legem
1931 263 2009 283 eam
2035 250 2234 294 respublica

1246 303 1343 341 tulit;
1371 304 1431 337 sed
1449 303 1563 347 ipsam
1580 316 1664 348 cape
1682 301 1769 336 mihi
1787 303 1898 347 legem
1911 329 1921 342 ,
1948 308 1981 335 et
1999 301 2121 335 recita.

1670 390 1809 422 Leoe.

1347 458 1486 498 Quando
1503 463 1662 491 coronam
1678 458 1821 502 aliquem
1835 457 1963 500 privati
1983 457 2019 489 in
2035 455 2169 498 populo,
2197 455 2236 487 in

1242 509 1376 550 privata
1390 509 1481 541 tribu
1494 508 1719 550 proclametur
1727 523 1738 548 ,-
1765 510 1796 541 si
1808 519 1882 541 vero
1895 507 2036 551 populus
2052 511 2110 539 aut
2124 507 2237 540 Sena-

1244 564 1298 591 tus
1320 563 1482 591 coronant
1502 559 1583 591 bene
1605 561 1741 592 meritos
1762 560 1802 591 de
1822 559 2009 601 republica,
2044 557 2238 591 conceditur

1245 610 1319 643 illos
1335 611 1371 642 in
1387 610 1515 642 theatro
1532 611 1567 642 in
1585 611 1766 653 Dionysz'is
1780 610 1998 652 proclamare.

1348 676 1459 710 Audis
1477 674 1652 710 Aeschine
1669 677 1780 720 legem
1801 676 1992 709 dicentem:
2020 677 2063 710 Si
2081 687 2160 721 quos
2175 686 2238 719 po·-

1243 726 1343 770 pulus
1363 733 1422 761 aut
1450 729 1598 761 Senatus
1621 729 1794 762 coronabit
1816 726 1948 772 etc.2⁵).
2010 726 2106 771 Quid
2130 726 2239 769 igitur

1247 778 1487 819 calumniaris,
1515 779 1601 823 quid
1618 779 1822 812 declamitas
1835 779 1914 811 ficta
1933 783 2154 821 argumenta,
2176 788 2240 810 cur

1248 835 1280 861 te
1297 841 1370 861 non
1386 841 1516 874 purgas
1532 829 1750 862 Helleboro'?
1778 841 1842 862 nec
1856 829 1966 873 pudet
1984 835 2037 867 te,
2071 839 2151 861 cum
2174 827 2240 860 cri-

1247 891 1329 912 men
1351 880 1388 913 in
1413 880 1582 913 iudicium
1611 881 1748 913 adferre
1776 880 1915 914 nullum
1948 878 2079 924 possis,
2119 884 2241 911 tamen

1248 930 1403 964 invidiae
1419 937 1598 964 certamen
1616 944 1773 966 movere.
1826 931 1872 964 Et
1889 931 1981 975 leges
1997 929 2128 974 partim
2145 929 2240 962 male

1248 982 1424 1022 detortas,
1448 982 1579 1026 partim
1599 982 1741 1016 mutilas
1767 982 1915 1022 recitas,
1948 993 2034 1027 quas
2056 986 2148 1014 totas
2172 979 2242 1024 legi

1248 1033 1379 1066 iustum
1399 1040 1496 1073 erat,
1522 1033 1731 1078 praesertim
1750 1035 1844 1078 apud
1862 1031 1949 1073 hos,
1978 1031 2040 1078 qui
2055 1031 2164 1065 iurati
2189 1043 2242 1065 se-

1248 1084 1404 1117 cundum
1428 1085 1522 1128 leges
1544 1085 1779 1129 pronuntiare
1803 1085 1944 1118 debent.
2008 1082 2146 1116 Deinde
2170 1082 2240 1115 alia

1249 1148 1327 1168 cum
1356 1135 1483 1175 facias,
1532 1136 1635 1180 fingis
1666 1135 1769 1169 nobis
1800 1135 1993 1179 imaginem
2024 1134 2112 1167 boni
2143 1133 2241 1167 civis.

1249 1186 1327 1231 Qua
1344 1185 1381 1218 in
1397 1198 1435 1219 re
1452 1186 1599 1230 perinde
1621 1187 1725 1227 facis,
1760 1198 1799 1219 ac
1827 1186 1854 1220 si
1881 1199 1922 1219 ex
1944 1183 2146 1231 syngrapha
2172 1190 2242 1218 sta-

1249 1244 1346 1270 tuam
1372 1250 1528 1271 curasses
1552 1238 1751 1271 faciendam
1766 1264 1775 1277 ,
1816 1250 1855 1270 ac
1878 1243 2000 1281 postea
2024 1236 2241 1269 deteriorem

1248 1295 1363 1321 tecum
1384 1295 1597 1332 asportat-es.
1650 1289 1744 1322 Num
1763 1288 1879 1321 verbis
1896 1294 1929 1320 et
1951 1299 2025 1320 non
2051 1287 2156 1320 rebus
2183 1298 2241 1330 ge-

1247 1339 1308 1372 stis
1329 1350 1447 1372 censes
1466 1338 1646 1372 aestimari
1665 1339 1778 1372 bonos
1795 1339 1906 1379 cives,
1935 1350 1974 1370 ac
1996 1338 2103 1370 fanda
2131 1343 2165 1370 et
2188 1337 2241 1370 in-

1247 1390 1355 1422 fanda
1378 1390 1474 1423 velut
1494 1402 1534 1423 ex
1557 1391 1716 1435 plaustro
1742 1390 1926 1422 clamitans
1952 1388 2059 1428 dicis,
2090 1399 2181 1433 quae
2204 1388 2243 1420 in

1249 1447 1328 1473 tuos
1358 1447 1579 1484 congruunt,
1619 1452 1693 1473 non
1720 1440 1757 1472 in
1783 1452 1852 1474 me.
1910 1438 2084 1472 Existimo
2110 1444 2243 1480 autem,

1249 1491 1361 1530 cives,
1396 1492 1548 1524 multum
1574 1492 1741 1525 interesse
1766 1490 1858 1524 inter
1885 1489 2183 1523 conviciationem
2208 1495 2243 1523 et

1249 1542 1524 1577 accusationem.
1591 1541 1632 1575 In
1656 1542 1879 1576 accusatione
1904 1541 2162 1576 ostendendum
2190 1547 2242 1574 est

1248 1605 1349 1632 eum,
1393 1593 1454 1639 qui
1477 1600 1681 1634 accusatur,
1723 1606 1823 1626 reum
1850 1605 1922 1626 esse
1953 1592 2039 1625 certi
2070 1591 2241 1633 criminis,

1249 1644 1345 1689 quod
1363 1644 1498 1688 legibus
1515 1645 1674 1689 punitur.
1719 1643 1758 1677 In
1777 1643 2037 1679 conviciatione
2051 1643 2240 1676 maledicta

1249 1702 1387 1728 tantum
1407 1697 1646 1736 cumulantur,
1675 1708 1765 1741 quae
1784 1708 1849 1740 pro
1868 1708 1929 1729 sua
1948 1695 2096 1741 quisque
2112 1701 2242 1728 natura

1250 1746 1452 1790 petulanter
1471 1747 1632 1781 effundit.
1685 1747 1884 1780 Constituta
1902 1753 1984 1780 sunt
2008 1752 2127 1780 autem
2151 1745 2242 1779 iudi-

1248 1797 1320 1837 cia,
1345 1810 1418 1830 non
1437 1804 1476 1830 ut
1495 1798 1543 1830 ibi
1558 1798 1707 1842 privatis
1732 1798 1900 1831 conviciis
1925 1804 2098 1831 certemus
2119 1796 2156 1829 in
2177 1809 2243 1841 pu-

1248 1848 1339 1880 blico
1356 1846 1588 1882 honestorum
1606 1847 1794 1882 hominum
1813 1861 1977 1882 consessu
1990 1875 1999 1889 ‚
2025 1849 2085 1882 sed
2107 1847 2135 1881 si
2163 1847 2242 1894 quis

1248 1899 1349 1932 laesit
1366 1899 1566 1939 civitatem,
1594 1900 1641 1932 ibi
1666 1900 1727 1933 fiat
1745 1900 1940 1945 inquisitio.
2123 1898 2143 1941 ⁴,

1351 1950 1446 1983 Haec
1465 1964 1542 1984 cum
1561 1951 1647 1984 sciat
1662 1949 1871 1990 Aeschines,
1900 1957 2019 1983 tamen
2036 1949 2182 1982 vult'me
2203 1949 2241 1982 in

1248 2003 1448 2045 spectaculo
1473 2002 1641 2035 conviciis
1667 2008 1864 2041 ostentare,
1898 2013 1972 2034 non
2000 2013 2163 2034 accusare
2186 2000 2240 2033 in-

1248 2052 1373 2085 stituit.
1428 2053 1588 2086 Reddere
1606 2060 1723 2086 tamen
1741 2053 1840 2097 paria
1858 2051 1889 2084 ei
1906 2052 2036 2086 iustum
2055 2059 2116 2093 cst,
2144 2052 2242 2098 quod

1250 2103 1320 2135 iam
1356 2104 1496 2138 faciam.
1571 2104 1728 2137 Tantum
1765 2101 1832 2136 hoc
1866 2103 1964 2147 prius
1997 2103 2240 2148 interrogabo,

1248 2160 1368 2187 utrum
1394 2153 1484 2187 mihi
1503 2155 1670 2199 privatim
1688 2155 1852 2188 inimicus
1869 2167 1941 2188 esse
1959 2154 2062 2194 velit,
2090 2166 2135 2187 an
2152 2166 2238 2187 vero

1248 2205 1490 2249 reipublicae?
1534 2206 1636 2246 Tibi,
1664 2206 1819 2251 inquies,
1846 2219 1923 2239 sum
1941 2205 2117 2239 inimicus.
2167 2205 2240 2239 Cur

1249 2257 1375 2299 igitur,
1403 2257 1431 2290 si
1448 2257 1533 2302 qnid
1552 2257 1799 2302 delinquebam
1814 2284 1822 2297 ,
1851 2269 1906 2290 me
1924 2269 1997 2290 non
2014 2263 2132 2297 antea,
2160 2269 2240 2290 cum

1248 2308 1340 2351 leges
1357 2309 1612 2348 concederent,
1631 2309 1801 2342 accusasti
1820 2308 1962 2353 publico
1981 2314 2015 2341 et
2031 2308 2171 2352 privato
2186 2307 2239 2342 iu-

1248 2358 1367 2391 dicio?
1419 2360 1521 2393 Nunc
1538 2360 1679 2392 tandem
1693 2387 1701 2399 ,
1730 2366 1919 2405 postquam
1938 2372 1994 2392 me
2009 2359 2122 2403 leges,
2149 2365 2238 2392 tem-

1248 2409 1345 2453 poris
1363 2410 1595 2454 praescrIptio
1614 2417 1647 2443 et
1661 2411 1876 2455 praeiudicia
1895 2410 2068 2450 liberant,
2096 2422 2174 2443 cum
2199 2410 2236 2443 in

1249 2459 1376 2493 harum
1395 2474 1513 2495 rerum
1531 2461 1670 2496 iudiciis
1688 2469 1790 2495 antea
1808 2461 1989 2495 absolutus
2013 2474 2090 2495 sum
2102 2487 2111 2501 ‚
2137 2473 2238 2494 accu-

1246 2511 1422 2545 sationem
1453 2512 1652 2552 instituisti,
1696 2525 1786 2559 quae
1817 2513 1929 2557 magis
1959 2512 2137 2545 civitatem
2173 2524 2235 2557 op-

1281 2644 1329 2672 25)
1349 2644 1433 2667 Audis
1452 2643 1587 2666 Aeschine
1601 2655 1633 2660 —
1648 2644 1801 2667 coronabit
1822 2644 1889 2672 etc]
1909 2643 1975 2666 haec
1992 2643 2130 2669 Demosth.
2151 2647 2236 2670 verba.

1315 2678 1341 2701 in
1361 2678 1409 2701 Ed.
1432 2678 1505 2701 ¹562.
1525 2677 1636 2707 perinde
1655 2677 1731 2708 typis
1758 2677 1895 2708 exscripta
1921 2678 2001 2708 sunt,
2036 2683 2067 2701 ac
2092 2679 2117 2702 si
2145 2680 2234 2704 omnia

1316 2712 1386 2742 legis
1407 2713 1501 2735 essent
1520 2712 1612 2735 verba.
