2351 2990
70 117 145 149 833
303 115 442 150 XXXV.

63 213 142 235 non
162 200 386 234 existimabat
401 213 460 234 eos
480 202 563 234 belli
581 201 695 235 socios
714 203 809 242 fore,
845 204 905 236 sed
930 204 958 237 si
982 217 1062 238 cau-

64 265 140 287 sam
158 252 225 286 illis
242 265 469 286 communem
495 259 620 286 nactus
643 254 712 286 dux
737 254 896 297 ipsorum
925 268 1063 289 creare-

63 310 141 344 tur,
183 305 349 347 sperabat
381 316 416 337 se
441 303 543 336 facile
570 304 800 348 decepturum
829 318 901 339 esse
926 307 1004 340 illos
1028 313 1062 340 et

63 367 331 399 persuasurum.
373 355 499 387 Videte
517 355 644 399 igitur,
662 369 769 400 quain
789 358 914 391 callide
933 371 988 392 res
1008 358 1061 390 in-

63 412 196 439 structa
226 406 281 440 sit.
348 406 511 445 Perficst,
552 413 591 439 ut
615 405 896 452 Amphictyones
921 416 954 442 et
977 421 1060 442 con-

62 469 176 491 sessus
201 457 360 491 iudicum
387 457 560 490 tumultus
584 458 755 499 excitent,
791 459 827 492 in
853 473 923 506 quo
949 461 1060 493 ratio-

61 509 249 542 cinabatur
272 509 443 542 auxilium
471 520 490 541 a
513 521 548 542 se
568 509 742 553 petituros
758 523 850 549 esse;
882 518 918 544 at
932 512 961 545 si
981 512 1059 557 quis

60 572 102 593 ex
117 560 188 593 suis
203 560 327 604 legatis
352 566 413 593 aut
430 560 533 594 sociis
551 561 743 595 tumultum
761 562 949 603 movisset,
983 575 1058 596 rem

58 618 259 656 suspectam
274 612 351 645 fore
368 609 550 645 Thessalis
566 618 599 645 et
615 610 799 647 Thebanis
811 641 820 654 ,
850 620 883 646 et
899 621 1060 658 sumptu-

57 675 118 696 ros
135 675 208 697 esse
225 675 325 696 arma
344 663 576 707 intelligebat.
631 664 699 697 Sed
721 664 750 697 si
764 663 991 699 Atheniensis
1010 666 1059 697 le-

59 720 180 758 gatus,
216 720 249 747 et
267 726 285 747 a
304 714 426 754 vobis,
462 715 524 759 qui
549 715 581 747 ei
608 715 745 747 inimici
768 716 893 756 eratis,
919 716 1058 756 missus,

56 765 143 798 belli
158 777 283 799 suasor
300 772 410 805 esset,
444 778 566 798 errore
586 778 791 800 assensuros
810 779 882 801 esse
899 774 1058 801 caeteros

56 816 296 861 intelligebat;
321 817 412 851 sicut
427 817 565 850 accidit.
601 817 780 851 Conduxit
794 818 903 862 igitur
914 817 1059 853 Aeschi-

55 879 159 909 nem,
188 868 270 914 qui,
298 875 338 902 ut
363 868 452 902 solet
477 869 573 912 apud
590 880 654 902 vos
674 869 769 909 fieri,
798 870 941 903 nemine
961 870 1058 916 quic-

57 931 167 965 quam
207 919 294 953 mali
331 920 553 963 suspicante,
600 931 621 952 a
656 919 769 953 tribus
809 928 870 954 aut
902 928 1058 967 quatuor

55 971 205 1011 electus,
247 976 282 1003 et
314 971 450 1014 legatus
479 970 706 1005 renuntiatus
733 978 795 1005 est.
859 973 1057 1018 Postquam

55 1027 176 1055 autem
200 1022 393 1055 autoritate
415 1022 557 1066 publica
587 1028 745 1056 armatus
771 1023 870 1056 venit
899 1025 944 1057 ad
971 1024 1058 1057 Am-

54 1070 287 1118 phictyonas,
323 1072 463 1106 omissis
486 1073 653 1107 omnibus
676 1073 754 1107 aliis
775 1074 880 1108 rebus
906 1088 990 1109 mox
1016 1088 1055 1109 ea

55 1124 179 1157 moliri
197 1124 333 1169 coepit,
361 1124 407 1156 ad
423 1136 515 1169 quae
532 1125 727 1158 conductus
745 1132 832 1159 erat.

156 1174 279 1220 Fingit
294 1175 491 1219 speciosam
510 1176 669 1209 fabulam
695 1177 737 1209 de
763 1176 910 1221 regione
935 1189 1057 1212 conse-

54 1232 172 1266 crata,
201 1233 235 1259 et
257 1225 442 1266 homines,
471 1227 533 1271 qui
555 1227 658 1259 facile
688 1227 917 1271 decipiuntur
940 1229 1055 1273 specie

52 1276 255 1321 religionis,
291 1283 325 1310 et
348 1289 423 1310 non
441 1277 667 1322 prospiciunt
686 1278 825 1318 futura,
852 1281 1056 1323 persuadet,

50 1334 92 1362 ut
106 1329 288 1362 decretum
306 1328 458 1369 faciant,
485 1335 526 1362 ut
551 1328 660 1362 armis
680 1329 767 1361 novi
792 1330 911 1362 coloni
937 1343 978 1363 ex
1001 1343 1056 1364 re-

51 1379 158 1424 gione
173 1380 366 1424 pellantur,
386 1392 495 1425 quam
510 1379 655 1425 quidem
664 1378 936 1424 Amphissenses
954 1394 1056 1415 suam

53 1443 127 1465 esse
144 1431 390 1471 affirmabant,
416 1431 492 1475 ipse
508 1443 595 1464 vero
613 1432 854 1465 contendebat
870 1444 1056 1467 consecra-

52 1488 127 1515 tam
145 1494 231 1516 esse.
285 1482 359 1517 Nec
372 1481 481 1515 Locri
498 1489 603 1522 tunc,
630 1489 670 1515 ut
686 1482 760 1527 ipse
777 1483 885 1525 dixit,
914 1497 1056 1518 accusa-

52 1533 190 1566 tionem
215 1539 341 1566 contra
365 1546 430 1567 vos
456 1533 705 1573 instituerant,
738 1546 804 1568 nec
830 1547 870 1568 ea
889 1536 1056 1579 agebant,

51 1597 144 1630 quae
162 1585 227 1618 iste
244 1597 340 1619 nunc
357 1591 504 1625 narrat,
531 1591 571 1618 ut
592 1591 776 1629 praetexat
800 1586 957 1631 aliquid,
993 1599 1056 1621 cur

52 1637 223 1671 adversus
246 1634 518 1681 Amphissenses
549 1635 687 1681 alioqui
714 1637 941 1672 calamitosos
965 1637 1054 1672 iuste

50 1686 279 1721 incanduisse
311 1688 488 1721 videatur.
553 1688 605 1721 Ac
636 1688 719 1720 inde
745 1689 946 1732 cognoscite
972 1702 1054 1723 eum

51 1738 140 1772 falsa
160 1739 289 1773 dicere.
326 1739 410 1774 Non
423 1739 553 1772 licebat
571 1739 833 1773 accusationem
851 1747 975 1775 contra
991 1753 1055 1775 vos

50 1789 213 1831 institui,
251 1790 321 1824 nisi
352 1790 452 1835 prius
484 1789 523 1822 in
549 1790 604 1823 ius
629 1791 748 1824 vocati
772 1792 904 1826 essetis.
965 1792 1056 1837 Quis

50 1841 162 1885 igitur
185 1841 365 1875 citationis
386 1847 448 1875 aut
470 1841 618 1875 nuntius
643 1848 705 1875 aut
727 1843 823 1877 testis
848 1843 940 1877 fuit?

53 1905 161 1939 quem
180 1893 431 1937 magistratum
453 1892 574 1925 citatio
598 1893 782 1937 proposita
805 1894 881 1928 est?
932 1895 1056 1929 Nemi-

50 1956 156 1985 nem,
183 1944 247 1990 qui
261 1944 369 1985 sciat,
397 1944 514 1977 dicere
531 1950 668 1988 potest,
702 1946 763 1979 sed
780 1943 873 1979 hanc
886 1946 1054 1981 fabellam

52 2001 194 2029 tantum
216 2002 420 2040 praetextus
445 2007 550 2029 causa
578 1996 690 2029 finxit.
750 1996 841 2030 Cum
864 1997 973 2041 igitur
997 1999 1056 2033 isti

53 2046 286 2080 circumirent
313 2047 499 2091 regionem
532 2044 639 2080 huius
671 2045 924 2082 adhortatione
953 2050 1055 2091 moti,

53 2097 162 2131 Locri
180 2099 319 2142 impetu
335 2099 373 2131 in
387 2096 670 2143 Amphictyonas
688 2099 782 2132 facto
799 2112 913 2144 paene
932 2114 1055 2136 omnes

53 2150 311 2191 vulnerarunt,
350 2151 526 2196 quosdam
560 2149 669 2182 etiam
704 2150 864 2195 captivos
901 2152 1055 2187 abduxe-

53 2208 150 2236 runt.
208 2201 288 2235 Hoc
305 2213 385 2235 cum
401 2201 524 2235 fuisset
543 2200 687 2235 initium
705 2202 972 2237 accusationum
985 2230 994 2244 ,
1022 2210 1057 2238 et

51 2253 137 2287 belli
171 2259 295 2286 contra
326 2251 632 2298 Amphictyonas,
674 2253 831 2297 primum
856 2252 1056 2300 Cottyphus

52 2305 125 2338 dux
155 2311 294 2339 creatus
324 2311 395 2346 est,
438 2303 500 2350 qui
530 2316 751 2350 quamquam
778 2306 929 2339 vocabat
954 2306 1055 2346 alios,

52 2361 175 2389 tamen
200 2356 306 2401 pauci
335 2355 546 2396 veniebant,
590 2362 626 2389 et
651 2357 713 2402 qui
736 2364 929 2399 venerant,
964 2356 1057 2391 nihil

53 2408 220 2452 agebant.
279 2406 404 2453 Itaque
421 2407 586 2453 sequenti
602 2420 768 2443 consessu
786 2410 931 2456 quidam
949 2410 1055 2444 scele-

53 2459 144 2499 rati,
169 2465 204 2492 et
227 2458 301 2491 iam
326 2458 412 2492 olim
434 2459 597 2493 scelerati
612 2457 793 2502 Thessali,
830 2468 864 2495 et
886 2462 990 2495 multi
1018 2462 1056 2496 in

57 2510 137 2544 aliis
168 2510 317 2544 urbibus
359 2510 537 2555 speciosos
571 2517 775 2555 praetextus
810 2514 1054 2548 ostenderunt.

57 2560 236 2595 Dicebant
261 2561 357 2595 enim
387 2568 448 2595 aut
472 2562 628 2597 Graecos
655 2563 751 2608 ipsos
779 2572 946 2610 oportere
971 2577 1056 2598 con-

57 2613 151 2647 ferre
176 2614 366 2658 pecuniam
395 2614 441 2646 ad
468 2613 615 2648 alendos
646 2617 887 2651 conducticios
913 2617 1055 2657 milites,

59 2671 95 2697 et
122 2665 251 2709 punire
282 2677 358 2699 non
389 2665 629 2706 conferentes,
666 2674 728 2701 aut
753 2668 955 2713 eligendum
982 2680 1054 2702 esse

55 2713 278 2761 Philippum.
333 2716 429 2762 Quid
447 2729 536 2764 opus
552 2723 603 2751 est
616 2717 724 2763 longa
741 2721 961 2762 narratione,
988 2718 1054 2754 hac

110 2774 292 2806 MELANTH.
314 2776 421 2808 OPER.
444 2777 530 2808 Vm..
552 2777 660 2808 XVII.

488 114 888 151 INTERPRETATIO
917 117 1178 154 ORATIONIS
1204 119 1549 155 DEMOSTHENIS
1576 121 1640 155 DE
1669 122 1880 159 CORONA.

2040 128 2116 164 834

1116 206 1301 240 occasione
1320 207 1391 239 dux
1406 213 1544 240 creatus
1562 213 1624 248 est,
1646 209 1837 256 statimque
1855 212 2001 246 collecto
2019 226 2116 248 exer-

1116 256 1187 290 citu
1210 258 1307 290 velut
1333 256 1542 292 Cirrhaeam
1571 259 1779 302 invasurus,
1819 261 1912 296 hanc
1945 265 2114 300 omittens

1114 314 1210 341 recta
1236 307 1424 343 Elataeam
1449 310 1603 351 accedit,
1646 324 1796 358 eamque
1833 322 1993 359 occupat.
2061 316 2115 351 Ibi

1113 359 1182 392 nisi
1208 357 1373 393 Thebani
1404 362 1648 405 resipiscentes
1672 376 1707 397 se
1731 365 1835 398 nobis
1858 367 2114 410 adiunxissent,

1114 416 1188 443 tota
1205 411 1288 443 belli
1304 413 1415 446 moles
1435 426 1498 446 ceu
1514 420 1654 448 torrens
1669 415 1786 449 subito
1814 414 1906 450 hanc
1932 418 2114 454 civitatem

1114 462 1357 506 oppressisset.
1408 463 1500 497 Eum
1519 477 1605 498 vero
1624 466 1797 511 impeturn
1816 468 1867 500 illi
1881 467 2044 502 Thessali
2059 484 2115 505 re-

1112 520 1328 556 presserant,
1357 514 1469 548 immo
1486 528 1572 549 vero
1584 516 1652 550 Dei
1669 530 1750 562 erga
1768 531 1834 553 nos
1848 520 2113 563 benevolentia,

1113 570 1147 596 et
1171 571 1345 609 quantum
1370 567 1476 600 unius
1499 567 1568 600 viri
1591 569 1738 602 consilio
1764 571 1853 604 effici
1878 571 2015 616 potuit,
2049 586 2114 617 per

1111 627 1169 648 me
1185 621 1270 648 tunc
1285 628 1387 649 mora
1405 615 1566 652 hostibus
1584 618 1712 653 iniecta
1730 628 1792 655 est.
1826 622 1951 656 Recita
1969 624 2112 658 decreta

1114 672 1148 699 et
1175 672 1359 711 tempora,
1394 675 1434 702 ut
1458 669 1626 710 videatis,
1663 679 1813 716 quantas
1839 686 1895 708 res
1921 675 2010 708 illud
2034 688 2113 710 exe-

1112 718 1243 751 crabile
1263 725 1370 763 caput
1396 720 1568 761 turbarit,
1604 734 1670 765 pro
1698 736 1768 768 quo
1794 725 1923 759 scelere
1947 728 2111 761 nondum

1111 781 1246 814 poenas
1272 770 1390 804 solvit.

1292 857 1525 889 Decretum
1554 858 1927 902 Amphictyonum.

1213 923 1397 957 Sacerdote
1424 925 1605 967 Clinayora
1630 927 1666 958 iu
1691 938 1792 959 verno
1815 939 1970 961 consessu
1994 930 2112 963 decre-—

1111 978 1231 1006 verunt
1253 976 1380 1008 iudices
1400 976 1703 1020 Amphictyonum,
1738 982 1793 1018 ut,
1825 984 1998 1024 postquam
2023 983 2110 1014 Am-

1108 1024 1299 1066 phissenses
1322 1027 1468 1069 inyressi
1486 1029 1654 1070 reyionem
1668 1034 1899 1063 consecratam
1918 1032 1965 1064 ibi
1990 1036 2109 1066 serunt

1109 1080 1141 1108 et
1156 1081 1319 1118 pascunt,
1345 1079 1506 1111 accedant
1527 1090 1563 1111 eo
1588 1080 1733 1119 iudices,
1766 1084 1798 1113 et
1812 1082 2111 1124 Amphissensibus

1109 1127 1339 1161 iuramentum
1362 1130 1398 1161 in
1422 1129 1575 1162 columna
1597 1131 1761 1173 scriptum
1784 1134 1945 1172 recitent,
1982 1139 2014 1167 et
2035 1135 2110 1167 eius

1110 1179 1259 1221 reqionis
1280 1191 1375 1212 usum
1390 1181 1439 1213 eis
1456 1181 1667 1223 prohibeant.

1401 1264 1539 1298 Aliud
1564 1266 1808 1299 Decretum.

1213 1331 1395 1364 Sacerdote
1418 1332 1598 1375 Clinayora
1628 1335 1666 1366 in
1697 1346 1799 1368 verno
1823 1347 1978 1372 consessu
2001 1342 2110 1376 visum

1108 1385 1157 1413 est
1182 1383 1408 1415 assessoribus
1430 1387 1462 1416 et
1486 1385 1652 1418 iudicibus
1675 1387 1976 1431 Amphictyonum,
2014 1399 2110 1435 post..

1109 1443 1210 1477 quam
1225 1434 1484 1476 Amphissenses
1503 1447 1636 1469 sacram
1659 1439 1828 1480 reyionem
1852 1442 1981 1482 colunt,
2016 1449 2050 1478 et
2072 1447 2109 1479 in

1108 1495 1147 1515 ea
1163 1489 1326 1526 pascunt,
1355 1487 1440 1530 quod
1456 1498 1497 1518 ne
1510 1486 1665 1529 facerent
1678 1500 1751 1522 cum
1767 1491 2018 1535 prohibuimus,
2047 1508 2110 1530 ar-

1109 1537 1194 1568 mati
1209 1547 1269 1569 nos
1286 1537 1504 1577 invaserunt,
1532 1539 1715 1584 multosque
1730 1541 1971 1585 vulnerarunt,
1998 1551 2031 1580 et
2044 1548 2109 1580 du-

1108 1599 1177 1620 cem
1195 1588 1392 1630 Cottyphum
1410 1590 1617 1622 Arcadicum
1633 1603 1654 1623 a
1680 1592 1775 1625 nobis
1795 1593 1930 1628 electum
1956 1599 2111 1631 misimus

1108 1638 1253 1682 leyatum
1275 1640 1320 1672 ad
1340 1639 1556 1682 Philippum,
1593 1646 1629 1675 ut
1650 1645 1761 1676 sacris
1780 1645 1952 1686 Apollinis
1974 1653 2007 1681 et
2022 1651 2110 1682 Am·-

1105 1690 1342 1732 phictyonibus
1359 1692 1615 1732 auxiliaretur,
1643 1706 1685 1727 ne
1699 1695 1740 1727 ab
1755 1696 1870 1738 impiis
1885 1699 2110 1741 Amphissen-

1108 1741 1201 1774 sibus
1217 1741 1335 1784 reliyio
1349 1743 1552 1783 violaretur,
1580 1749 1678 1790 atque
1691 1757 1766 1778 eum
1780 1748 1979 1783 dictatorem
1996 1753 2110 1785 creari

1108 1804 1129 1825 a
1148 1794 1306 1832 Graecis,
1334 1795 1392 1838 qui
1410 1795 1463 1827 ius
1479 1794 1625 1829 habeant
1639 1798 1774 1830 consilii
1788 1800 2084 1844 Amphictyonum.

1211 1859 1286 1904 Age
1309 1859 1419 1893 recita
1449 1865 1485 1893 et
1512 1866 1697 1906 tempora,
1739 1865 1868 1908 quibus
1895 1864 1984 1901 haec
2013 1869 2107 1904 facta

1108 1917 1202 1946 sunt.
1255 1911 1418 1945 Fuerunt
1446 1911 1542 1944 enim
1570 1925 1629 1955 ea,
1658 1914 1786 1960 quibus
1809 1917 1875 1952 iste
1890 1917 2108 1965 Pylagoram

1109 1963 1191 2008 egit.
1242 1962 1368 1996 Recita
1387 1969 1564 2008 tempora.

1211 2027 1357 2060 Praetor
1371 2027 1600 2061 Mnesithides
1619 2026 1678 2061 16.
1696 2029 1751 2062 die
1765 2030 1977 2064 Novembris.

1212 2085 1337 2119 Recita
1359 2092 1394 2119 et
1414 2087 1601 2131 epistolam
1614 2114 1624 2128 ,
1652 2100 1779 2134 quam,
1808 2096 2000 2136 postquam
2013 2088 2109 2124 The-

1108 2135 1194 2169 bani
1210 2149 1286 2171 non
1303 2145 1517 2183 receperunt
1533 2151 1633 2181 eum,
1668 2140 1765 2174 misit
1788 2142 1831 2173 ad
1851 2142 1966 2175 socios
1987 2142 2026 2175 in
2041 2142 2109 2176 Pe-

1107 2187 1347 2232 loponnesum
1360 2215 1370 2229 ,
1407 2196 1449 2222 ut
1480 2190 1565 2222 inde
1598 2192 1691 2224 clare
1716 2192 1942 2237 intelligatis,
1983 2206 2108 2227 veram

1109 2250 1267 2280 causam,
1296 2240 1394 2286 quod
1409 2240 1574 2274 videlicet
1593 2244 1824 2288 occupandae
1837 2244 2008 2277 Graeciae
2025 2258 2110 2278 con-

1108 2290 1188 2324 silio
1207 2291 1532 2336 bellumffmoverit,
1561 2294 1796 2333 dissimulari3
1831 2296 1971 2329 ostendi
1987 2302 2107 2330 autem

1108 2341 1146 2375 in
1161 2343 1314 2387 speciem
1331 2343 1400 2377 alia
1421 2344 1579 2388 negotia.
1637 2345 1710 2380 Has
1736 2346 1939 2382 occasiones
1962 2354 1997 2382 et
2010 2345 2108 2383 hunc

1108 2400 1331 2439 praetextum
1348 2393 1407 2429 hic
1422 2393 1616 2430 Aeschines
1635 2397 1666 2430 ei
1683 2397 1862 2442 praebuit.

1385 2481 1593 2525 Epistola
1619 2482 1836 2526 Philippi.

1129 2550 1209 2584 Rex
1224 2551 1451 2585 Macedonum
1466 2552 1732 2595 Maqistratibus
1746 2555 1911 2588 sociorum
1925 2555 2079 2590 salutem.

1210 2620 1392 2664 Postquam
1416 2620 1522 2653 Locri
1548 2620 1584 2652 in
1605 2621 1790 2663 Amphissa
1809 2623 1999 2659 habitantes
2020 2632 2106 2660 tem-

1079 2666 1082 2699 ἶ
1104 2669 1196 2712 plum
1211 2670 1400 2710 violarunt,
1434 2675 1467 2704 et
1482 2682 1615 2705 sacram
1632 2674 1801 2716 reyionem
1815 2677 1941 2709 armati
1953 2679 2106 2720 populati

1080 2711 1082 2740 l
1107 2725 1205 2761 sunt,
1240 2722 1361 2765 templo
1383 2722 1547 2757 vobiscum
1574 2734 1666 2765 opem
1686 2724 1782 2768 ferre
1803 2727 1954 2768 decrevi,
1991 2734 2025 2764 et
2045 2731 2106 2764 de-

1544 2771 1593 2808 53
