2351 2990
240 137 315 174 895

240 233 291 260 set
307 223 436 258 horum
457 220 572 253 oratio
586 246 595 258 ,
617 226 650 252 et
668 219 696 253 si
714 218 859 252 fuissent
875 215 1034 249 diversae
1060 215 1103 247 de
1127 225 1229 258 prae-

241 275 352 310 coniis
368 272 538 306 faciendis
552 271 662 315 leges,
688 266 1002 313 deprehendissent
1024 278 1082 299 eas
1108 277 1230 298 censo-

240 340 314 366 res,
354 326 517 368 factaque
548 327 720 366 potestate
748 319 921 351 latoribus
944 317 1081 361 legum,
1123 322 1163 349 ut
1187 316 1229 348 de

239 390 302 413 sua
317 377 392 421 lege
409 375 557 421 quisque
575 373 705 405 diceret
721 382 786 415 pro
813 369 1001 407 concione,
1034 368 1145 400 altera
1171 366 1230 399 ab-

240 434 365 473 rogata
382 432 490 465 esset,
515 424 570 456 vel
592 434 681 468 quae
707 421 882 467 permittit
906 420 943 452 in
963 417 1103 452 theatro
1129 429 1231 462 prae-

242 479 344 514 conia
361 477 455 515 fieri,
481 475 536 508 vel
553 486 643 519 quae
661 479 767 507 vetat.
807 471 939 504 Verum
961 483 1040 503 cum
1058 469 1126 502 tale
1142 466 1231 501 nihil

241 529 426 567 acciderit,
450 526 567 570 palam
584 531 656 564 est,
684 536 744 557 eos
762 535 837 556 non
854 522 962 556 modo
986 521 1073 554 falsa
1101 519 1231 560 dicere,

241 583 301 617 sed
319 580 426 614 etiam
444 575 689 621 impossibilia.

343 630 411 664 Sed
432 627 614 673 quomodo
631 625 718 660 haec
744 624 815 659 sint
840 623 1010 663 conficta,
1043 632 1232 666 exponam,

242 688 431 728 postquam
463 678 606 717 dixero,
645 689 755 723 quare
778 676 870 719 leges
893 676 935 708 de
959 672 1158 718 praeconiis
1182 672 1232 704 sa-

242 733 374 767 ciendis
393 730 556 764 conditae
573 729 654 763 sint.
708 727 797 761 Cum
822 726 859 759 in
883 726 970 759 urbe
998 724 1072 758 ludi
1096 725 1232 763 fierent,

242 785 388 831 quidam
407 780 599 827 praeconia
624 779 802 812 faciebant
824 777 899 811 sine
924 775 1049 820 populi
1071 774 1233 813 decretis,

240 834 610 877 renuntiabanturque
626 842 778 864 coronae
795 828 965 873 privatim
981 828 1154 866 decretae,
1172 825 1234 869 ¹vel

242 900 261 921 a
284 885 492 923 tribulibus,
535 882 592 915 vel
614 894 633 915 a
660 881 867 926 gentilibus;
910 878 972 911 alii
1000 890 1082 911 suos
1113 888 1233 911 servos

241 935 543 971 manumittebant
560 959 570 974 ‚
623 932 767 977 eiusque
805 928 1095 963 manumissionis
1131 933 1234 961 testes

240 987 398 1033 hospites
428 985 621 1022 faciebant;
664 983 745 1023 alii,
787 982 884 1027 quod
908 987 983 1014 erat
1004 979 1234 1019 invidiosum,

241 1038 487 1075 subornabant
504 1034 683 1079 hospites,
718 1033 780 1079 qui
806 1044 956 1066 coronas
979 1031 1046 1064 sibi
1068 1032 1234 1064 decerne-

242 1098 339 1130 rent,
367 1089 473 1133 idque
493 1086 645 1131 agebant
661 1084 736 1119 sine
754 1090 896 1118 senatus
922 1094 961 1116 ac
985 1082 1110 1127 populi
1134 1087 1234 1114 auto-

242 1142 366 1180 ritate,
393 1146 428 1172 et
450 1138 525 1172 sine
550 1138 692 1170 decreto
715 1142 852 1175 vestro,
886 1146 931 1166 ne
956 1133 1057 1166 vobis
1083 1131 1234 1177 gratiam

242 1204 308 1238 pro
333 1203 374 1225 eo
398 1188 536 1223 honore
557 1188 746 1227 deberent,
780 1187 841 1220 sed
865 1184 1001 1218 iniussu
1025 1191 1143 1218 vestro
1169 1181 1235 1217 hos

242 1243 398 1278 honores
415 1240 615 1285 rapiebant.
667 1238 720 1271 Ex
740 1249 779 1271 ea
796 1249 833 1270 re
851 1248 954 1280 saepe
972 1235 1118 1275 accidit,
1146 1240 1180 1267 et
1196 1240 1236 1267 ut

242 1295 318 1329 ludi
346 1292 688 1329 interturbarentur‚
725 1295 759 1322 et
784 1294 823 1321 ut
845 1287 999 1331 amplior
1021 1285 1138 1320 honos
1160 1285 1235 1319 istis

241 1345 455 1383 haberetur,
483 1354 591 1387 quam
619 1340 746 1386 quibus
772 1339 926 1384 populus
949 1339 1155 1371 decreverat
1178 1349 1235 1370 co-

243 1409 362 1431 ronas.
415 1393 478 1427 Est
496 1393 590 1426 enim
606 1392 703 1425 locus
721 1397 836 1424 certus
852 1389 1076 1433 designatus,
1099 1388 1161 1422 ubi
1181 1400 1235 1420 re-

243 1447 454 1482 nuntientur
471 1455 625 1477 coronae
643 1455 661 1475 a
680 1441 814 1487 populo
833 1442 1014 1480 decretae,
1045 1451 1174 1484 nempe
1198 1439 1236 1471 in

244 1498 434 1536 concione,
461 1507 526 1528 nec
545 1494 630 1527 alibi
653 1504 822 1538 usquam;
856 1491 914 1525 isti
936 1497 1054 1524 autem
1079 1490 1117 1523 in
1138 1488 1236 1523 thea-

244 1558 300 1584 tro
318 1547 604 1585 coronabantur,
625 1550 659 1578 et
677 1556 756 1577 cum
775 1542 854 1576 aliis
877 1554 918 1576 ex
941 1542 1090 1576 decretis
1112 1540 1237 1574 vestris

245 1603 498 1635 decerneretur
518 1595 654 1635 honos,
689 1595 746 1628 isti
770 1593 844 1627 sine
877 1594 1018 1626 decreto
1050 1593 1238 1637 rapiebant

247 1665 341 1686 eum.
394 1649 491 1682 Haec
507 1660 586 1681 curn
610 1645 738 1691 aliquis
763 1644 1091 1685 animadvertisset,
1123 1644 1237 1687 legem

245 1704 327 1737 tulit
344 1699 435 1735 nihil
454 1699 691 1744 pertinentem
709 1697 754 1729 ad
777 1708 855 1736 eos,
892 1695 954 1741 qui
977 1707 997 1728 a
1020 1696 1154 1740 populo
1181 1707 1238 1728 co-

245 1759 442 1791 ronantur,
469 1762 585 1795 neque
603 1749 742 1782 solvens
757 1747 870 1791 legem
882 1773 891 1787 ,
926 1759 1017 1792 quae
1034 1747 1076 1780 de
1094 1747 1161 1780 illis
1179 1758 1238 1779 ex-

247 1812 317 1842 tat·‚
367 1814 482 1848 neque
516 1801 611 1834 enim
646 1799 770 1832 concio
801 1798 1127 1838 interturbabatur,
1178 1798 1239 1831 sed

246 1856 340 1893 ludi;
367 1865 481 1899 neque
496 1852 552 1885 lex
569 1851 687 1896 aliqua
706 1850 884 1882 contraria
908 1849 1086 1883 veteribus
1109 1848 1238 1893 scripta

248 1914 315 1944 est;
342 1916 457 1950 neque
478 1903 572 1936 enim
591 1903 672 1935 licet
685 1899 753 1934 hoc
770 1900 858 1941 fieri,
885 1901 945 1934 sed
960 1900 1030 1933 lata
1048 1907 1099 1934 est
1113 1901 1155 1933 de
1174 1898 1240 1940 his,

248 1958 309 2005 qui
334 1957 408 1991 sine
433 1954 557 1988 vestris
581 1952 730 1986 decretis
760 1958 981 1984 coronantur
1005 1964 1023 1984 a
1050 1951 1240 1985 tribulibus

247 2016 308 2043 aut
324 2006 513 2052 gentilibus
537 2005 627 2044 suis,
664 2010 698 2036 et
722 2003 763 2035 de
789 2000 863 2043 his,
898 2002 960 2048 qui
982 2003 1242 2036 manumittunt

247 2072 387 2099 servos,
419 2063 452 2090 et
468 2058 510 2089 de
528 2054 710 2100 hospitum
727 2054 884 2092 coronis;
920 2059 954 2086 et
972 2054 1064 2086 clare
1091 2060 1187 2087 vetat
1204 2054 1242 2086 in

247 2110 386 2145 theatro
405 2120 525 2143 servos
541 2105 793 2140 manumittere
810 2111 871 2137 aut
889 2116 1039 2139 coronas
1056 2104 1241 2139 tribulium

249 2169 283 2196 et
302 2160 487 2206 gentilium
512 2164 572 2191 aut
590 2157 743 2190 aliorum
766 2155 992 2197 renuntiare,
1021 2163 1055 2189 et
1071 2162 1172 2189 notat
1189 2156 1242 2189 in-

247 2213 355 2246 famia
373 2209 651 2245 renuntiantem.
704 2207 859 2252 Quando
876 2206 984 2250 igitur
1006 2208 1061 2240 lex
1084 2208 1182 2241 iubet
1204 2207 1242 2240 in

249 2271 392 2303 senatu,
420 2262 457 2295 in
475 2260 647 2294 concione
663 2271 748 2291 vero
767 2259 944 2291 decretam
971 2271 990 2291 a
1018 2259 1173 2303 populo,
1209 2265 1243 2292 et

250 2321 345 2347 vetat
361 2315 398 2346 in
414 2312 506 2347 ludis
523 2310 730 2345 renuntiare
748 2311 926 2343 decretam
943 2321 961 2341 a
988 2310 1178 2343 tribulibus
1202 2322 1242 2343 ac

251 2366 459 2409 gentilibus,
486 2376 530 2397 ne
546 2363 625 2409 quis
642 2361 785 2394 inanem
807 2360 1104 2394 existimationem
1124 2373 1243 2394 emen-

250 2416 374 2449 dicatis
400 2415 541 2449 coronis
565 2413 726 2457 colligat,
759 2412 845 2458 quid
870 2412 1085 2457 relinquitur
1111 2412 1181 2446 nisi
1205 2419 1244 2446 ut

251 2468 354 2500 liceat
370 2464 503 2509 hospiti
522 2476 671 2498 coronas
688 2464 725 2496 in
744 2464 835 2497 ludis
853 2463 1085 2497 renuntiare?
1134 2464 1242 2509 Quod

251 2525 371 2551 autem
388 2528 469 2549 vera
487 2517 614 2556 dicam,
641 2528 809 2558 magnum
827 2514 967 2558 signum
983 2515 1083 2549 vobis
1102 2527 1142 2548 ex
1159 2515 1243 2559 ipsis

251 2569 386 2613 legibus
421 2567 616 2600 ostendam.
682 2566 774 2600 Nam
805 2566 902 2598 illam
929 2567 1042 2609 ipsam
1071 2578 1242 2599 coronam

251 2617 447 2663 hospitum,
476 2629 565 2662 quae
581 2617 721 2661 publico
740 2617 933 2661 praeconio
949 2617 986 2649 in
1002 2617 1094 2651 ludis
1111 2618 1243 2651 donata

253 2677 324 2709 est,
352 2670 407 2703 lex
422 2669 561 2702 dedicat
578 2667 762 2701 Minervae
781 2669 985 2712 ademptam
1012 2668 1063 2709 ei,
1100 2669 1161 2715 qui
1187 2681 1243 2702 co-

252 2721 406 2755 ronavit.
446 2719 556 2766 Atqui
573 2719 651 2765 quis
669 2724 803 2751 tantam
820 2720 1095 2753 illiberalitatem
1112 2720 1245 2754 tribuat

814 130 936 166 PHIL.
974 129 1086 164 MEL.
1119 126 1320 162 SCRIPTA
1347 126 1682 163 PHILOLOGICA.

2196 126 2271 162 896

1282 213 1416 257 populo
1439 211 1670 247 Atheniensi?
1732 212 1874 246 Etenim
1904 224 1978 245 non
2002 213 2110 246 modo
2136 211 2272 253 civitas,

1281 265 1341 298 sed
1360 275 1404 297 ne
1421 264 1580 308 privatus
1598 264 1740 310 quidem
1758 264 1850 297 ullus
1866 269 1939 296 tam
1965 263 2129 297 sordidus
2153 263 2272 303 fuerit,

1282 321 1322 348 ut
1345 326 1516 347 coronam
1542 327 1561 347 a
1585 327 1621 349 se
1645 316 1816 348 donatam
1845 314 1952 348 simul
1974 325 2014 347 ac
2037 314 2271 358 praeconium

1282 366 1414 398 sactum
1431 365 1493 405 sit,
1519 377 1641 399 rursus
1659 366 1804 400 adimat.
1849 365 1982 398 Verum
2001 365 2063 410 qui
2078 377 2212 399 corona
2229 365 2273 398 ab

1283 414 1484 460 hospitibus
1507 417 1646 449 decreta
1672 423 1743 457 est,
1781 416 1998 450 consecratio
2023 416 2183 450 instituta
2208 422 2273 456 est,

1283 479 1328 500 ne
1346 467 1425 512 quis
1442 464 1624 511 hospitum
1643 467 1929 500 benevolentiam
1956 467 2067 512 pluris
2093 479 2201 513 quam
2226 466 2273 499 ci-

1284 518 1381 551 vium
1399 518 1531 551 faciens
1550 517 1769 551 abalienetur
1785 530 1805 551 a
1820 518 1950 563 patria.
2010 518 2079 551 Sed
2102 529 2274 551 coronam

1284 581 1350 613 pro
1368 568 1537 602 concione
1555 569 1733 602 decretam
1749 580 1855 602 nemo
1873 570 1988 603 aufert
2004 575 2066 603 aut
2081 574 2276 608 consecrat,

1285 621 1345 653 sed
1361 619 1547 653 retinenda
1564 619 1737 659 traditur,
1763 626 1803 652 ut
1816 631 1889 652 non
1907 620 2021 653 solum
2039 620 2132 664 ipse,
2163 620 2225 654 sed
2240 625 2276 652 et

1285 670 1418 715 posteri
1437 670 1510 704 eius
1527 671 1625 704 domi
1642 676 1914 704 monumentum
1933 668 2100 711 habeant,
2126 683 2198 716 quo
2215 670 2277 703 ad-

1286 728 1521 762 moneantur,
1547 728 1718 767 quantam
1737 722 1841 754 fidem
1860 721 1997 765 patriae
2015 722 2179 755 debeant.
2230 719 2278 754 Et

1287 773 1332 805 ob
1362 770 1454 806 hauc
1485 785 1626 806 causam
1659 772 1787 805 adiecit
1813 772 2012 816 legislator,
2050 772 2277 817 peregrinam

1287 835 1458 856 coronam
1476 836 1550 856 non
1565 836 1638 858 esse
1656 823 1931 857 renuntiandam
1942 849 1952 863 ,
1977 823 2047 857 nisi
2062 823 2099 856 id
2115 823 2278 856 decreve-

1287 875 1334 907 rit
1350 875 1524 919 populus‚
1549 881 1589 908 ut
1604 873 1782 919 hospites,
1814 873 1875 920 qui
1901 874 2056 920 aliquem
2081 886 2123 907 ex
2145 873 2278 908 nostris

1287 925 1421 960 civibus
1445 937 1617 959 coronare
1640 925 1807 970 cupiunt,
1848 925 2040 970 impetrent
2065 922 2136 958 hoc
2164 936 2185 957 a
2213 936 2279 969 po-

1287 976 1393 1021 pulo,
1420 983 1459 1010 ut
1475 977 1562 1010 sciat
1587 977 1636 1016 is,
1671 977 1733 1022 qui
1757 983 1971 1016 coronatur,
2004 988 2040 1011 se
2064 988 2139 1009 non
2162 975 2280 1009 mino-

1288 1039 1362 1060 rem
1379 1027 1532 1072 gratiam
1550 1027 1651 1061 vobis
1667 1039 1775 1072 quam
1798 1025 1998 1072 hospitibus
2021 1028 2168 1067 debere,
2194 1026 2280 1073 quia

1287 1078 1520 1123 permiseritis
1536 1078 1766 1123 praeconium
1785 1078 1873 1113 fieri.
1931 1078 1978 1112 Et
2000 1079 2097 1124 quod
2118 1090 2203 1112 vera
2227 1077 2281 1111 di-

1288 1142 1385 1170 cam,
1412 1130 1504 1174 leges
1521 1130 1618 1174 ipsae
1635 1136 1738 1164 testes
1757 1136 1873 1163 erunt.
1925 1129 2015 1163 Cum
2036 1130 2144 1174 igitur
2162 1128 2281 1162 dicent

1288 1182 1332 1214 ad
1360 1181 1587 1225 decipiendos
1617 1193 1680 1215 vos
1715 1180 1821 1213 licere
1852 1192 2003 1215 coronas
2034 1181 2072 1213 in
2102 1180 2196 1214 ludis
2225 1191 2281 1213 re-

1288 1232 1473 1272 nuntiare,
1500 1232 1530 1266 si
1547 1232 1701 1277 populus
1720 1231 1932 1265 decreverit:
1960 1231 2108 1276 redigite
2130 1229 2218 1264 haec
2241 1231 2280 1263 in

1288 1283 1523 1323 memoriam,
1550 1284 1648 1328 quod
1673 1294 1746 1315 non
1773 1282 1877 1315 liceat
1900 1295 2050 1316 coronas
2073 1283 2111 1315 in
2136 1280 2278 1315 theatro

1287 1333 1515 1373 renuntiare,
1556 1334 1617 1367 sed
1648 1339 1787 1366 tantum
1819 1334 1969 1367 donatas
1998 1334 2042 1367 ab
2067 1331 2280 1378 hospitibus.

1289 1384 1358 1417 Sed
1373 1397 1451 1418 cum
1467 1384 1620 1429 populus
1639 1396 1810 1417 coronam
1826 1385 2004 1424 decrevit,
2032 1384 2103 1417 alio
2122 1384 2202 1417 loco
2227 1383 2281 1417 iu-

1288 1435 1373 1468 bent
1393 1435 1486 1479 leges
1511 1435 1742 1479 praeconium
1766 1435 1855 1469 fieri.
1919 1434 2052 1468 Vetant
2078 1434 2174 1469 enim
2205 1433 2284 1468 fieri

1290 1493 1387 1519 extra
1406 1486 1627 1520 concionem.
1665 1485 1758 1520 Nam
1776 1486 1874 1531 quod
1890 1485 2076 1532 inquiunt,
2101 1497 2281 1533 nusquam

1291 1537 1395 1577 alibi,
1423 1538 1479 1570 vel
1495 1537 1525 1571 si
1541 1544 1615 1570 tota
1635 1537 1692 1570 die
1718 1537 1910 1578 cavilleris,
1945 1544 2066 1571 tamen
2089 1538 2182 1571 elabi
2204 1550 2280 1571 non

1290 1588 1444 1633 poteris,
1471 1601 1543 1634 quo
1558 1588 1677 1622 minus
1688 1590 1823 1634 geontra
1847 1589 1941 1633 leges
1963 1588 2142 1634 scripsisse
2164 1589 2285 1623 videa-

1291 1640 1350 1673 ris.
1412 1639 1564 1685 Reliqua
1588 1651 1670 1684 pars
1692 1646 1744 1673 est
1767 1639 1935 1681 actionis,
1969 1640 2006 1673 in
2033 1652 2104 1686 qua
2129 1640 2285 1675 maxime

1291 1689 1382 1724 mihi
1397 1691 1637 1725 laborandum
1656 1703 1729 1725 esse
1745 1691 1905 1736 intelligo
1916 1718 1926 1732 ,
1959 1703 2089 1736 nempe
2106 1692 2148 1725 de
2164 1704 2283 1734 causa,

1290 1748 1439 1787 propter
1457 1754 1566 1788 quam
1590 1754 1722 1775 corona
1746 1743 1885 1776 decreta
1908 1749 1970 1777 est.
2031 1743 2088 1777 Sic
2112 1743 2207 1776 enim
2234 1743 2285 1777 ait

1292 1794 1330 1826 in
1346 1794 1486 1827 decreto
1499 1820 1508 1834 ,
1532 1799 1566 1826 et
1584 1806 1715 1838 praeco
1732 1794 1914 1827 renuntiet
1934 1794 1972 1827 in
1995 1792 2136 1828 theatro
2161 1805 2283 1828 coram

1293 1845 1458 1886 Graecis,
1485 1846 1583 1890 quod
1610 1851 1757 1878 coronet
1781 1857 1861 1879 eum
1886 1846 2039 1890 populus
2054 1843 2282 1881 Atheniensis

1293 1896 1434 1930 virtutis
1453 1908 1577 1936 causa,
1605 1902 1638 1929 et
1660 1896 1831 1937 maxime,
1867 1896 1950 1942 quia
1973 1903 2173 1941 perseveret
2199 1909 2283 1931 con-

1293 1947 1442 1981 sulendo
1461 1948 1670 1993 agendoque
1686 1948 1775 1981 bene
1792 1949 1835 1981 de
1851 1948 1985 1992 populo
2003 1948 2145 1983 mereri.
2193 1949 2285 1983 Sim-

1294 1999 1374 2043 plex
1393 2005 1427 2031 et
1442 1999 1555 2032 facilis
1571 1999 1615 2031 ad
1631 1999 1861 2032 iudicandum
1879 1999 1994 2032 oratio
2010 2000 2147 2046 reliqua
2163 2000 2284 2034 futura

1295 2056 1357 2084 est.
1423 2049 1500 2083 Hoc
1525 2050 1619 2083 enim
1643 2063 1699 2083 me
1723 2051 1907 2084 ostendere
1932 2057 2094 2094 oportet,
2126 2049 2189 2086 has
2212 2051 2283 2085 De-

1294 2098 1490 2135 mosthenis
1505 2101 1627 2135 laudes
1643 2102 1747 2135 salsas
1764 2114 1855 2142 esse,
1883 2108 1917 2134 et
1941 2102 2039 2147 quod
2060 2114 2175 2148 neque
2201 2109 2283 2136 ante

1294 2152 1509 2197 reipublicae
1524 2153 1660 2186 utiliter
1678 2153 1913 2192 consuluerit,
1941 2164 2056 2198 neque
2082 2166 2178 2188 nunc
2203 2160 2285 2199 agat

1295 2216 1354 2244 ea,
1389 2216 1481 2250 quae
1504 2204 1638 2249 populo
1661 2204 1875 2238 conducunt.
1935 2204 2043 2249 Quod
2067 2205 2097 2239 si
2118 2202 2186 2239 hoc
2208 2206 2285 2250 pla-

1294 2268 1382 2289 num
1404 2256 1541 2295 fecero,
1584 2255 1660 2288 iure
1684 2253 1850 2300 Ctesipho
1882 2257 2157 2295 condemnetur;
2198 2268 2284 2290 nam

1296 2319 1418 2340 omnes
1446 2307 1538 2351 leges
1569 2303 1761 2350 prohibent
1793 2307 1878 2341 falsa
1903 2307 1940 2340 in
1962 2308 2111 2352 publicis
2134 2308 2284 2343 decretis

1295 2358 1460 2393 scribere.
1512 2358 1607 2391 Reus
1623 2364 1741 2391 autem
1765 2359 1944 2394 diversum
1972 2360 2156 2393 ostendere
2181 2360 2287 2393 debe-

1295 2410 1366 2448 bit;
1394 2422 1457 2443 vos
1473 2415 1589 2443 autem
1612 2409 1655 2442 de
1676 2409 1861 2457 utriusque
1885 2410 2047 2444 oratione
2072 2410 2287 2446 iudicabitis.

1295 2461 1411 2495 Porro
1429 2461 1477 2495 sic
1493 2473 1528 2495 se
1545 2473 1600 2494 res
1616 2458 1760 2496 habent.

1396 2513 1512 2547 Nimis
1535 2513 1682 2556 longum
1707 2519 1813 2553 esset,
1855 2512 2058 2546 universam
2081 2512 2190 2546 vitam
2212 2512 2285 2547 De-

1296 2561 1490 2598 mosthenis
1507 2576 1800 2599 commemorare.
1853 2564 1949 2609 Quid
1964 2564 2058 2597 enim
2073 2576 2162 2608 opus
2178 2571 2230 2598 est
2245 2564 2284 2598 in

1295 2613 1362 2648 hac
1394 2627 1496 2649 causa
1528 2615 1676 2649 recitare
1708 2628 1768 2656 ea,
1811 2627 1901 2661 quae
1933 2615 2138 2648 acciderunt
2167 2615 2221 2648 illi
2246 2615 2284 2649 in

1296 2666 1434 2699 actione
1451 2667 1494 2699 de
1512 2667 1671 2707 vulnere,
1699 2667 1843 2713 quando
1860 2666 1984 2710 nepoti
1999 2678 2062 2699 suo
2080 2666 2173 2699 diem
2191 2668 2286 2711 apud

1296 2718 1529 2764 Areopagitas
1552 2718 1650 2753 dixit.
1702 2718 1827 2764 Neque
1850 2718 1996 2762 prodest
2017 2715 2073 2750 hic
2099 2717 2214 2751 dicere
2241 2719 2284 2751 de
