2294 2975
112 136 156 171 19
682 127 805 166 PHIL.
841 128 954 164 MEL.
989 126 1190 163 SCRIPTA

118 220 270 255 habeant
288 225 447 252 autorem
461 244 470 257 ,
506 229 610 263 quem
628 229 689 251 sua
705 216 822 251 secula
841 221 1027 260 parentem
1045 213 1113 247 La-

122 273 216 308 tinae
241 271 381 313 linguae
410 269 699 303 nominaverunt.
752 268 821 301 Sed
845 265 911 299 hoe
934 265 1112 310 principio

124 323 310 365 diligenter
327 322 525 354 monendus
541 327 591 353 est
609 321 719 353 lector
731 345 739 358 ,
767 318 852 364 quid
870 323 1053 361 expectare
1078 317 1112 348 in

124 373 178 408 his
194 372 367 418 epistolis,
396 378 430 405 et
447 384 553 418 quam
572 371 760 405 utilitatem
778 381 819 402 ex
834 369 974 401 illarum
994 367 1113 401 lectio—

126 438 169 459 ne
189 425 326 457 auferre
350 424 488 457 debeat.

228 475 389 508 Primum
411 486 493 517 ergo
513 471 578 505 hoc
593 471 775 505 sciendum
801 477 871 510 est,
899 467 963 504 lias
986 469 1114 514 episto-

127 528 178 561 las
213 533 360 571 propter
398 537 506 568 genus
546 522 710 556 dictionis
738 522 891 555 maxime
925 520 1115 554 convenire

127 578 233 612 etiam
260 578 396 622 primae
421 574 538 608 aetati.
605 573 668 606 list
699 573 794 606 enim
827 572 934 606 dictio
968 572 1115 605 omnino

127 629 294 673 simplex,
337 638 428 672 quae
457 637 532 658 non
561 624 711 669 assurgit
732 637 838 669 supra
866 623 1115 670 quotidianam

127 678 298 725 loquendi
316 676 626 716 consuetudinem,
655 682 688 709 et
707 676 965 720 proprietatem
984 686 1117 709 sermo-

128 731 181 764 nis
204 742 332 774 magna
356 728 592 762 sollicitudiiie
617 727 780 761 custodit.
847 727 967 772 Quare
995 727 1117 759 admo-

129 783 213 815 dum
238 786 387 825 prosunt
420 779 588 824 epistolae
622 779 666 812 ad
690 777 855 811 Latinam
881 778 1039 821 linguam
1067 776 1118 809 di-

127 834 291 867 scendam
303 859 312 872 ,
340 831 438 865 cuius
455 843 535 863 cum
553 842 626 863 non
644 830 687 863 sit
704 842 786 864 usus
803 829 1012 862 vernaculus
1024 855 1032 869 ,
1064 840 1118 860 re-

130 884 282 917 ctissime
318 895 358 916 ae
392 882 538 915 feliciter
576 894 617 914 ex
655 893 727 915 uno
761 881 931 914 Cicerone
962 879 1118 913 discitur.

131 935 301 970 Consistit
319 940 437 968 autem
456 932 611 975 cognitio
628 931 777 964 Latinae
796 932 936 976 linguae
954 943 1027 964 non
1043 937 1119 963 tan-

131 994 206 1020 tum
218 986 254 1019 in
264 984 410 1029 singulis
421 983 614 1023 vocabulis,
635 983 811 1017 sedetiam
830 983 866 1015 in
882 995 1008 1015 vocum
1026 994 1119 1014 com-

133 1038 309 1083 positione
326 1049 387 1070 scu
404 1034 543 1080 phrasi,
578 1035 613 1067 in
634 1047 703 1080 qua
722 1047 759 1068 re
778 1034 931 1067 maxime
955 1034 1119 1066 laboran-

133 1090 217 1123 dum
237 1095 286 1122 est
302 1087 440 1133 pueris,
467 1094 505 1120 ut
523 1087 693 1119 vocabula
718 1085 898 1118 vocabulis
921 1091 1013 1118 recte
1039 1096 1120 1116 con—

134 1141 292 1184 iungant.
358 1139 482 1183 ⁴Neque
507 1137 600 1170 enim
628 1144 781 1176 temere,
817 1135 1119 1182 quemadmodum

133 1192 171 1224 in
194 1197 348 1223 mentem
376 1189 541 1227 veniunt,
569 1189 787 1221 contexenda
803 1193 904 1227 sunt,
932 1192 1119 1231 propterea

134 1243 231 1288 quod
260 1240 448 1273 inusitatus
473 1240 665 1272 verborum
692 1251 881 1272 concursus
911 1250 984 1270 non
1007 1238 1120 1270 solum

135 1293 336 1326 orationem
367 1292 553 1324 obscuram
586 1291 732 1330 efficiat,
779 1291 839 1323 sed
870 1289 987 1334 pariat
1017 1288 1120 1321 etiam

135 1356 280 1389 prorsus
304 1355 435 1375 novam
458 1342 628 1385 linguam.

236 1394 346 1439 Igitur
361 1392 428 1427 hoc
445 1393 645 1426 faciendum
665 1398 726 1431 cst,
745 1398 784 1424 ut
799 1403 965 1434 magnam
985 1389 1121 1434 copiam

134 1446 308 1480 sermonis
332 1444 555 1488 grammatici
572 1445 608 1476 in
625 1449 795 1488 promptu
820 1440 995 1481 habeant,
1029 1447 1063 1473 et
1088 1441 1124 1472 in

135 1498 280 1541 singulis
298 1496 454 1539 epistolis
473 1496 662 1528 observent
676 1492 821 1538 phrases
837 1499 870 1526 et
894 1505 1021 1525 vocum
1044 1503 1125 1524 con-

136 1548 353 1587 imictiones,
395 1558 547 1592 quarum
579 1546 711 1578 multae
741 1544 890 1577 subInde
923 1549 1125 1580 occurrunt,

138 1607 173 1633 et
198 1612 255 1633 eas
281 1604 378 1631 tanta
403 1609 485 1631 cura
503 1597 639 1630 discant
655 1596 864 1635 observare,
891 1601 930 1627 ut
944 1594 1126 1639 scripturis

137 1652 233 1685 ultro
252 1656 450 1683 occurrant.
486 1648 609 1694 Neque
627 1654 678 1681 est
694 1648 765 1680 ulla
782 1646 898 1679 maior
911 1647 999 1686 laus,
1019 1658 1124 1691 quam

139 1702 292 1747 propriis
309 1701 424 1734 verbis
439 1712 494 1733 res
511 1699 684 1744 explicare
704 1710 825 1742 posse,
854 1703 886 1730 et
908 1710 947 1730 ea
973 1697 1025 1730 uti
1049 1708 1126 1729 ora-

139 1754 245 1787 tionis
266 1758 460 1791 structura,
489 1763 578 1796 quae
598 1750 745 1783 minime
769 1747 939 1781 abhorret
964 1760 982 1781 a
998 1747 1123 1780 Latina

141 1803 407 1839 consuetudine.
460 1802 594 1835 Eadem
614 1814 696 1835 cura
722 1812 793 1834 esse
819 1801 922 1832 debet
948 1799 983 1831 in
1009 1799 1124 1831 obser-

142 1856 266 1890 vandis
292 1852 528 1898 metaphoris,
573 1853 700 1898 quibus
730 1853 932 1896 frequenter
956 1850 1068 1883 utitur
1092 1850 1125 1882 in

141 1906 195 1941 his
218 1906 392 1951 epistolis,
436 1917 525 1950 quae
556 1903 635 1936 ideo
658 1903 873 1947 singularem
898 1900 1031 1934 habent
1054 1902 1127 1934 lau-

141 1960 241 1999 dem,
277 1958 371 2003 qnod
396 1968 469 1989 non
494 1956 617 2000 procul
639 1955 846 1993 accersitae,
882 1954 942 1986 sed
969 1959 1128 1996 sumpta(-

143 2016 224 2044 sunt
248 2021 288 2041 cx
314 2007 522 2053 quothliano
549 2018 724 2039 sermone.
786 2004 863 2037 Hoc
887 2005 1043 2048 primum
1068 2010 1128 2037 est,

146 2062 241 2107 quod
258 2065 375 2104 petere
395 2059 495 2104 pueri
511 2058 640 2090 debent
655 2069 696 2090 ex
718 2057 867 2089 lectione
886 2056 1128 2099 epistolarum,

146 2119 183 2145 ut
208 2112 314 2144 verba
337 2109 463 2143 Latina
478 2136 486 2149 ,
518 2107 666 2153 phrasin
689 2114 723 2140 et
744 2105 984 2151 metaphoras.
1038 2106 1126 2140 Nan.

147 2176 186 2196 ea
220 2162 399 2206 diligentia
433 2162 575 2193 tandem
604 2157 699 2192 hunc
728 2158 850 2191 afferet
877 2159 1050 2197 fructum,
1093 2168 1125 2190 u:

147 2215 262 2248 oratio
281 2213 428 2247 subinde
445 2213 504 2245 fiat
520 2210 681 2255 planior,
715 2209 938 2254 aequabilior
964 2215 997 2241 et
1019 2209 1130 2252 magi..

147 2266 343 2310 perspicua.

249 2316 430 2354 Secundo,
469 2319 620 2358 prosunt
642 2311 810 2356 epistolae
834 2311 879 2342 ad
904 2311 1128 2343 formandum

148 2368 290 2412 stylum.
343 2367 423 2400 Non
441 2366 535 2398 enim
554 2364 637 2398 satis
656 2369 706 2396 est
725 2362 924 2395 orationem
948 2374 1019 2394 esse
1037 2360 1131 2394 Lati-

150 2432 231 2452 nam
246 2446 254 2458 ‚
281 2419 341 2451 sed
359 2423 500 2460 oportet
518 2416 624 2449 etiam
639 2415 729 2448 bene
745 2426 784 2447 ac
805 2413 991 2457 diligenter
1016 2413 1131 2457 dispo-

149 2471 251 2505 sitam
269 2481 352 2503 esse.
398 2468 519 2511 Neque
538 2467 631 2499 enim
650 2473 780 2499 temere
797 2465 834 2497 in
849 2464 1034 2498 scribendo
1049 2476 1131 2497 eun-

149 2523 233 2555 dum
253 2527 322 2559 est,
346 2525 386 2552 ut
406 2518 442 2550 in
466 2517 656 2561 proverbio
681 2516 829 2556 dicitur,
863 2528 933 2561 quo
954 2516 1061 2560 pedes
1086 2515 1131 2548 sc-

149 2579 243 2606 runt.
293 2570 344 2603 Ex
361 2569 516 2614 epistolis
537 2568 643 2612 igitur
659 2568 769 2601 multa
787 2567 943 2611 exempla
962 2568 1131 2600 sumenda

146 2630 228 2660 suut
245 2622 541 2656 instituendarum
559 2619 812 2662 cogitationum
838 2625 871 2651 et
892 2617 1132 2662 disponendae

145 2674 335 2712 orationis,
373 2673 470 2705 cuius
494 2670 722 2715 praecipuam
745 2681 865 2702 curam
891 2667 1055 2702 habuisse
1078 2668 1133 2701 Ci-

144 2737 309 2760 ceronem
335 2736 390 2757 res
415 2724 489 2767 ipsa
519 2721 683 2755 ostendit.
751 2720 848 2754 Sicut
875 2726 993 2753 autem
1022 2719 1132 2753 multo

1231 126 1570 164 PHILOLOGICA.
2106 129 2157 164 20

1166 215 1292 249 melius
1314 214 1449 260 pingit,
1487 215 1548 261 qui
1574 214 1735 249 imitatur
1759 226 1906 249 manum
1932 212 2079 248 alicuius
2103 224 2161 246 ex-

1167 266 1322 300 cellentis
1338 266 1500 307 artificis,
1526 266 1574 300 ita
1592 266 1718 300 melius
1739 271 1956 312 component
1979 265 2156 310 epistolas,

1168 323 1201 350 et
1218 317 1346 351 rectius
1371 315 1612 352 cohaerebunt
1629 318 1768 359 onmia,
1802 319 1830 352 si
1856 319 1900 351 ad
1926 318 2080 350 sormam
2099 315 2156 349 Ci-

1168 368 1306 401 ceronis
1322 369 1471 402 studiosi
1486 382 1522 402 se
1540 369 1805 410 assuefecerint‚
1833 382 1922 414 quae
1940 366 2048 401 habet
2065 366 2157 411 opti-

1168 431 1224 452 ma
1250 420 1408 463 exempla
1434 421 1682 461 exordiorum,
1714 421 1984 460 narrationum,
2012 424 2157 452 conten-

1170 470 1306 503 tionum
1324 477 1357 503 et
1374 471 1620 505 conclusionis.

1271 520 1367 553 Haec
1399 523 1556 566 exempla
1584 534 1731 556 monere
1758 528 1792 555 et
1813 520 1993 567 acuerem)
2023 520 2161 554 studim*

1169 584 1246 605 sum
1273 572 1422 613 debent,
1457 579 1496 606 ut
1523 574 1684 607 observet
1707 574 1902 618 plurimum
1926 572 2058 606 referre
2080 582 2160 604 ora-

1171 623 1305 656 tionem
1329 629 1424 656 certo
1450 624 1574 657 ordine
1598 636 1637 657 ac
1659 626 1728 658 fine
1752 631 1934 665 constare,
1962 629 1996 656 et
2014 622 2157 668 quidem

1170 674 1353 719 scripturis
1371 680 1503 707 certam
1522 675 1616 708 viam
1634 676 1881 709 demonstrant
1905 671 2082 709 tractandi
2104 683 2161 705 ar-

1171 732 1337 769 gumenta
1362 725 1570 767 artificiose,
1606 732 1645 758 ut
1669 727 1830 760 videlicet
1851 727 2008 772 primum
2032 725 2160 758 decore

1172 777 1371 816 ordiantur,
1398 783 1519 821 postea
1537 776 1720 821 perspicue
1738 785 1894 818 narrent,
1915 777 2042 811 deinde
2059 779 2161 809 caute

1172 828 1385 875 pugnentffl)
1404 840 1546 873 quoque
1565 834 1598 861 ct
1616 829 1660 861 ad
1685 834 1879 862 extremum
1902 828 2058 873 graviter
2083 836 2163 859 ora-

1174 880 1307 912 tionem
1333 879 1470 912 finiant.

1275 930 1418 970 Tertio,
1445 928 1608 974 inprimis
1625 936 1775 974 prosunt
1797 932 1838 963 ad
1863 931 2071 964 formandos
2087 943 2164 964 mo-

1297 981 1360 1014 Est
1383 981 1477 1014 enim
1504 981 1677 1014 mirabilis
1702 983 1876 1026 quaedam
1899 979 2102 1015 humanitas
2123 993 2164 1014 ac

1175 1032 1322 1066 civilitas
1341 1032 1377 1064 in
1397 1030 1501 1065 huius
1519 1032 1652 1065 autoris
1669 1033 1843 1076 epistolis,
1878 1044 1947 1078 qua
1969 1045 2072 1077 saepe
2096 1032 2164 1066 uti-

1175 1089 1252 1123 tur,
1281 1096 1360 1116 cum
1380 1085 1423 1115 ad
1443 1083 1575 1116 amicos
1591 1083 1732 1122 scribit,
1760 1096 1842 1127 erga
1866 1096 1972 1129 quos,
2009 1096 2088 1118 cum
2111 1083 2165 1116 in·-

1176 1135 1315 1166 terdum
1334 1134 1461 1167 iustam
1479 1132 1607 1166 habeat
1622 1131 1814 1166 invehendi
1831 1134 2064 1176 occasionem,
2091 1146 2167 1167 mo-

1177 1185 1413 1218 destissimum
1438 1197 1473 1218 se
1497 1185 1662 1229 praebet,
1690 1183 1779 1218 nihil
1803 1183 2063 1226 stomachatur,
2090 1197 2166 1218 non

1177 1242 1298 1269 movet
1332 1236 1439 1269 etiam
1474 1236 1695 1280 tragoedias,
1742 1236 1803 1270 sed
1839 1236 1951 1269 amice
1984 1236 2165 1270 interdum

1177 1288 1286 1321 multa
1305 1293 1446 1327 monet,
1473 1288 1584 1320 multa
1611 1287 1826 1328 dissimulat,
1853 1287 2033 1321 interdum
2058 1299 2166 1333 quae-

1178 1340 1259 1372 dam
1283 1336 1530 1383 reprehendit,
1561 1339 1621 1371 sed
1640 1339 1832 1372 admodum
1852 1338 2018 1373 molliter.
2070 1339 2167 1372 Haec

1178 1390 1253 1435 ipsa
1286 1390 1444 1434 exempla
1473 1389 1638 1423 iuventus
1659 1402 1799 1434 semper
1824 1389 1862 1422 in
1890 1396 2080 1435 conspectu
2104 1386 2176 1423 ha-'

1177 1443 1261 1474 bere
1280 1442 1402 1481 debet,
1429 1453 1520 1486 quae
1539 1441 1625 1474 vitio
1643 1442 1799 1486 quodam
1823 1441 1949 1474 aetatis
1972 1442 2169 1475 admodum

1179 1493 1280 1533 calet,
1297 1499 1331 1525 et
1349 1498 1495 1536 propter
1510 1492 1622 1524 levem
1639 1493 1810 1525 offensam
1829 1492 1904 1526 sine
1922 1493 2031 1525 modo
2046 1491 2168 1525 omnia

1179 1545 1356 1577 turbatae
1373 1543 1515 1582 miscet,
1547 1549 1586 1575 ut
1610 1543 1690 1575 inde
1715 1543 1826 1577 discat
1849 1541 2111 1576 humanitatem
2135 1549 2170 1576 et

1180 1602 1315 1629 certum
1332 1595 1478 1628 modum
1496 1595 1671 1627 tractandi
1689 1596 1827 1628 animos
1845 1594 2000 1635 illorum,
2017 1595 2061 1628 ad
2080 1606 2171 1640 quos

1180 1647 1318 1686 scribit,
1355 1652 1388 1678 et
1407 1646 1568 1678 observet
1584 1645 1621 1677 in
1640 1646 1847 1687 scribendo,
1876 1646 2003 1691 quibus
2020 1645 2170 1691 quisque

1180 1699 1283 1731 rebus
1301 1697 1453 1730 maxime
1471 1696 1643 1740 capiatur.

1282 1748 1433 1793 Quarto,
1461 1754 1494 1780 et
1511 1748 1568 1779 illa
1590 1753 1641 1780 est
1655 1759 1783 1791 magna
1801 1747 1946 1788 utilitas,
1973 1748 2071 1793 quod
2087 1760 2171 1781 con-

1181 1800 1294 1833 tinent
1312 1800 1480 1843 epistolae
1497 1799 1693 1832 multorum
1709 1805 1911 1843 temporum
1929 1797 2109 1840 historias,
2131 1799 2170 1832 in

1182 1864 1332 1897 quarum
1353 1850 1561 1883 recitatione
1578 1850 1765 1893 diligenter
1787 1850 1946 1893 singulae
1969 1862 2024 1884 res
2051 1856 2169 1895 gestae

1182 1909 1215 1935 et
1233 1902 1378 1935 consilia
1400 1901 1631 1946 explicantur.
1683 1900 1729 1933 Et
1753 1901 1897 1946 quidem
1922 1901 2086 1946 inprimis
2110 1902 2170 1934 illa

1182 1952 1329 1987 historia
1355 1953 1459 1997 digna
1488 1959 1556 1993 est,
1592 1964 1682 1997 quae
1705 1952 1932 1993 observetur,
1967 1953 2064 1987 cuius
2090 1954 2171 1986 sub-

1182 2006 1264 2038 inde
1285 2005 1503 2037 mentionem
1525 2003 1609 2036 sacit
1630 2003 1667 2035 in
1699 2004 1818 2037 multis
1850 2004 2007 2048 epistolis
2032 2004 2169 2043 Cicero,

1183 2056 1345 2089 videlicet
1361 2057 1404 2088 de
1420 2056 1479 2094 iis,
1505 2067 1595 2099 quae
1611 2053 1815 2088 acciderunt
1838 2055 1901 2088 sub
1924 2054 2066 2089 initium
2087 2054 2171 2088 belli

1185 2108 1315 2147 civilis,
1342 2113 1375 2139 et
1393 2118 1484 2152 quae
1501 2106 1593 2138 mala
1613 2112 1733 2150 postea
1751 2113 1866 2139 secuta
1883 2113 1976 2140 sunt.
2075 2097 2078 2100 .

1286 2159 1471 2191 Postremo
1504 2157 1603 2197 loco,
1645 2158 1726 2202 quia
1751 2157 1891 2191 additae
1921 2163 2004 2190 sunt
2032 2157 2171 2201 scriptis

1185 2209 1365 2244 Ciceronis
1402 2209 1553 2241 aliorum
1589 2221 1732 2254 quoque
1769 2209 1936 2253 epistolae
1972 2220 2046 2241 non
2087 2220 2171 2241 con-

1186 2261 1416 2300 temnendae,
1451 2260 1563 2293 sciant
1587 2260 1736 2293 studiosi
1758 2257 1849 2292 hanc
1873 2259 1987 2303 ipsam
2012 2259 2170 2292 collatio-

1184 2325 1265 2345 nem
1296 2312 1443 2345 omnino
1474 2309 1604 2344 habere
1634 2323 1800 2355 magnam
1831 2311 2041 2351 utilitatem,
2080 2322 2171 2356 quae

1185 2364 1286 2396 valde
1322 2364 1467 2407 prodest
1497 2364 1541 2395 ad
1573 2363 1800 2395 formandum
1830 2361 2012 2395 iudicium.
2076 2361 2171 2395 Nam

1186 2416 1267 2448 inde
1287 2415 1406 2447 videre
1422 2420 1492 2455 est,
1520 2420 1652 2459 quanta
1670 2413 1853 2447 diversitas
1870 2413 1915 2446 sit
1930 2411 2170 2457 ingeniorum,

1186 2473 1220 2500 et
1243 2479 1349 2512 quam
1375 2465 1479 2509 longe
1503 2465 1647 2498 excellat
1664 2464 1843 2498 Ciceronis
1867 2464 2001 2504 oratio,
2037 2463 2073 2495 in
2099 2474 2170 2508 qua

1186 2518 1344 2561 singulae
1365 2516 1558 2550 sententiae
1583 2515 1762 2560 aptissime
1789 2513 2001 2555 cohaerent,
2037 2520 2070 2547 et
2093 2514 2171 2560 qui-

1174 993 1240 1014 I'CS.

1222 2647 1268 2675 ¹3)
1287 2648 1399 2675 acuere]
1420 2647 1467 2670 Ed.
1489 2646 1563 2671 1556.
1584 2652 1680 2670 errore
1699 2648 1826 2677 typogr.:
1849 2650 1973 2669 accuere.

1223 2702 1268 2728 14)
1289 2699 1423 2729 pugnent]
1456 2699 1497 2722 sic
1526 2701 1601 2722 recte
1623 2697 1706 2722 Editt.
1727 2698 1819 2729 1556.,
1853 2697 1945 2728 1577.;

1979 2697 2064 2723 Edttt.
2083 2697 2171 2727 1565„

1258 2733 1331 2758 1569.
1352 2734 1460 2764 pugnet.
