2351 2990
99 105 175 141 763
239 104 359 139 XXXI.

92 191 162 225 Sed
179 189 242 224 has
267 191 461 225 sententias
485 191 652 231 innectit,
690 198 724 225 et
744 199 928 236 praeterea
954 193 1089 227 illumi-

95 249 159 276 nat
182 243 342 276 membra
362 243 593 286 periodorum
614 243 808 277 luminibus
825 245 1039 286 verborum,
1060 252 1096 279 et

94 294 264 339 quiddam
293 306 523 327 numerosum
551 294 674 334 efficit,
709 301 750 327 ut
777 308 842 339 pro
861 296 1011 329 Rabirio
1035 310 1095 330 ve-

94 352 197 378 nuste
216 345 330 389 pingit
345 345 500 388 singulas
518 345 702 389 periodos,
730 346 884 390 primam
901 354 1006 390 auget
1023 349 1094 381 ‹ol—

94 396 247 429 latione:
277 395 316 428 ln
335 396 412 429 aliis
431 408 505 428 non
521 397 600 429 dico
619 409 780 437 causam,
816 410 879 431 cur
896 411 954 432 eos
973 401 1094 432 defen-

93 448 198 487 dam,
227 447 310 493 quia
328 445 526 480 humanum
544 454 595 481 est
612 448 791 493 quoslibet
805 450 1006 483 defendere.
1054 449 1094 483 In

93 496 162 532 hoc
179 499 293 531 dicam
314 505 378 532 etc.
414 497 536 544 ltaque
554 497 642 532 haec
661 501 731 532 duo
749 513 921 534 conemur
938 502 1092 535 imitari:

95 549 315 594 diligentiam
336 549 372 582 in
391 551 638 583 conservando
666 552 923 585 sententiarum
952 553 1092 593 ordine,

96 608 130 634 et
147 601 267 646 aliquo
286 602 393 634 modo
409 601 561 634 faciendi
581 601 760 646 periodos.

197 652 366 696 Magnam
390 650 475 685 haec
501 653 573 685 vim
599 651 749 692 habent,
787 654 926 688 etiamsi
953 660 1089 687 caetera

93 703 233 749 assequi
265 716 339 736 non
376 704 593 748 poterimus,
646 705 809 738 videlicet
850 712 889 738 ut
924 705 1092 749 periodos

93 761 267 799 perpetuo
293 755 475 788 Ciceronis
499 768 598 788 more
622 762 820 796 struamus,
859 763 892 788 et
916 756 1092 789 illumine-

92 819 171 840 mus
188 807 347 839 membra
360 833 369 847 ,
399 814 431 839 et
448 819 679 840 numerosum
697 808 866 852 quiddam
887 807 1091 842 efficiamus.

93 857 218 902 Neque
236 858 330 890 euim
351 858 510 891 omnium
532 858 671 902 ingenia
691 858 849 890 divinam
870 859 966 891 illam
989 860 1092 892 uber-

92 915 201 941 tatem
222 921 261 941 ac
280 909 432 942 nitorem
448 909 628 943 Ciceronis
648 909 816 955 consequi
836 916 996 954 possunt.
1043 910 1092 943 Ut

92 960 186 1008 enim
212 960 250 992 in
275 961 469 1004 poematis,
508 961 554 992 ita
586 961 622 992 in
647 960 763 993 soluta
793 961 956 993 oratione
981 962 1091 1006 pluri-

91 1024 190 1044 mum
210 1012 318 1044 refert
333 1012 530 1055 intelligere
549 1024 747 1057 quemque,
777 1025 847 1058 quo
876 1019 1003 1045 natura
1027 1014 1091 1045 du-

91 1068 212 1102 catur,
240 1068 279 1095 ut
298 1063 432 1107 ingenii
450 1064 541 1095 bona
562 1063 634 1095 alat
656 1069 761 1108 atque
786 1064 1005 1104 conformet,
1042 1064 1092 1096 vi-

90 1113 138 1146 tia
157 1114 333 1147 emendet.
387 1114 478 1148 Nam
499 1120 532 1146 et
559 1114 617 1146 illa
642 1113 792 1158 simplex
816 1116 948 1158 ligura,
978 1116 1092 1161 qualis

91 1171 143 1198 est
158 1163 307 1210 Lysiae,
335 1178 434 1198 suam
454 1163 562 1198 habet
580 1165 721 1198 laudem
735 1192 744 1205 ,
773 1166 800 1199 si
819 1166 934 1198 oratio
951 1167 996 1200 sit
1014 1179 1091 1211 per-

92 1215 235 1260 spicua,
278 1217 494 1261 aequabilis,
536 1217 626 1249 bene
651 1214 866 1257 cohaerens,
903 1224 936 1250 et
961 1215 1091 1250 habeat

92 1267 232 1313 aliquos
250 1280 391 1307 sensus,
418 1268 583 1307 affectus,
612 1280 652 1299 ac
676 1268 825 1310 figuras,
853 1269 990 1302 etiamsi
1017 1281 1091 1301 non

91 1325 164 1352 tam
185 1325 346 1351 accurate
362 1319 467 1352 struit
483 1319 672 1363 periodos,
701 1326 854 1351 nectam
881 1320 937 1352 vel
963 1320 1091 1360 nitida,

93 1370 150 1403 vel
172 1369 307 1403 musica
333 1377 401 1410 est,
436 1383 543 1416 quam
569 1377 620 1404 est
641 1370 757 1403 oratio
778 1370 972 1404 Ciceronis.
1027 1371 1091 1404 Su-

92 1433 233 1454 mainus
251 1422 451 1465 exemplum
470 1434 510 1454 ex
526 1420 723 1468 Lysia‘ffiay
753 1422 789 1455 Si
809 1435 881 1455 non
903 1429 991 1456 esset
1008 1435 1090 1456 con—

93 1472 266 1505 troversia
286 1473 328 1505 dc
344 1485 381 1505 re
401 1485 530 1516 magna
544 1500 552 1513 ,
580 1473 726 1513 iudices,
753 1487 826 1506 non
843 1486 953 1507 esseni
969 1487 1092 1519 passus

92 1522 158 1558 hos
175 1524 212 1556 in
231 1523 400 1557 iudiciuin
422 1524 554 1558 venire.
609 1524 732 1569 Turpe
757 1525 852 1558 enim
878 1538 950 1559 esse
976 1526 1092 1560 existi-

90 1588 152 1609 mo
172 1582 342 1619 cognatos
366 1576 459 1608 inter
484 1589 519 1609 se
545 1576 733 1616 dissidere,
770 1577 913 1622 scioque
939 1590 1012 1610 non
1037 1590 1092 1611 so-

91 1628 167 1661 lum
187 1640 265 1668 eos,
292 1629 353 1673 qui
379 1628 548 1661 iniuriam
573 1628 727 1667 faciunt,
756 1628 940 1672 improbos
966 1629 1092 1669 videri,

92 1680 154 1714 sed
180 1679 286 1712 etiam
314 1679 413 1718 illos,
452 1680 513 1724 qni
542 1692 614 1711 non
639 1686 786 1724 possunt
811 1681 903 1713 ferre
928 1680 1044 1713 illatas
1072 1693 1090 1712 a

92 1730 307 1776 propinquis
325 1731 485 1764 iniurias.
528 1731 723 1776 Postquam
745 1738 862 1764 autem
881 1729 916 1764 hi
937 1731 1090 1764 maxima

92 1782 241 1828 pecunia
262 1782 417 1826 spoliati,
445 1788 478 1814 ct
497 1783 620 1814 acerba
642 1783 752 1815 multa
772 1783 865 1826 passi
883 1783 926 1815 ad
942 1796 997 1815 me
1017 1789 1093 1815 tan-

93 1847 202 1880 quam
237 1835 377 1866 aslinem
405 1834 660 1877 confugerunt,
701 1846 840 1867 necesse
863 1834 929 1867 suit
955 1847 1011 1867 me
1035 1846 1093 1866 eo-

92 1898 172 1919 rum
192 1898 331 1918 causam
351 1886 539 1929 suscipere.
595 1885 718 1918 Halieo
737 1885 829 1918 enim
852 1898 975 1918 eorum
993 1898 1092 1919 soro-

94 1949 169 1970 rem
196 1944 261 1970 etc.
322 1937 496 1969 Ornatior
523 1944 556 1969 et
580 1937 725 1970 uberior
752 1943 802 1970 est
818 1935 1092 1976 Demosthenes,

95 2001 204 2034 quam
239 1987 363 2033 Lysias
381 2015 390 2028 ,
444 1994 476 2020 et
521 1995 641 2021 tamen
685 1989 869 2032 angustior
906 1988 1092 2021 Cicerone.

95 2039 203 2073 Multi
220 2041 314 2072 enim
332 2040 402 2072 loci
417 2046 499 2073 sunt
517 2038 770 2074 Demosthenis
789 2040 872 2073 satis
889 2041 1041 2084 grandes
1060 2046 1093 2072 et

95 2091 237 2130 sonori,
265 2091 379 2136 qualis
405 2098 456 2125 est
482 2092 518 2124 in
545 2093 698 2125 secunda
716 2090 992 2137 Pliilippica‘37)2
1022 2091 1093 2123 Va-

95 2142 148 2175 ria
178 2142 372 2185 excogitata
406 2149 488 2176 sunt
518 2144 661 2177 urbium
696 2144 916 2176 munimenta
949 2150 983 2175 et
1012 2155 1094 2187 pro—

96 2194 316 2239 pugnacula,
345 2200 383 2226 ut
407 2194 509 2234 valli,
537 2195 651 2235 muri,
679 2195 812 2235 fossae,
841 2201 871 2227 et
896 2192 964 2227 hoc
986 2207 1094 2238 genus

131 2302 199 2329 66³)
220 2301 325 2332 Lysiae
344 2304 414 2326 orat.
434 2302 460 2326 in
480 2303 656 2334 Diogitonem
684 2304 817 2335 principio
845 2303 907 2335 (tin.
925 2303 1030 2328 1—10.
1053 2303 1094 2327 ed.

166 2337 278 2367 Reisk.,
305 2335 330 2369 §.
347 2339 369 2362 l.
390 2337 431 2362 ed.
452 2338 609 2369 Foertsetu).

131 2380 180 2407 67)
204 2381 396 2404 Demosthenis
416 2382 500 2404 verba
521 2382 546 2404 in
561 2382 675 2412 Philipp
691 2383 722 2406 11.
743 2390 767 2413 p.
784 2383 827 2406 71.
848 2382 895 2406 lin.
909 2381 1033 2406 19—28.
1053 2381 1095 2406 ed.

166 2415 271 2438 Reiske
292 2416 317 2440 ti.
339 2416 354 2438 Ι.
375 2416 400 2439 in
423 2416 468 2439 tat.
489 2423 642 2440 sermonem
662 2419 801 2441 translata
820 2418 886 2440 haec
906 2418 985 2439 snut:
1014 2417 1096 2439 Παι-

167 2447 277 2473 ποδαπά
297 2448 434 2481 εὑιιναίια
455 2451 513 2478 ταῖς
532 2449 628 2475 πόλεσι
645 2451 714 2483 πρὸς
735 2460 752 2483 q
761 2450 864 2482 vtazrjn
883 2449 928 2475 καὶ
948 2452 1096 2490 πωτηηιίαν

169 2485 230 2507 oae'ov
247 2492 440 2517 χαθακίυαῐίῒίζ
460 2484 506 2508 7111
532 2487 607 2517 Ῐέἰχη
633 2494 679 2510 zat
705 2495 809 2518 ἸαίΙῑῼΟι
835 2494 880 2510 rtet
908 2483 1009 2515 111³.)ch
1044 2483 1097 2508 ὅσα

166 2517 289 2542 τοιαῦτα,
321 2517 367 2543 καὶ
387 2519 473 2543 ταῦτα
490 2518 544 2552 μέν
563 2519 638 2544 ἔστιν
655 2519 766 2545 “inrum
785 2521 962 2560 χειροποιντα
981 2527 1026 2543 και
1047 2518 1097 2543 dcc-

166 2551 295 2584 πάνηςπ
275 2553 376 2583 πηοὶὶῆς
396 2552 567 2586 προςδρῐτιιι·
600 2552 631 2579 ἲν
649 2554 680 2580 δέ
696 2564 720 2580 τι
744 2555 840 2581 κοινὸν
858 2553 871 2586 ἡ
893 2553 977 2596 ᾳὺσις
996 2554 1050 2578 τῶν
1069 2552 1098 2577 ἑῦ

167 2586 350 2629 ᾳρονούιτωι
374 2587 405 2613 ἐν
431 2588 514 2631 ἑαυτῇ
539 2597 664 2621 κέκτηται
683 2590 888 2623 φυλακτήριον,
919 2599 932 2612 ο
959 2589 1027 2613 πᾶσι
1045 2587 1100 2627 μέν

168 2622 243 2647 ἔστιν
261 2620 373 2655 ἀγαθόν
390 2622 436 2648 και
455 2621 608 2658 σωτήοιον,
632 2623 754 2657 μάλιστα
774 2624 800 2650 δὲ
820 2626 877 2653 τοῖς
895 2622 1013 2654 :th'fflm
1031 2621 1100 2654 πρὸς

166 2655 231 2685 τούς
249 2657 410 2690 τυριὲνιους.
442 2667 465 2682 τι
486 2659 537 2683 οὖν
556 2659 613 2683 ἐστι
633 2660 729 2690 κῦτος
759 2658 889 2684 ιῖπιστια.
921 2656 1024 2688 ταύτην
1043 2665 1100 2688 qv-

168 2691 292 2719 λᾶι-τετε.
312 2691 411 2723 ταύτης
432 2691 593 2726 αντέχεσθε.
620 2693 672 2719 dciv
686 2694 788 2725 ταύτην
806 2693 922 2725 augme,
944 2690 1026 2718 οὐδὲν
1044 2691 1100 2717 δει-

169 2723 219 2750 νὸν
240 2725 278 2759 μή
298 2726 414 2758 πάθητε.

102 2767 284 2798 MELANTH.
309 2770 416 2801 Omen.
441 2770 473 2801 V
475 2779 525 2800 οι.
550 2771 614 2802 ΧΥ
617 2772 657 2801 11.

403 104 690 140 ENARRATIO
715 104 845 140 LIBRI
872 107 913 140 X.
942 106 1339 143 INSTITUTIONUM
1367 106 1666 142 ORATORIAR.
1693 107 2004 152 QUINTILIANI.

2072 108 2147 144 674

1150 195 1231 229 alia.
1291 194 1408 241 Atque
1426 193 1513 228 haec
1531 206 1641 238 opera
1661 206 1771 226 manu
1788 194 1958 226 fabricata
1977 201 2078 234 sunt,
2116 201 2151 228 et

1149 258 1280 290 magno
1301 253 1447 290 sumptu
1464 252 1648 285 constant,
1683 257 1806 277 verum
1835 251 1962 278 natura
1992 247 2151 290 pruden-

1149 298 1242 331 tibus
1259 310 1369 331 unum
1387 299 1568 343 quoddam
1590 308 1778 329 commune
1802 297 2067 330 munimentum
2095 297 2149 329 in-

1148 349 1256 389 didit,
1286 351 1383 394 quod
1400 362 1477 382 cum
1497 349 1662 381 omnibus
1684 348 1818 380 bonum
1845 354 1950 392 atque
1975 348 2061 381 utile
2085 355 2149 389 est,

1147 406 1223 433 tum
1264 413 1351 433 vero
1395 400 1548 433 maxime
1584 399 1786 432 civitatibus
1822 399 1991 431 adversus
2024 406 2148 443 tyran-

1148 464 1213 485 nos
1231 452 1468 485 necessarium
1488 457 1550 484 est.
1605 451 1712 495 Quod
1729 457 1779 483 est
1798 450 1904 493 igitur
1923 449 2034 482 illud?
2071 450 2148 483 Dif-

1146 503 1304 536 fidentia.
1358 503 1459 535 Hanc
1473 502 1642 539 1·etiuete;
1671 499 1763 534 hanc
1779 501 1807 534 si
1825 501 2069 541 servaveritis,
2094 502 2147 534 ni·-

1147 551 1197 586 hit
1215 554 1313 586 triste
1331 554 1469 597 passuri
1489 554 1580 586 estis.
1630 553 1725 585 Haec
1744 552 1917 585 sententia
1936 552 2021 585 satis
2036 553 2146 585 dilata

1147 611 1208 637 est.
1244 604 1313 637 Sed
1331 604 1494 649 quamvis
1512 604 1547 636 in
1566 602 1770 637 huiusmodi
1788 604 2028 643 ornamentis,
2054 616 2147 649 quae

1146 655 1257 688 multa
1278 656 1373 699 apud
1393 668 1474 687 eum
1500 655 1748 698 reperiuntur,
1782 652 1926 688 adhibet
1948 655 2049 700 quasi
2072 667 2147 688 ma-

1147 706 1259 738 iorem
1279 718 1431 745 sonum,
1470 712 1503 738 et
1525 706 1604 749 plus
1624 706 1813 738 verborum
1827 732 1836 745 ,
1864 712 1984 738 tamen
2007 713 2144 740 caetera

1146 763 1229 791 sunt
1262 757 1469 800 angustiora
1502 757 1683 790 Ciceronis
1717 757 1900 797 oratione,
1941 764 1974 790 et
2006 758 2147 801 periodi

1147 809 1358 854 plerumque
1372 809 1573 847 breviores,
1603 820 1642 840 ae
1659 807 1806 840 liberior
1825 815 1876 841 est
1895 809 2010 840 oratio
2023 835 2032 848 ,
2068 809 2146 850 etsi,

1147 860 1318 905 quoniam
1339 859 1537 904 pugnacior
1553 866 1604 892 est
1621 856 1873 892 Demosthenis
1891 860 2020 899 oratio,
2049 860 2147 894 vide-

1147 918 1204 944 tur
1223 911 1253 943 ci
1273 911 1448 944 concitata
1468 911 1525 943 illa
1544 912 1659 943 forma
1679 910 1790 954 inagis
1809 917 1889 955 apta
1908 911 2025 944 fuisse.

1249 962 1438 995 Caeterum
1464 968 1497 995 et
1514 962 1602 995 illud
1620 962 1802 995 sciendum
1822 968 1892 1001 est,
1920 974 1984 994 nec
2004 962 2146 995 Cicero-

1146 1026 1226 1046 nem
1247 1014 1380 1059 ubique
1399 1015 1523 1046 eodem
1542 1015 1651 1046 modo
1668 1020 1816 1046 struere.
1869 1012 1909 1045 In
1933 1014 2145 1057 disputatio—

1146 1065 1250 1098 nibus
1275 1065 1381 1098 solvit
1404 1078 1438 1099 se
1462 1065 1612 1098 vinculis
1638 1065 1890 1109 periodorum,
1930 1072 1964 1097 et
1994 1065 2144 1097 omnino

1146 1116 1332 1159 angustior
1365 1123 1416 1150 est
1445 1116 1580 1156 oratio,
1631 1116 1786 1148 maxima
1823 1122 1874 1148 est
1910 1116 2142 1160 epistolarum

1146 1167 1256 1211 ipsius
1279 1168 1544 1201 dissimilitudo.
1598 1167 1699 1201 Aliae
1718 1167 1906 1209 diligenter
1925 1168 2145 1211 compositae

1146 1225 1246 1258 sunt,
1275 1226 1308 1251 et
1324 1220 1463 1252 x'inctae
1482 1219 1658 1263 periodis,
1688 1219 1724 1250 in
1748 1219 1825 1252 aliis
1854 1219 1969 1252 oratio
1995 1225 2146 1263 vagatur

1145 1270 1302 1303 liberius.
1371 1271 1433 1303 Est
1465 1276 1498 1302 et
1529 1270 1565 1303 in
1592 1268 1802 1314 Philippicis
1835 1270 1949 1303 oratio
1984 1270 2145 1304 liberior.

1146 1321 1266 1365 Quare
1284 1319 1392 1354 habet
1409 1322 1549 1354 laudem
1568 1319 1635 1355 hoc
1653 1334 1762 1365 genus
1783 1321 1942 1361 tenuius,
1975 1322 2004 1354 si
2024 1328 2145 1354 tamen

1147 1372 1283 1411 oratio,
1317 1379 1357 1405 ut
1379 1373 1469 1412 dixi,
1504 1386 1593 1416 pura
1620 1380 1689 1412 est,
1725 1380 1760 1406 et
1781 1373 1890 1405 latina
1917 1371 2077 1417 phrasis,
2112 1379 2147 1406 et

1145 1423 1342 1457 sententiae
1367 1431 1447 1468 apte
1471 1422 1664 1458 cohaerent
1689 1431 1752 1458 etc.
1779 1430 1812 1456 et
1835 1422 1943 1457 habet
1968 1426 2145 1470 quaedam

1147 1475 1363 1519 interspersa
1388 1475 1536 1509 lumina.
1597 1476 1785 1510 Postremo
1816 1482 1849 1508 et
1869 1474 1936 1509 hoc
1960 1476 2145 1509 sciendum

1147 1533 1217 1566 est,
1245 1539 1319 1559 non
1337 1527 1503 1560 omnibus
1521 1528 1679 1561 materiis
1707 1527 1841 1571 pariter
1868 1527 2059 1560 convenire
2084 1540 2146 1572 pe-

1147 1578 1281 1612 riodos.
1322 1578 1558 1612 Narrationes
1578 1579 1671 1612 enim
1692 1579 1863 1623 pleraque
1882 1585 2065 1623 exponunt
2082 1591 2147 1623 per

1146 1632 1265 1670 κῶλα,
1293 1630 1433 1674 saepius
1452 1631 1670 1672 conveniunt
1688 1630 1828 1674 periodi
1850 1630 2004 1663 exordiis
2031 1636 2065 1663 et
2091 1642 2147 1663 ar-

1147 1681 1430 1724 gumentationi,
1472 1683 1532 1714 sed
1563 1688 1683 1715 tamen
1714 1681 1854 1714 misceri
1876 1684 1979 1716 κῶλα
2003 1682 2146 1715 debent.

1148 1733 1336 1765 Praeterea
1358 1733 1394 1764 in
1416 1733 1541 1766 mediis
1561 1733 1780 1776 argumentis
1796 1745 1900 1777 saepe
1916 1734 2041 1766 breves
2066 1746 2147 1766 acu-

1146 1783 1190 1816 lei
1210 1783 1389 1816 inserendi
1405 1790 1507 1824 sunt,
1536 1792 1570 1817 et
1587 1785 1756 1817 solvenda
1776 1790 1826 1817 est
1854 1785 1969 1817 oratio
1996 1785 2148 1818 vinculis

1146 1835 1392 1878 periodorum.
1446 1835 1560 1869 Huius
1578 1836 1628 1868 rei
1647 1836 1804 1880 exempla
1825 1847 1947 1869 omnes
1966 1835 2148 1869 Ciceronis

1148 1886 1329 1920 orationes
1367 1893 1400 1919 et
1437 1887 1695 1930 disputationes
1729 1887 1978 1931 suppeditant,
2027 1888 2148 1932 qualia

1147 1944 1229 1970 sunt
1254 1938 1310 1970 illa
1337 1950 1402 1982 pro
1429 1938 1577 1972 Milone.
1649 1939 1730 1983 Quo
1760 1939 1904 1971 tandem
1933 1939 2054 1971 animo
2081 1937 2150 1972 hoc

1149 1995 1341 2034 tyrannum
1371 1989 1490 2022 tulisse
1517 1990 1685 2024 creditis?
1740 1989 1923 2034 Quantum
1955 1990 2077 2023 odium
2109 1990 2151 2023 il-

1147 2040 1241 2073 lius?
1281 2047 1315 2073 et
1334 2040 1368 2072 in
1386 2039 1533 2074 homine
1552 2042 1702 2082 iniusto,
1741 2054 1848 2086 quam
1866 2042 1971 2074 etiam
1992 2041 2150 2075 iustum?

1148 2092 1269 2124 Prima
1306 2092 1453 2136 epistola
1475 2092 1521 2139 68)
1563 2091 1670 2126 habet
1705 2093 1809 2125 initio
1846 2094 1934 2127 duas
1970 2094 2152 2138 periodos,

1149 2156 1301 2189 quarum
1320 2144 1421 2188 prior
1443 2151 1493 2177 est
1513 2145 1675 2178 brevior:
1711 2144 1787 2189 Ego
1815 2145 1913 2177 omni
1939 2145 2075 2185 officio,
2111 2157 2153 2177 ac

1149 2195 1268 2239 potius
1287 2196 1418 2239 pietate
1437 2209 1517 2239 erga
1538 2202 1583 2236 te,
1612 2197 1758 2230 caeteris
1775 2196 1952 2230 satisfacio
1973 2196 2152 2236 omnibus,

1150 2245 1237 2279 milii
1271 2247 1344 2291 ipse
1376 2260 1560 2293 nunquam
1593 2249 1783 2282 satisfacio,
1844 2248 1964 2281 Altera
1990 2247 2150 2292 plenior:

1149 2298 1267 2331 Tanta
1287 2299 1381 2331 enini
1403 2299 1614 2343 magnitudo
1632 2306 1683 2333 est
1698 2306 1841 2332 tuorum
1862 2311 1943 2343 erga
1965 2312 2022 2331 me
2045 2298 2153 2332 meri-

1150 2356 1291 2390 torum,
1318 2357 1378 2389 ut,
1405 2351 1576 2395 quoniam
1598 2358 1655 2391 tu,
1684 2351 1751 2384 nisi
1775 2351 1928 2394 perfecta
1952 2363 1990 2383 re
2019 2351 2062 2384 de
2084 2363 2155 2391 Ine,

1150 2414 1224 2434 non
1242 2401 1460 2447 conquiesti,
1490 2415 1553 2446 ego
1576 2404 1658 2448 quia
1683 2414 1757 2435 non
1784 2402 1876 2434 idem
1903 2401 1940 2434 in
1965 2408 2023 2435 tua
2050 2414 2155 2435 causa

1152 2453 1286 2493 efficio,
1315 2453 1423 2485 vitam
1444 2452 1533 2486 milii
1552 2466 1624 2487 esse
1643 2454 1808 2486 acerbam
1827 2459 1960 2497 putem.
2015 2453 2155 2487 Deinde

1151 2511 1235 2538 sunt
1253 2505 1508 2548 incomposita:
1544 2503 1583 2537 In
1603 2518 1707 2538 causa
1727 2502 1815 2538 haec
1832 2511 1916 2538 sunt
1933 2511 1997 2539 etc.

1256 2556 1351 2589 Haec
1373 2556 1546 2590 orationis
1565 2556 1768 2589 discrimina
1787 2557 1816 2590 si
1841 2556 1919 2602 quis
1940 2555 2157 2595 observabit,

1152 2608 1253 2641 facile
1276 2607 1466 2651 intelliget,
1494 2620 1565 2653 quo
1585 2608 1770 2652 dirigenda
1788 2620 1889 2642 mens
1913 2608 1958 2642 sit
1981 2608 2018 2640 in
2039 2607 2158 2640 imita-

1188 2726 1237 2755 68)
1257 2725 1314 2751 Cic.
1335 2725 1415 2756 epist.
1434 2725 1469 2748 ad
1488 2724 1568 2750 Fam.
1582 2724 1654 2794 231.
