2294 2975
119 140 194 176 103

118 225 286 260 citatione
295 224 342 272 Ι’8)
358 230 551 270 perpetuae
566 223 846 259 benevolentiae.
893 221 933 255 In
948 223 1017 256 fine
1031 222 1111 255 bre-

117 278 219 311 vibus
252 277 384 310 indicat
412 277 598 311 consilium
633 288 716 309 suae
749 274 923 307 libertatis
959 273 994 306 in
1027 273 1112 307 scri·

116 329 246 362 bendo.

362 413 497 446 Aliud
533 416 860 454 argumentum.

222 480 489 515 constituerant
506 480 551 521 ⁵⁹)
584 478 775 523 Apamaei,
820 477 929 522 Appii
962 477 1111 512 consilio

120 532 257 575 exigere
275 532 447 565 tributum
464 544 481 563 a
500 530 634 563 civibus
653 531 697 563 ad
721 529 902 574 publicum
929 530 1110 574 quoddam

119 583 335 621 aedificium,
364 584 406 615 de
421 595 488 627 qua
508 594 545 614 re
562 593 690 625 magna
711 587 787 613 erat
808 581 900 613 inter
925 580 1017 614 cives
1043 580 1112 614 dis-

118 634 245 667 sensio.
298 634 423 666 Plurcs
441 633 534 665 enim
554 632 789 676 intelligentes
815 644 849 666 se
871 638 1012 676 praeter
1035 644 1109 665 rem

118 684 258 728 gravari
285 685 496 718 recusabant
519 684 659 728 penitus
682 685 766 716 dare
794 684 978 716 tributum.
1037 683 1111 716 Hac

119 735 303 769 occasione
322 748 396 768 non
414 736 499 772 levi,
526 735 649 768 Cicero
669 735 703 767 in
721 734 943 779 provinciam
967 735 1112 768 veniens

118 786 247 826 vetuit,
275 799 319 819 ne
337 787 508 820 tributum
531 787 628 831 prius
653 786 870 829 exigeretur,
905 798 1012 831 quam
1036 792 1110 819 tota

118 850 221 871 causa
247 850 266 870 a
290 851 325 871 se
350 838 490 883 cognita
519 844 618 871 esset.
687 837 823 882 Appius
851 849 936 870 vero
964 843 1112 881 propter

118 901 197 921 eam
215 901 289 922 rem
315 890 469 923 offensus
491 890 686 922 admodum
715 895 748 921 et
770 889 881 922 iratus
905 889 1017 921 sactus
1041 894 1111 922 sta-

117 939 181 973 tim
210 940 346 974 litteras
377 941 516 985 scripsit
543 941 768 986 querelarum
796 946 829 973 et
854 939 1111 983 indignationis

117 991 260 1036 plenas,
307 994 534 1037 expostulans
565 1005 643 1025 cum
677 991 848 1025 Cicerone
876 990 1110 1024 acerbissime.

116 1042 305 1076 Praeterea
342 1044 447 1076 etiam
478 1043 633 1088 graviter
657 1049 868 1088 conquestus
892 1049 968 1075 erat
991 1042 1033 1075 de
1057 1054 1111 1081 eo,

117 1095 215 1139 quod
233 1106 305 1127 non
329 1095 470 1128 obviam
488 1094 676 1140 prodiisset
693 1095 836 1133 Cicero,
873 1095 969 1139 quod
995 1093 1109 1138 ipsum

115 1157 285 1189 magnum
303 1147 489 1191 superbiae
508 1147 647 1190 signum
667 1152 766 1179 esset.
826 1144 908 1178 Ideo
927 1143 993 1178 hac
1009 1157 1111 1189 prae-

116 1197 205 1229 senti
227 1198 373 1242 epistola
393 1211 428 1232 se
453 1204 581 1244 purgat
600 1197 716 1243 Appio
743 1197 960 1230 confutando
989 1196 1108 1229 omnia

116 1247 190 1282 eius
207 1256 427 1293 argumenta.
482 1250 629 1283 Exordii
648 1251 726 1283 loco
742 1249 889 1293 ponitur
912 1248 1030 1281 brevis
1055 1260 1110 1281 ex-

116 1300 271 1340 cusatio,
314 1303 409 1347 quod
439 1314 542 1346 saepe
573 1301 765 1346 impeditus
799 1299 918 1334 multis
946 1299 1110 1343 negotiis,

115 1362 189 1384 non
214 1353 324 1395 possit
351 1352 511 1397 pluribus
537 1353 700 1387 scribere.
760 1351 928 1385 Narratio
953 1351 1111 1385 continet

115 1403 373 1447 expositionem
396 1416 540 1443 eorum,
577 1418 667 1450 quae
695 1403 970 1437 continebantur
994 1403 1030 1435 in
1053 1403 1110 1435 lit-

114 1454 199 1488 teris
209 1454 328 1499 Appii.
374 1455 542 1502 Sequitur
559 1455 758 1501 propositio
777 1455 905 1488 additis
922 1467 1110 1499 argumen-

115 1506 159 1539 tis
176 1518 236 1539 seu
254 1507 452 1541 rationibus
471 1520 553 1541 suae
570 1507 810 1552 purgationis,
840 1507 936 1552 quod
961 1506 1109 1539 omnino

116 1557 244 1591 iniusta
263 1558 306 1591 sit
323 1556 409 1593 haec
427 1559 673 1605 expostulatio.
733 1558 870 1591 Deinde
896 1570 958 1602 per
982 1557 1109 1591 transi-

114 1609 249 1642 tionem
275 1611 442 1644 attexitur
467 1612 575 1644 altera
601 1610 787 1655 purgatio,
824 1610 920 1655 quod
945 1609 1111 1642 videlicet

114 1672 299 1706 nunquam
337 1663 551 1696 recusaverit
587 1662 748 1701 obviam,
800 1661 944 1706 prodire
979 1660 1109 1705 Appio.

113 1711 230 1745 Porro
252 1714 444 1747 admodum
463 1715 583 1747 festive
611 1727 688 1747 eum
711 1713 863 1756 exagitat
880 1713 922 1745 de
942 1712 1109 1745 obiectio-

115 1776 158 1796 ne
183 1764 396 1804 nobilitatis,
425 1778 533 1811 quam
556 1766 658 1799 unice
681 1766 874 1798 iactaverat
891 1763 1047 1808 Appius,
1077 1769 1110 1796 et

114 1821 263 1859 propter
281 1829 388 1861 quam
408 1818 495 1850 alios
519 1817 692 1861 ignobiles
718 1828 803 1860 prae
829 1828 864 1849 se
890 1821 1109 1859 contempse-

114 1872 182 1899 rat.
251 1867 373 1900 Utitur
404 1875 520 1902 autem
548 1869 591 1901 ad
617 1880 694 1901 eam
720 1879 794 1900 rem
823 1866 1005 1911 aptissimo
1030 1867 1108 1899 loco

115 1918 296 1951 communi
317 1919 359 1951 de
378 1932 459 1952 sera
484 1919 687 1959 nobilitate,
723 1930 813 1964 quae
835 1918 947 1962 magis
973 1931 1013 1951 ex
1040 1917 1109 1950 vir-

115 1974 208 2009 tute,
238 1983 343 2015 quam
366 1983 405 2003 ex
422 1971 497 2004 solo
516 1983 643 2015 genere
664 1970 883 2004 aestimanda
902 1976 970 2009 est,
1001 1969 1108 2015 idque

113 2021 246 2064 probat
260 2019 557 2066 philosophorum
578 2022 790 2061 autoritate,
825 2021 884 2066 qui
909 2033 1031 2054 omnes
1057 2020 1108 2053 di-

116 2071 285 2115 gnitatem
304 2085 365 2107 seu
384 2074 627 2107 excellentiam
645 2073 785 2106 virtutis
808 2072 988 2105 nobilitati
1011 2078 1109 2104 ante-

114 2129 266 2166 ponunt.
329 2124 517 2158 Conclusio
540 2122 647 2157 habet
668 2124 964 2169 pollicitationem
990 2123 1108 2163 officii,

116 2179 149 2205 et
171 2173 464 2218 significationem
491 2188 573 2208 suae
593 2175 807 2213 sententiae,
837 2176 932 2220 quod
959 2174 1106 2207 omnino

115 2221 205 2257 nibil
224 2233 321 2259 curet
351 2226 446 2259 illam
471 2227 691 2271 superbiam,
727 2238 817 2271 quae
844 2233 893 2259 est
917 2239 957 2259 ex
980 2226 1107 2258 nobili-

115 2281 204 2315 tate,
247 2290 311 2310 nec
340 2278 577 2322 magnifacere
609 2278 692 2311 velit
727 2289 848 2310 omnes
883 2277 956 2311 eius
992 2277 1108 2322 queri-

114 2338 266 2362 monias.

359 2413 497 2446 Aliud
527 2419 862 2457 argumentum.

218 2479 378 2524 Epistola
407 2487 457 2514 est
479 2482 616 2525 generis
639 2480 832 2519 iudicialis,
867 2492 957 2525 quae
983 2492 1108 2513 consu-

116 2531 226 2564 mitur
251 2532 287 2564 in
315 2533 537 2566 confutandis
563 2533 716 2578 querelis
738 2531 858 2576 Appii.
910 2530 1107 2564 Exordium

151 2638 198 2668 58)
218 2637 430 2668 pollicitatione]
448 2638 487 2662 sic
505 2642 580 2663 recte
600 2640 682 2663 Editt.
704 2640 788 2668 1556.,
809 2638 900 2664 1572:
920 2638 1003 2664 Editt.
1022 2639 1106 2670 1565„

188 2672 261 2696 1569.
280 2673 511 2702 pollicitationem.

152 2718 199 2741 5¹.ss
219 2716 441 2744 constituerant]
461 2716 499 2740 sic
521 2717 605 2742 Editt.
625 2716 833 2747 1565—1577.;

186 2751 341 2774 stituerunt.

865 2716 914 2740 Ed.
935 2716 1012 2742 1556.
1032 2717 1105 2742 Con-

700 136 823 172 I’HIL.
859 136 972 171 MEL.
1009 134 1211 171 SCRIPTA
1245 137 1582 174 PHILOLOGICA.

2084 138 2157 174 104

1165 225 1270 259 brexe
1295 232 1345 260 est
1368 227 1513 260 ductum
1537 226 1580 259 ab
1608 225 1812 265 occasione,
1846 224 1952 258 simul
1974 224 2160 260 continens

1165 277 1426 311 excusationem
1444 277 1629 311 brevitatis
1648 277 1860 310 litterarum.
1913 276 2083 310 Narratio
2108 282 2160 311 est

1165 327 1239 361 vice
1258 329 1534 373 propositionis,
1559 328 1596 361 in
1620 340 1689 374 qua
1713 333 1943 361 recensentur
1965 327 2161 362 accusatio-

1165 379 1219 412 nis
1235 379 1362 424 capita.
1417 380 1519 413 Hanc
1534 380 1694 425 sequitur
1711 379 1889 413 excusatio
1909 385 1942 412 et
1961 378 2159 413 confutatio

1166 430 1399 471 obiectorum,
1428 444 1517 477 quae
1538 430 1684 476 proprie
1701 431 1804 463 ducta
1825 437 1875 464 est
1892 444 1909 463 a
1930 431 2160 464 circumstan-

1166 482 1233 515 tiis.
1285 481 1423 515 Deinde
1440 483 1587 527 ponitur
1606 483 1715 515 altera
1734 481 1932 526 propositio
1948 494 2012 526 per
2032 480 2161 516 transi-

1166 533 1320 573 tionem,
1369 546 1479 579 quare
1514 546 1588 567 non
1621 533 1763 566 obviam
1793 533 2005 578 processerit
2027 532 2160 578 Appio.

1164 584 1296 630 Estque
1318 584 1495 618 excusatio
1513 585 1568 617 vel
1587 584 1781 618 confutatio
1799 591 1939 629 sumpta
1965 596 1986 617 a
2009 584 2160 618 circum-

1165 636 1296 669 stantia
1322 636 1408 675 loci,
1437 636 1522 668 item
1547 648 1565 668 a
1591 636 1786 669 voluntate.
1839 634 2030 669 interserta
2050 635 2159 669 etiam

1165 693 1215 721 est
1241 687 1443 731 obiurgatio
1466 688 1508 720 de
1535 687 1640 720 stulta
1665 687 1880 727 ambitione,
1908 699 1973 732 per
1998 687 2158 720 collatio-

1165 751 1246 771 nem
1265 738 1447 782 dignitatis
1466 744 1500 771 et
1515 738 1711 771 nobilitatis
1723 765 1732 777 ,
1759 739 1821 784 qui
1838 739 1936 772 locus
1960 737 2161 772 communis

1165 790 1329 834 inprimis
1345 788 1413 823 hoc
1429 790 1507 822 loco
1526 796 1576 823 est
1594 790 1847 823 observandus.
1887 789 2059 834 Epilogus
2077 801 2162 823 con-

1165 841 1253 874 tinet
1270 842 1526 886 expositionem
1547 853 1629 875 suae
1644 840 1839 874 voluntatis
1856 847 1890 874 et
1905 841 2113 876 sententiae.

1216 952 1536 996 Argumentum
1571 957 1611 984 et
1647 948 1824 985 scholia
1860 952 1904 985 in
1937 952 2106 998 episto-

1558 1002 1644 1035 lam
1672 1001 1762 1037 VIII.

1267 1085 1363 1118 Haec
1394 1086 1542 1130 epistola
1575 1098 1649 1119 non
1688 1092 1738 1119 est
1762 1098 1803 1119 ex
1826 1086 1916 1126 illis,
1958 1098 2049 1133 quae
2075 1094 2159 1121 sunt

1165 1137 1382 1182 compositae
1407 1135 1691 1183 περιοδικῶςω).
1758 1136 1821 1170 Est
1847 1137 1996 1181 epistola
2020 1139 2159 1183 generis

1164 1188 1350 1222 iudicialis.
1402 1188 1517 1221 Breve
1535 1188 1719 1222 exordium
1745 1195 1813 1228 est,
1849 1189 1946 1234 quod
1971 1187 2081 1223 habet
2101 1202 2159 1224 ex-

1165 1241 1407 1274 tenuationem
1438 1240 1679 1284 suspicionum
1713 1239 1840 1284 Appii,
1884 1252 1953 1286 qua
1985 1241 2161 1286 significat

1165 1304 1265 1332 eum,
1293 1304 1373 1325 cum
1400 1291 1435 1324 in
1459 1292 1584 1324 urbem
1611 1291 1766 1331 venerit,
1800 1304 1838 1324 re
1863 1291 1939 1336 ipsa
1963 1291 2159 1326 intellectu-

1163 1356 1243 1377 rum
1260 1356 1318 1377 eas
1336 1340 1426 1376 nihil
1442 1355 1525 1377 esse.
1585 1342 1641 1376 Ad
1666 1343 1821 1388 primum
1848 1343 1983 1377 crimen
2008 1344 2161 1389 opponit

1163 1395 1423 1439 suspicionibus
1436 1401 1470 1428 et
1486 1394 1644 1428 obscuris
1669 1395 1778 1439 signis
1803 1395 1962 1439 publicas
1980 1395 2160 1429 laudatio-

1162 1459 1235 1480 nes.
1305 1447 1504 1480 Secundum
1532 1446 1666 1479 crimen
1691 1448 1734 1479 de
1759 1446 1882 1491 legatis
1907 1452 1959 1480 est
1978 1446 2160 1488 infitiatio,

1163 1510 1198 1532 se
1215 1510 1289 1531 non
1307 1498 1508 1543 impediisse
1523 1498 1678 1542 legatos,
1705 1498 1765 1531 sed
1790 1498 1960 1532 minuisse
1983 1504 2158 1544 sumptus.

1162 1549 1271 1582 Ratio
1304 1548 1412 1583 habet
1440 1549 1704 1594 syllogismum:
1747 1549 1830 1583 Non
1863 1549 1979 1582 solum
2011 1549 2159 1591 iustitia,

1163 1602 1223 1635 sed
1240 1600 1345 1634 etiam
1362 1600 1603 1634 misericordia
1621 1607 1673 1634 est
1690 1600 1851 1634 minuere
1875 1606 2037 1645 sumptus
2055 1613 2161 1646 egen—

1162 1652 1380 1686 tissimarum
1408 1652 1608 1690 civitatum;
1650 1651 1810 1685 civitates
1837 1652 1924 1685 istae
1946 1658 2031 1686 sunt
2056 1664 2160 1697 egen-

1163 1704 1317 1737 tissimae
1330 1730 1339 1743 ,
1368 1710 1401 1737 et
1418 1704 1601 1748 postulant
1617 1703 1731 1736 minui
1748 1709 1926 1748 sumptus:
1955 1715 2039 1748 ergo
2063 1710 2159 1738 recte

1162 1755 1239 1789 seci.
1293 1754 1498 1800 Orditurffl)
1525 1761 1644 1788 autem
1667 1754 1790 1788 Cicero
1819 1767 1837 1788 a
1860 1754 2013 1789 minore.
2066 1755 2158 1790 Nar-

1163 1814 1217 1840 rat
1236 1807 1394 1840 civitates
1410 1806 1624 1851 postulasse,
1659 1813 1698 1840 ut
1720 1807 1901 1839 decretum
1924 1813 2158 1850 proponeret.

1163 1859 1290 1892 Postea
1315 1858 1413 1891 addit
1436 1857 1630 1897 maiorem,
1665 1858 1703 1890 in
1727 1869 1795 1902 qua
1819 1857 1946 1890 alludit
1971 1857 2016 1890 ad
2038 1859 2158 1892 locum

1162 1922 1389 1943 communem
1413 1910 1456 1942 de
1474 1909 1617 1943 iustitia.
1671 1908 1796 1941 Tertio
1817 1906 2050 1953 reprehendit
2071 1910 2159 1954 figu-

1161 1969 1276 1995 ratam
1305 1960 1643 2006 expostulationem,
1686 1972 1776 2005 quae
1802 1972 1876 1993 non
1909 1961 2033 1994 deceat
2063 1961 2157 1994 inter

1163 2013 1307 2047 amicos.
1359 2013 1585 2046 Postremum
1595 2011 1642 2056 m)
1660 2012 1935 2055 argumento'ab
1955 2011 2156 2060 inutilioea)

1161 2065 1245 2098 facit
1262 2064 1451 2098 verisimile
1463 2090 1472 2103 ‚
1501 2063 1597 2108 quod
1616 2075 1690 2095 non
1707 2063 1859 2096 voluerit
1884 2063 2064 2098 offendere
2083 2064 2156 2109 Ap-

1162 2118 1279 2161 pium:
1322 2115 1413 2161 Quia
1447 2127 1541 2147 nunc
1573 2111 1661 2146 mihi
1690 2120 1749 2147 tua
1781 2115 2030 2148 benevolentia
2065 2128 2154 2161 opus

1162 2175 1212 2202 cst
1222 2168 1280 2214 ω).

1266 2218 1296 2263 {-
1315 2219 1348 2252 1.
1377 2220 1469 2257 Etsi,
1498 2215 1678 2264 quantum]
1700 2216 1899 2250 Exordium
1918 2218 1961 2250 de
1979 2229 2084 2252 causa
2100 2229 2156 2251 re·

1162 2269 1372 2315 spondendi.
1450 2268 1664 2312 Refriqerato
1689 2267 1776 2316 iam]
1810 2268 1845 2301 id
1872 2275 1940 2309 est,
1975 2269 2038 2303 ubi
2059 2269 2154 2303 ultro

1163 2322 1304 2356 abiicies
1322 2320 1539 2364 suspiciones
1557 2327 1681 2353 contra
1698 2332 1754 2352 me
1774 2326 1972 2364 conceptas.

1196 2439 1243 2467 60)
1263 2437 1434 2470 περιοδικῶς]
1458 2438 1542 2462 Editt.
1563 2438 1654 2468 1546„
1676 2438 1751 2463 1601.
1771 2437 1934 2468 pei-indicos.

1195 2490 1244 2518 ει)
1264 2489 1392 2518 Ornatur]
1419 2489 1459 2513 stc
1483 2488 1566 2512 Euat.
1587 2488 1679 2513 15³7..
1708 2489 1799 2516 154o.,
1826 2489 1918 2520 1544„
1946 2488 2040 2519 1554„
2066 2488 2152 2518 1557„

1235 2523 1444 2554 1565—1577.;
1469 2524 1552 2547 mitt.
1575 2524 1660 2553 1545„
1681 2524 1766 2554 1546„
1786 2523 1878 2554 meo,
1898 2522 1972 2547 1601.
1992 2522 2153 2549 Exorditur.

1195 2576 1243 2605 62)
1261 2576 1448 2604 Postremum]
1467 2575 1516 2600 Ed.
1537 2575 1610 2599 1545.
1630 2575 1782 2600 Postremo.

1194 2629 1262 2656 62³)
1281 2627 1385 2657 inutili]
1411 2627 1452 2651 sic
1472 2628 1554 2651 Editt.
1577 2627 1787 2658 1537—1554.,
1818 2626 1908 2654 ¹557.,

1228 2663 1311 2687 Editt.
1330 2662 1521 2688 1565—1577.
1540 2662 1609 2686 utili.

1192 2716 1240 2744 63)
1259 2716 1316 2739 Hoc
1339 2716 1529 2744 argumentum
1556 2716 1647 2738 exstat
1666 2714 1692 2738 in
1710 2713 1794 2738 Editt.
1817 2712 1883 2737 1537
1896 2712 2037 2743 -1554.‚
2064 2711 2152 2742 1552,

1232 2750 1322 2778 isso,
1345 2749 1554 2780 ¹565—1596.,
1580 2749 1651 2772 ¹601.

1937 2626 2027 2656 156⁰.,
2057 2626 2151 2657 1⁶0¹.;
