2351 2990
102 136 198 172 1041
362 133 466 168 XLII.

97 223 227 255 facere.
279 221 467 261 Decedite‚
502 219 690 265 inquiunt,
717 219 908 257 Potidaea;
940 220 1092 264 Aegine-

99 273 144 308 tis
161 273 344 307 concedite
360 273 578 309 libertatem;
608 271 746 304 abolete
760 273 941 306 decretum
958 273 1001 305 de
1018 272 1093 305 Me-

99 324 320 369 garensibus.
372 324 475 359 Nunc
500 322 672 367 postremi
698 322 805 367 legati
831 324 954 357 iubent
977 324 1093 357 omni-

97 377 163 410 bus
180 375 326 410 Graecis
344 376 535 409 concedere
551 374 766 409 libertatem.

202 428 276 463 Nec
294 439 378 461 vero
395 425 524 471 putetis
539 427 582 459 de
600 438 638 459 re
662 438 773 471 parva
788 426 921 460 bellum
938 426 1034 467 fore,
1062 427 1091 461 si

97 480 279 514 decretum
309 480 353 512 de
376 477 644 523 Megarensibus
675 489 749 511 non
785 477 1012 512 aboleveritis
1031 477 1093 525 ²¹),

99 532 198 576 quod
227 530 381 564 maxime
411 536 645 575 praetexunt,
673 541 747 563 non
775 530 852 563 fore
876 530 1008 563 bellum
1033 531 1092 563 de-

99 589 196 616 creto
213 583 274 615 illo
291 581 452 622 sublato,
480 593 544 615 nec
569 581 606 614 in
628 581 729 616 vobis
756 582 895 626 culpam
924 594 998 615 esse
1021 581 1092 615 exi-

96 634 267 674 stimetis,
291 633 321 668 si
337 634 381 667 de
396 645 435 666 re
451 644 563 678 parva
581 633 712 666 bellum
734 633 942 678 suscipietis.
999 632 1091 668 Nam

97 685 135 718 in
153 683 222 719 hoc
238 697 352 730 parvo
368 685 485 730 posita
501 691 552 719 est
569 685 793 717 confirmatio
812 685 1015 718 autoritatis
1035 697 1092 718 ve-

96 742 213 777 strae,
241 744 275 771 et
292 736 514 771 constantiae
529 736 722 781 specimen.
774 736 811 770 Si
831 736 926 770 enim
950 736 1093 771 cesseri-

98 788 143 822 tis
165 788 233 835 22),
273 789 370 823 aliud
396 788 512 823 maius
537 787 767 832 imperabunt
794 794 967 834 tanquam
993 794 1093 822 metu

97 840 323 882 cedentibus,
347 840 408 875 sed
422 840 565 874 fortiter
579 846 783 874 recusantes
801 839 954 874 vicissim
977 846 1094 874 osten-

98 892 189 926 detis
212 892 281 932 eis,
323 898 363 925 ut
380 891 521 937 aequali
544 891 621 925 iure
645 891 831 925 nobiscum
856 898 984 936 agant,
1019 903 1094 925 non

96 950 137 978 ut
154 943 293 977 domini
309 944 498 988 imperent.
552 942 804 977 Deliberabitis
827 943 954 987 igitur,
985 955 1031 976 an
1049 943 1095 977 sit

97 996 297 1028 cedendum
328 1001 426 1029 metu
457 994 722 1040 periculorum,
769 1007 814 1028 an
840 1007 925 1028 vero
959 995 1094 1028 bellan-

97 1047 184 1081 dum
198 1073 207 1087 ,
234 1053 274 1080 ut
289 1045 379 1080 rnihi
396 1046 541 1092 quidem
556 1046 716 1087 videtur,
743 1059 808 1079 nec
825 1047 1021 1080 cedendum
1040 1046 1094 1080 vel

98 1098 138 1132 in
153 1111 192 1132 re
207 1110 336 1143 magna
352 1099 409 1132 vel
424 1098 462 1131 in
480 1098 604 1142 exigua
617 1124 625 1138 ‚
650 1104 690 1132 ut
714 1098 790 1132 sine
807 1104 905 1132 metu
926 1098 1093 1143 deinceps

98 1162 155 1185 res
173 1156 314 1184 nostras
337 1156 457 1184 tenere
476 1149 667 1195 possimus.
719 1149 812 1184 Nam
836 1149 1001 1184 similiter
1022 1162 1094 1184 ser-

98 1202 193 1237 vitus
217 1208 286 1242 est,
315 1201 344 1236 si
366 1202 454 1236 socii
480 1201 646 1247 aequales
673 1207 755 1234 ante
786 1201 957 1235 iudicium
983 1201 1095 1246 impe-

99 1260 198 1294 rent,
225 1265 287 1287 seu
303 1253 460 1286 maxima
477 1265 538 1287 seu
555 1252 719 1286 minima.

203 1303 312 1350 Quod
337 1316 425 1338 vero
447 1305 493 1337 ad
516 1304 648 1337 bellum
673 1309 708 1336 et
734 1303 777 1335 ad
805 1303 897 1338 vires
925 1303 1096 1349 utrinque

97 1355 244 1397 attinet,
271 1362 312 1390 ut
329 1355 447 1390 sciatis
466 1367 532 1389 nos
557 1367 631 1388 non
647 1354 896 1389 imbecilliores
918 1355 1013 1394 fore,
1040 1367 1097 1388 ex-

99 1420 233 1454 ponam
258 1407 423 1452 singula,
450 1418 542 1453 quae
566 1406 825 1440 consideranda
846 1413 941 1441 sunt.
992 1406 1097 1440 Pelo-

100 1459 267 1505 ponnesii
288 1459 412 1492 labore
436 1470 609 1492 manuum
638 1463 818 1504 quaerunt
842 1458 997 1498 victum,
1032 1470 1097 1491 nec

99 1511 272 1557 privatim
303 1522 370 1544 nec
398 1509 540 1555 publice
572 1510 725 1543 multum
757 1509 888 1543 debent
913 1509 1098 1554 pecuniae.

99 1563 240 1598 Deinde
265 1574 339 1596 non
364 1568 448 1596 sunt
471 1561 594 1595 idonei
610 1562 655 1594 ad
673 1561 764 1594 bella
784 1561 955 1595 diuturna
973 1568 1007 1595 et
1024 1573 1098 1594 ma-

100 1615 243 1656 ritima,
279 1614 363 1660 quia
388 1613 554 1658 exiguum
578 1619 726 1658 propter
749 1612 910 1658 inopiam
937 1612 996 1646 alii
1020 1619 1100 1658 post

102 1667 193 1702 alios
210 1666 412 1700 conferunt.
464 1665 572 1699 Tales
590 1677 670 1698 cum
695 1663 786 1705 sint,
813 1676 878 1698 nec
903 1677 1012 1700 naves
1035 1665 1101 1697 im-

102 1719 200 1765 plere
237 1717 429 1758 militibus,
469 1729 535 1750 nec
569 1728 675 1762 saepe
713 1715 885 1750 exercitus
919 1718 1100 1762 pedestres

103 1771 267 1805 emittere
303 1775 472 1814 possunt,
510 1769 614 1814 quia,
650 1780 730 1802 cum
758 1768 820 1802 diu
848 1780 867 1801 a
895 1769 967 1803 suis
994 1769 1100 1802 rebus

103 1823 225 1857 abesse
243 1828 436 1866 cogantur,
464 1826 626 1865 sumptus
642 1819 691 1854 eis
707 1821 847 1854 desunt.
900 1820 999 1854 Bella
1015 1832 1100 1853 vero

104 1873 220 1918 magis
238 1874 459 1908 sustinentur
476 1871 657 1917 praesenti
681 1871 805 1916 copia,
833 1884 941 1917 quam
964 1872 1100 1905 violen-

104 1925 149 1960 tis
175 1924 439 1959 collationibus.
490 1923 542 1957 Ac
567 1923 723 1968 operarii
747 1921 910 1958 homines
934 1923 1101 1958 libentius

103 1977 261 2011 militant
283 1975 515 2021 corporibus,
551 1987 660 2021 quam
686 1975 874 2020 pecuniam
902 1976 1102 2016 conferunt,

106 2028 191 2075 quia
214 2034 360 2073 sperant
387 2039 540 2072 corpora
566 2039 607 2060 ex
636 2026 803 2072 periculis
833 2039 982 2062 evasura
1016 2041 1102 2068 esse,

105 2079 277 2126 pecunias
308 2091 393 2113 vero
425 2079 534 2113 etiam
560 2084 641 2112 ante
666 2078 749 2112 belli
776 2079 884 2112 finem
909 2080 1026 2124 perire
1051 2080 1101 2112 vi-

106 2134 212 2172 dent,
240 2131 450 2176 praesertim
466 2131 495 2165 si
509 2131 643 2165 bellum
659 2131 699 2164 fit
716 2131 940 2165 diuturnum.

210 2182 287 2217 Etsi
311 2189 431 2217 autem
453 2181 708 2228 Peloponnesii
736 2189 771 2216 et
795 2194 920 2216 eorum
948 2182 1035 2216 socii
1058 2182 1102 2215 ad

107 2234 354 2270 dimicandum
377 2235 421 2268 de
443 2246 583 2269 summa
606 2234 659 2268 rei
682 2234 720 2267 in
746 2246 818 2268 uno
843 2234 982 2279 proelio
999 2246 1103 2279 pares

107 2293 191 2322 sunt
216 2288 365 2321 caeteris
386 2286 551 2327 Graecis,
594 2293 716 2320 tamen
737 2286 947 2320 diuturnum
971 2286 1103 2320 bellum

108 2350 230 2384 gerere
254 2338 362 2372 simili
389 2345 566 2383 apparatu
588 2350 662 2372 non
686 2345 854 2383 possunt,
891 2338 995 2384 quia,
1022 2350 1102 2371 cum

108 2403 183 2425 non
199 2390 245 2425 sit
259 2402 331 2424 una
349 2390 549 2424 communis
566 2402 690 2424 eorum
707 2389 917 2424 deliberatio
929 2416 938 2430 ,
965 2391 1027 2423 sed
1050 2401 1105 2423 res

110 2443 155 2476 ad
200 2442 357 2476 diversas
394 2442 553 2475 civitates
588 2441 697 2486 longo
735 2442 861 2475 ordine
897 2442 1105 2475 referendae

108 2494 198 2535 sint,
225 2506 300 2527 non
324 2500 440 2537 potest
462 2493 579 2527 subito
605 2493 745 2538 perfici,
781 2494 875 2540 quod
904 2506 993 2538 opus
1017 2499 1106 2527 erat.

143 2620 192 2649 21)
211 2625 266 2644 non
284 2617 480 2645 aboleveritis]
506 2617 545 2642 sic
563 2618 638 2642 recte
657 2618 708 2643 Ed.
728 2618 804 2643 1562.
835 2619 861 2643 iu
880 2616 1053 2649 corrigendis
1073 2626 1105 2636 z

178 2654 303 2713 Ξὲιὲιιοζξέ
321 2650 359 2685 μή
379 2651 568 2685 'catinensem
592 2652 619 2676 in
643 2652 769 2677 oratione
788 2653 848 2684 ipsa
867 2655 892 2680 h.
906 2653 923 2677 1.
943 2660 999 2677 non
1018 2651 1106 2676 omis-

144 2733 192 2761 22)
219 2730 377 2760 cesseritis]
413 2730 453 2754 sic
480 2731 529 2755 Ed.
554 2731 629 2756 1562.
665 2731 691 2756 in
723 2731 895 2762 corrigendis
921 2739 955 2753 =
985 2730 1105 2760 Thucyd.

179 2763 385 2799 ξυγχωρήσετε;
406 2765 433 2789 iu
455 2765 516 2795 ipsa
535 2765 662 2790 oratione
681 2767 697 2790 1.
714 2767 738 2792 h.
760 2767 877 2797 tegitur:
897 2765 1056 2790 censueritis.

113 2810 297 2841 MELANTH.
320 2808 426 2839 oran.
451 2808 534 2838 Vox..
561 2808 664 2838 xvn.

513 132 914 169 INTERPRETATIO
940 131 1237 169 ORATIONUM
1267 131 1329 166 Ex
1355 129 1650 166 THUCYDIDIS
1678 129 1823 164 htssuo
1843 129 1867 164 l.

2036 129 2135 165 1042

1143 217 1236 252 Nam
1257 225 1290 251 et
1314 225 1435 262 gentes
1460 218 1621 253 diversae
1645 222 1746 257 sunt,
1774 223 1808 250 et
1830 217 1997 263 suffragia
2015 227 2139 261 parem

1144 269 1216 302 vim
1234 267 1385 310 habent,
1410 277 1444 303 et
1460 270 1619 314 singulae
1643 281 1743 302 suam
1759 269 1948 303 utilitatem
1966 277 2139 316 spectant,

1145 332 1236 366 quae
1253 333 1308 354 res
1328 334 1467 354 moram
1487 328 1520 354 et
1538 321 1793 366 impedimenta
1821 322 2139 358 deliberationibus

1145 372 1310 406 afferunt.
1354 372 1425 405 Alii
1443 373 1598 406 maxime
1612 373 1738 406 volunt
1752 372 1874 417 puniri
1889 374 2058 420 aliquem,
2076 376 2139 411 alii

1145 429 1269 456 contra
1294 423 1443 457 minime
1464 425 1590 458 volunt
1610 437 1691 459 suas
1716 435 1772 457 res
1797 424 1957 466 absumi,
1985 434 2018 461 et
2039 432 2139 465 tarde

1145 475 1397 509 convenientes
1432 475 1559 519 exiguo
1592 477 1708 520 spatio
1736 476 1780 508 de
1810 477 1961 521 publicis
1988 482 2139 525 negotiis

1145 527 1364 566 deliberant,
1392 528 1470 571 plus
1489 528 1660 572 temporis
1677 527 1872 562 tribuentes
1890 530 2038 573 privatis
2056 545 2139 567 con-

1146 578 1347 618 troversiis,
1375 585 1409 612 et
1427 578 1576 624 quilibet
1601 586 1703 623 putat
1718 593 1781 613 sua
1800 580 1905 615 unius
1924 583 2141 628 negligentia

1145 641 1219 663 non
1243 629 1410 674 impediri
1436 631 1570 663 bonum
1595 631 1797 675 publicum,
1825 638 1859 665 et
1881 632 1917 666 id
1940 634 2017 668 aliis
2033 648 2138 670 curae

1145 682 1220 715 fore
1244 693 1310 726 pro
1336 681 1426 726 ipso.
1477 681 1534 715 Sic
1560 694 1638 715 cum
1659 695 1782 717 omnes
1799 683 1976 727 cogitant,
2002 686 2137 721 interea

1145 733 1281 767 bonum
1306 732 1487 778 publicum
1512 733 1605 777 perit
1626 734 1787 768 omnium
1812 735 1935 780 culpa,
1964 749 2043 771 cum
2063 740 2141 785 qui-

1146 786 1227 818 dem
1244 797 1280 818 se
1297 796 1440 818 causam
1459 796 1532 819 esse
1550 797 1624 818 non
1641 785 1945 822 animadvertunt.

1248 836 1447 881 Praecipue
1473 848 1558 870 vero
1584 836 1800 882 impedietur
1815 837 1938 883 inopia
1958 841 2143 884 pecuniae,

1147 887 1242 933 quia,
1267 889 1353 922 dum
1369 888 1463 921 lente
1482 889 1683 930 conferunt,
1707 901 1831 923 morae
1849 889 2017 926 incident.
2050 893 2143 927 Belli

1148 945 1266 973 autem
1293 939 1496 974 occasiones
1518 952 1592 974 non
1613 947 1800 985 expectant
1816 947 1974 976 nostram
1993 945 2142 979 tardita-

1147 997 1232 1025 tem.
1284 990 1358 1026 Nec
1375 998 1575 1026 metuamus
1591 993 1829 1032 munitiones,
1856 993 1884 1026 si
1902 1006 1990 1039 quas
2014 995 2052 1029 in
2076 1009 2141 1030 no-

1147 1048 1220 1076 stra
1237 1048 1332 1076 terra
1348 1049 1510 1077 extruere
1527 1044 1669 1083 volent,
1697 1057 1813 1090 neque
1830 1044 1977 1079 classem
2002 1059 2140 1083 eorum.

1147 1094 1241 1128 Nam
1266 1094 1373 1127 etiam
1397 1095 1433 1128 in
1457 1101 1585 1139 pacato
1609 1096 1750 1129 difficile
1774 1102 1864 1130 esset
1881 1097 1962 1130 urbi
1980 1101 2142 1134 aemulae

1148 1145 1291 1190 imperii
1315 1153 1478 1180 extruere
1500 1147 1718 1181 munitiones
1733 1174 1742 1187 ,
1769 1149 1883 1182 multo
1908 1149 2084 1185 difficilius
2110 1152 2147 1186 id

1148 1197 1217 1230 erit
1242 1196 1279 1229 in
1308 1195 1429 1232 hostili
1454 1198 1551 1238 solo,
1580 1199 1789 1243 praesertim
1810 1200 1839 1234 si
1858 1212 1923 1234 nos
1947 1203 2147 1239 contrarias

1148 1248 1368 1283 munitiones
1393 1250 1664 1284 extruxerimus.
1732 1250 1895 1298 Cumque
1929 1253 2148 1296 praesidium

1150 1300 1281 1333 alicubi
1305 1301 1475 1335 adversus
1500 1313 1566 1335 nos
1592 1302 1839 1343 collocabunt,
1883 1304 2064 1338 nocebunt
2093 1307 2146 1340 illi

1150 1351 1315 1396 quidem,
1344 1352 1428 1397 quia
1453 1353 1721 1387 excursionibus
1746 1355 1937 1388 vastabunt
1959 1367 2078 1400 agros,
2111 1365 2146 1392 et

1150 1402 1323 1446 recipient
1347 1405 1566 1448 transfugas;
1604 1406 1663 1438 sed
1688 1417 1761 1438 non
1783 1412 1954 1450 poterunt
1981 1407 2087 1442 simul
2111 1416 2146 1443 et

1151 1454 1314 1488 obsidere
1332 1466 1399 1488 nos
1415 1461 1449 1488 et
1465 1453 1658 1500 prohibere
1682 1463 1822 1491 nostras
1839 1458 2087 1502 navigationes
2109 1461 2148 1494 in

1152 1506 1312 1550 ipsorum
1339 1512 1492 1547 terram,
1527 1507 1586 1540 ubi
1612 1520 1671 1542 eos
1694 1508 1802 1542 classe
1828 1509 2044 1545 vexabimus.
2097 1512 2148 1546 Ac

1151 1570 1217 1591 nos
1240 1557 1385 1603 quidem
1408 1558 1487 1603 plus
1519 1556 1690 1593 habemus
1715 1559 1912 1594 industriae
1940 1562 1985 1595 ad
2009 1564 2149 1607 proelia

1152 1609 1189 1642 in
1207 1616 1324 1650 terra,
1353 1622 1395 1642 ex
1418 1622 1485 1644 usu
1509 1609 1560 1643 rei
1583 1611 1763 1652 nauticae,
1789 1624 1897 1658 quam
1923 1613 1991 1657 ipsi
2016 1612 2146 1649 habere

1152 1666 1303 1706 possunt
1326 1661 1371 1694 ad
1392 1672 1468 1694 rem
1490 1662 1654 1696 navalem
1668 1690 1677 1703 ,
1703 1675 1745 1696 ex
1771 1676 1836 1698 usu
1864 1663 2014 1699 militiae
2037 1672 2148 1702 terre-

1153 1712 1246 1747 stris.
1301 1712 1373 1747 Nec
1400 1713 1503 1746 facile
1524 1720 1629 1748 erunt
1652 1714 1757 1759 periti
1780 1715 1830 1748 rei
1853 1715 2002 1751 navalis.
2055 1718 2149 1753 Nam

1154 1776 1219 1798 nec
1237 1776 1320 1804 vos,
1350 1776 1570 1811 quamquam
1598 1765 1680 1799 inde
1704 1778 1723 1799 a
1750 1766 1843 1799 bello
1869 1767 2013 1802 Persico
2040 1770 2149 1805 classe

1154 1816 1308 1856 utimur,
1344 1823 1377 1849 et
1413 1828 1478 1850 nos
1521 1829 1742 1858 exercemus,
1783 1818 1868 1852 satis
1901 1818 2021 1853 idonei
2055 1822 2148 1857 estis.

1154 1868 1301 1913 Quanto
1320 1867 1438 1902 minus
1454 1868 1642 1913 proficient
1659 1869 1726 1901 viri
1752 1876 1885 1903 terram
1912 1871 2088 1913 colentes,
2116 1881 2151 1908 et

1154 1920 1216 1966 qui
1231 1919 1472 1964 impedientur
1488 1920 1618 1955 nostris
1637 1921 1921 1962 excursionibus,
1946 1935 2018 1969 quo
2033 1925 2152 1961 minus

1154 1984 1190 2005 se
1216 1979 1414 2005 exerceant.
1479 1971 1708 2018 Quamquam
1739 1973 1833 2006 enim
1867 1974 2040 2009 auderent
2069 1989 2153 2010 con-

1154 2024 1274 2067 fligere
1298 2036 1377 2057 cum
1403 2024 1524 2068 paucis
1547 2025 1698 2058 navibus
1719 2025 1798 2058 freti
1822 2026 2070 2068 multitudine,
2099 2035 2151 2062 ta-

1156 2087 1236 2109 men
1262 2087 1341 2109 cum
1366 2075 1488 2109 multis
1517 2082 1551 2109 et
1575 2076 1724 2110 diversis
1750 2076 1836 2111 locis
1863 2077 2053 2123 confligere
2076 2092 2151 2114 non

1156 2133 1344 2172 poterunt,
1373 2126 1507 2160 interea
1526 2127 1609 2173 quia
1628 2140 1702 2161 non
1719 2135 1939 2170 exercentur,
1958 2142 2033 2163 non
2047 2139 2153 2166 erunt

1156 2178 1298 2219 idonei,
1327 2191 1477 2225 eamque
1495 2179 1540 2212 ob
1558 2192 1699 2214 causam
1719 2180 1918 2216 timidiores
1933 2188 2049 2217 erunt.
2084 2183 2153 2218 Ars

1156 2237 1208 2265 est
1234 2230 1330 2264 enim
1355 2242 1410 2265 res
1434 2230 1598 2271 nautica,
1623 2231 1652 2265 si
1679 2232 1763 2277 quid
1785 2232 1899 2273 aliud,
1923 2244 1989 2266 nec
2006 2234 2154 2269 discitur

1157 2282 1284 2316 obiter.
1325 2282 1394 2316 Sed
1413 2282 1461 2315 ita
1477 2284 1671 2316 exercenda
1691 2289 1760 2323 est,
1783 2290 1823 2317 ut
1841 2295 1918 2316 eam
1936 2284 2048 2318 solam
2068 2298 2152 2320 cura

1156 2334 1384 2374 intendatur,
1412 2346 1475 2368 nec
1494 2334 1610 2368 obiter
1625 2334 1693 2367 alia
1713 2334 1818 2369 simul
1835 2341 1999 2380 agantur.

1260 2385 1323 2419 Sin
1346 2392 1466 2419 autem
1490 2393 1610 2419 amota
1634 2385 1786 2431 pecunia
1809 2386 1933 2432 templi
1949 2386 2153 2434 Olympiaci

1158 2443 1219 2471 aut
1242 2435 1427 2482 Delphici,
1463 2437 1671 2482 peregrinos
1696 2444 1823 2471 nautas
1848 2450 1865 2471 a
1889 2438 1993 2473 nobis
2018 2442 2153 2474 condu-

1158 2495 1233 2522 ctos
1256 2490 1301 2522 ad
1328 2501 1363 2522 se
1392 2489 1520 2522 maiori
1539 2489 1700 2522 mercede
1717 2489 1894 2530 allicient,
1923 2490 1960 2524 id
1976 2502 2061 2526 sane
2080 2492 2152 2525 for-

1158 2540 1327 2574 midabile
1346 2547 1456 2581 esset,
1484 2541 1513 2575 si
1531 2553 1604 2574 non
1621 2553 1775 2575 essemus
1790 2553 1895 2586 pares
1917 2541 1994 2587 ipso
2020 2543 2153 2577 civium

1158 2605 1322 2626 numero.
1376 2592 1557 2626 Habemus
1577 2592 1695 2627 autem
1717 2592 1810 2627 cives
1829 2593 1978 2628 idoneos
1997 2596 2041 2628 ad
2065 2595 2154 2629 clas-

1159 2656 1253 2685 sem,
1286 2651 1320 2678 et
1343 2645 1440 2690 quod
1464 2644 1577 2689 magis
1603 2650 1673 2684 est,
1707 2644 1966 2689 gubernatores
1990 2653 2024 2679 et
2049 2646 2154 2679 mini-

1159 2702 1251 2730 stros
1274 2696 1413 2740 plures,
1450 2708 1559 2742 quam
1582 2695 1720 2742 reliqua
1748 2702 1822 2729 tota
1848 2696 2011 2732 Graecia.
2083 2697 2155 2733 Nec

1161 2747 1339 2792 peregrini
1357 2749 1399 2781 ad
1417 2760 1478 2782 vos
1495 2748 1658 2781 deficient
1673 2747 1813 2781 minore
1828 2760 1908 2782 cum
1920 2760 1993 2792 spe.
2023 2747 2156 2795 Quam-

1597 2799 1645 2834 66
