2351 2990
114 103 189 138 417
242 101 362 140 xxm.
391 103 579 140 ARGUM.
593 102 658 139 ET
674 102 840 140 SCHOL.
858 102 905 139 IN
922 102 1073 141 EPIST.
1091 100 1204 141 FAM.
1223 101 1307 141 cle.
1323 101 1481 142 LIB.X1.
1498 103 1640 145 EP.29.
1668 108 2019 154 LIB.X11.EP.1.2.
2074 120 2145 156 418

103 197 263 236 tempus,
291 203 362 238 quo
387 191 627 237 praecedentis
649 191 732 225 libri
756 191 925 237 epistolae
948 192 1098 238 scriptae

102 249 196 276 sunt.
252 242 340 276 Cum
359 244 454 276 enirn
469 243 647 277 Antonius
666 243 779 277 occiso
797 243 946 277 Caesare
967 245 1097 278 tumul-

101 299 264 328 tuaretur
279 294 317 327 in
333 294 513 339 republica
530 294 705 328 adiunctis
722 294 788 328 sibi
806 295 980 329 veteranis
1004 296 1095 329 mili-

99 343 212 384 tibus,
257 344 500 380 interfectores
521 352 620 380 metu
646 345 887 390 periculorum
916 354 1095 381 cesserunt

97 396 204 435 urbe,
254 408 295 429 ex
332 409 486 442 quorum
519 409 670 430 numero
706 396 846 431 Cassius
880 410 971 432 unus
1006 405 1092 432 erat.

98 446 341 490 Quamobrem
361 447 484 481 Cicero
501 448 672 482 sollicitus
690 447 728 481 in
744 449 851 489 tantis
872 449 1026 483 motibus
1048 451 1091 483 de

96 498 209 530 salute
241 498 456 542 reipublicae
489 497 557 532 hoc
593 500 671 533 loco
702 500 823 533 scribit
847 501 891 533 ad
917 500 1090 542 Cassium,

97 560 249 594 eumque
265 546 452 591 hortatur,
486 557 525 583 ut
548 550 758 584 beneficium
783 551 945 585 libertate
971 553 1089 596 reipu-

95 599 208 632 blicae
225 600 404 641 absolvat,
433 608 467 634 et
490 601 647 635 maximo
674 608 803 636 conatu
820 602 978 636 Antonio
1003 603 1088 636 resi-

93 656 173 684 stat.
231 649 297 684 Est
320 651 440 697 itaque
465 652 612 697 epistola
640 651 839 687 hortatoria
867 655 911 687 ad
936 655 1086 687 liberan-

93 701 175 734 dam
193 703 449 746 rempublicam
465 704 509 737 ab
526 704 793 738 imminentibus
809 705 985 749 periculis.
1017 704 1085 737 Ex-

93 752 234 786 ordium
253 760 303 787 est
320 752 537 798 patheticum
550 782 559 796 ,
588 768 658 801 quo
675 756 847 800 significat
864 768 964 789 suam
990 755 1085 789 solli-

91 803 285 837 citudinem
301 805 411 838 animi
430 818 493 850 pro
513 807 705 851 republica.
763 807 929 851 Sequitur
952 818 1083 850 propo-

89 854 170 888 sitio
188 853 463 896 exhortationis,
491 869 582 902 quae
602 864 651 891 est
669 858 874 890 confirmata
901 869 920 890 a
946 857 1083 901 pericu-

90 905 147 938 lis:
176 905 307 950 Magna
332 908 520 952 tyrannide
546 908 719 952 premitur
743 908 959 952 respublica:
997 920 1080 952 ergo

90 968 197 1001 quam
213 957 367 1001 primum
386 958 569 991 liberanda
587 965 648 992 est.
708 959 929 993 Antecedens
955 960 1081 1004 ampli-

89 1008 169 1040 ficat
188 1008 350 1052 congerIe
371 1009 622 1043 violentiarum
639 1010 800 1043 Antonii.
859 1011 969 1043 Addit
993 1012 1080 1044 duas

89 1059 350 1102 occupationes.
403 1060 525 1093 Prima
543 1067 611 1100 est,
647 1062 744 1106 quod
770 1061 987 1105 reipublicae
1015 1062 1080 1094 mi-

86 1121 154 1142 nus
176 1109 220 1143 sit
244 1110 485 1145 satisfacturus
508 1111 544 1144 in
568 1118 774 1155 recuperata
800 1113 951 1156 pristina
975 1113 1079 1146 liber-

85 1165 169 1194 tate.
221 1160 341 1193 Altera
361 1168 430 1201 est,
458 1163 575 1207 quod,
603 1163 665 1196 etsi
683 1164 887 1196 necessitate
906 1164 1080 1208 compulsi

86 1211 197 1243 multa
214 1212 447 1255 probaverint
464 1220 498 1246 et
514 1220 592 1246 rata
612 1211 804 1246 habuerint
817 1241 826 1253 ,
854 1221 973 1247 tamen
999 1227 1076 1248 cum

87 1262 265 1296 Antonius
290 1263 369 1307 plus
394 1263 486 1297 iusto
509 1264 576 1297 sibi
600 1264 755 1297 vindicet
766 1265 830 1309 ¹2),
871 1266 902 1297 ei
930 1266 1077 1298 omnino

84 1313 319 1347 resistendum
347 1326 430 1348 esse.
489 1314 661 1360 Epilogus
685 1313 792 1348 habet
818 1316 1076 1360 praecisionem

87 1370 121 1396 et
137 1376 219 1398 suae
235 1365 506 1399 benevolentiae
523 1367 882 1401 commendationem.

334 1465 467 1499 Aliud
493 1474 820 1511 argumentum.

186 1541 260 1576 Has
284 1540 450 1585 epistolas
473 1541 613 1586 scripsit
627 1542 751 1575 Cicero
776 1543 895 1577 statim
920 1551 999 1588 post
1023 1545 1076 1578 in-

85 1593 269 1627 terfectum
288 1592 477 1626 Caesarem
490 1619 499 1632 ‚
527 1606 597 1638 quo
616 1600 776 1638 tempore
792 1594 925 1628 Brutus
942 1602 975 1628 et
993 1596 1076 1630 Cas-

84 1645 156 1678 sius
193 1649 334 1677 autores
368 1643 604 1677 interficiendi
640 1644 800 1679 Caesaris
833 1652 931 1679 metu
963 1647 1075 1690 plebis

85 1695 198 1728 coacti
220 1706 261 1727 ex
284 1694 371 1727 urbe
389 1694 567 1737 fugerunt.
625 1694 742 1728 Porro
767 1696 850 1729 facti
866 1696 1074 1732 Dolabellae

82 1753 117 1780 et
146 1752 263 1779 motae
294 1745 496 1785 seditionis,
530 1745 615 1778 item
638 1746 790 1780 aliarum
814 1759 953 1788 rerum,
988 1761 1075 1794 qua-

83 1810 165 1831 rum
181 1795 239 1830 hic
252 1797 291 1829 fit
305 1796 460 1836 mentio,
488 1796 626 1840 integra
653 1803 704 1830 est
726 1798 915 1842 descriptio
941 1799 977 1832 in
1002 1801 1074 1844 pri-

81 1861 141 1882 ma
158 1846 378 1892 Philippica,
405 1847 442 1879 in
460 1847 616 1891 epistolis
636 1849 681 1881 ad
696 1847 853 1882 Atticum
865 1849 909 1895 ¹³)
928 1857 961 1883 et
979 1852 1073 1895 apud

83 1900 290 1945 Appianum
313 1900 356 1931 de
379 1898 472 1931 bello
497 1898 590 1931 civili
600 1898 657 1943 ¹⁴¹).
717 1900 839 1933 Prima
861 1908 980 1934 autem
1003 1903 1075 1946 epi-

83 1952 172 1985 stola
190 1949 295 1984 huius
313 1950 396 1983 libri
417 1956 468 1983 est
484 1947 743 1984 adhortatoria.
797 1950 995 1985 Exordium
1018 1966 1075 1986 su-

82 2003 192 2036 mitur
208 2014 227 2034 a
242 2001 506 2046 praedicatione
523 2012 606 2034 suae
631 2001 888 2036 sollicitudinis.
942 2003 1074 2037 Narra-

82 2054 132 2086 tio
156 2053 312 2098 primum
335 2052 493 2085 continet
515 2052 772 2096 expositionem
802 2053 884 2086 facti
907 2053 1074 2088 Dolabel-

80 2105 154 2144 lae,
194 2104 255 2150 qui
278 2103 417 2136 fortiter
442 2103 620 2137 restiterat
651 2105 821 2138 tumultui
853 2105 1003 2138 excitato
1031 2107 1072 2140 de

82 2155 242 2189 Caesaris
267 2155 460 2199 sepultura.
518 2153 657 2188 Deinde
680 2156 828 2200 ponitur
850 2158 1072 2190 enumeratio

81 2207 322 2251 periculorum
338 2205 561 2249 publicorum
574 2232 583 2246 ‚
607 2206 645 2239 in
662 2207 790 2252 quibus
816 2214 978 2241 versatur
1002 2221 1073 2242 res-

83 2257 223 2301 publica
249 2263 330 2301 post
351 2256 575 2290 interfectum
602 2257 801 2293 Caesarem.
865 2259 993 2293 Postea
1022 2266 1072 2294 est

82 2306 286 2341 adhortatio
299 2334 309 2348 ,
336 2314 375 2340 ut
392 2307 429 2339 in
447 2314 607 2352 tempore
626 2317 809 2350 occurrat,
844 2311 964 2343 addita
989 2324 1072 2344 con-

82 2360 238 2394 cessione
262 2365 295 2391 et
322 2359 563 2393 confutatione
588 2361 806 2395 obiectionis.
881 2362 1070 2396 Conclusio

80 2409 190 2444 habet
220 2410 461 2444 reiectionem.
529 2410 570 2444 In
598 2413 667 2446 fine
693 2420 743 2447 est
769 2413 923 2447 clausula
946 2415 987 2447 de
1009 2426 1070 2448 sua

82 2461 319 2496 sollicitudine
345 2473 411 2506 pro
430 2461 562 2497 Cassio.

119 2604 167 2632 12)
186 2604 320 2634 vindicet]
340 2604 404 2629 illae
422 2604 522 2629 Editt.:
550 2604 683 2630 vendicet.

120 2653 167 2682 13)
187 2655 242 2679 Cic.
261 2656 296 2680 ad
314 2656 396 2681 Attio.
417 2656 435 2681 1.
449 2656 525 2681 XIV.
545 2657 572 2680 et
591 2657 626 2680 al.

116 2705 163 2733 14)
182 2705 297 2735 Appian.
317 2707 386 2732 Bell.
407 2707 514 2739 Civ.11,
535 2708 691 2732 118—148.
717 2708 762 2739 111,
783 2709 886 2734 1—84.

90 2745 272 2777 memma.
297 2747 404 2779 omn.
427 2747 512 2779 Vm..
536 2748 642 2779 XVII.

1402 192 1543 228 Aliud
1572 205 1899 240 argumentum.

1252 267 1412 312 Epistola
1433 277 1484 305 est
1499 268 1758 309 adhortatoria.
1810 276 2006 313 Exordium
2032 284 2139 315 sumi-

1149 323 1207 351 tur
1224 331 1265 352 ex
1281 320 1360 354 loco
1377 321 1646 357 benevolentiae
1665 326 1707 358 de
1725 338 1786 359 sua
1805 328 2041 364 sollicitudine
2061 346 2138 377 per-

1146 375 1252 413 petua
1277 383 1342 414 pro
1370 372 1492 406 Cassio
1516 380 1551 406 et
1574 375 1711 410 duobus
1733 377 1864 413 Brutis.
1923 380 2062 415 Deinde
2085 397 2135 417 se-

1147 420 1267 466 quitur
1285 422 1390 466 longa
1415 424 1608 468 expositio,
1642 440 1731 472 quae
1759 435 1809 463 est
1834 431 1934 475 q‘uasi
1959 436 2135 477 quaedam

1144 472 1304 505 narratio
1326 474 1370 506 de
1385 474 1485 513 ⁸facto
1509 475 1735 518 Dolabellae,
1770 492 1842 526 quo
1864 482 2062 517 defenderit
2084 485 2135 518 in—

1143 524 1344 558 terfectores
1363 524 1523 559 Caesaris
1539 539 1557 559 a
1573 529 1694 562 furore
1711 531 1821 574 plebis
1832 558 1841 569 ,
1876 539 1909 566 et
1922 534 2062 568 fortiter
2078 548 2132 569 re-

1141 574 1269 607 stiterit
1288 576 1472 610 conatibus
1487 577 1648 613 Antonii.
1707 580 1793 615 ltem
1820 583 1981 626 pluribus
2004 587 2132 621 descri-

1139 624 1273 658 buntur
1297 626 1471 669 pericula,
1515 629 1551 661 in
1586 630 1713 675 quibus
1746 640 1904 668 versetur
1933 638 2132 681 respublica

1139 682 1219 719 post
1234 676 1459 711 Interfectum
1479 679 1678 715 Caesarem.
1719 682 1810 717 Huic
1828 687 2039 729 expositioni
2057 689 2129 723 sive

1137 727 1338 760 narrationi
1365 729 1509 763 additur
1540 729 1766 773 adhortatio,
1814 748 1904 780 quae
1937 746 1986 772 est
2018 746 2128 775 status

1136 774 1240 811 huius
1257 778 1445 822 epistolae,
1480 787 1519 814 ut
1539 781 1679 817 Cassius
1702 796 1773 818 una
1799 798 1878 819 cuni
1902 789 1978 823 aliis
2002 792 2130 835 cogitet

1136 828 1178 861 de
1194 829 1377 863 liberanda
1393 832 1574 876 republica
1595 845 1635 866 ex
1652 835 1759 869 tantis
1778 837 1954 880 periculis.
2004 841 2043 874 ln
2060 844 2128 876 fine

1135 880 1282 923 ponitur
1297 881 1452 916 clausula
1470 884 1512 916 de
1528 896 1590 917 sua
1609 897 1691 919 cura
1709 899 1775 930 pro
1793 887 1926 924 Cassio.

1347 974 1483 1009 Aliud
1516 981 1899 1028 argumentumffi).

1236 1040 1401 1076 Extincto
1428 1044 1577 1079 Caesare
1600 1046 1779 1082 Antonius
1804 1050 1945 1090 consul,
1991 1052 2052 1097 qui
2074 1066 2127 1086 se-

1133 1092 1269 1125 cundus
1292 1090 1416 1129 haeres
1443 1103 1518 1129 erat
1539 1097 1709 1142 scriptus,
1744 1100 1828 1133 duni
1855 1101 1892 1133 in
1910 1101 2039 1135 Gaecia
2066 1105 2126 1137 ab-

1134 1148 1221 1175 esset
1237 1142 1425 1185 Octavius,
1462 1160 1502 1180 ex
1526 1154 1739 1183 testamento
1759 1151 1918 1185 Caesaris
1945 1166 2125 1188 commen-

1132 1194 1241 1227 tarios
1259 1201 1293 1227 et
1316 1193 1554 1242 chirographa
1577 1201 1747 1242 protulit,
1784 1209 1890 1247 atque
1916 1204 2049 1245 effecit,
2085 1213 2124 1239 ut

1132 1256 1170 1276 ea
1189 1256 1207 1276 a
1232 1253 1357 1280 senatu
1383 1250 1691 1285 confirmarentur.
1752 1252 1845 1297 Quia
1868 1260 1985 1288 autem
2011 1257 2122 1290 multa

1132 1295 1317 1329 addiderat
1332 1297 1404 1341 ipse
1422 1300 1464 1332 de
1480 1313 1542 1333 suo
1555 1327 1564 1340 ,
1591 1308 1625 1333 et
1641 1315 1731 1348 quae
1748 1304 1870 1343 vellet,
1906 1306 2025 1340 omnia
2048 1315 2123 1341 tue-

1130 1352 1228 1379 retur
1244 1349 1453 1382 auctoritate
1471 1350 1630 1386 Caesaris
1648 1360 1681 1386 et
1698 1351 2017 1399 chirographorum
2038 1359 2123 1399 eius,

1131 1398 1294 1442 queritur
1312 1399 1435 1433 Cicero
1452 1401 1489 1434 in
1516 1400 1582 1435 hac
1607 1404 1755 1448 epistola
1781 1407 1823 1439 de
1848 1409 2057 1451 tyrannide,
2090 1417 2123 1443 et

1131 1446 1295 1483 hortatur
1322 1450 1502 1492 Cassium,
1545 1460 1584 1486 ut
1617 1456 1834 1499 reipublicae
1863 1466 1987 1502 pergat
2018 1461 2124 1494 bene-

1130 1500 1265 1539 sacere,
1293 1514 1383 1546 quae
1403 1510 1519 1537 morte
1537 1504 1698 1540 Caesaris
1714 1519 1788 1540 non
1806 1520 1934 1552 regnO,
1960 1512 2019 1543 sed
2039 1524 2120 1555 rege

1130 1556 1268 1584 tantum
1286 1552 1331 1585 sit
1344 1553 1506 1589 liberata.
1558 1555 1620 1590 Est
1637 1564 1753 1591 autem
1773 1566 1944 1604 perpetua
1960 1563 2121 1595 narratio

1130 1613 1277 1643 eorum,
1304 1605 1451 1650 quaein
1476 1607 1562 1640 urbe
1589 1609 1632 1642 ab
1647 1609 1806 1643 Antonio
1831 1612 2015 1655 tyrannice
2039 1620 2118 1646 sunt

1128 1659 1235 1696 gesta.

1288 1763 1475 1799 Scholia
1504 1767 1546 1799 in
1575 1767 1820 1811 epistolam
1848 1769 1957 1816 H.¹⁶).

1232 1838 1262 1883 ξ.
1281 1841 1313 1874 1.
1346 1842 1562 1875 Vehementer
1578 1840 1704 1889 laetor]
1727 1842 1925 1876 Exordium
1942 1851 1994 1878 est
2009 1849 2122 1890 quod-

1128 1892 1209 1924 dam
1232 1888 1424 1937 πάθοςιτ).
1527 1894 1597 1926 Sed
1617 1894 1710 1926 homo
1733 1892 1868 1941 amens]
1902 1894 2070 1930 Narratio
2099 1910 2119 1931 a

1127 1942 1372 1986 propositione
1405 1943 1580 1985 generali,
1615 1944 1800 1978 continens
1832 1945 2119 1981 criminationem

1127 1993 1295 2033 Antonii,
1324 1999 1358 2025 et
1375 1999 1581 2027 senatorum
1598 1994 1862 2039 negligentiam.
1950 1999 2041 2038 Quae
2057 2012 2120 2032 au-

1126 2051 1190 2079 tem
1208 2046 1244 2078 in
1261 2042 1398 2091 lustris]
1428 2044 1610 2078 Correctio
1626 2058 1689 2090 per
1708 2047 2007 2081 extenuationem.

1231 2111 1260 2156 §-
1279 2115 1315 2147 2.
1345 2113 1476 2153 Quare,
1504 2116 1589 2158 quod
1605 2112 1746 2161 scribis]
1783 2114 1835 2147 De
1861 2116 2117 2155 consularibus,

1127 2176 1280 2210 quorum
1299 2163 1404 2208 pauci
1420 2170 1512 2197 recte
1529 2165 1702 2205 sentiant,
1730 2172 1763 2198 et
1781 2166 1891 2199 libere
1906 2167 2025 2199 dicant
2041 2179 2118 2201 sen-

1126 2215 1275 2249 tentiam
1293 2216 1330 2247 in
1348 2221 1486 2249 senatu.

1230 2281 1259 2327 ἓ.
1278 2283 1312 2316 3.
1349 2284 1460 2324 Quare
1485 2295 1559 2325 spes
1580 2281 1648 2330 est]
1683 2284 1892 2324 Conclusio,
1933 2291 1971 2318 ut
1997 2285 2034 2318 in
2058 2287 2118 2319 ab-

1125 2334 1236 2368 sentia
1248 2334 1292 2379 l³¹)
1325 2334 1477 2367 maxime
1508 2334 1577 2367 sint
1599 2334 1740 2367 solliciti
1764 2347 1829 2378 pro
1852 2336 2030 2379 republica
2059 2338 2117 2370 de-

1159 2484 1206 2513 15)
1225 2483 1283 2507 Hoc
1301 2482 1490 2513 argumentum
1508 2482 1608 2505 habent
1627 2481 1710 2506 Editt.
1738 2481 1930 2507 1565—1596.

1159 2535 1206 2563 16)
1225 2535 1287 2559 Mel.
1307 2534 1468 2563 argumento
1489 2533 1572 2556 Editt.
1589 2532 1795 2563 1537—1554.‚
1817 2533 1908 2563 1557.,
1931 2535 2021 2563 1560..
2042 2537 2116 2561 1601.

1192 2570 1220 2592 iu
1239 2570 1287 2592 hac
1306 2568 1420 2598 epistola
1441 2569 1466 2590 et
1485 2567 1500 2590 3
1519 2567 1695 2597 sequentibus
1715 2567 1776 2597 111.,
1795 2568 1861 2598 tv„
1882 2569 1928 2591 vt.
1947 2573 2050 2594 carent.

1159 2622 1206 2650 17)
1225 2616 1330 2648 πάθος]
1350 2619 1435 2642 Editt.
1456 2618 1548 2649 1545.,
1570 2617 1643 2641 1560.
1663 2617 1769 2647 pathos.

1161 2673 1207 2700 18]
1227 2670 1367 2698 absentia]
1394 2669 1433 2692 sic
1457 2667 1540 2691 Editt.
1564 2667 1770 2698 1537-1544.,
1792 2668 1882 2697 1554..
1906 2669 1997 2699 1557.;

1193 2707 1284 2734 1545..
1306 2704 1379 2728 1560.
1404 2701 1581 2727 abstinentia.

1550 2737 1600 2772 27

2033 2669 2115 2693 Editt.
