2351 2990
186 133 260 169 727

188 219 421 252 fundamenta
440 218 640 252 firmissima
661 230 732 252 csse
753 223 913 262 oportet,
949 217 997 249 ita
1023 217 1185 261 negotio-

188 282 267 303 rum
287 269 386 301 initia
412 276 445 302 et
467 282 592 303 causae
617 282 720 301 verae
745 281 784 301 ac
808 269 920 302 iustae
949 281 1021 302 esse
1044 269 1185 303 debent.

190 322 236 354 At
263 318 423 364 Philippi
446 333 501 354 res
524 321 627 363 longe
653 320 755 352 aliter
781 332 817 353 se
849 317 994 354 habent.
1063 320 1184 365 Quare

192 384 318 405 censeo
330 370 511 415 Olynthiis
529 370 658 403 auxilia
675 371 849 403 mittenda
865 383 959 411 esse,
989 383 1028 403 ac
1045 378 1186 405 senten-

191 423 277 456 tiam
296 423 510 467 probaturus
532 434 630 461 sum,
668 422 828 467 quisquis
853 423 965 463 dicet,
1001 424 1185 468 quomodo

193 481 226 507 ct
245 475 377 517 optime
398 474 584 511 instructa,
618 478 652 505 et
678 485 785 518 quam
808 474 964 517 primum
987 474 1081 507 mitti
1105 487 1185 518 pos-

192 525 273 559 sint.
328 524 460 557 Censeo
479 530 512 555 et
528 524 571 556 ad
591 521 781 558 Thessalos
807 526 1018 558 mittendam
1042 537 1115 558 esse
1138 525 1186 558 le-

194 576 371 620 gationem
387 601 395 614 ‚
417 586 506 619 qnae
524 586 583 608 eos
600 581 634 607 ct
650 576 693 607 de
714 582 839 609 nostro
863 582 1039 620 apparatu
1059 576 1187 609 certio-

192 639 248 660 res
263 627 407 665 reddat,
435 632 469 658 et
492 627 536 658 ad
562 626 645 658 belli
668 627 871 660 societatem
891 625 1067 662 hortetur.
1116 627 1188 661 De-

193 683 381 710 creverunt
399 677 492 709 enim
511 677 665 721 Pagasas
685 684 863 722 repetere,
893 680 986 721 etde
1002 679 1185 723 Magnesia

193 741 271 761 cum
284 726 454 772 Philippo
474 729 709 772 expostulare.
760 729 812 762 Ac
828 729 963 769 videte,
987 742 1031 763 ne
1048 737 1186 764 tantum

191 780 299 813 verba
317 779 423 823 legati
442 780 548 813 vestri
564 780 764 824 perferant,
790 782 851 814 sed
868 787 906 814 ut
923 781 1061 825 possint
1080 782 1186 815 etiam

191 843 247 864 res
283 831 489 870 ostendere,
537 832 634 876 quod
669 831 739 864 iam
778 832 968 866 eduxeritis
1003 833 1188 873 exercitus,

192 883 496 927 quemadmodum
529 883 617 915 urbe
647 889 762 916 vestra
798 884 944 927 dignum
978 890 1047 924 est,
1089 885 1188 930 quod

190 933 325 967 bellum
341 933 537 967 moveritis.
589 934 682 968 Nam
703 935 818 967 oratio
843 935 918 968 sine
945 935 1045 968 factis
1071 935 1188 970 inanis

193 991 261 1024 est,
298 984 508 1028 praesertim
541 985 583 1017 de
615 992 736 1018 nostra
771 985 925 1020 civitate.
986 987 1068 1031 Quo
1091 987 1187 1020 enim

191 1036 330 1069 maiore
349 1036 469 1068 animo
489 1033 627 1069 hostem
644 1036 874 1077 invademus,
907 1050 948 1070 eo
968 1038 1081 1082 magis
1097 1038 1187 1072 diffi-

192 1088 278 1119 dent
296 1087 327 1119 ei
355 1099 490 1121 omnes.
551 1087 587 1120 Si
613 1100 719 1132 quem
745 1088 840 1122 enim
864 1089 966 1122 vobis
992 1089 1186 1134 adiungere

191 1138 317 1177 vultis,
344 1150 511 1182 magnam
529 1139 766 1172 mutationem
785 1140 881 1184 apud
905 1153 967 1174 vos
991 1141 1188 1185 conspiciat

192 1195 334 1233 oportet
359 1189 397 1221 in
422 1190 658 1229 conserendo,
694 1190 731 1222 in
753 1191 1057 1234 expeditionibus,
1088 1192 1187 1225 deni-

191 1252 259 1286 que
286 1240 323 1272 in
345 1241 511 1274 omnibus
537 1241 642 1274 rebus
665 1247 831 1285 prompte
850 1242 1035 1277 obeundis.
1089 1243 1186 1277 Haec

189 1292 219 1325 si
242 1291 448 1336 perficietis,
478 1293 783 1337 quemadmodum
809 1294 996 1334 convenit,
1031 1306 1106 1328 non
1130 1307 1186 1328 so-

188 1343 264 1376 lum
293 1342 472 1376 sociorum
505 1343 706 1377 voluntates
741 1356 823 1388 erga
848 1343 1057 1389 Philippum
1088 1346 1185 1379 laba-

188 1400 304 1433 scent,
331 1395 392 1427 sed
411 1394 518 1427 etiam
537 1395 748 1429 domesticas
765 1395 857 1429 vires
874 1396 1031 1430 sentietis
1046 1397 1185 1440 langui-

189 1446 252 1478 das
268 1451 374 1490 atque
392 1445 518 1479 infidas
535 1458 620 1480 esse.
669 1446 761 1480 Nam
772 1446 997 1480 Macedonici
1013 1448 1184 1481 exercitus

189 1503 329 1530 tantum
358 1497 479 1529 valent
508 1497 715 1541 appendicis
746 1497 841 1537 vice,
877 1498 967 1532 sicut
988 1497 1183 1532 Timotheo

188 1549 296 1587 duce,
338 1548 524 1581 nobiscum
558 1549 726 1582 adversus
757 1547 950 1594 Olynthios
982 1551 1183 1583 valuerunt.

185 1598 325 1632 Deinde
362 1600 530 1632 adversus
560 1599 768 1632 Potidaeam
801 1600 981 1633 coniuncti
1012 1601 1184 1635 exercitus

187 1650 301 1684 nostri
318 1649 599 1683 etMacedonum
617 1651 721 1684 simul
736 1652 860 1684 invicti
874 1652 1030 1686 fuerunt.
1060 1653 1184 1699 Quod-

188 1715 256 1748 que
274 1713 368 1734 nunc
386 1698 575 1735 Thessalos
593 1703 827 1745 subegerunt,
855 1703 904 1736 ita
924 1704 1070 1744 accidit,
1099 1704 1182 1749 quia

186 1754 255 1797 ipsi
287 1753 379 1785 inter
411 1764 447 1785 se
470 1750 632 1785 Thessali
663 1753 929 1794 dissentientes,
968 1755 1184 1789 adiuverunt

187 1817 246 1838 eos
266 1805 434 1836 adversus
451 1809 635 1847 tyrannos.
682 1804 832 1849 Semper
851 1812 969 1839 autem
987 1806 1184 1851 quamlibet

186 1867 296 1900 parva
316 1855 467 1888 accessio
486 1855 681 1899 plurimum
697 1856 801 1889 affert
818 1857 1004 1891 momenti.

286 1905 386 1951 Ipsae
404 1918 488 1939 vero
506 1906 743 1941 Macedonum
760 1920 815 1941 res
830 1920 895 1952 per
918 1920 991 1942 sese
1019 1908 1182 1941 infirmae

185 1958 340 2005 suntw),
368 1964 402 1991 et
424 1958 545 1992 multis
571 1958 836 1993 difficultatibus
858 1960 1038 1994 laborant.
1098 1957 1182 1993 Phi-

183 2010 301 2054 lippus
319 2009 413 2042 enim
429 2021 503 2042 non
520 2009 656 2043 levibus
674 2010 813 2044 damnis
830 2011 1080 2044 Macedoniam
1098 2011 1183 2044 affe-

184 2061 249 2101 cit,
275 2061 344 2095 illis
362 2060 446 2105 ipsis
464 2061 579 2094 modis
591 2087 600 2101 ,
629 2061 757 2106 quibus
771 2063 912 2096 videtur
928 2063 1040 2096 factus
1055 2068 1181 2106 poten-

182 2112 274 2153 tior,
307 2112 471 2146 videlicet
495 2113 596 2146 bellis
622 2119 728 2158 atque
754 2114 1051 2158 expeditionibus.
1111 2114 1181 2148 Ne-

183 2176 250 2210 que
274 2163 369 2197 enim
395 2170 517 2208 putate
540 2162 749 2208 Philippum
775 2171 809 2198 et
832 2166 1024 2210 populares
1054 2165 1178 2199 iisdem

182 2216 288 2249 rebus
306 2216 471 2259 gaudere.
526 2213 586 2248 Ille
605 2216 699 2248 enim
718 2217 869 2260 gloriam
886 2217 1122 2262 concupiscit,
1147 2224 1181 2250 et

183 2267 220 2300 in
236 2265 303 2300 hoc
322 2266 495 2300 incumbit
512 2279 642 2311 magno
663 2268 774 2300 animi
795 2275 915 2309 motu,
950 2281 1015 2302 nec
1040 2275 1180 2302 recusat

182 2318 292 2351 ullum
310 2318 526 2362 periculum,
554 2318 582 2352 si
606 2319 692 2364 quid
716 2319 935 2363 patiendum.
951 2320 1039 2360 erit,
1072 2326 1112 2353 ut
1139 2332 1178 2353 ea

182 2370 361 2414 perficiat,
404 2382 495 2414 quae
526 2382 633 2403 nemo
668 2376 750 2403 ante
782 2384 817 2404 se
848 2371 1084 2405 Macedoniae
1116 2383 1178 2404 rex

181 2421 348 2466 perficere
372 2422 501 2465 potuit.
569 2421 671 2454 Hanc
702 2422 854 2466 gloriam
888 2423 1000 2466 magis
1033 2422 1177 2467 expetit,

182 2484 289 2518 quam
314 2478 353 2505 ut
377 2484 497 2505 secure
521 2473 629 2517 yivat.
696 2474 753 2507 Ad
783 2473 875 2508 cives
900 2480 1017 2507 autem
1042 2474 1176 2517 gloriae

179 2521 286 2557 huius
311 2522 458 2557 societas
486 2521 574 2556 nihil
598 2525 772 2569 pertinet,
808 2531 842 2558 et
865 2525 1009 2558 interim
1036 2525 1176 2558 assidua

179 2574 307 2608 militia
334 2574 445 2607 multa
472 2574 520 2608 eis
545 2576 697 2617 damna,
740 2576 902 2617 labores,
943 2576 1175 2622 miseriasque

214 2711 262 2739 79)
284 2711 314 2735 Η.
335 2710 352 2734 1.
372 2709 399 2732 in
418 2708 499 2732 Editt.
519 2708 611 2736 ¹535.,
640 2709 712 2732 15⁴7.
732 2711 825 2734 annot.
846 2710 979 2741 margia:
1018 2711 1173 2734 Secundum

249 2746 438 2775 argumentum
457 2748 473 2766 a
492 2742 678 2766 voluntatibus
697 2744 869 2768 subditorum
889 2745 1055 2769 Macedonis.

746 131 869 167 PHIL.
904 130 1018 166 MEL.
1052 130 1255 166 SCRIPTA
1287 130 1627 169 PHILOLOGICA.

2155 134 2231 172 728

1240 217 1316 251 sine
1330 219 1398 252 fine
1414 218 1528 263 parit:
1556 232 1621 252 nec
1639 219 1846 252 conceditur
1863 218 1912 253 eis
1929 220 2082 264 spatium
2106 221 2150 254 ad
2172 234 2235 255 sua

1239 269 1382 312 negotia
1418 270 1723 311 administranda,
1766 277 1827 304 aut
1859 283 1915 305 res
1941 283 2022 305 suas
2051 273 2238 318 curandas,

1239 326 1301 353 aut
1333 321 1379 353 ad
1410 321 1633 355 collocandas
1658 328 1764 367 atquc
1789 320 2037 356 distrahendas
2061 335 2116 356 res
2140 323 2234 357 bello

1240 372 1435 416 quaesitas,
1463 384 1542 405 cum
1563 380 1710 418 propter
1726 374 1858 407 bellum
1878 374 2038 418 emporia
2061 373 2099 406 in
2119 374 2237 408 Mace-

1239 422 1348 455 donia
1380 423 1497 456 clausa
1530 425 1611 458 sint.
1681 424 1773 457 Hinc
1801 424 1904 457 facile
1938 431 1990 458 est
2022 425 2236 466 existimare,

1240 474 1424 518 quomodo
1449 475 1603 519 populus
1626 475 1663 508 in
1685 475 1899 509 Macedonia
1925 488 2007 520 erga
2025 474 2236 522 Philippum

1240 524 1386 558 affectus
1408 524 1465 558 sit.

1341 574 1480 609 Deinde
1510 576 1670 620 peditum
1700 577 1885 621 praecipui
1900 576 1967 623 ⁸⁰),
2005 577 2070 611 etsi
2095 577 2237 622 praedi-

1241 631 1367 660 cantur
1386 627 1583 667 sortissimi,
1609 633 1643 660 et
1659 627 1695 660 in
1712 640 1750 660 re
1768 628 1915 661 militari
1933 629 2035 662 valde
2055 629 2238 663 exercitati

1241 689 1332 718 esse,
1360 684 1501 718 tamen,
1528 684 1569 711 ut
1585 690 1649 723 ego
1666 679 1787 712 audivi
1803 691 1843 712 ex
1860 681 2017 725 quodam
2035 680 2235 713 Macedone

1241 728 1319 761 viro
1334 729 1456 773 gravi,
1484 729 1546 775 qui
1562 741 1637 762 non
1652 730 1742 763 solet
1758 730 1923 771 mentiri,
1956 731 2086 765 milites
2108 732 2161 764 illi
2182 731 2237 764 ni-

1240 778 1315 813 hilo
1337 780 1505 814 meliores
1533 780 1610 814 aliis
1636 787 1730 815 sunt.
1791 781 1829 814 Si
1854 781 1916 826 qui
1939 782 2034 816 enim
2057 783 2151 816 inter
2176 795 2237 816 eos

1240 831 1372 865 virtute
1383 858 1392 872 ,
1421 838 1455 864 et
1471 832 1524 865 rei
1538 832 1703 866 militaris
1718 831 1863 865 scientia
1879 833 2066 874 excellunt,
2092 831 2170 873 hos,
2196 839 2238 867 ut

1241 882 1299 915 ille
1325 883 1485 923 dicebat,
1519 881 1707 928 Philippus
1731 895 1794 928 per
1818 883 2051 917 ambitionem
2073 890 2238 918 exaucto-

1240 940 1338 968 ratos
1354 934 1520 975 dimittit,
1547 935 1632 968 dum
1650 947 1688 968 ea
1700 961 1710 975 ,
1736 946 1828 980 quae
1847 935 1955 979 gerit,
1983 935 2105 969 omnia
2123 935 2239 969 videri

1240 985 1318 1019 vult
1334 997 1399 1018 suo
1417 985 1566 1019 consilio
1585 998 1719 1031 suaque
1735 986 1866 1020 virtute
1884 999 2018 1030 gerere.
2069 986 2116 1020 Et
2133 998 2237 1031 prae-

1241 1042 1295 1069 ter
1318 1043 1456 1069 caetera
1479 1036 1566 1069 vitia
1596 1037 1831 1071 intolerabilis
1855 1044 1908 1071 est
1930 1038 2005 1072 eius
2025 1037 2174 1071 ambitio
2195 1049 2237 1071 ac

1240 1088 1419 1131 superbia.
1480 1087 1518 1120 Si
1535 1088 1614 1133 quis
1630 1094 1750 1121 autem
1776 1088 1813 1120 in
1836 1088 1878 1122 iis
1907 1095 1959 1122 est
1981 1090 2089 1133 paulo
2111 1089 2236 1122 mode-

1240 1138 1348 1178 stior,
1391 1138 1448 1171 cui
1472 1150 1547 1171 non
1572 1138 1659 1171 libet
1682 1138 1843 1184 quotidie
1871 1151 1940 1172 una
1962 1138 2136 1181 helluari,
2170 1152 2236 1174 nec

1240 1190 1436 1223 delectatur
1453 1190 1661 1223 temulentia
1680 1195 1715 1223 et
1729 1190 1997 1232 saltationibus,
2021 1188 2118 1225 hunc
2140 1202 2238 1236 sper-

1239 1241 1297 1282 ni,
1331 1247 1364 1274 et
1389 1241 1427 1274 in
1451 1241 1551 1275 nullo
1575 1242 1655 1274 loco
1681 1241 1777 1285 apud
1807 1253 1888 1275 eum
1914 1254 1987 1276 esse
2004 1243 2140 1282 serunt;
2174 1243 2238 1277 sed

1238 1291 1432 1325 familiares
1450 1292 1482 1325 ei
1497 1299 1580 1326 sunt
1594 1293 1770 1333 latrones,
1797 1291 1885 1338 εἰει)
1910 1299 2168 1335 assentatores,
2201 1299 2237 1327 et

1237 1341 1402 1376 homines
1417 1343 1570 1387 impuri,
1598 1343 1661 1388 qui
1683 1343 1773 1376 ebrii
1796 1343 1946 1385 saltare,
1981 1351 2016 1378 et
2028 1351 2166 1378 caetera
2183 1345 2236 1377 fa-

1239 1406 1315 1427 cere
1332 1400 1612 1435 consueverunt,
1640 1405 1731 1440 quae
1747 1394 1936 1428 nominare
1953 1396 2075 1439 pudet.
2116 1395 2235 1441 Atque

1237 1442 1325 1478 haec
1344 1458 1427 1478 vera
1444 1458 1516 1479 esse
1534 1446 1639 1489 plane
1657 1451 1807 1479 constat.
1862 1445 2121 1490 Complectitur
2140 1447 2236 1480 enim

1237 1496 1474 1541 nequissimos
1497 1495 1682 1536 homines,
1717 1508 1807 1542 quos
1834 1494 1919 1530 hinc
1944 1497 2163 1542 expulimus,
2197 1504 2238 1532 ut

1238 1546 1389 1580 Calliam
1406 1560 1547 1581 servum
1568 1548 1751 1592 publicum
1775 1554 1808 1581 et
1834 1548 1966 1582 similes
1987 1549 2235 1593 praestigiato-

1236 1610 1292 1631 res
1310 1610 1350 1631 ac
1364 1599 1513 1640 mimos,
1541 1606 1575 1632 et
1590 1599 1851 1633 obscoenorum
1869 1599 2069 1634 carminum
2085 1601 2236 1645 scripto-

1236 1661 1292 1683 res
1303 1676 1312 1690 ,
1340 1662 1432 1695 quae
1449 1650 1487 1683 in
1502 1650 1695 1684 familiares
1712 1657 1954 1695 componunt,
1980 1657 2021 1685 ut
2035 1651 2235 1687 rideantur.

1237 1700 1469 1747 Quamquam
1494 1708 1614 1735 autem
1637 1699 1725 1735 haec
1754 1702 1883 1747 aliquis
1901 1702 1994 1736 levia
2019 1715 2092 1737 esse
2116 1703 2234 1738 existi-

1236 1759 1330 1793 met,
1372 1759 1493 1786 tamen
1527 1753 1764 1798 prudentibus
1793 1753 2000 1798 gravissima
2025 1755 2126 1799 signa
2151 1761 2234 1788 sunt

1236 1804 1397 1848 perditae
1416 1804 1568 1845 mentis,
1598 1811 1632 1837 et
1656 1804 1896 1849 impendentis
1921 1805 2030 1841 exitii.
2088 1805 2159 1839 Sed
2182 1812 2233 1839 te-

1236 1861 1325 1898 gunt
1367 1853 1455 1889 haec
1495 1856 1754 1901 aliquantisper
1796 1863 1999 1900 praesentes
2035 1869 2230 1896 successus;

1235 1918 1320 1938 nam
1339 1904 1545 1941 huiusmodi
1562 1907 1755 1940 domestica
1773 1907 1858 1939 vitia
1876 1907 1963 1940 foris
1982 1919 2038 1941 res
2054 1908 2231 1942 secundae

1237 1958 1440 1992 obscurant.
1491 1959 1540 1991 At
1557 1958 1586 1992 si
1603 1959 1747 2004 quando
1768 1958 1800 1990 ei
1815 1958 1951 2003 aliquid
1975 1959 2116 1993 adversi
2141 1959 2231 1992 acci-

1236 2010 1314 2049 det,
1347 2016 1421 2043 tum
1439 2022 1524 2042 vero
1544 2009 1609 2043 ista
1626 2007 1843 2054 deprehensa
1862 2009 2058 2054 plurimum
2077 2010 2110 2044 ei
2125 2022 2231 2044 noce-

1233 2061 1341 2094 bunt:
1369 2073 1409 2094 ac
1425 2061 1455 2094 si
1471 2060 1532 2093 Dii
1554 2061 1676 2094 volent
1698 2067 1732 2093 et
1756 2072 1838 2101 vos,
1865 2073 1969 2105 spero
1984 2062 2164 2103 futurum,
2190 2068 2232 2096 ut

1233 2112 1335 2145 brevi
1350 2125 1386 2146 se
1402 2113 1598 2156 proferant.
1656 2111 1755 2145 Sicut
1770 2111 1865 2144 enim
1882 2112 1920 2145 in
1938 2113 2148 2157 corporibus
2164 2125 2230 2147 no-

1233 2162 1389 2211 stris⁸2)‚
1431 2163 1569 2197 etiamsi
1599 2163 1696 2208 quod
1725 2168 1776 2196 est
1805 2164 2007 2197 membrum
2029 2164 2122 2198 male
2145 2165 2229 2198 affe-

1234 2221 1350 2256 ctum,
1378 2222 1499 2249 tamen
1516 2215 1676 2248 dolorem
1696 2226 1771 2247 non
1794 2215 1918 2256 affert,
1951 2216 2066 2249 donec
2091 2215 2229 2262 alioqui

1232 2273 1326 2299 recte
1349 2267 1520 2300 valemus.
1574 2266 1643 2299 Sed
1664 2265 1726 2299 ubi
1748 2267 1895 2300 morbus
1919 2267 2048 2312 aliquis
2071 2266 2228 2308 accessit,

1233 2317 1370 2352 cientur
1389 2318 1495 2351 etiam
1509 2318 1590 2350 illae
1608 2329 1734 2361 aegrae
1759 2325 1897 2361 partes,
1931 2318 2094 2351 videlicet
2115 2319 2228 2351 fracta

1232 2375 1294 2402 aut
1309 2370 1429 2403 luxata
1446 2369 1618 2402 membra.
1671 2369 1727 2402 Sic
1744 2381 1779 2402 se
1796 2370 1901 2402 etiam
1919 2367 2052 2402 habent
2068 2381 2123 2403 res
2141 2369 2226 2402 civi-

1231 2426 1345 2455 tatum
1367 2433 1407 2454 ac
1430 2426 1688 2465 tyrannorum,
1723 2421 1837 2454 donec
1859 2420 1945 2454 soris
1969 2420 2060 2453 bella
2084 2426 2225 2464 gerunt,

1230 2483 1304 2506 non
1338 2471 1605 2517 conspiciuntur
1638 2472 1829 2505 domestica
1865 2472 2114 2512 incommoda,
2160 2471 2223 2505 sed

1262 2590 1311 2618 80)
1331 2590 1364 2613 Η.
1378 2590 1396 2614 l.
1416 2589 1442 2613 in
1457 2589 1539 2613 Editt.
1557 2590 1649 2620 ¹535.,
1671 2589 1745 2613 1547.
1764 2591 1856 2614 annot.
1876 2589 2007 2620 margia:
2032 2588 2155 2613 Tertium
2172 2595 2224 2614 ar·

1297 2625 1455 2655 gumentum
1475 2629 1491 2647 a
1510 2624 1625 2654 Philippi
1645 2623 1764 2647 moribus
1784 2626 1811 2647 et
1829 2624 1938 2654 privata
1956 2623 2024 2647 vita.

1262 2667 1311 2695 81)
1333 2668 1374 2695 et]
1394 2667 1436 2690 sic
1455 2667 1504 2690 Ed.
1528 2667 1620 2696 ¹547.;
1645 2666 1672 2690 in
1691 2667 1739 2692 Ed.
1762 2667 1836 2692 1535.
1857 2667 1941 2691 deest.

1259 2709 1308 2738 82)
1328 2710 1360 2733 Η.
1380 2710 1399 2734 l.
1425 2710 1451 2732 in
1479 2709 1559 2732 Editt.
1584 2709 1676 2738 15³5.‚
1708 2709 1781 2733 ¹547.
1805 2711 1900 2734 annot.
1925 2708 2059 2739 margin.:

1297 2743 1463 2774 similitudo,
1491 2744 1624 2774 quomodo
1644 2744 1716 2767 mala
1735 2744 1885 2768 domestica
1904 2745 2057 2773 erumpant.

2098 2708 2221 2740 Egregia

2334 605 2341 678 Affe-
