2351 2990
17 1776 19 1778 -
62 1757 179 1784 tutum
205 1751 381 1784 doctrina.

140 705 330 747 XXXV.

407 706 611 749 PHIIA.
656 707 834 750 MEL.
880 707 1564 754 IN'I'ERPRETA'PIO
1615 713 2060 758 ORATIONIS

546 789 1130 835 DEMOSTHENIS
1179 793 1273 834 DE
1313 793 1649 838 CORONA.

70 915 192 973 Huius
215 944 351 971 orationis
374 942 578 979 interpretatio
603 942 693 972 latina
715 944 913 972 Melanthonis
939 953 994 972 non
1019 947 1140 974 seorsim
1164 946 1288 985 prodiit,
1312 947 1365 976 sed
1390 953 1500 976 tantum
1524 948 1552 975 in
1577 948 1627 976 illa
1649 955 1746 979 exstat
1771 952 1932 979 orationum
1951 951 2123 980 collectione

68 996 158 1026 supra
181 996 211 1025 p.
225 985 287 1015 691
306 996 349 1024 sq.
372 985 536 1023 descripta:

199 1037 378 1067 Orationes
415 1047 462 1066 ex
499 1035 644 1065 historia
676 1035 902 1076 Thucydidis,
947 1044 977 1067 e!
1017 1039 1222 1077 insigniores
1264 1038 1395 1076 aliquot
1426 1036 1660 1068 Demosthenis
1697 1046 1729 1069 ce
1760 1040 1905 1070 aliorum
1942 1040 2122 1072 Oratorum

241 1078 464 1115 Graecorum,
486 1089 668 1109 conuersae
693 1082 728 1109 in
750 1081 894 1110 latinum
919 1091 1099 1111 sermonem
1123 1090 1142 1108 α
1160 1079 1324 1121 Philippo
1341 1080 1569 1111 Melanthone.

245 1120 450 1162 Pl'z'tebergae
472 1122 520 1153 M.
538 1122 583 1153 D.
600 1122 723 1154 LXII.
767 1124 798 1154 S.

1616 1081 1738 1112 Edilae
1762 1093 1782 1112 α
1802 1083 1949 1124 Casparo
1969 1083 2124 1117 Peucero.

451 1297 967 1335 DEMOSTHENIS
1010 1299 1283 1336 ORATIO
1326 1299 1406 1336 DE
1448 1300 1729 1339 CORONA

625 1366 851 1396 rfflLlPPo
875 1367 1214 1397 MELANTHONE
1237 1368 1564 1399 1NTERPRETE.

371 1460 696 1504 Argumentum
716 1459 759 1506 ¹).

65 1523 121 1578 In
150 1543 374 1577 orationibus
405 1544 553 1584 talibus,
590 1556 681 1590 quac
709 1544 856 1578 consilia
887 1546 1063 1590 guberna-

65 1595 174 1630 tionis
205 1595 411 1635 continent,
450 1595 641 1640 praecipue
676 1597 822 1639 prodest
852 1603 886 1629 et
912 1598 1061 1631 delectat

66 1659 190 1681 causas
205 1647 322 1691 legere
343 1647 596 1688 consiliorum,
624 1653 658 1680 et
674 1648 876 1680 doctrinam
901 1649 943 1682 de
968 1656 1062 1682 recte

67 1706 130 1733 aut
150 1711 248 1732 secus
267 1698 387 1739 factis,
416 1711 507 1744 quae
527 1705 577 1733 est
596 1698 751 1732 iustitiae
768 1705 802 1732 et
819 1699 971 1733 aliarum
990 1700 1061 1733 vir-

435 1750 574 1783 Deiude
599 1750 688 1783 aliae
712 1751 844 1783 multae
865 1758 948 1785 sunt
965 1752 1061 1784 utili-

62 1808 164 1836 tates.
218 1802 350 1835 Forma
370 1802 544 1836 orationis
562 1815 603 1835 ex
620 1801 750 1836 talibus
766 1803 935 1846 exemplis
952 1803 1061 1836 sumi-

62 1860 141 1897 tur,
169 1866 241 1899 quo
267 1854 392 1887 ordine
413 1866 538 1887 causae
564 1860 599 1887 et
615 1860 825 1898 argumenta
848 1855 1059 1899 exponenda

63 1905 152 1946 sint,
180 1917 271 1951 quae
291 1906 452 1939 membra
474 1905 639 1951 qualibus
658 1906 879 1939 ornamentis
897 1907 1059 1950 augenda

63 1963 97 1991 et
119 1957 329 1991 illustranda
354 1958 444 1997 sint,
488 1969 529 1990 ex
554 1957 682 2002 quibus
711 1957 870 1990 materiis
898 1964 1060 1991 sumatur

61 2009 177 2044 oratio
201 2010 409 2054 splendida,
437 2008 601 2042 videlicet
629 2021 669 2042 ex
694 2008 799 2041 laude
828 2008 1001 2042 virtutum
1026 2016 1061 2043 et

61 2061 326 2105 vituperatione
359 2061 545 2095 scelerum.
598 2060 733 2093 Rerum
773 2060 868 2093 enim
904 2061 1059 2101 bonitas,

62 2125 154 2159 quae
182 2112 308 2146 ordine
335 2119 368 2145 et
385 2125 512 2156 genere
537 2111 712 2146 sermonis
737 2123 811 2144 non
834 2112 977 2145 sordide
1002 2125 1059 2146 ex-

60 2171 266 2210 ponuntur,
308 2177 370 2198 sua
403 2171 530 2198 natura
557 2163 669 2207 gignit
696 2163 896 2196 orationem
923 2176 1058 2205 veram,

62 2228 209 2260 gravem
234 2222 269 2249 et
291 2215 528 2261 splendidam.
581 2216 631 2249 Ut
654 2215 763 2259 igitur
782 2215 926 2249 videant
942 2215 1058 2249 iunio-

63 2279 138 2308 res,
180 2269 364 2313 quomodo
399 2265 488 2301 haec
521 2268 628 2307 fiant,
670 2268 837 2311 leguntur
872 2274 1056 2301 oratorum

65 2319 218 2364 scripta,
250 2326 290 2353 ut
319 2320 356 2352 in
378 2317 466 2352 haec
490 2318 668 2353 intuentes
697 2319 876 2363 exempla,
910 2320 1055 2353 consilia

61 2383 208 2411 eorum,
236 2371 297 2416 qui
319 2377 413 2404 recte
437 2371 548 2404 locuti
569 2378 671 2411 sunt,
698 2377 732 2404 et
749 2371 912 2404 ordinem
936 2377 969 2404 et
985 2372 1056 2405 sor-

62 2434 160 2456 mam
182 2423 220 2455 in
242 2423 393 2456 (licendo
415 2423 536 2468 aliquo
553 2424 660 2456 modo
678 2423 875 2457 imitentur.
929 2423 978 2456 Ut
996 2436 1057 2457 au·

62 2480 134 2508 tem
159 2474 313 2508 discerni
335 2475 495 2507 membra
513 2474 718 2508 orationum
734 2475 890 2520 possint,
920 2482 953 2508 et
970 2475 1056 2521 quid

61 2525 98 2559 in
123 2526 282 2572 qualibet
307 2533 389 2570 agat
415 2532 557 2566 orator,
592 2527 831 2560 animadverti
856 2534 980 2573 queat,
1015 2540 1056 2560 ex

59 2578 258 2623 praeceptis
275 2575 462 2612 rhetoricis
477 2578 680 2612 distributio
693 2579 848 2623 partium
865 2579 1055 2613 iudicanda

98 2705 129 2738 1)
154 2706 211 2730 Hoc
229 2705 256 2730 in
280 2706 329 2729 Ed.
348 2706 424 2731 1562.
448 2705 610 2735 inscriptum
636 2707 693 2730 est:
718 2707 915 2737 Argumentum
935 2707 961 2732 in
982 2708 1055 2732 Ora-

131 2741 233 2765 tionem
251 2741 443 2765 Demosthenis
461 2740 524 2772 περὶ
545 2741 595 2765 τοῦ
614 2737 765 2772 στεφάνου.

61 2789 246 2822 Mamm,
271 2790 377 2822 Opim.
403 2791 488 2822 Vox„
512 2790 620 2822 XVII.

1248 1461 1298 1495 Ac
1323 1463 1366 1497 de
1393 1463 1540 1508 singulis
1566 1464 1736 1499 membris
1769 1465 1807 1498 in
1839 1464 1905 1499 hac
1939 1467 2117 1509 oratione,

1513 1515 1616 1549 Nunc
1640 1518 1839 1560 argumenti
1863 1531 2002 1552 summa
2027 1521 2117 1554 reci-

1118 1468 1181 1496 est.

1117 1526 1181 1547 suo
1211 1513 1289 1546 loco
1314 1515 1443 1550 dicam.

1117 1565 1225 1598 tanda
1253 1571 1316 1599 est.

1219 1642 1378 1676 Naturae.
1401 1644 1582 1677 oratoriae
1613 1645 1650 1677 in
1680 1646 1821 1690 publica
1854 1648 2114 1691 gubernatione

1115 1693 1328 1739 plerumque
1354 1700 1437 1727 sunt
1462 1695 1693 1737 ambitiosae,
1719 1699 1966 1734 aemulatrices
1991 1707 2026 1734 et
2050 1714 2115 1746 pu-

1116 1756 1255 1787 gnaces.
1310 1745 1402 1778 Hinc
1420 1758 1550 1790 magna
1569 1748 1765 1782 certamina
1794 1750 1910 1783 civilia
1936 1752 2114 1786 oriuntur.

1116 1795 1219 1829 Unde
1244 1803 1277 1829 et
1301 1798 1344 1830 de
1368 1798 1572 1832 oratoribus
1595 1799 1730 1833 (lictum
1757 1807 1826 1834 est:
1865 1801 1969 1849 Ὄφις
1994 1801 2042 1839 ἄν
2062 1803 2115 1851 μή

1115 1844 1220 1895 (stim)
1237 1846 1346 1894 ὄφιν,
1375 1845 1516 1893 μήποτε
1534 1846 1687 1895 δράκων
1701 1848 1907 1899 γενήσεται.
1950 1852 2001 1887 Ita
2019 1855 2114 1889 inter

1113 1898 1331 1932 Aeschinem·
1355 1906 1389 1932 et
1411 1900 1692 1936 Demosthenem
1720 1903 1957 1939 dissensiones
1979 1907 2113 1941 multae

1115 1949 1151 1982 in
1172 1951 1285 1984 causis
1303 1951 1527 1995 privatorum
1549 1953 1679 1987 civium
1693 1982 1701 1995 ‚
1730 1961 1764 1989 et
1788 1955 1825 1988 in
1850 1957 2111 2001 gubernatione

1113 2002 1269 2036 suerunt.
1312 2003 1413 2036 Alter
1432 2005 1615 2049 amplexus
1631 2018 1731 2051 reges
1750 2007 2015 2050 Macedonicos,
2032 2023 2112 2044 sua-

1112 2066 1172 2086 sor
1194 2054 1280 2093 suit‚
1315 2061 1354 2087 ut
1379 2068 1525 2101 quoquo
1550 2058 1659 2091 modo
1690 2059 1847 2092 amicitia
1870 2060 2111 2096 Macedonum

1112 2105 1339 2139 retineretur.
1392 2107 1493 2141 Alter
1518 2109 1621 2154 quasi
1644 2111 1846 2144 contrariae
1872 2119 1986 2146 sectae
2011 2115 2111 2147 addi-

1113 2163 1206 2197 ctus,
1241 2157 1411 2191 incitator
1433 2159 1518 2200 suit,
1561 2168 1601 2194 ut
1622 2161 1797 2197 libertatis
1826 2166 1979 2198 tuendae
2005 2178 2110 2200 causa

1112 2208 1271 2243 civitates
1294 2222 1330 2242 se
1356 2210 1634 2255 coniungerent,
1663 2220 1696 2247 et
1718 2214 1937 2259 impedirent
1953 2229 2110 2252 crescen-

1112 2266 1183 2293 tem
1211 2260 1450 2295 Macedonum
1473 2265 1686 2308 potentiam.
1747 2266 1844 2300 Haec
1866 2268 1933 2301 suit
1956 2270 2108 2304 materia

1112 2312 1316 2346 certaminis
1333 2313 1427 2347 inter
1445 2322 1606 2350 oratores
1623 2317 1696 2350 fere
1714 2323 1790 2351 toto
1811 2320 1996 2355 decennio.
2037 2321 2108 2356 Sed

1111 2376 1190 2396 cum
1215 2366 1259 2397 ad
1286 2371 1482 2400 extremum
1511 2368 1658 2403 consilia
1681 2368 1934 2406 Demosthenis
1959 2373 2108 2410 fuissent

1110 2415 1282 2457 infelicia,
1310 2430 1457 2462 sperans
1473 2418 1664 2454 Aeschines
1689 2421 1760 2454 iam
1788 2424 1969 2458 aemulum
1994 2437 2036 2458 ex
2051 2439 2106 2460 re-

1110 2468 1249 2511 publica
1270 2469 1348 2502 tolli
1366 2483 1467 2514 posse
1490 2471 1590 2517 (quia
1606 2472 1819 2520 plerumque
1836 2476 1879 2508 de
1897 2473 2106 2515 hominibus

1112 2525 1145 2552 ct
1164 2520 1320 2555 consiliis
1336 2533 1377 2555 ex
1393 2523 1537 2557 fortuna
1555 2524 1763 2572 iudicatur),
1780 2527 1964 2562 occasione
1985 2530 2105 2565 oblata

1111 2572 1372 2607 accusationem
1403 2574 1557 2609 instituit
1593 2577 1821 2620 opprimendi
1848 2578 2103 2617 Demosthenis

1111 2634 1215 2657 causa
1252 2622 1321 2658 hoc
1355 2627 1476 2660 modo.
1523 2627 1612 2661 Cum
1640 2627 1900 2665 Demosthenes
1927 2634 2106 2670 refecisset

1109 2687 1251 2716 muros,
1280 2683 1312 2709 et
1339 2678 1382 2710 de
1400 2690 1463 2711 suo
1490 2680 1657 2714 donasset
1670 2681 1887 2727 reipublicae
1904 2684 1971 2717 tria
1991 2686 2102 2719 talen-

1109 2732 1164 2767 ta,
1193 2727 1229 2760 id
1256 2735 1325 2769 est,
1354 2737 1546 2765 coronatos
1565 2731 1663 2765 mille
1686 2739 1720 2766 et
1744 2734 1985 2779 octingentos,
2022 2737 2103 2772 Cte-

1466 2797 1513 2834 51
