2294 2975
114 120 156 156 ⁷1

366 204 499 239 Aliud
527 209 854 248 argumentum.

223 274 371 309 Occasio
396 273 563 318 epistolae
586 270 672 306 haec
700 278 761 306 est.
816 270 940 304 Cicero
965 268 1001 302 in
1024 280 1107 314 pro-

121 327 272 361 vinciam
300 326 523 371 proficiscens
546 323 666 358 Caelio
692 323 945 362 mandaverat,
979 325 1019 354 ut
1041 319 1107 354 sibi

122 381 164 412 de
181 377 333 423 negotiis
351 376 567 421 reipublicae
587 374 723 409 absenti
742 383 1005 418 nonnunquam
1023 370 1107 406 scri·

123 432 231 464 beret.
284 427 345 462 Ille
373 440 457 461 vero
483 439 554 460 non
578 427 621 459 de
645 425 846 471 republica,
882 435 1006 457 verum
1031 422 1109 456 aliis

122 482 333 528 quibusdam
359 480 463 513 rebus
484 477 639 517 frivolis,
671 489 759 522 quas
785 476 910 510 Cicero
943 487 1017 508 non
1050 486 1109 507 cu-

121 533 240 578 piebat
275 532 383 571 scire,
419 529 617 573 scripserat.
671 528 814 562 Primus
849 527 946 562 locus
975 532 1024 561 est
1056 525 1109 558 in-

120 583 297 628 crepatio,
322 594 390 627 qua
413 578 641 625 reprehendit
665 592 766 621 eum,
794 579 856 626 qui
879 578 1000 613 inania
1026 577 1109 612 scri·

120 636 199 673 bat,
229 641 262 667 et
287 632 437 673 indicat,
462 632 547 678 quid
573 631 638 666 sibi
665 631 770 666 scribi
795 630 892 667 velit.

172 720 494 761 Argumentum
531 723 573 750 et
601 715 775 750 scholia
811 717 854 751 in
887 715 1059 760 episto-

473 769 556 801 lam
593 766 683 803 VIII.
701 767 758 814 ⁷⁰).

225 836 414 871 Excusatio
437 836 615 870 tarditatis
638 836 674 869 in
691 836 891 870 scribendo,
943 833 1111 880 Sequitur

124 889 334 934 gratulatio;
364 889 445 921 inde
471 888 553 921 facit
577 885 819 933 hypotyposin
836 886 883 933 ⁷¹)
908 886 1021 925 illius,
1050 884 1111 930 qui

124 941 225 985 petiit
252 952 330 973 cum
349 939 469 973 Caelio
495 939 734 979 aedilitatem,
763 945 795 972 et
813 936 1112 983 repraesentat⁷²)

125 993 298 1037 quosdam
330 991 422 1025 illius
451 998 580 1035 gestus.
636 991 771 1025 Aedilis
805 989 946 1024 Curulis
980 1001 997 1021 a
1028 987 1111 1022 sella

126 1042 239 1076 curuli
256 1041 301 1088 ⁷³)
333 1042 473 1076 dicitur.
526 1042 687 1076 Fuerunt
719 1049 836 1076 autem
868 1040 1026 1085 duplices
1057 1051 1113 1072 ae-

125 1095 223 1132 diles,
246 1094 447 1138 superiores
465 1106 504 1126 ex
521 1093 692 1139 patriciis,
717 1100 750 1126 et
765 1093 824 1126 alii
842 1105 883 1126 ex
898 1090 1045 1137 plebeiis
1054 1090 1113 1137 ⁴⁴).

229 1144 259 1188 Q.
293 1146 324 1179 1.
361 1146 515 1179 Primum
546 1146 627 1186 tibi,
670 1150 706 1179 ut
738 1141 854 1192 debeo]
897 1142 1113 1178 Gratulatio.

124 1200 242 1243 ltaque
271 1209 368 1242 quam
398 1198 547 1240 primum
561 1195 608 1242 ⁷5)
638 1193 770 1244 audivi]
815 1192 925 1231 εἰκῶν
939 1194 1006 1241 ⁷⁶),
1041 1205 1112 1239 quo

124 1247 318 1292 amplificat
345 1254 379 1280 et
407 1254 649 1292 repraesentat
673 1253 791 1292 gestus
811 1248 984 1293 quosdam
1008 1245 1114 1285 illius,

126 1300 186 1345 qui
220 1299 332 1333 victus
359 1301 474 1333 fuerat
498 1298 535 1331 in
568 1298 740 1343 petitione
770 1298 971 1332 aedilitatis.
1022 1295 1113 1329 Vide

126 1352 316 1385 secundam
344 1350 529 1395 epistolam
553 1350 669 1383 octaxi
696 1350 789 1384 libri.

229 1402 259 1447 Q.
285 1405 320 1438 2.
348 1403 549 1437 Incredibile
570 1403 630 1436 hoc
648 1399 755 1449 facto]
792 1400 880 1435 Sunt
913 1402 1112 1445 fragmenta

127 1456 180 1489 xel
203 1454 358 1488 mutilati
383 1465 504 1487 versus
528 1465 569 1487 ex
596 1453 715 1499 aliqua
739 1451 922 1497 tragoedia
939 1451 998 1498 ⁷⁸).

229 1505 260 1550 Q.
285 1506 320 1539 8.
348 1507 417 1540 Sed
445 1506 526 1539 haec
552 1502 723 1552 pluribus]
756 1504 965 1549 Respondet
993 1501 1113 1536 Caelio

127 1559 172 1591 ad
193 1557 281 1591 duas
306 1556 484 1601 epistolas.
538 1555 743 1600 Rogaverat
768 1568 848 1589 eum
878 1554 1037 1595 Caelius,
1076 1559 1113 1587 ut

126 1609 260 1654 aliquid
286 1609 329 1641 ad
355 1620 391 1642 se
412 1607 599 1648 scriberet,
627 1619 773 1653 sperans
790 1619 826 1641 se
843 1619 883 1640 ex
902 1617 1114 1640 monumen—

126 1661 170 1695 tis
187 1660 234 1706 ⁷⁹)
266 1659 448 1693 Ciceronis
476 1671 608 1693 nomen
647 1660 881 1703 adepturum,
925 1664 965 1692 ut
997 1663 1115 1702 posset

129 1712 248 1746 multis
264 1712 497 1746 innotescere.
551 1710 640 1744 Vide
656 1711 797 1744 tertiam
822 1710 1008 1755 epistolam
1027 1708 1115 1742 Cae-

128 1764 164 1796 lii
194 1764 228 1798 in
255 1771 380 1798 octaio
406 1763 510 1797 libro.
618 1764 664 1797 Te
686 1774 780 1802 vero,
809 1764 856 1796 mt‘
878 1757 981 1807 Rufe]
1009 1760 1113 1794 Clau-

127 1818 203 1852 sula
219 1815 278 1863 ⁸⁰).

163 1972 211 1999 70)
230 1970 317 1999 vui]
335 1969 374 1993 sic
394 1968 419 1992 in
438 1968 521 1993 Editt.
539 1966 664 1995 (1582).
685 1967 776 1997 1556..
797 1964 976 1990 1560-1596.
1013 1962 1113 1992 (Editt.

199 2005 293 2029 1545..
314 2004 407 2028 1546..
427 2002 502 2026 1601.
522 2001 628 2031 xlx.);
651 2002 677 2025 in
698 2001 780 2025 Editt,
802 2000 895 2026 ¹540..
917 2000 1008 2026 1544..
1028 1998 1114 2029 1554.,

201 2039 274 2063 1557.
295 2039 320 2062 et
337 2038 386 2062 Ed.
406 2037 492 2061 oren.
509 2036 559 2061 lx.

162 2082 210 2110 71)
229 2080 431 2111 hypotyposin]
460 2079 499 2103 sic
525 2078 609 2103 Editt.
637 2077 728 2102 1537..
766 2078 860 2101 1545..
898 2076 993 2106 1546,
1027 2075 1114 2105 1560..

198 2115 291 2144 ¹6⁰1.;
311 2114 394 2139 Editt.
415 2114 503 2144 1540.‚
526 2113 616 2139 1544..
638 2113 730 2143 ¹554„
751 2112 824 2136 1557.
844 2110 1026 2142 hypothesin.

161 2159 212 2190 ⁷2]
229 2157 434 2189 repraesentat]
456 2157 539 2181 Editt.
560 2156 651 2180 1545..
673 2155 747 2179 1546.
768 2154 934 2184 praesentat.

164 2203 213 2231 7³)
231 2200 334 2229 curuli]
354 2197 498 2230 12:0[1537.
519 2203 615 2222 errore
635 2199 762 2227 typogn:
783 2197 894 2221 curruli.

163 2246 212 2274 74)
233 2243 361 2274 plebeiis]
381 2242 420 2266 sic
433 2242 483 2266 Ed.
501 2241 591 2271 1515.;
611 2240 694 2265 Editt.
712 2240 798 2265 1537..
818 2240 903 2267 1540..
924 2239 1010 2269 1544..
1030 2238 1115 2267 1546..

198 2280 292 2303 1554..
319 2277 410 2302 1557..
437 2276 530 2306 1560..
555 2275 630 2299 1601.
650 2274 762 2305 plebeis.
781 2287 815 2291 —
851 2275 908 2297 Hoc
925 2276 1117 2305 argumentum

199 2313 227 2337 in
245 2313 328 2336 Editt.
350 2311 556 2340 1537-1554,,
578 2309 668 2339 1557..
689 2309 780 2333 1560..
802 2308 875 2332 1601.
896 2307 1041 2331 invenitur.

165 2357 213 2385 75]
231 2361 318 2385 quam
334 2356 473 2385 primuml
500 2354 540 2377 sic
557 2352 641 2377 Editt.
670 2352 761 2377 1537..
792 2351 881 2375 1540..
910 2350 1000 2374 1545..
1031 2350 1116 2381 1548..

202 2390 293 2419 1560..
323 2390 414 2428 1601.;
443 2388 526 2412 Editt.
555 2388 646 2417 1544..
680 2387 772 2411 1554..
802 2385 874 2409 1557.
903 2387 930 2408 et
955 2384 1003 2408 Ed.
1029 2384 1115 2410 orell.

200 2430 286 2457 quum
302 2430 436 2454 primum.

166 2466 327 2527 nimiism]
346 2467 428 2492 Edit«.
449 2468 542 2490 1544..
564 2467 654 2491 1554..
677 2464 750 2490 ¹55⁷.
769 2464 840 2489 male
859 2462 948 2490 dxiv:
973 2462 1021 2486 Ed.
1043 2464 1115 2488 1545.

166 2547 214 2574 78)
234 2546 307 2568 Haec
331 2547 397 2567 nota
425 2545 450 2566 et
475 2549 593 2573 sequens
619 2544 644 2566 iu
671 2542 753 2566 Editt.
783 2542 872 2566 1540..

204 2579 276 2603 1557.
296 2579 404 2602 desunt.

165 2624 214 2651 79)
234 2620 428 2647 monumentis]
448 2619 497 2642 Ed.
519 2618 592 2642 1537.
614 2619 792 2644 monimentis.

168 2666 216 2693 ω)
237 2666 308 2688 Haec
332 2664 396 2686 nota
423 2668 481 2686 cum
508 2661 678 2691 praecedenti
704 2662 728 2685 in
748 2661 830 2685 Editt.
853 2662 944 2685 1545..
973 2660 1063 2687 1560..
1091 2660 1119 2684 in

204 2705 283 2723 unam
309 2697 347 2720 nic
371 2700 412 2720 est
439 2695 599 2719 coniuncta:
630 2696 684 2719 Sed
709 2696 776 2719 haec
800 2696 949 2725 pluribus]
976 2695 1118 2719 clausule.

205 2739 257 2763 qno
275 2732 424 2762 respondet
443 2730 536 2754 caelio
556 2730 590 2752 ad
609 2743 640 2747 —
660 2730 737 2753 litu-0,

907 2542 980 2565 tau.
990 2557 996 2563 .
1031 2539 1117 2565 136⁴..

691 114 814 152 mm..
848 113 962 151 MEL.
997 109 1199 150 SCRIPTA
1235 110 1573 150 PHILOLOGICA.

2105 116 2154 154 ⁷2

1381 199 1517 235 Aliud
1546 200 1937 249 argumentumu).

1263 274 1448 320 Principio
1472 276 1621 322 ponitur
1644 277 1761 312 brevis
1778 277 1958 312 excusatio
1976 277 2154 313 tarditatis

1162 325 1198 359 in
1223 327 1450 370 gratulando,
1502 327 1642 363 Deinde
1668 329 1828 375 sequitur
1852 328 2064 374 gratulatio,
2098 328 2155 363 cui

1163 377 1307 412 additur
1341 375 1642 427 1‘nortinwotg⁸²)
1673 380 1785 421 illius,
1835 381 1896 427 qui
1934 379 2037 426 petiit
2074 392 2153 415 cum

1163 428 1285 462 Caelio
1304 429 1535 472 aedilitatem,
1554 438 1587 465 et
1608 438 1850 477 repraesentat
1869 433 2043 478 quosdam
2061 430 2156 466 illius

1164 486 1299 525 gestus,
1333 481 1396 527 qui
1418 481 1531 517 victus
1555 484 1671 517 suerat
1696 483 1733 516 in
1759 483 1931 528 petitione
1953 483 2156 518 aedilitatis.

1162 531 1305 576 Epilogi
1336 532 1412 566 vice
1443 534 1590 578 ponitur
1623 535 1796 579 praecisio
1829 535 1947 568 addita
1982 534 2178 580 pollicita-.

1163 584 1261 617 tione
1284 589 1317 617 et
1345 584 1512 619 clausula.

1381 675 1517 709 Aliud
1545 683 1861 720 argumentum
1875 675 1934 724 8³⁵).

1266 750 1426 796 Epistola
1468 758 1519 786 est
1553 752 1806 796 gratulatoria,
1849 752 1886 785 in
1925 764 1994 798 qua
2033 750 2154 786 Caelio

1165 803 1386 847 gratulatur,
1410 804 1508 849 quod
1530 809 1738 838 consecutus
1764 803 1808 838 sit
1828 803 2043 837 aedilitatem
2061 802 2154 837 victo

1165 854 1398 899 competitore
1422 854 1553 896 Hirro,
1588 855 1687 890 cuius
1717 854 1937 888 mentionem
1959 855 2044 888 facit
2069 854 2157 888 Cae·

1165 906 1232 940 lius
1264 905 1301 939 in
1331 905 1479 951 epistola
1511 908 1546 942 2.
1579 913 1611 940 et
1644 906 1680 941 8.
1709 906 1824 940 octavi
1854 905 1950 941 libri.
2003 905 2156 940 Orditur

1167 963 1285 991 autem
1317 970 1335 991 a
1369 958 1614 1003 propositione
1653 957 1923 1002 gratulationis,
1964 957 2021 992 cui
2059 957 2160 991 addit

1167 1008 1428 1043 excusationem
1453 1009 1631 1044 tarditatis
1647 1009 1683 1042 in
1700 1009 1914 1054 gratulando
1927 1035 1936 1049 ‚
1964 1021 2055 1055 quae
2073 1020 2157 1053 pars

1167 1066 1219 1094 est
1235 1060 1374 1105 generis
1390 1060 1674 1095 demonstrativi.
1728 1060 1940 1094 Gratulatur
1957 1060 2051 1094 enim
2070 1059 2157 1094 Cae-

1166 1112 1215 1145 lio
1246 1111 1483 1153 aedilitatem,
1522 1119 1555 1145 et
1585 1112 1657 1157 agit
1688 1123 1832 1158 quoque
1862 1111 2015 1156 gratias,
2060 1112 2158 1157 quod

1167 1163 1315 1197 Hirrum
1343 1163 1613 1209 competitorem
1642 1162 1788 1204 vicerit,
1827 1162 1889 1209 qui
1913 1168 2017 1196 antea
2042 1174 2158 1207 augu-

1167 1221 1283 1249 ratum
1310 1227 1390 1249 cum
1416 1215 1587 1249 Cicerone
1620 1214 1805 1260 petiverat.
1858 1214 1987 1249 Postea
2017 1213 2159 1248 subiicit

1167 1266 1343 1311 integram
1359 1266 1633 1312 descriptionem
1652 1265 1706 1300 sui
1724 1265 1843 1310 gaudii
1857 1291 1866 1306 ,
1895 1266 1990 1312 quod
2012 1264 2158 1312 cepitffi)

1168 1330 1209 1351 ex
1232 1318 1400 1352 iactantia
1432 1317 1676 1363 competitoris
1703 1317 1821 1358 Hirri,
1860 1317 1922 1363 qui
1951 1316 2158 1351 existimans

1167 1382 1202 1403 se
1235 1376 1330 1402 certo
1373 1376 1645 1405 consecuturum
1683 1368 1922 1409 aedilitatem,
1965 1368 2064 1401 omni
2095 1379 2156 1412 spe

1166 1421 1356 1455 frustratus
1387 1421 1430 1455 sit
1461 1433 1540 1455 cum
1571 1432 1710 1455 summa
1736 1419 1946 1465 ignominia.
1997 1418 2159 1453 Pertinet

1168 1479 1286 1506 autem
1313 1470 1399 1505 haec
1426 1472 1617 1517 descriptio
1648 1473 1692 1506 ad
1716 1471 1804 1506 illud
1835 1483 1944 1516 genus
1970 1470 2158 1510 orationis,

1169 1525 1264 1570 quod
1289 1523 1416 1558 Graeci
1442 1530 1570 1558 vocant
1593 1520 1718 1559 εἰκόνα
1726 1548 1738 1565 ,
1767 1523 1803 1556 in
1829 1535 1902 1568 quo
1915 1521 1964 1567 ⁸⁶)
1989 1521 2158 1567 exprimi-

1168 1582 1227 1610 tur
1244 1587 1367 1609 rerum
1383 1582 1445 1609 aut
1460 1587 1695 1620 personarum
1712 1575 1844 1619 imago.
1898 1573 2159 1618 Repraesentat

1169 1627 1263 1661 enim
1298 1627 1471 1673 quosdam
1503 1633 1618 1672 gestus
1649 1626 1764 1666 illius,
1807 1625 1869 1671 qui
1898 1625 2012 1659 victus
2042 1625 2160 1658 fuerat

1168 1679 1205 1712 in
1230 1679 1401 1723 petitione
1424 1678 1624 1712 aedilitatis.
1678 1676 1867 1711 Conclusio
1892 1675 2071 1721 principio
2096 1674 2159 1710 ha-

1167 1731 1226 1764 bet
1265 1730 1544 1775 praecisionem3
1595 1729 1723 1763 deinde
1770 1727 2066 1773 significationem
2103 1726 2161 1761 sui

1169 1782 1319 1821 amoris;
1356 1782 1439 1815 item
1474 1781 1685 1826 voluptatis,
1721 1786 1755 1813 et
1784 1780 1937 1819 fructus,
1981 1791 2085 1824 quem
2118 1790 2159 1812 ex

1169 1846 1210 1867 eo
1240 1834 1372 1878 ceperit
1389 1833 1456 1880 ⁸⁶),
1502 1834 1599 1879 quod
1628 1834 1716 1866 duce
1749 1832 1891 1864 fortuna
1925 1830 1996 1863 iam
2028 1828 2159 1863 habeat

1168 1897 1251 1920 suae
1274 1885 1457 1930 dignitatis
1481 1884 1793 1930 amplificationem
1812 1888 1845 1915 et
1869 1882 2022 1915 ultorem
2040 1881 2159 1915 inimi-

1169 1949 1292 1970 corum
1314 1949 1354 1969 ac
1381 1936 1585 1970 invidorum
1609 1933 1809 1969 hominum.
1862 1933 2014 1967 Videtur
2038 1939 2158 1967 autem

1168 1989 1383 2033 respondere
1407 1988 1449 2023 X.
1472 1987 1641 2033 epistolae
1667 1985 1782 2020 octavi
1809 1984 1902 2019 libri.

1383 2088 1518 2122 Aliud
1547 2092 1867 2131 argumentum
1882 2085 1941 2132 87).

1272 2164 1482 2198 Gratulatur
1514 2162 1563 2195 illi
1596 2162 1699 2195 initio
1729 2162 1960 2195 aedilitatem.
2019 2160 2156 2194 Deinde

1169 2215 1294 2249 irridet
1325 2216 1419 2249 illius
1453 2214 1742 2258 competitorem,
1777 2214 1837 2259 qui
1870 2212 2046 2257 repulsam
2078 2225 2158 2257 pas—

1170 2280 1227 2302 sus
1252 2273 1314 2302 est.
1365 2265 1499 2300 Aedilis
1528 2265 1668 2299 Curulis
1700 2279 1718 2298 a
1753 2265 1836 2299 sella
1873 2264 1985 2298 curuli
2016 2264 2157 2299 dicitur.

1203 2402 1252 2430 81)
1272 2402 1328 2425 Hoc
1347 2402 1536 2432 argumentum
1554 2399 1588 2423 ab
1606 2399 1691 2423 Editt.
1712 2399 1818 2423 1565-
1828 2400 1900 2424 1596.
1923 2400 2076 2429 praebetur.

1203 2443 1253 2484 ἃ)
1270 2441 1461 2483 ὖποῐύζιωσις]
1488 2442 1527 2466 sic
1552 2444 1626 2466 recte
1650 2442 1697 2466 Ed.
1728 2442 1818 2468 1572:
1849 2442 1932 2466 Editt.
1961 2442 2053 2472 1565,
2084 2442 2149 2466 1560

1238 2484 1430 2508 υποτυπωσης.

1202 2522 1250 2550 83)
1270 2521 1329 2545 Hoc
1349 2522 1537 2551 argumentum
1556 2521 1656 2553 legitur
1679 2521 1704 2545 in
1724 2521 1808 2546 Editt.
1830 2521 1922 2552 1556..
1944 2519 2124 2544 lasa—¹⁵9⁶

1202 2564 1250 2591 84]
1269 2563 1356 2594 cepit]
1375 2563 1458 2588 Editt.
1480 2563 1573 2594 1⁵56..
1595 2563 1783 2588 1565-1577.
1804 2563 1900 2594 coepit.

1201 2607 1250 2634 85)
1269 2606 1296 2629 in
1315 2612 1367 2636 quo
1386 2605 1458 2634 (scit.
1479 2606 1612 2635 generem]
1632 2606 1670 2629 sie
1688 2606 1738 2631 Ed.
1761 2605 1852 2632 mm:
1872 2605 1956 2629 Editt.
1978 2604 2155 2630 1565-1577,

1236 2641 1263 2664 in
1287 2646 1338 2671 qua
1357 2641 1431 2669 (scil.
1449 2638 1557 2668 εἰκόνι).

1200 2684 1249 2712 86)
1269 2683 1387 2714 ceperit]
1406 2683 1490 2708 Editt.
1514 2683 1609 2714 1556..
1631 2683 1818 2708 1565-1577,
1838 2682 1966 2712 coeperit.

1201 2725 1250 2754 87)
1269 2726 1327 2750 Boc
1345 2728 1533 2752 argumentum
1554 2725 1579 2749 in
1601 2726 1684 2749 Editt.
1705 2726 1811 2750 1565-
1826 2725 1899 2750 1596,
1920 2723 2029 2754 legitur.
