2351 2990
238 215 356 248 Miror
372 222 492 248 autem
510 215 703 249 advocatos
719 215 903 249 Leocratis
915 214 960 262 ¹²)
973 242 981 255 ,
1011 222 1079 261 qua
1101 227 1136 249 se

137 266 364 300 excusatione
407 278 543 311 poenas
585 278 754 300 evasuros
796 279 869 300 esse
905 267 1138 307 arbitrentur,

136 330 224 351 num
241 324 392 363 propter
411 317 631 351 amicitiam?
685 317 763 362 Ego
785 331 872 352 vero
895 316 960 352 hos
982 330 1056 352 non
1079 330 1139 351 ve-

137 369 218 410 nia,
260 370 322 403 sed
354 375 512 402 extremo
543 369 718 414 supplicio
745 370 872 414 dignos
903 382 976 404 esse
1001 381 1140 409 censeo,

136 421 235 465 quod
260 421 380 465 palam
403 433 438 454 se
462 420 520 454 isti
544 421 756 465 adiungunt.
814 422 906 455 Nam
928 428 1010 454 ante
1028 421 1140 455 scelus

134 470 332 513 Leocratis,
347 472 469 517 quales
485 479 611 513 essent,
628 473 864 514 nesciebatur,
878 485 973 507 nunc
990 478 1141 512 constat,

140 535 221 557 cum
240 523 277 557 in
294 518 448 557 amicitia
468 521 627 558 hominis
642 525 803 559 scelerati
823 532 972 569 propter
998 535 1141 558 morum

140 575 410 609 similitudinem
430 583 656 619 permanent.
718 577 839 622 Quare
865 578 964 621 prius
987 589 1022 610 se
1045 576 1141 621 ipsos

139 627 352 667 defendant,
382 639 490 672 quam
510 625 606 661 hunc
625 640 724 661 reum
741 628 900 673 periculo
917 628 1080 661 liberent.

240 678 409 711 Arbitror
426 685 545 712 autem
563 686 596 712 et
615 686 752 724 patrem
778 679 888 723 ipsius
911 679 1141 712 durissimum

138 727 207 774 ipsi
224 729 378 763 iudicem
397 742 488 771 esse,
515 731 545 764 si
563 731 642 776 quis
658 744 779 764 rerum
796 737 1003 764 nostrarum
1020 741 1142 764 sensus

139 787 191 815 est
210 781 248 814 in
264 781 436 822 mortuis,
462 784 559 827 quod
577 789 729 816 statuam
748 782 815 827 ipsi
830 782 984 826 positam
1001 781 1038 814 in
1054 788 1142 814 tem-

137 832 199 877 plo
223 832 318 867 Iovis
342 833 543 867 Servatoris
571 834 746 873 deseruit,
779 846 818 866 ac
845 831 1006 867 hostibus
1028 832 1142 877 impio

139 885 324 929 sacrilegio
349 886 578 918 evertendam
603 876 769 931 reliquit,
806 886 975 931 quodque
1000 884 1143 917 virtutis

140 942 312 980 paternae
344 936 590 970 testimonium
626 937 863 970 contumeliae
893 949 994 970 causa
1023 937 1143 969 delen-

140 989 225 1020 dum
254 986 415 1022 hostibus
439 988 585 1027 obiecit3
622 989 757 1022 dolebit
775 989 869 1023 enim
889 1001 925 1022 se
942 988 1005 1021 filii
1026 990 1143 1022 deser·

139 1039 228 1073 toris
245 1046 383 1084 patrem
406 1040 602 1074 nominari.
655 1040 811 1087 Ideoque
838 1040 941 1073 multi
965 1053 1022 1073 me
1048 1040 1144 1073 adie-

139 1097 225 1124 runt
252 1091 535 1135 interrogantes,
576 1105 688 1138 quare
712 1105 787 1125 non
812 1091 1059 1137 adscripserim
1085 1093 1144 1125 de-

139 1149 314 1176 sertorem
333 1155 405 1176 esse
422 1143 564 1187 paterni
583 1144 830 1185 monumenti,
864 1144 973 1188 positi
997 1144 1034 1176 in
1058 1145 1144 1176 aede

139 1192 260 1228 Iovis?
327 1193 467 1239 Quibus
494 1196 685 1239 respondi,
727 1209 782 1229 me
809 1208 884 1228 non
910 1195 1080 1239 ignorare
1108 1195 1144 1227 id

139 1246 252 1279 scelus
271 1245 479 1290 gravissima
497 1259 612 1291 poena
632 1247 779 1292 dignum
798 1260 883 1287 esse,
912 1248 973 1280 sed
989 1246 1145 1280 noluisse

139 1309 197 1330 me
227 1297 264 1330 in
296 1298 521 1331 accusatione
549 1299 746 1343 proditoris
777 1298 998 1332 mentionem
1030 1300 1145 1331 facere

139 1347 184 1382 Io
195 1348 264 1383 vis
289 1349 570 1384 Servatoris.
631 1349 714 1385 Illos
732 1363 817 1384 vero
836 1350 949 1394 magis
973 1350 1147 1390 admiror,

142 1400 205 1446 qui
223 1400 321 1434 nulla
337 1401 598 1435 necessitudine
617 1402 841 1446 cognationis
852 1401 896 1447 13)
908 1429 917 1441 ,
947 1408 1008 1434 aut
1025 1402 1147 1434 amici-

141 1452 212 1485 tiae
232 1465 310 1486 cum
329 1465 370 1485 eo
389 1453 590 1493 coniuncti,
618 1456 679 1489 sed
696 1455 859 1487 mercede
878 1454 1063 1494 conducti,
1088 1454 1147 1486 de-

140 1504 294 1538 fendunt
312 1517 436 1538 omnes
453 1517 532 1539 reos
543 1505 602 1550 ¹¹¹¹).
657 1506 806 1540 Constat
824 1505 919 1539 enim
946 1503 1012 1539 hos
1035 1512 1147 1538 extre-

142 1568 203 1589 mo
224 1556 400 1602 supplicio
427 1556 553 1600 dignos
579 1570 664 1592 esse.
718 1558 811 1592 'Nam
836 1556 993 1590 defensio
1021 1557 1147 1590 talium

141 1608 345 1641 facinorum
363 1608 503 1652 signum
523 1615 594 1649 est,
623 1622 697 1642 non
716 1610 891 1653 defugere
904 1621 962 1642 eos
977 1608 1147 1642 similium

144 1659 378 1693 consiliorum
399 1660 618 1694 societatem.
671 1660 754 1695 lNon
774 1667 857 1694 sunt
881 1666 999 1693 autem
1021 1661 1149 1693 confir-

137 1713 269 1745 'mandi
285 1712 377 1745 cives
397 1718 520 1744 contra
538 1725 618 1752 vos,
648 1714 708 1746 sed
726 1725 792 1757 pro
812 1712 913 1745 vobis
931 1718 965 1745 et
981 1724 1047 1756 pro
1065 1712 1149 1756 legi-

145 1764 212 1797 bus
238 1771 272 1797 et
296 1776 363 1809 pro
384 1763 560 1797 libertate.
625 1764 748 1810 Aliqui
774 1776 860 1797 vero
884 1776 958 1797 non
985 1764 1148 1797 oratione

144 1816 342 1861 reprimere
361 1828 427 1848 nos
446 1822 640 1856 conantur,
669 1817 730 1850 sed
749 1815 947 1849 condonari
964 1815 1031 1848 sibi
1047 1828 1148 1849 reum

144 1874 287 1913 petent,
320 1874 512 1913 propterea
538 1868 635 1913 quod
658 1868 871 1901 liberalitate
899 1867 1058 1912 ipsorum
1086 1880 1147 1901 usa

135 1921 192 1954 'sit
207 1920 420 1966 respublica.
463 1919 526 1953 His
544 1919 699 1953 maxime
717 1932 917 1954 succenseo.
958 1919 1050 1953 Nam
1070 1931 1149 1953 cum

147 1972 305 2005 familiae
337 1984 421 2006 suae
457 1973 642 2005 ornandae
669 1984 771 2006 causa
799 1977 961 2016 sumptus
989 1971 1151 2012 fecerint,

149 2036 191 2058 eo
210 2022 350 2058 honore
368 2024 526 2058 contenti
541 2023 631 2064 sint,
656 2037 731 2057 non
746 2024 944 2068 postulent,
972 2029 1012 2057 ut
1027 2035 1151 2068 respu-

146 2076 238 2111 blica
265 2076 481 2111 detrimento
506 2076 692 2110 afficiatur.
755 2075 948 2109 Donantur
971 2074 1066 2108 enim
1094 2087 1151 2108 co-

148 2143 238 2165 rona
251 2158 260 2171 ,
288 2129 315 2164 si
335 2129 397 2176 qui
415 2130 581 2163 aluerunt
596 2141 726 2174 equos,
754 2134 816 2162 aut
837 2128 941 2161 ludos
965 2127 1150 2172 splendide

150 2188 417 2229 apparaverunt
434 2181 499 2228 15);
539 2181 668 2215 deinde
696 2181 723 2214 si
755 2180 816 2226 qui
840 2191 950 2213 naves
976 2180 1151 2213 instruxe-

151 2242 256 2277 runt,
281 2241 343 2269 aut
358 2235 503 2267 moenia
522 2234 742 2273 refecerunt,
774 2239 835 2266 aut
852 2232 919 2264 alia
936 2231 974 2263 in
990 2243 1028 2264 re
1044 2231 1150 2275 largi-

151 2294 206 2322 ter
231 2287 458 2321 contulerunt
482 2286 672 2331 pecuniam
695 2284 856 2330 publicae
883 2283 1006 2317 salutis
1034 2294 1151 2317 causa.

151 2340 227 2374 Etsi
255 2337 386 2373 horum
411 2337 618 2372 liberalitati
644 2338 721 2371 laus
744 2336 932 2370 tribuenda
959 2341 1028 2375 est,
1070 2347 1150 2368 cum

152 2394 190 2426 in
214 2391 291 2426 aliis
314 2392 420 2425 rebus
444 2390 629 2424 inutilibus
651 2396 791 2423 tantum
820 2388 865 2422 sit
890 2386 1094 2432 opulentiae
1119 2393 1154 2420 et

189 2529 235 2562 12)
257 2530 290 2554 Η.
313 2529 331 2554 l.
351 2528 379 2552 in
397 2527 482 2552 Editt.
503 2526 593 2557 1548„
614 2526 689 2550 1554.
709 2526 776 2550 nota
793 2523 928 2556 margia:
958 2523 999 2547 De
1023 2521 1152 2552 patronis

222 2568 249 2589 et
267 2563 412 2588 advocatis
430 2561 583 2586 Leocratis.

188 2609 237 2638 13)
256 2609 288 2633 Η.
308 2608 326 2632 1.
346 2606 373 2630 in
392 2605 487 2629 iisdem
505 2604 590 2628 Editt.
609 2604 677 2627 nota
694 2602 829 2634 margin.:
857 2603 898 2626 De
916 2600 1024 2626 alienis.

189 2653 237 2681 14)
256 2652 289 2675 Η.
308 2651 328 2676 l.
349 2650 376 2674 in
396 2649 494 2673 iisdem
513 2647 598 2673 Editt.
621 2647 687 2670 nota
705 2646 838 2677 margin:
871 2643 1061 2675 Reprehensio
1080 2643 1152 2667 alio—

224 2693 286 2711 rum
298 2686 511 2714 advocatorum,
531 2682 574 2713 qui
594 2682 699 2705 tantum
718 2681 844 2704 mercede
862 2679 988 2705 conducti
1007 2679 1117 2702 adsunt.

188 2731 235 2759 15)
255 2729 476 2760 apparaverunt]
498 2727 539 2751 sic
558 2727 634 2750 recte
652 2724 738 2751 Editt.
759 2724 850 2755 1548.‚
877 2724 970 2754 1562.;
1006 2722 1055 2747 Ed.
1078 2722 1152 2746 1554.

221 2765 417 2795 apparuerunt.

306 128 462 164 XXXIX.
514 126 915 164 INTERPRETATIO
939 114 1202 164 ORATI'OMS
1227 127 1443 163 LYCURGI
1472 129 1671 165 CONTRA
1698 131 2011 170 LEOCRATEM.

2117 137 2194 174 974

1190 215 1440 259 profusionum
1466 216 1676 250 ostentatio:
1705 225 1827 251 tamen
1844 221 1976 254 nullius
1996 228 2092 255 tanta
2112 231 2195 257 sunt

1191 267 1382 308 beneficia,
1418 274 1459 301 ut
1485 269 1620 312 gratiae
1646 269 1725 303 loco
1750 271 1954 314 proditores
1977 273 2007 305 ei
2033 275 2195 309 donandi

1191 318 1279 357 sint;
1307 330 1372 352 nec
1388 319 1577 366 quisquam
1595 321 1684 354 adeo
1702 333 1825 355 amens
1843 329 1912 363 est,
1940 331 1996 364 ut,
2023 338 2102 359 cum
2120 327 2195 370 glo-

1192 370 1245 402 ria
1271 369 1308 403 in
1331 371 1448 414 patria
1471 384 1533 405 sua
1558 378 1593 405 et
1620 372 1713 406 inter
1737 373 1828 408 cives
1854 376 2064 409 antecellere
2099 378 2198 419 velit,

1194 428 1315 454 tamen
1331 422 1372 456 iis
1389 423 1525 463 faveat,
1554 423 1616 469 qui
1641 425 1759 458 sedem
1783 426 1919 470 gloriae
1943 427 2054 471 ipsius
2079 430 2198 463 delere

1194 473 1321 506 volunt
1331 472 1398 519 16),
1424 474 1493 508 nisi
1510 475 1578 508 alia
1598 475 1684 520 ipsi,
1709 477 1775 509 alia
1796 477 1935 522 patriae
1954 480 2171 514 conducunt.

1297 523 1375 558 Etsi
1392 532 1509 558 autem
1536 538 1610 559 non
1634 528 1803 562 usitatum
1831 537 1902 571 est,
1933 531 1970 563 in
1994 544 2198 566 consessum

1195 575 1352 608 iudicum
1380 577 1555 610 adducere
1584 579 1751 623 coniuges
1776 587 1809 613 et
1834 581 1966 616 liberos
1978 581 2042 629 ¹⁷),
2078 590 2200 617 tamen

1195 626 1232 658 in
1251 626 1383 659 iudicio
1402 628 1620 671 proditionis
1637 631 1734 674 pium
1763 639 1852 666 esset
1875 645 1935 667 eos
1958 634 2133 677 assidere,
2161 642 2201 669 ut

1196 684 1404 722 conspectus
1423 679 1615 723 coniugum
1633 688 1666 714 et
1680 682 1876 717 liberorum
1888 712 1898 726 ,
1927 698 2080 731 quorum
2098 699 2201 731 prac-

1196 728 1340 772 cipuum
1373 730 1495 764 fuisset
1524 732 1745 776 periculum,
1788 748 1985 782 eorumque
2017 738 2200 772 miseratio

1196 787 1333 814 mentes
1358 780 1515 816 iudicum
1542 784 1586 816 ad
1609 784 1777 819 dicendas
1795 788 1991 821 severiores
2008 790 2201 824 sententias

1196 833 1416 868 accenderet.
1472 834 1539 867 Sed
1557 848 1635 868 cum
1656 848 1734 869 eam
1758 839 1899 872 turbam
1924 839 1961 872 in
1986 840 2115 874 iudicia
2140 843 2201 874 ad-

1196 885 1325 917 ducere
1345 896 1420 917 non
1436 886 1482 919 sit
1498 886 1688 928 usitatum,
1717 902 1851 935 vosque
1868 890 2028 935 ipsorum
2051 893 2201 926 salutem

1197 935 1233 968 in
1251 934 1306 969 his
1325 936 1465 971 iudiciis
1488 939 1580 971 tueri
1608 947 1793 983 oporteat,
1828 942 1949 976 feratis
1975 944 2203 985 sententiam,

1198 994 1236 1020 ut
1259 985 1316 1021 hic
1340 989 1506 1032 proditor
1531 990 1785 1033 interficiatur,
1829 1000 1863 1027 et
1895 995 2029 1029 reversi
2054 997 2203 1029 domum

1199 1040 1409 1084 coniugibus
1446 1048 1479 1074 et
1514 1042 1633 1076 liberis
1670 1044 1870 1089 exemplum
1902 1048 2204 1082 commemoretis.

1196 1090 1372 1125 Iniustum
1392 1093 1486 1125 enim
1501 1101 1601 1131 esset,
1625 1094 1653 1127 si
1670 1095 1750 1139 pari
1765 1096 1841 1130 iure
1861 1110 1940 1131 cum
1957 1099 2103 1132 caeteris
2120 1099 2204 1132 civi-

1198 1144 1282 1183 bus,
1319 1143 1381 1189 qui
1408 1145 1564 1189 patriam
1591 1146 1848 1188 defenderunt,
1886 1149 2006 1183 vivere
2030 1151 2137 1184 vellet
2165 1151 2206 1191 is,

1199 1195 1261 1241 qui
1284 1195 1443 1239 primum
1478 1198 1634 1230 deseruit
1664 1199 1865 1241 civitatem,
1903 1201 2031 1235 deinde
2064 1203 2101 1235 in
2132 1202 2206 1235 acIe

1199 1259 1274 1279 non
1304 1246 1507 1287 dimicavit,
1544 1256 1727 1293 postremo
1760 1264 1824 1284 nec
1858 1253 2001 1286 moenia
2037 1254 2206 1288 defendit.

1198 1298 1303 1332 Nunc
1321 1310 1407 1331 vero
1427 1300 1539 1339 redit,
1565 1307 1604 1333 ut
1619 1302 1759 1335 fruatur
1777 1303 1904 1342 sacris,
1933 1305 2003 1338 suis
2027 1306 2205 1339 facultati-

1199 1350 1285 1389 bus,
1315 1350 1413 1390 foro,
1441 1351 1598 1395 legibus,
1632 1353 1747 1386 forma
1775 1355 2014 1399 reipublicae,
2049 1370 2140 1403 quae
2159 1370 2204 1390 ne

1201 1401 1426 1442 delerentur,
1462 1403 1522 1434 alii
1539 1403 1631 1438 cives
1649 1405 1746 1438 mille
1767 1407 1810 1439 ad
1829 1405 2077 1442 Chaeroneam
2097 1409 2206 1442 inter-

1200 1452 1282 1485 fecti
1311 1459 1412 1493 sunt,
1454 1467 1543 1499 quos
1576 1455 1699 1490 civitas
1728 1458 1870 1501 publico
1900 1459 2024 1493 funere
2057 1461 2207 1505 sepeliit,

1202 1517 1357 1550 quorum
1382 1513 1616 1539 monumenta
1633 1505 1690 1541 hic
1709 1509 1844 1544 ferreus
1862 1522 1936 1544 uon
1952 1512 2126 1546 reveritus
2143 1519 2206 1553 est,

1202 1569 1282 1590 cum
1299 1556 1451 1589 nuncin
1477 1558 1603 1591 urbem
1629 1559 1845 1604 ingredienti
1870 1563 1916 1596 ob
1943 1564 2065 1598 oculos
2091 1564 2206 1608 posita

1203 1614 1336 1647 essent3
1372 1620 1412 1641 ac
1429 1609 1497 1643 sibi
1516 1612 1661 1644 concedi
1679 1613 1857 1656 postulat,
1892 1621 1932 1648 ut
1955 1615 1992 1648 in
2016 1622 2208 1660 conspectu

1202 1659 1301 1692 vivat
1316 1672 1441 1693 eorum
1454 1688 1463 1701 ,
1492 1662 1553 1707 qui
1572 1670 1722 1708 propter
1738 1665 1887 1699 amissos
1904 1667 1996 1701 filios
2008 1694 2017 1708 ,
2046 1668 2208 1707 maritos,

1202 1712 1349 1751 fratres,
1377 1718 1515 1756 patres,
1544 1720 1605 1747 aut
1630 1715 1719 1749 alios
1741 1717 1986 1764 propinquos,
2012 1732 2145 1764 magno
2171 1719 2209 1751 in

1202 1776 1370 1796 moerore
1385 1770 1486 1804 sunt,
1515 1777 1712 1811 eorumque
1732 1768 1917 1802 interitum
1937 1768 2053 1804 adhuc
2074 1772 2208 1815 lugent.

1308 1815 1398 1848 Cum
1415 1827 1501 1848 vero
1524 1823 1620 1861 petet
1645 1831 1681 1851 se
1703 1820 1821 1853 audiri
1845 1820 1941 1854 iuxta
1967 1822 2079 1865 leges,
2116 1834 2208 1868 quae

1203 1867 1344 1899 dicendi
1374 1874 1588 1912 potestatem
1621 1871 1769 1904 concedi
1791 1884 1914 1916 parem
1945 1874 2089 1918 utrique
2113 1873 2209 1918 parti

1203 1919 1346 1958 iubent,
1374 1932 1438 1953 vos
1454 1919 1608 1954 vicissim
1635 1921 1875 1968 interrogate,
1913 1937 2067 1969 quarum
2090 1926 2208 1969 legum

1203 1970 1422 2015 praesidium
1448 1971 1628 2016 imploret.
1689 1973 1785 2008 Num
1811 1987 1955 2017 earum,
1991 1989 2079 2022 quas
2105 1983 2208 2010 antea

1204 2022 1392 2067 prodidit?
1437 2022 1511 2057 Nec
1531 2024 1626 2056 enim
1646 2025 1768 2060 sinetis
1791 2039 1870 2061 eum
1890 2027 1983 2061 intra
2004 2027 2092 2062 haec
2111 2041 2210 2062 moe-

1203 2074 1263 2107 nia
1296 2074 1453 2115 versari,
1496 2075 1615 2120 legum
1644 2077 1824 2113 beneficiis
1849 2091 1889 2112 ac
1913 2079 2044 2114 civium
2070 2078 2211 2114 honore

1202 2126 1381 2159 fruentem
1393 2153 1402 2167 ,
1431 2139 1511 2160 cum
1528 2140 1567 2160 ea
1587 2140 1665 2161 cum
1685 2131 1832 2164 caeteris
1849 2131 1984 2166 civibus
2000 2144 2075 2165 non
2091 2133 2211 2166 desen-

1204 2177 1308 2212 derit.
1376 2178 1413 2211 Si
1437 2191 1523 2212 vero
1548 2179 1643 2214 Deos
1667 2181 1869 2223 invocabit,
1897 2183 2137 2228 interrogate,
2166 2186 2211 2218 ad

1204 2242 1295 2276 quos
1320 2230 1513 2274 confugiat.
1573 2231 1668 2266 Num
1696 2234 1740 2266 ad
1765 2246 1844 2275 eos,
1885 2247 2040 2280 quorum
2064 2236 2212 2280 templa,

1204 2288 1339 2315 statuas
1363 2288 1396 2315 et
1416 2282 1515 2316 lucos
1540 2283 1724 2327 prodidit?
1789 2284 1868 2318 Erit
1898 2286 2046 2330 supplex
2074 2286 2211 2321 civibus

1205 2339 1240 2367 et
1256 2333 1301 2366 ad
1316 2333 1601 2367 misericordiam
1621 2342 1774 2369 vestram
1796 2337 1986 2381 confugiet.
2050 2338 2117 2371 Sed
2144 2351 2211 2372 nec

1205 2385 1322 2429 ipsum
1341 2385 1587 2419 misericordia
1605 2387 1723 2420 debita
1746 2387 1879 2421 civitati
1898 2395 1931 2421 et
1948 2390 2132 2423 communi
2156 2402 2211 2424 sa-

1204 2437 1271 2470 luti
1297 2436 1456 2471 retinuit.
1523 2437 1605 2470 Fiat
1635 2439 1784 2483 supplex
1807 2437 1982 2481 Rhodiis,
2026 2453 2116 2486 quos
2145 2441 2212 2475 sibi

1205 2488 1319 2533 magis
1350 2488 1550 2533 praesidio,
1593 2502 1702 2535 quam
1735 2491 1891 2535 patriam
1926 2504 1998 2526 esse
2027 2492 2210 2528 iudicavit.

1240 2608 1287 2635 16)
1307 2608 1340 2631 Η.
1359 2607 1377 2632 l.
1397 2607 1425 2630 in
1444 2607 1529 2630 Editt.
1550 2607 1641 2638 1548„
1668 2608 1744 2634 1554.
1764 2611 1831 2633 nota
1849 2609 1983 2640 margin.:
2015 2611 2039 2633 A
2059 2609 2204 2633 connexis:

1275 2642 1305 2666 si
1324 2644 1415 2666 amant
1433 2641 1567 2672 patriam,
1599 2648 1635 2666 ne
1653 2643 1782 2667 tueantur
1802 2650 1869 2676 eos,
1903 2645 1947 2675 qui
1970 2646 2034 2667 sunt
2053 2643 2136 2667 exitio
2156 2649 2205 2673 pa-

1273 2677 1354 2702 triae.

1242 2720 1288 2748 17)
1308 2720 1339 2743 Η.
1358 2720 1377 2743 l.
1397 2719 1423 2742 iu
1442 2719 1538 2743 iisdem
1556 2720 1640 2746 Editt.
1660 2722 1727 2745 nota
1746 2721 1878 2752 margin.:
1907 2721 2050 2745 Postrema
2070 2726 2135 2751 pars
2156 2722 2207 2745 ha-

1277 2755 1321 2779 bet
1340 2756 1445 2778 tantum
1464 2755 1616 2784 patheticus
1634 2756 1877 2786 exaggerationes,
