<?xml version="1.0" encoding="UTF-8"?>
<!DOCTYPE html PUBLIC "-//W3C//DTD XHTML 1.0 Transitional//EN"
    "http://www.w3.org/TR/xhtml1/DTD/xhtml1-transitional.dtd">
<html xmlns="http://www.w3.org/1999/xhtml" xml:lang="en" lang="en">
 <head>
  <title>
</title>
<meta http-equiv="Content-Type" content="text/html;charset=utf-8" />
  <meta name='ocr-system' content='tesseract 3.04.00' />
  <meta name='ocr-capabilities' content='ocr_page ocr_carea ocr_par ocr_line ocrx_word'/>
</head>
<body>
  <div class='ocr_page' id='page_1' title='image "./operaquaesupersu17melauoft/operaquaesupersu17melauoft_0343.png"; bbox 0 0 2351 2990; ppageno 0'>
   <div class='ocr_carea' id='block_1_1' title="bbox 100 126 366 163">
    <p class='ocr_par' dir='ltr' id='par_1_1' title="bbox 100 126 366 163">
     <span class='ocr_line' id='line_1_1' title="bbox 100 126 366 163; baseline -0.004 0"><span class='ocrx_word' id='word_1_1' title='bbox 100 127 173 163; x_wconf 87' lang='lat'><strong>661</strong></span> <span class='ocrx_word' id='word_1_2' title='bbox 244 126 366 163; x_wconf 86' lang='lat' dir='ltr'>XXXI.</span> 
     </span>
    </p>
   </div>
   <div class='ocr_carea' id='block_1_2' title="bbox 94 212 1095 773">
    <p class='ocr_par' dir='ltr' id='par_1_2' title="bbox 94 212 1095 773">
     <span class='ocr_line' id='line_1_2' title="bbox 97 212 1094 259; baseline 0.001 -12"><span class='ocrx_word' id='word_1_3' title='bbox 97 214 195 247; x_wconf 87' lang='lat' dir='ltr'><strong>mine</strong></span> <span class='ocrx_word' id='word_1_4' title='bbox 213 212 427 255; x_wconf 86' lang='lat' dir='ltr'><strong>Homerico,</strong></span> <span class='ocrx_word' id='word_1_5' title='bbox 450 226 526 248; x_wconf 90' lang='lat' dir='ltr'><strong>non</strong></span> <span class='ocrx_word' id='word_1_6' title='bbox 550 220 668 259; x_wconf 90' lang='lat' dir='ltr'><strong>potest</strong></span> <span class='ocrx_word' id='word_1_7' title='bbox 691 214 831 248; x_wconf 88' lang='lat' dir='ltr'><strong>ostendi</strong></span> <span class='ocrx_word' id='word_1_8' title='bbox 854 214 1011 249; x_wconf 86' lang='lat' dir='ltr'><strong>recitatis</strong></span> <span class='ocrx_word' id='word_1_9' title='bbox 1037 227 1094 248; x_wconf 86' lang='lat' dir='ltr'><strong>ex-</strong></span> 
     </span>
     <span class='ocr_line' id='line_1_3' title="bbox 97 265 1095 311; baseline 0.001 -12"><span class='ocrx_word' id='word_1_10' title='bbox 97 265 245 309; x_wconf 89' lang='lat' dir='ltr'><strong>emplis,</strong></span> <span class='ocrx_word' id='word_1_11' title='bbox 271 278 379 311; x_wconf 86' lang='lat' dir='ltr'><strong>quam</strong></span> <span class='ocrx_word' id='word_1_12' title='bbox 396 266 576 300; x_wconf 89' lang='lat' dir='ltr'><strong>aestimari</strong></span> <span class='ocrx_word' id='word_1_13' title='bbox 596 265 635 299; x_wconf 90' lang='lat' dir='ltr'><strong>in</strong></span> <span class='ocrx_word' id='word_1_14' title='bbox 660 272 737 299; x_wconf 88' lang='lat' dir='ltr'><strong>toto</strong></span> <span class='ocrx_word' id='word_1_15' title='bbox 762 278 924 311; x_wconf 90' lang='lat' dir='ltr'><strong>corpore.</strong></span> <span class='ocrx_word' id='word_1_16' title='bbox 1003 268 1095 301; x_wconf 85' lang='lat' dir='ltr'><strong>Lae-</strong></span> 
     </span>
     <span class='ocr_line' id='line_1_4' title="bbox 95 315 1095 364; baseline -0.001 -13"><span class='ocrx_word' id='word_1_17' title='bbox 95 315 170 364; x_wconf 76' lang='lat' dir='ltr'><strong>tus]</strong></span> <span class='ocrx_word' id='word_1_18' title='bbox 204 316 242 350; x_wconf 87' lang='lat' dir='ltr'><strong>id</strong></span> <span class='ocrx_word' id='word_1_19' title='bbox 265 323 334 358; x_wconf 88' lang='lat' dir='ltr'><strong>est,</strong></span> <span class='ocrx_word' id='word_1_20' title='bbox 370 317 533 362; x_wconf 90' lang='lat' dir='ltr'><strong>copiosus</strong></span> <span class='ocrx_word' id='word_1_21' title='bbox 558 324 592 350; x_wconf 89' lang='lat' dir='ltr'><strong>et</strong></span> <span class='ocrx_word' id='word_1_22' title='bbox 615 323 774 351; x_wconf 86' lang='lat' dir='ltr'><strong>ornatus.</strong></span> <span class='ocrx_word' id='word_1_23' title='bbox 861 315 1025 364; x_wconf 72' lang='lat' dir='ltr'><strong>Pressas]</strong></span> <span class='ocrx_word' id='word_1_24' title='bbox 1058 317 1095 350; x_wconf 89' lang='lat' dir='ltr'><strong>id</strong></span> 
     </span>
     <span class='ocr_line' id='line_1_5' title="bbox 98 368 1094 414; baseline 0.001 -13"><span class='ocrx_word' id='word_1_25' title='bbox 98 374 169 408; x_wconf 89' lang='lat' dir='ltr'><strong>est,</strong></span> <span class='ocrx_word' id='word_1_26' title='bbox 205 368 340 409; x_wconf 88' lang='lat' dir='ltr'><strong>tenuis,</strong></span> <span class='ocrx_word' id='word_1_27' title='bbox 377 369 544 414; x_wconf 89' lang='lat' dir='ltr'><strong>proprius</strong></span> <span class='ocrx_word' id='word_1_28' title='bbox 573 374 608 401; x_wconf 90' lang='lat' dir='ltr'><strong>et</strong></span> <span class='ocrx_word' id='word_1_29' title='bbox 639 374 827 412; x_wconf 85' lang='lat' dir='ltr'><strong>angustus,</strong></span> <span class='ocrx_word' id='word_1_30' title='bbox 868 381 943 402; x_wconf 89' lang='lat' dir='ltr'><strong>non</strong></span> <span class='ocrx_word' id='word_1_31' title='bbox 977 369 1094 402; x_wconf 87' lang='lat' dir='ltr'>dicere</span> 
     </span>
     <span class='ocr_line' id='line_1_6' title="bbox 97 417 1094 466; baseline 0.002 -14"><span class='ocrx_word' id='word_1_32' title='bbox 97 418 167 453; x_wconf 89' lang='lat' dir='ltr'><strong>nisi</strong></span> <span class='ocrx_word' id='word_1_33' title='bbox 180 420 390 454; x_wconf 89' lang='lat' dir='ltr'><strong>necessaria.</strong></span> <span class='ocrx_word' id='word_1_34' title='bbox 456 417 647 466; x_wconf 64' lang='lat' dir='ltr'><strong>Iracundus]</strong></span> <span class='ocrx_word' id='word_1_35' title='bbox 676 420 711 452; x_wconf 89' lang='lat' dir='ltr'><strong>id</strong></span> <span class='ocrx_word' id='word_1_36' title='bbox 729 426 798 460; x_wconf 85' lang='lat' dir='ltr'><strong>est,</strong></span> <span class='ocrx_word' id='word_1_37' title='bbox 826 420 1094 454; x_wconf 78' lang='lat' dir='ltr'>amoenioribus</span> 
     </span>
     <span class='ocr_line' id='line_1_7' title="bbox 97 468 1092 518; baseline 0.002 -15"><span class='ocrx_word' id='word_1_38' title='bbox 97 470 220 515; x_wconf 88' lang='lat' dir='ltr'><strong>figuris</strong></span> <span class='ocrx_word' id='word_1_39' title='bbox 235 478 395 506; x_wconf 87' lang='lat' dir='ltr'><strong>ornatus.</strong></span> <span class='ocrx_word' id='word_1_40' title='bbox 474 468 618 518; x_wconf 76' lang='lat' dir='ltr'><strong>Gravis]</strong></span> <span class='ocrx_word' id='word_1_41' title='bbox 645 471 777 504; x_wconf 88' lang='lat' dir='ltr'><strong>scilicet</strong></span> <span class='ocrx_word' id='word_1_42' title='bbox 793 472 935 515; x_wconf 78' lang='lat' dir='ltr'>tragicis</span> <span class='ocrx_word' id='word_1_43' title='bbox 960 471 1092 516; x_wconf 84' lang='lat' dir='ltr'><strong>figuris.</strong></span> 
     </span>
     <span class='ocr_line' id='line_1_8' title="bbox 97 521 1094 568; baseline 0.001 -13"><span class='ocrx_word' id='word_1_44' title='bbox 97 521 210 555; x_wconf 87' lang='lat' dir='ltr'><strong>Poeta</strong></span> <span class='ocrx_word' id='word_1_45' title='bbox 226 522 335 556; x_wconf 86' lang='lat' dir='ltr'><strong>servit</strong></span> <span class='ocrx_word' id='word_1_46' title='bbox 353 524 496 556; x_wconf 87' lang='lat' dir='ltr'><strong>decoro.</strong></span> <span class='ocrx_word' id='word_1_47' title='bbox 540 522 632 555; x_wconf 83' lang='lat' dir='ltr'><strong>Aiax</strong></span> <span class='ocrx_word' id='word_1_48' title='bbox 647 521 814 556; x_wconf 76' lang='lat' dir='ltr'>irascitur</span> <span class='ocrx_word' id='word_1_49' title='bbox 832 529 865 556; x_wconf 88' lang='lat' dir='ltr'><strong>et</strong></span> <span class='ocrx_word' id='word_1_50' title='bbox 883 523 1094 568; x_wconf 75' lang='lat' dir='ltr'><strong>expostulat.</strong></span> 
     </span>
     <span class='ocr_line' id='line_1_9' title="bbox 96 570 1093 617; baseline 0 -11"><span class='ocrx_word' id='word_1_51' title='bbox 96 571 260 606; x_wconf 83' lang='lat' dir='ltr'>Phoenix</span> <span class='ocrx_word' id='word_1_52' title='bbox 291 574 526 607; x_wconf 87' lang='lat' dir='ltr'><strong>concionatur</strong></span> <span class='ocrx_word' id='word_1_53' title='bbox 553 573 604 606; x_wconf 90' lang='lat' dir='ltr'><strong>illi</strong></span> <span class='ocrx_word' id='word_1_54' title='bbox 631 570 849 617; x_wconf 81' lang='lat' dir='ltr'><strong>theologice,</strong></span> <span class='ocrx_word' id='word_1_55' title='bbox 892 581 925 607; x_wconf 90' lang='lat' dir='ltr'><strong>et</strong></span> <span class='ocrx_word' id='word_1_56' title='bbox 958 581 1009 608; x_wconf 90' lang='lat' dir='ltr'><strong>est</strong></span> <span class='ocrx_word' id='word_1_57' title='bbox 1034 574 1093 606; x_wconf 89' lang='lat' dir='ltr'><strong>illa</strong></span> 
     </span>
     <span class='ocr_line' id='line_1_10' title="bbox 96 621 1095 670; baseline 0 -13"><span class='ocrx_word' id='word_1_58' title='bbox 96 623 270 657; x_wconf 89' lang='lat' dir='ltr'><strong>sententia</strong></span> <span class='ocrx_word' id='word_1_59' title='bbox 288 621 404 670; x_wconf 66' lang='grc' dir='ltr'><em>λήθης</em></span> <span class='ocrx_word' id='word_1_60' title='bbox 423 625 578 658; x_wconf 77' lang='lat' dir='ltr'>Remitte</span> <span class='ocrx_word' id='word_1_61' title='bbox 595 624 698 658; x_wconf 91' lang='lat' dir='ltr'><strong>nobis</strong></span> <span class='ocrx_word' id='word_1_62' title='bbox 715 625 834 658; x_wconf 90' lang='lat' dir='ltr'><strong>debita</strong></span> <span class='ocrx_word' id='word_1_63' title='bbox 852 632 988 665; x_wconf 89' lang='lat' dir='ltr'><strong>nostra,</strong></span> <span class='ocrx_word' id='word_1_64' title='bbox 1005 625 1095 659; x_wconf 90' lang='lat' dir='ltr'><strong>sicut</strong></span> 
     </span>
     <span class='ocr_line' id='line_1_11' title="bbox 96 675 1094 716; baseline 0 -8"><span class='ocrx_word' id='word_1_65' title='bbox 96 681 131 708; x_wconf 88' lang='lat' dir='ltr'><strong>et</strong></span> <span class='ocrx_word' id='word_1_66' title='bbox 147 687 212 708; x_wconf 90' lang='lat' dir='ltr'><strong>nos</strong></span> <span class='ocrx_word' id='word_1_67' title='bbox 228 675 441 710; x_wconf 81' lang='lat' dir='ltr'><strong>dimittimus</strong></span> <span class='ocrx_word' id='word_1_68' title='bbox 458 676 588 710; x_wconf 87' lang='lat' dir='ltr'><strong>nostris</strong></span> <span class='ocrx_word' id='word_1_69' title='bbox 605 676 838 710; x_wconf 86' lang='lat' dir='ltr'><strong>debitoribus.</strong></span> <span class='ocrx_word' id='word_1_70' title='bbox 885 675 972 710; x_wconf 88' lang='lat' dir='ltr'><strong>Item</strong></span> <span class='ocrx_word' id='word_1_71' title='bbox 986 703 995 716; x_wconf 91' lang='lat'>‚</span> <span class='ocrx_word' id='word_1_72' title='bbox 1019 676 1094 708; x_wconf 91' lang='lat' dir='ltr'><strong>Me-</strong></span> 
     </span>
     <span class='ocr_line' id='line_1_12' title="bbox 94 726 1093 773; baseline 0.001 -14"><span class='ocrx_word' id='word_1_73' title='bbox 94 726 165 760; x_wconf 87' lang='lat' dir='ltr'><strong>lior</strong></span> <span class='ocrx_word' id='word_1_74' title='bbox 183 733 234 760; x_wconf 87' lang='lat' dir='ltr'><strong>est</strong></span> <span class='ocrx_word' id='word_1_75' title='bbox 251 727 418 768; x_wconf 86' lang='lat' dir='ltr'><strong>comitas,</strong></span> <span class='ocrx_word' id='word_1_76' title='bbox 442 740 550 773; x_wconf 91' lang='lat' dir='ltr'><strong>quam</strong></span> <span class='ocrx_word' id='word_1_77' title='bbox 576 727 761 760; x_wconf 74' lang='lat' dir='ltr'><strong>iracundia</strong></span> <span class='ocrx_word' id='word_1_78' title='bbox 775 755 784 768; x_wconf 92' lang='lat'><strong>‚</strong></span> <span class='ocrx_word' id='word_1_79' title='bbox 812 728 850 760; x_wconf 88' lang='lat' dir='ltr'><strong>in</strong></span> <span class='ocrx_word' id='word_1_80' title='bbox 866 727 901 762; x_wconf 87' lang='lat'><strong>9.</strong></span> <span class='ocrx_word' id='word_1_81' title='bbox 916 728 978 761; x_wconf 91' lang='lat' dir='ltr'><strong>lib.</strong></span> <span class='ocrx_word' id='word_1_82' title='bbox 993 726 1093 760; x_wconf 80' lang='lat' dir='ltr'><strong>Iliad.</strong></span> 
     </span>
    </p>
   </div>
   <div class='ocr_carea' id='block_1_3' title="bbox 94 783 1094 1075">
    <p class='ocr_par' dir='ltr' id='par_1_3' title="bbox 94 783 1094 1075">
     <span class='ocr_line' id='line_1_13' title="bbox 200 783 1092 834; baseline -0.001 -14"><span class='ocrx_word' id='word_1_83' title='bbox 200 784 231 830; x_wconf 61' lang='grc' dir='ltr'><strong>ξ.</strong></span> <span class='ocrx_word' id='word_1_84' title='bbox 252 786 311 820; x_wconf 85' lang='grc'><strong>47.</strong></span> <span class='ocrx_word' id='word_1_85' title='bbox 342 785 535 834; x_wconf 72' lang='lat' dir='ltr'><strong>Contentio]</strong></span> <span class='ocrx_word' id='word_1_86' title='bbox 564 786 604 820; x_wconf 91' lang='lat' dir='ltr'><strong>In</strong></span> <span class='ocrx_word' id='word_1_87' title='bbox 631 788 664 821; x_wconf 86' lang='lat'><strong>1.</strong></span> <span class='ocrx_word' id='word_1_88' title='bbox 681 785 780 821; x_wconf 86' lang='lat' dir='ltr'><strong>Iliad.</strong></span> <span class='ocrx_word' id='word_1_89' title='bbox 866 789 910 821; x_wconf 81' lang='lat' dir='ltr'><strong>In</strong></span> <span class='ocrx_word' id='word_1_90' title='bbox 930 783 1092 832; x_wconf 79' lang='lat' dir='ltr'><strong>secundo]</strong></span> 
     </span>
     <span class='ocr_line' id='line_1_14' title="bbox 95 836 1093 883; baseline -0.001 -12"><span class='ocrx_word' id='word_1_91' title='bbox 95 837 157 871; x_wconf 93' lang='lat' dir='ltr'><strong>ubi</strong></span> <span class='ocrx_word' id='word_1_92' title='bbox 175 836 357 871; x_wconf 80' lang='lat' dir='ltr'><strong>Thersites</strong></span> <span class='ocrx_word' id='word_1_93' title='bbox 373 839 520 882; x_wconf 79' lang='lat' dir='ltr'><strong>vapulat</strong></span> <span class='ocrx_word' id='word_1_94' title='bbox 536 845 633 871; x_wconf 87' lang='lat' dir='ltr'><strong>mota</strong></span> <span class='ocrx_word' id='word_1_95' title='bbox 651 838 837 872; x_wconf 90' lang='lat' dir='ltr'><strong>seditione.</strong></span> <span class='ocrx_word' id='word_1_96' title='bbox 872 841 907 873; x_wconf 76' lang='lat'><strong>2.</strong></span> <span class='ocrx_word' id='word_1_97' title='bbox 923 837 1093 883; x_wconf 73' lang='lat' dir='ltr'><strong>[liad.“²⁷).</strong></span> 
     </span>
     <span class='ocr_line' id='line_1_15' title="bbox 94 889 1093 934; baseline -0.001 -12"><span class='ocrx_word' id='word_1_98' title='bbox 94 889 193 922; x_wconf 85' lang='lat' dir='ltr'><strong>Sicut</strong></span> <span class='ocrx_word' id='word_1_99' title='bbox 224 889 362 933; x_wconf 81' lang='lat' dir='ltr'><strong>pictura</strong></span> <span class='ocrx_word' id='word_1_100' title='bbox 392 902 465 922; x_wconf 90' lang='lat' dir='ltr'><strong>non</strong></span> <span class='ocrx_word' id='word_1_101' title='bbox 497 896 614 934; x_wconf 88' lang='lat' dir='ltr'><strong>potest</strong></span> <span class='ocrx_word' id='word_1_102' title='bbox 637 889 801 932; x_wconf 88' lang='lat' dir='ltr'><strong>cognosci</strong></span> <span class='ocrx_word' id='word_1_103' title='bbox 824 896 988 933; x_wconf 87' lang='lat' dir='ltr'><strong>exempto</strong></span> <span class='ocrx_word' id='word_1_104' title='bbox 1019 900 1093 922; x_wconf 89' lang='lat' dir='ltr'><strong>uno</strong></span> 
     </span>
     <span class='ocr_line' id='line_1_16' title="bbox 94 940 1094 984; baseline -0.001 -11"><span class='ocrx_word' id='word_1_105' title='bbox 94 941 257 973; x_wconf 86' lang='lat' dir='ltr'><strong>membro</strong></span> <span class='ocrx_word' id='word_1_106' title='bbox 276 947 338 974; x_wconf 88' lang='lat' dir='ltr'><strong>aut</strong></span> <span class='ocrx_word' id='word_1_107' title='bbox 356 941 494 981; x_wconf 91' lang='lat' dir='ltr'><strong>colore,</strong></span> <span class='ocrx_word' id='word_1_108' title='bbox 520 941 581 974; x_wconf 90' lang='lat' dir='ltr'><strong>sed</strong></span> <span class='ocrx_word' id='word_1_109' title='bbox 603 946 746 984; x_wconf 86' lang='lat' dir='ltr'><strong>oportet</strong></span> <span class='ocrx_word' id='word_1_110' title='bbox 763 947 877 973; x_wconf 89' lang='lat' dir='ltr'><strong>totum</strong></span> <span class='ocrx_word' id='word_1_111' title='bbox 899 953 1027 984; x_wconf 89' lang='lat' dir='ltr'><strong>corpus</strong></span> <span class='ocrx_word' id='word_1_112' title='bbox 1043 940 1094 972; x_wconf 66' lang='lat' dir='ltr'><strong>vi-</strong></span> 
     </span>
     <span class='ocr_line' id='line_1_17' title="bbox 95 991 1094 1037; baseline 0 -13"><span class='ocrx_word' id='word_1_113' title='bbox 95 992 198 1032; x_wconf 90' lang='lat' dir='ltr'><strong>dere,</strong></span> <span class='ocrx_word' id='word_1_114' title='bbox 240 992 424 1037; x_wconf 89' lang='lat' dir='ltr'><strong>quomodo</strong></span> <span class='ocrx_word' id='word_1_115' title='bbox 447 992 708 1031; x_wconf 56' lang='lat' dir='ltr'><strong>conveniatur,</strong></span> <span class='ocrx_word' id='word_1_116' title='bbox 748 992 797 1024; x_wconf 84' lang='lat' dir='ltr'><strong>ita</strong></span> <span class='ocrx_word' id='word_1_117' title='bbox 822 991 929 1024; x_wconf 90' lang='lat' dir='ltr'><strong>etiam</strong></span> <span class='ocrx_word' id='word_1_118' title='bbox 958 992 996 1024; x_wconf 91' lang='lat' dir='ltr'><strong>in</strong></span> <span class='ocrx_word' id='word_1_119' title='bbox 1018 1004 1094 1025; x_wconf 90' lang='lat' dir='ltr'><strong>car-</strong></span> 
     </span>
     <span class='ocr_line' id='line_1_18' title="bbox 94 1054 203 1075; baseline 0 0"><span class='ocrx_word' id='word_1_120' title='bbox 94 1054 203 1075; x_wconf 82' lang='lat' dir='ltr'><strong>mine.</strong></span> 
     </span>
    </p>
   </div>
   <div class='ocr_carea' id='block_1_4' title="bbox 198 1098 827 1149">
    <p class='ocr_par' dir='ltr' id='par_1_4' title="bbox 198 1098 827 1149">
     <span class='ocr_line' id='line_1_19' title="bbox 198 1098 827 1149; baseline 0.003 -15"><span class='ocrx_word' id='word_1_121' title='bbox 198 1098 228 1144; x_wconf 66' lang='grc' dir='ltr'><strong>ξ.</strong></span> <span class='ocrx_word' id='word_1_122' title='bbox 250 1099 311 1134; x_wconf 84' lang='grc'><strong>49.</strong></span> <span class='ocrx_word' id='word_1_123' title='bbox 342 1098 518 1147; x_wconf 71' lang='lat' dir='ltr'><strong>Curetum]</strong></span> <span class='ocrx_word' id='word_1_124' title='bbox 547 1099 587 1133; x_wconf 92' lang='lat' dir='ltr'><strong>In</strong></span> <span class='ocrx_word' id='word_1_125' title='bbox 605 1101 639 1135; x_wconf 88' lang='lat'><strong>9.</strong></span> <span class='ocrx_word' id='word_1_126' title='bbox 656 1100 827 1149; x_wconf 76' lang='lat' dir='ltr'><strong>Iliad.‘·&#39;‘⁸).</strong></span> 
     </span>
    </p>
   </div>
   <div class='ocr_carea' id='block_1_5' title="bbox 94 1158 1095 1308">
    <p class='ocr_par' dir='ltr' id='par_1_5' title="bbox 94 1158 1095 1308">
     <span class='ocr_line' id='line_1_20' title="bbox 198 1158 1093 1207; baseline 0.002 -14"><span class='ocrx_word' id='word_1_127' title='bbox 198 1158 229 1204; x_wconf 62' lang='grc' dir='ltr'><strong>ἓ.</strong></span> <span class='ocrx_word' id='word_1_128' title='bbox 247 1158 307 1193; x_wconf 88' lang='grc'><strong>50.</strong></span> <span class='ocrx_word' id='word_1_129' title='bbox 337 1158 492 1207; x_wconf 81' lang='lat' dir='ltr'><strong>Priami]</strong></span> <span class='ocrx_word' id='word_1_130' title='bbox 528 1160 565 1192; x_wconf 92' lang='lat' dir='ltr'><strong>in</strong></span> <span class='ocrx_word' id='word_1_131' title='bbox 590 1161 717 1194; x_wconf 91' lang='lat' dir='ltr'><strong>ultimo</strong></span> <span class='ocrx_word' id='word_1_132' title='bbox 735 1160 837 1195; x_wconf 89' lang='lat' dir='ltr'><strong>Iliad.</strong></span> <span class='ocrx_word' id='word_1_133' title='bbox 899 1161 949 1194; x_wconf 91' lang='lat' dir='ltr'><strong>Ut</strong></span> <span class='ocrx_word' id='word_1_134' title='bbox 974 1168 1093 1195; x_wconf 85' lang='lat' dir='ltr'><strong>autem</strong></span> 
     </span>
     <span class='ocr_line' id='line_1_21' title="bbox 95 1210 1095 1257; baseline 0.001 -12"><span class='ocrx_word' id='word_1_135' title='bbox 95 1210 245 1257; x_wconf 89' lang='lat' dir='ltr'><strong>quisque</strong></span> <span class='ocrx_word' id='word_1_136' title='bbox 269 1217 320 1244; x_wconf 89' lang='lat' dir='ltr'><strong>est</strong></span> <span class='ocrx_word' id='word_1_137' title='bbox 345 1211 500 1255; x_wconf 86' lang='lat' dir='ltr'><strong>optimus</strong></span> <span class='ocrx_word' id='word_1_138' title='bbox 524 1217 559 1244; x_wconf 89' lang='lat' dir='ltr'><strong>et</strong></span> <span class='ocrx_word' id='word_1_139' title='bbox 582 1212 928 1256; x_wconf 88' lang='lat' dir='ltr'><strong>praestantissimus,</strong></span> <span class='ocrx_word' id='word_1_140' title='bbox 971 1213 1019 1245; x_wconf 93' lang='lat' dir='ltr'><strong>ita</strong></span> <span class='ocrx_word' id='word_1_141' title='bbox 1043 1220 1095 1248; x_wconf 88' lang='lat' dir='ltr'><strong>est</strong></span> 
     </span>
     <span class='ocr_line' id='line_1_22' title="bbox 94 1262 1007 1308; baseline 0.002 -13"><span class='ocrx_word' id='word_1_142' title='bbox 94 1263 197 1296; x_wconf 78' lang='lat' dir='ltr'><strong>valde</strong></span> <span class='ocrx_word' id='word_1_143' title='bbox 216 1262 443 1306; x_wconf 89' lang='lat' dir='ltr'><strong>perspicuus,</strong></span> <span class='ocrx_word' id='word_1_144' title='bbox 472 1268 506 1295; x_wconf 91' lang='lat' dir='ltr'><strong>et</strong></span> <span class='ocrx_word' id='word_1_145' title='bbox 522 1263 688 1296; x_wconf 83' lang='lat' dir='ltr'><strong>facillime</strong></span> <span class='ocrx_word' id='word_1_146' title='bbox 710 1264 859 1308; x_wconf 83' lang='lat' dir='ltr'><strong>intelligi</strong></span> <span class='ocrx_word' id='word_1_147' title='bbox 877 1270 1007 1308; x_wconf 85' lang='lat' dir='ltr'><strong>potest.</strong></span> 
     </span>
    </p>
   </div>
   <div class='ocr_carea' id='block_1_6' title="bbox 94 1319 1095 1508">
    <p class='ocr_par' dir='ltr' id='par_1_6' title="bbox 94 1319 1095 1508">
     <span class='ocr_line' id='line_1_23' title="bbox 199 1319 1093 1369; baseline 0.001 -14"><span class='ocrx_word' id='word_1_148' title='bbox 199 1319 230 1366; x_wconf 69' lang='lat'><strong>§-</strong></span> <span class='ocrx_word' id='word_1_149' title='bbox 248 1319 309 1356; x_wconf 85' lang='lat'><strong>51.</strong></span> <span class='ocrx_word' id='word_1_150' title='bbox 354 1320 494 1369; x_wconf 84' lang='lat' dir='ltr'><strong>Epicos]</strong></span> <span class='ocrx_word' id='word_1_151' title='bbox 531 1321 565 1354; x_wconf 90' lang='lat' dir='ltr'><strong>id</strong></span> <span class='ocrx_word' id='word_1_152' title='bbox 591 1329 662 1362; x_wconf 89' lang='lat' dir='ltr'><strong>est,</strong></span> <span class='ocrx_word' id='word_1_153' title='bbox 707 1321 891 1364; x_wconf 87' lang='lat' dir='ltr'><strong>heroicos,</strong></span> <span class='ocrx_word' id='word_1_154' title='bbox 938 1336 1093 1369; x_wconf 90' lang='lat' dir='ltr'><strong>quorum</strong></span> 
     </span>
     <span class='ocr_line' id='line_1_24' title="bbox 96 1373 1095 1419; baseline 0.001 -13"><span class='ocrx_word' id='word_1_155' title='bbox 96 1385 239 1406; x_wconf 91' lang='lat' dir='ltr'><strong>carmen</strong></span> <span class='ocrx_word' id='word_1_156' title='bbox 259 1379 311 1406; x_wconf 88' lang='lat' dir='ltr'><strong>est</strong></span> <span class='ocrx_word' id='word_1_157' title='bbox 327 1373 537 1406; x_wconf 86' lang='lat' dir='ltr'><strong>continuum</strong></span> <span class='ocrx_word' id='word_1_158' title='bbox 555 1380 589 1406; x_wconf 90' lang='lat' dir='ltr'><strong>et</strong></span> <span class='ocrx_word' id='word_1_159' title='bbox 603 1374 822 1408; x_wconf 87' lang='lat' dir='ltr'><strong>uniusmodi.</strong></span> <span class='ocrx_word' id='word_1_160' title='bbox 877 1374 962 1414; x_wconf 76' lang='grc' dir='ltr'><em>ἔπος</em></span> <span class='ocrx_word' id='word_1_161' title='bbox 986 1375 1095 1419; x_wconf 84' lang='lat' dir='ltr'><strong>signi-</strong></span> 
     </span>
     <span class='ocr_line' id='line_1_25' title="bbox 94 1423 1094 1465; baseline 0.003 -9"><span class='ocrx_word' id='word_1_162' title='bbox 94 1425 176 1457; x_wconf 87' lang='lat' dir='ltr'><strong>ficat</strong></span> <span class='ocrx_word' id='word_1_163' title='bbox 203 1424 413 1457; x_wconf 90' lang='lat' dir='ltr'><strong>continuum</strong></span> <span class='ocrx_word' id='word_1_164' title='bbox 447 1436 612 1465; x_wconf 85' lang='lat' dir='ltr'><strong>carmen,</strong></span> <span class='ocrx_word' id='word_1_165' title='bbox 656 1432 690 1458; x_wconf 89' lang='lat' dir='ltr'><strong>et</strong></span> <span class='ocrx_word' id='word_1_166' title='bbox 721 1423 857 1460; x_wconf 89' lang='lat' dir='ltr'><strong>habens</strong></span> <span class='ocrx_word' id='word_1_167' title='bbox 886 1426 1094 1460; x_wconf 88' lang='lat' dir='ltr'><strong>continuam</strong></span> 
     </span>
     <span class='ocr_line' id='line_1_26' title="bbox 96 1475 299 1508; baseline -0.005 0"><span class='ocrx_word' id='word_1_168' title='bbox 96 1475 299 1508; x_wconf 87' lang='lat' dir='ltr'><strong>materiam.</strong></span> 
     </span>
    </p>
   </div>
   <div class='ocr_carea' id='block_1_7' title="bbox 94 1532 1098 2413">
    <p class='ocr_par' dir='ltr' id='par_1_7' title="bbox 94 1532 1098 2352">
     <span class='ocr_line' id='line_1_27' title="bbox 200 1532 1096 1582; baseline 0.001 -14"><span class='ocrx_word' id='word_1_169' title='bbox 200 1532 230 1578; x_wconf 61' lang='grc' dir='ltr'><strong>ἓ.</strong></span> <span class='ocrx_word' id='word_1_170' title='bbox 247 1532 309 1570; x_wconf 80' lang='lat'><strong>52.</strong></span> <span class='ocrx_word' id='word_1_171' title='bbox 336 1532 451 1581; x_wconf 82' lang='lat' dir='ltr'><strong>Raro]</strong></span> <span class='ocrx_word' id='word_1_172' title='bbox 479 1533 532 1567; x_wconf 92' lang='lat' dir='ltr'><strong>De</strong></span> <span class='ocrx_word' id='word_1_173' title='bbox 549 1534 719 1569; x_wconf 88' lang='lat' dir='ltr'><strong>Hesiodo.</strong></span> <span class='ocrx_word' id='word_1_174' title='bbox 754 1535 932 1570; x_wconf 89' lang='lat' dir='ltr'><strong>Hesiodus</strong></span> <span class='ocrx_word' id='word_1_175' title='bbox 948 1543 1000 1571; x_wconf 86' lang='lat' dir='ltr'><strong>est</strong></span> <span class='ocrx_word' id='word_1_176' title='bbox 1017 1536 1096 1582; x_wconf 90' lang='lat' dir='ltr'><strong>qui-</strong></span> 
     </span>
     <span class='ocr_line' id='line_1_28' title="bbox 94 1586 1096 1630; baseline 0.002 -11"><span class='ocrx_word' id='word_1_177' title='bbox 94 1586 178 1619; x_wconf 86' lang='lat' dir='ltr'><strong>dam</strong></span> <span class='ocrx_word' id='word_1_178' title='bbox 195 1586 385 1630; x_wconf 83' lang='lat' dir='ltr'><strong>decalogus</strong></span> <span class='ocrx_word' id='word_1_179' title='bbox 403 1586 498 1630; x_wconf 82' lang='lat' dir='ltr'><strong>apud</strong></span> <span class='ocrx_word' id='word_1_180' title='bbox 522 1592 653 1630; x_wconf 83' lang='lat' dir='ltr'><strong>gentes.</strong></span> <span class='ocrx_word' id='word_1_181' title='bbox 706 1586 845 1620; x_wconf 88' lang='lat' dir='ltr'><strong>Deinde</strong></span> <span class='ocrx_word' id='word_1_182' title='bbox 870 1588 970 1621; x_wconf 86' lang='lat' dir='ltr'><strong>addit</strong></span> <span class='ocrx_word' id='word_1_183' title='bbox 994 1589 1096 1621; x_wconf 89' lang='lat' dir='ltr'><strong>deca-</strong></span> 
     </span>
     <span class='ocr_line' id='line_1_29' title="bbox 94 1634 1095 1683; baseline 0.003 -13"><span class='ocrx_word' id='word_1_184' title='bbox 94 1637 238 1682; x_wconf 84' lang='lat' dir='ltr'><strong>logum,</strong></span> <span class='ocrx_word' id='word_1_185' title='bbox 266 1637 351 1683; x_wconf 84' lang='lat' dir='ltr'><strong>quia</strong></span> <span class='ocrx_word' id='word_1_186' title='bbox 370 1634 458 1670; x_wconf 80' lang='lat' dir='ltr'><strong>haec</strong></span> <span class='ocrx_word' id='word_1_187' title='bbox 484 1638 555 1670; x_wconf 91' lang='lat' dir='ltr'><strong>duo</strong></span> <span class='ocrx_word' id='word_1_188' title='bbox 579 1638 709 1671; x_wconf 90' lang='lat' dir='ltr'><strong>debent</strong></span> <span class='ocrx_word' id='word_1_189' title='bbox 731 1639 859 1672; x_wconf 88' lang='lat' dir='ltr'><strong>docere</strong></span> <span class='ocrx_word' id='word_1_190' title='bbox 883 1640 1095 1673; x_wconf 82' lang='lat' dir='ltr'><strong>sacerdotes.</strong></span> 
     </span>
     <span class='ocr_line' id='line_1_30' title="bbox 96 1688 1096 1733; baseline 0.001 -11"><span class='ocrx_word' id='word_1_191' title='bbox 96 1688 286 1722; x_wconf 86' lang='lat' dir='ltr'><strong>Caeterum</strong></span> <span class='ocrx_word' id='word_1_192' title='bbox 318 1700 393 1722; x_wconf 89' lang='lat' dir='ltr'><strong>non</strong></span> <span class='ocrx_word' id='word_1_193' title='bbox 424 1695 476 1722; x_wconf 90' lang='lat' dir='ltr'><strong>est</strong></span> <span class='ocrx_word' id='word_1_194' title='bbox 508 1701 597 1733; x_wconf 92' lang='lat' dir='ltr'><strong>opus</strong></span> <span class='ocrx_word' id='word_1_195' title='bbox 631 1690 830 1723; x_wconf 89' lang='lat' dir='ltr'><strong>oratorium</strong></span> <span class='ocrx_word' id='word_1_196' title='bbox 863 1690 1014 1731; x_wconf 91' lang='lat' dir='ltr'><strong>scilicet,</strong></span> <span class='ocrx_word' id='word_1_197' title='bbox 1059 1691 1096 1723; x_wconf 88' lang='lat' dir='ltr'><strong>in</strong></span> 
     </span>
     <span class='ocr_line' id='line_1_31' title="bbox 95 1738 925 1786; baseline 0.001 -13"><span class='ocrx_word' id='word_1_198' title='bbox 95 1740 276 1785; x_wconf 86' lang='lat' dir='ltr'><strong>principio</strong></span> <span class='ocrx_word' id='word_1_199' title='bbox 315 1741 358 1773; x_wconf 87' lang='lat' dir='ltr'><strong>de</strong></span> <span class='ocrx_word' id='word_1_200' title='bbox 384 1739 603 1773; x_wconf 88' lang='lat' dir='ltr'><strong>Prometheo</strong></span> <span class='ocrx_word' id='word_1_201' title='bbox 637 1747 671 1773; x_wconf 91' lang='lat' dir='ltr'><strong>et</strong></span> <span class='ocrx_word' id='word_1_202' title='bbox 699 1738 925 1786; x_wconf 88' lang='lat' dir='ltr'><strong>Epimetheo.</strong></span> 
     </span>
     <span class='ocr_line' id='line_1_32' title="bbox 96 1788 1094 1841; baseline 0.004 -17"><span class='ocrx_word' id='word_1_203' title='bbox 96 1798 180 1825; x_wconf 90' lang='lat' dir='ltr'><strong>sunt</strong></span> <span class='ocrx_word' id='word_1_204' title='bbox 196 1798 316 1835; x_wconf 87' lang='lat' dir='ltr'><strong>partes</strong></span> <span class='ocrx_word' id='word_1_205' title='bbox 338 1792 376 1824; x_wconf 93' lang='lat' dir='ltr'><strong>in</strong></span> <span class='ocrx_word' id='word_1_206' title='bbox 398 1788 558 1826; x_wconf 88' lang='lat' dir='ltr'><strong>homine.</strong></span> <span class='ocrx_word' id='word_1_207' title='bbox 611 1791 714 1825; x_wconf 87' lang='lat' dir='ltr'><strong>Mens</strong></span> <span class='ocrx_word' id='word_1_208' title='bbox 739 1805 801 1826; x_wconf 89' lang='lat' dir='ltr'><strong>seu</strong></span> <span class='ocrx_word' id='word_1_209' title='bbox 826 1792 940 1833; x_wconf 88' lang='lat' dir='ltr'><strong>ratio,</strong></span> <span class='ocrx_word' id='word_1_210' title='bbox 974 1790 1094 1841; x_wconf 76' lang='grc' dir='ltr'>λόγος.</span> 
     </span>
     <span class='ocr_line' id='line_1_33' title="bbox 95 1840 1096 1888; baseline 0.002 -12"><span class='ocrx_word' id='word_1_211' title='bbox 95 1842 235 1876; x_wconf 88' lang='lat' dir='ltr'><strong>Deinde</strong></span> <span class='ocrx_word' id='word_1_212' title='bbox 254 1840 370 1888; x_wconf 75' lang='grc' dir='ltr'><em>ὅρμη,</em></span> <span class='ocrx_word' id='word_1_213' title='bbox 400 1843 557 1877; x_wconf 82' lang='lat' dir='ltr'><strong>affectus.</strong></span> <span class='ocrx_word' id='word_1_214' title='bbox 616 1843 731 1877; x_wconf 87' lang='lat' dir='ltr'><strong>Multa</strong></span> <span class='ocrx_word' id='word_1_215' title='bbox 756 1843 930 1888; x_wconf 87' lang='lat' dir='ltr'><strong>praedicit</strong></span> <span class='ocrx_word' id='word_1_216' title='bbox 947 1844 1096 1878; x_wconf 90' lang='lat' dir='ltr'><strong>Prome-</strong></span> 
     </span>
     <span class='ocr_line' id='line_1_34' title="bbox 96 1891 1096 1941; baseline 0.002 -13"><span class='ocrx_word' id='word_1_217' title='bbox 96 1892 218 1933; x_wconf 78' lang='lat' dir='ltr'><strong>theus3</strong></span> <span class='ocrx_word' id='word_1_218' title='bbox 247 1895 305 1927; x_wconf 91' lang='lat' dir='ltr'><strong>sed</strong></span> <span class='ocrx_word' id='word_1_219' title='bbox 325 1891 557 1938; x_wconf 83' lang='lat' dir='ltr'><strong>Epimetheus</strong></span> <span class='ocrx_word' id='word_1_220' title='bbox 574 1907 649 1927; x_wconf 91' lang='lat' dir='ltr'><strong>non</strong></span> <span class='ocrx_word' id='word_1_221' title='bbox 676 1896 913 1939; x_wconf 81' lang='lat' dir='ltr'><strong>obtemperat.</strong></span> <span class='ocrx_word' id='word_1_222' title='bbox 967 1895 1096 1941; x_wconf 76' lang='grc' dir='ltr'>ἐπιμη-</span> 
     </span>
     <span class='ocr_line' id='line_1_35' title="bbox 97 1944 1096 1990; baseline 0 -10"><span class='ocrx_word' id='word_1_223' title='bbox 97 1944 210 1987; x_wconf 75' lang='grc' dir='ltr'><strong>θεύς,</strong></span> <span class='ocrx_word' id='word_1_224' title='bbox 240 1945 276 1978; x_wconf 91' lang='lat' dir='ltr'><strong>id</strong></span> <span class='ocrx_word' id='word_1_225' title='bbox 303 1952 373 1985; x_wconf 87' lang='lat' dir='ltr'><strong>est,</strong></span> <span class='ocrx_word' id='word_1_226' title='bbox 400 1952 481 1990; x_wconf 88' lang='lat' dir='ltr'><strong>post</strong></span> <span class='ocrx_word' id='word_1_227' title='bbox 504 1945 716 1980; x_wconf 85' lang='lat' dir='ltr'><strong>deliberans.</strong></span> <span class='ocrx_word' id='word_1_228' title='bbox 776 1946 946 1979; x_wconf 89' lang='lat' dir='ltr'><strong>Pandora</strong></span> <span class='ocrx_word' id='word_1_229' title='bbox 965 1953 1016 1980; x_wconf 91' lang='lat' dir='ltr'><strong>est</strong></span> <span class='ocrx_word' id='word_1_230' title='bbox 1034 1959 1096 1980; x_wconf 70' lang='lat' dir='ltr'><strong>vo-</strong></span> 
     </span>
     <span class='ocr_line' id='line_1_36' title="bbox 97 1996 1097 2042; baseline 0.002 -13"><span class='ocrx_word' id='word_1_231' title='bbox 97 1996 234 2041; x_wconf 87' lang='lat' dir='ltr'><strong>luptas,</strong></span> <span class='ocrx_word' id='word_1_232' title='bbox 261 2009 352 2042; x_wconf 89' lang='lat' dir='ltr'><strong>quae</strong></span> <span class='ocrx_word' id='word_1_233' title='bbox 371 1996 501 2041; x_wconf 88' lang='lat' dir='ltr'><strong>decipit</strong></span> <span class='ocrx_word' id='word_1_234' title='bbox 518 1997 675 2031; x_wconf 79' lang='lat' dir='ltr'><strong>affectus.</strong></span> <span class='ocrx_word' id='word_1_235' title='bbox 715 1997 839 2031; x_wconf 73' lang='lat' dir='ltr'><strong>Voluit</strong></span> <span class='ocrx_word' id='word_1_236' title='bbox 856 2004 974 2031; x_wconf 90' lang='lat' dir='ltr'><strong>autem</strong></span> <span class='ocrx_word' id='word_1_237' title='bbox 990 2004 1097 2042; x_wconf 87' lang='lat' dir='ltr'><strong>poeta</strong></span> 
     </span>
     <span class='ocr_line' id='line_1_37' title="bbox 101 2047 1097 2083; baseline 0.003 -3"><span class='ocrx_word' id='word_1_238' title='bbox 101 2047 299 2080; x_wconf 87' lang='lat' dir='ltr'><strong>describere</strong></span> <span class='ocrx_word' id='word_1_239' title='bbox 332 2048 611 2082; x_wconf 81' lang='lat' dir='ltr'><strong>imbecillitatem</strong></span> <span class='ocrx_word' id='word_1_240' title='bbox 644 2047 796 2082; x_wconf 83' lang='lat' dir='ltr'><strong>humani</strong></span> <span class='ocrx_word' id='word_1_241' title='bbox 826 2049 950 2083; x_wconf 88' lang='lat' dir='ltr'><strong>animi.</strong></span> <span class='ocrx_word' id='word_1_242' title='bbox 1021 2049 1097 2083; x_wconf 88' lang='lat' dir='ltr'><strong>Lex</strong></span> 
     </span>
     <span class='ocr_line' id='line_1_38' title="bbox 99 2099 1097 2146; baseline 0.002 -14"><span class='ocrx_word' id='word_1_243' title='bbox 99 2105 252 2132; x_wconf 87' lang='lat' dir='ltr'><strong>naturae</strong></span> <span class='ocrx_word' id='word_1_244' title='bbox 270 2105 322 2132; x_wconf 87' lang='lat' dir='ltr'><strong>est</strong></span> <span class='ocrx_word' id='word_1_245' title='bbox 337 2100 535 2144; x_wconf 82' lang='lat' dir='ltr'><strong>decalogus.</strong></span> <span class='ocrx_word' id='word_1_246' title='bbox 597 2099 678 2133; x_wconf 90' lang='lat' dir='ltr'><strong>Ideo</strong></span> <span class='ocrx_word' id='word_1_247' title='bbox 696 2100 792 2134; x_wconf 90' lang='lat' dir='ltr'><strong>Deus</strong></span> <span class='ocrx_word' id='word_1_248' title='bbox 817 2100 983 2134; x_wconf 74' lang='lat' dir='ltr'><strong>excitavit</strong></span> <span class='ocrx_word' id='word_1_249' title='bbox 1009 2114 1097 2146; x_wconf 90' lang='lat' dir='ltr'><strong>quo-</strong></span> 
     </span>
     <span class='ocr_line' id='line_1_39' title="bbox 100 2150 1098 2197; baseline 0.003 -15"><span class='ocrx_word' id='word_1_250' title='bbox 100 2150 255 2183; x_wconf 87' lang='lat' dir='ltr'><strong>rundam</strong></span> <span class='ocrx_word' id='word_1_251' title='bbox 281 2163 505 2184; x_wconf 87' lang='lat' dir='ltr'><strong>summorum</strong></span> <span class='ocrx_word' id='word_1_252' title='bbox 530 2151 693 2185; x_wconf 73' lang='lat' dir='ltr'><strong>virorum</strong></span> <span class='ocrx_word' id='word_1_253' title='bbox 716 2152 881 2196; x_wconf 84' lang='lat' dir='ltr'><strong>ingenia,</strong></span> <span class='ocrx_word' id='word_1_254' title='bbox 925 2152 987 2197; x_wconf 91' lang='lat' dir='ltr'><strong>qui</strong></span> <span class='ocrx_word' id='word_1_255' title='bbox 1017 2165 1098 2197; x_wconf 93' lang='lat' dir='ltr'><strong>per-</strong></span> 
     </span>
     <span class='ocr_line' id='line_1_40' title="bbox 102 2202 1098 2248; baseline 0.001 -13"><span class='ocrx_word' id='word_1_256' title='bbox 102 2207 294 2246; x_wconf 80' lang='lat' dir='ltr'><strong>spexerunt</strong></span> <span class='ocrx_word' id='word_1_257' title='bbox 313 2202 390 2235; x_wconf 89' lang='lat' dir='ltr'><strong>illas</strong></span> <span class='ocrx_word' id='word_1_258' title='bbox 410 2203 515 2246; x_wconf 85' lang='lat' dir='ltr'><strong>leges,</strong></span> <span class='ocrx_word' id='word_1_259' title='bbox 543 2209 577 2236; x_wconf 89' lang='lat' dir='ltr'><strong>et</strong></span> <span class='ocrx_word' id='word_1_260' title='bbox 593 2203 876 2248; x_wconf 87' lang='lat' dir='ltr'><strong>descripserunt,</strong></span> <span class='ocrx_word' id='word_1_261' title='bbox 904 2210 944 2236; x_wconf 90' lang='lat' dir='ltr'><strong>ut</strong></span> <span class='ocrx_word' id='word_1_262' title='bbox 963 2210 1098 2237; x_wconf 83' lang='lat' dir='ltr'><strong>extaret</strong></span> 
     </span>
     <span class='ocr_line' id='line_1_41' title="bbox 100 2253 1098 2302; baseline 0.002 -16"><span class='ocrx_word' id='word_1_263' title='bbox 100 2253 157 2286; x_wconf 82' lang='lat' dir='ltr'><strong>lex</strong></span> <span class='ocrx_word' id='word_1_264' title='bbox 175 2258 325 2285; x_wconf 85' lang='lat' dir='ltr'><strong>naturae</strong></span> <span class='ocrx_word' id='word_1_265' title='bbox 341 2253 378 2285; x_wconf 90' lang='lat' dir='ltr'><strong>in</strong></span> <span class='ocrx_word' id='word_1_266' title='bbox 394 2259 470 2286; x_wconf 88' lang='lat' dir='ltr'><strong>toto</strong></span> <span class='ocrx_word' id='word_1_267' title='bbox 490 2255 587 2288; x_wconf 90' lang='lat' dir='ltr'><strong>orbe.</strong></span> <span class='ocrx_word' id='word_1_268' title='bbox 667 2253 854 2302; x_wconf 78' lang='lat' dir='ltr'><strong>occupata]</strong></span> <span class='ocrx_word' id='word_1_269' title='bbox 890 2255 926 2288; x_wconf 90' lang='lat' dir='ltr'><strong>id</strong></span> <span class='ocrx_word' id='word_1_270' title='bbox 954 2261 1024 2295; x_wconf 89' lang='lat' dir='ltr'><strong>est,</strong></span> <span class='ocrx_word' id='word_1_271' title='bbox 1061 2255 1098 2288; x_wconf 88' lang='lat' dir='ltr'><strong>in</strong></span> 
     </span>
     <span class='ocr_line' id='line_1_42' title="bbox 101 2303 1046 2352; baseline 0.004 -15"><span class='ocrx_word' id='word_1_272' title='bbox 101 2303 292 2349; x_wconf 82' lang='lat' dir='ltr'><strong>principie.</strong></span> <span class='ocrx_word' id='word_1_273' title='bbox 361 2303 501 2352; x_wconf 83' lang='lat' dir='ltr'><strong>Palma]</strong></span> <span class='ocrx_word' id='word_1_274' title='bbox 530 2305 661 2340; x_wconf 85' lang='lat' dir='ltr'><strong>scilicet</strong></span> <span class='ocrx_word' id='word_1_275' title='bbox 677 2314 826 2351; x_wconf 90' lang='lat' dir='ltr'><strong>propter</strong></span> <span class='ocrx_word' id='word_1_276' title='bbox 841 2307 1046 2341; x_wconf 85' lang='lat' dir='ltr'><strong>sententias.</strong></span> 
     </span>
    </p>

    <p class='ocr_par' dir='ltr' id='par_1_8' title="bbox 206 2361 828 2413">
     <span class='ocr_line' id='line_1_43' title="bbox 206 2361 828 2413; baseline 0.006 -17"><span class='ocrx_word' id='word_1_277' title='bbox 206 2361 236 2408; x_wconf 63' lang='grc' dir='ltr'><strong>ἓ.</strong></span> <span class='ocrx_word' id='word_1_278' title='bbox 253 2363 314 2397; x_wconf 84' lang='grc'><strong>53.</strong></span> <span class='ocrx_word' id='word_1_279' title='bbox 342 2364 564 2413; x_wconf 73' lang='lat' dir='ltr'><strong>Antimacho]</strong></span> <span class='ocrx_word' id='word_1_280' title='bbox 595 2365 828 2413; x_wconf 77' lang='lat' dir='ltr'><strong>Catullus‘·’9):</strong></span> 
     </span>
    </p>
   </div>
   <div class='ocr_carea' id='block_1_8' title="bbox 227 2423 895 2463">
    <p class='ocr_par' dir='ltr' id='par_1_9' title="bbox 227 2423 895 2463">
     <span class='ocr_line' id='line_1_44' title="bbox 227 2423 895 2463; baseline 0.007 -13"><span class='ocrx_word' id='word_1_281' title='bbox 227 2423 265 2451; x_wconf 84' lang='lat' dir='ltr'><strong>At</strong></span> <span class='ocrx_word' id='word_1_282' title='bbox 287 2423 413 2461; x_wconf 88' lang='lat' dir='ltr'><strong>populus</strong></span> <span class='ocrx_word' id='word_1_283' title='bbox 435 2424 542 2453; x_wconf 82' lang='lat' dir='ltr'><strong>tumido</strong></span> <span class='ocrx_word' id='word_1_284' title='bbox 566 2426 692 2463; x_wconf 83' lang='lat' dir='ltr'><strong>gaudeat</strong></span> <span class='ocrx_word' id='word_1_285' title='bbox 714 2426 895 2455; x_wconf 79' lang='lat' dir='ltr'><strong>Antimacho.</strong></span> 
     </span>
    </p>
   </div>
   <div class='ocr_carea' id='block_1_9' title="bbox 99 2474 1100 2575">
    <p class='ocr_par' dir='ltr' id='par_1_10' title="bbox 99 2474 1100 2575">
     <span class='ocr_line' id='line_1_45' title="bbox 101 2474 1099 2523; baseline 0.001 -15"><span class='ocrx_word' id='word_1_286' title='bbox 101 2474 225 2509; x_wconf 83' lang='lat' dir='ltr'><strong>Critici</strong></span> <span class='ocrx_word' id='word_1_287' title='bbox 241 2481 416 2508; x_wconf 86' lang='lat' dir='ltr'><strong>vocantur</strong></span> <span class='ocrx_word' id='word_1_288' title='bbox 434 2475 566 2511; x_wconf 88' lang='lat' dir='ltr'><strong>iudices</strong></span> <span class='ocrx_word' id='word_1_289' title='bbox 585 2484 765 2513; x_wconf 88' lang='lat' dir='ltr'><strong>autorum.</strong></span> <span class='ocrx_word' id='word_1_290' title='bbox 806 2477 1021 2523; x_wconf 88' lang='lat' dir='ltr'><strong>Apollonius</strong></span> <span class='ocrx_word' id='word_1_291' title='bbox 1040 2477 1099 2510; x_wconf 91' lang='lat' dir='ltr'><strong>de-</strong></span> 
     </span>
     <span class='ocr_line' id='line_1_46' title="bbox 99 2526 1100 2575; baseline 0 -15"><span class='ocrx_word' id='word_1_292' title='bbox 99 2526 240 2571; x_wconf 88' lang='lat' dir='ltr'><strong>scripsit</strong></span> <span class='ocrx_word' id='word_1_293' title='bbox 250 2526 490 2571; x_wconf 82' lang='lat' dir='ltr'><strong>Argonautas,</strong></span> <span class='ocrx_word' id='word_1_294' title='bbox 509 2534 543 2561; x_wconf 91' lang='lat' dir='ltr'><strong>et</strong></span> <span class='ocrx_word' id='word_1_295' title='bbox 558 2535 670 2563; x_wconf 86' lang='lat' dir='ltr'><strong>exstat</strong></span> <span class='ocrx_word' id='word_1_296' title='bbox 687 2530 797 2575; x_wconf 89' lang='lat' dir='ltr'><strong>ipsius</strong></span> <span class='ocrx_word' id='word_1_297' title='bbox 816 2543 916 2575; x_wconf 90' lang='lat' dir='ltr'><strong>opus.</strong></span> <span class='ocrx_word' id='word_1_298' title='bbox 960 2527 1100 2562; x_wconf 87' lang='lat' dir='ltr'><strong>Descri-</strong></span> 
     </span>
    </p>
   </div>
   <div class='ocr_carea' id='block_1_10' title="bbox 992 1742 1095 1775">
    <p class='ocr_par' dir='ltr' id='par_1_11' title="bbox 992 1742 1095 1775">
     <span class='ocr_line' id='line_1_47' title="bbox 992 1742 1095 1775; baseline 0.01 -1"><span class='ocrx_word' id='word_1_299' title='bbox 992 1742 1095 1775; x_wconf 85' lang='lat' dir='ltr'><strong>Duae</strong></span> 
     </span>
    </p>
   </div>
   <div class='ocr_carea' id='block_1_11' title="bbox 135 2653 959 2771">
    <p class='ocr_par' dir='ltr' id='par_1_12' title="bbox 135 2653 959 2771">
     <span class='ocr_line' id='line_1_48' title="bbox 135 2653 569 2686; baseline 0 -8"><span class='ocrx_word' id='word_1_300' title='bbox 135 2653 182 2685; x_wconf 81' lang='lat'><strong>27)</strong></span> <span class='ocrx_word' id='word_1_301' title='bbox 202 2655 279 2680; x_wconf 78' lang='lat' dir='ltr'><strong>Hom.</strong></span> <span class='ocrx_word' id='word_1_302' title='bbox 301 2654 333 2679; x_wconf 89' lang='lat'><strong>11.</strong></span> <span class='ocrx_word' id='word_1_303' title='bbox 353 2655 388 2686; x_wconf 87' lang='lat'><strong>11,</strong></span> <span class='ocrx_word' id='word_1_304' title='bbox 407 2654 569 2679; x_wconf 77' lang='lat'><strong>211—277.</strong></span> 
     </span>
     <span class='ocr_line' id='line_1_49' title="bbox 137 2696 799 2725; baseline 0 -5"><span class='ocrx_word' id='word_1_305' title='bbox 137 2696 186 2724; x_wconf 86' lang='grc'><strong>28)</strong></span> <span class='ocrx_word' id='word_1_306' title='bbox 205 2697 283 2720; x_wconf 81' lang='lat' dir='ltr'><strong>Hom.</strong></span> <span class='ocrx_word' id='word_1_307' title='bbox 302 2697 333 2720; x_wconf 86' lang='grc' dir='ltr'><strong>ΙΙ.</strong></span> <span class='ocrx_word' id='word_1_308' title='bbox 353 2697 403 2725; x_wconf 85' lang='lat' dir='ltr'><strong>lx,</strong></span> <span class='ocrx_word' id='word_1_309' title='bbox 421 2697 482 2721; x_wconf 77' lang='lat'><strong>525.</strong></span> <span class='ocrx_word' id='word_1_310' title='bbox 501 2696 560 2720; x_wconf 79' lang='lat'><strong>528.</strong></span> <span class='ocrx_word' id='word_1_311' title='bbox 579 2697 638 2721; x_wconf 75' lang='lat'><strong>545.</strong></span> <span class='ocrx_word' id='word_1_312' title='bbox 657 2696 717 2721; x_wconf 78' lang='lat'><strong>547.</strong></span> <span class='ocrx_word' id='word_1_313' title='bbox 736 2696 799 2721; x_wconf 80' lang='lat'><strong>585.</strong></span> 
     </span>
     <span class='ocr_line' id='line_1_50' title="bbox 144 2738 959 2771; baseline 0.004 -9"><span class='ocrx_word' id='word_1_314' title='bbox 144 2738 193 2767; x_wconf 79' lang='lat'><strong>29)</strong></span> <span class='ocrx_word' id='word_1_315' title='bbox 213 2738 313 2765; x_wconf 81' lang='lat' dir='ltr'><strong>catull.</strong></span> <span class='ocrx_word' id='word_1_316' title='bbox 332 2740 418 2765; x_wconf 86' lang='lat' dir='ltr'><strong>XCV.</strong></span> <span class='ocrx_word' id='word_1_317' title='bbox 438 2740 479 2763; x_wconf 83' lang='lat' dir='ltr'><strong>De</strong></span> <span class='ocrx_word' id='word_1_318' title='bbox 497 2740 618 2770; x_wconf 80' lang='lat' dir='ltr'><strong>Smyrna</strong></span> <span class='ocrx_word' id='word_1_319' title='bbox 637 2739 741 2764; x_wconf 83' lang='lat' dir='ltr'><strong>Cinnae</strong></span> <span class='ocrx_word' id='word_1_320' title='bbox 760 2742 859 2771; x_wconf 83' lang='lat' dir='ltr'><strong>poetae</strong></span> <span class='ocrx_word' id='word_1_321' title='bbox 876 2747 905 2764; x_wconf 79' lang='lat' dir='ltr'><strong>v.</strong></span> <span class='ocrx_word' id='word_1_322' title='bbox 918 2741 959 2766; x_wconf 85' lang='lat'><strong>1⁰.</strong></span> 
     </span>
    </p>
   </div>
   <div class='ocr_carea' id='block_1_12' title="bbox 408 125 1991 173">
    <p class='ocr_par' dir='ltr' id='par_1_13' title="bbox 408 125 1991 173">
     <span class='ocr_line' id='line_1_51' title="bbox 408 125 1991 173; baseline -0.001 -10"><span class='ocrx_word' id='word_1_323' title='bbox 408 126 691 163; x_wconf 83' lang='lat' dir='ltr'><strong>ENARRATIO</strong></span> <span class='ocrx_word' id='word_1_324' title='bbox 718 125 847 161; x_wconf 81' lang='lat' dir='ltr'>LIBRI</span> <span class='ocrx_word' id='word_1_325' title='bbox 869 128 911 162; x_wconf 90' lang='lat' dir='ltr'><strong>X.</strong></span> <span class='ocrx_word' id='word_1_326' title='bbox 936 126 1332 163; x_wconf 85' lang='lat' dir='ltr'><strong>INSTITUTIONUM</strong></span> <span class='ocrx_word' id='word_1_327' title='bbox 1359 125 1657 162; x_wconf 84' lang='lat' dir='ltr'><strong>ORATORIAR.</strong></span> <span class='ocrx_word' id='word_1_328' title='bbox 1683 125 1991 173; x_wconf 66' lang='lat' dir='ltr'><strong>QUINTILIANI.</strong></span> 
     </span>
    </p>
   </div>
   <div class='ocr_carea' id='block_1_13' title="bbox 2064 126 2139 163">
    <p class='ocr_par' dir='ltr' id='par_1_14' title="bbox 2064 126 2139 163">
     <span class='ocr_line' id='line_1_52' title="bbox 2064 126 2139 163; baseline 0.04 -3"><span class='ocrx_word' id='word_1_329' title='bbox 2064 126 2139 163; x_wconf 76' lang='lat'><strong>662</strong></span> 
     </span>
    </p>
   </div>
   <div class='ocr_carea' id='block_1_14' title="bbox 1144 211 2152 2102">
    <p class='ocr_par' dir='ltr' id='par_1_15' title="bbox 1144 211 2141 311">
     <span class='ocr_line' id='line_1_53' title="bbox 1144 211 2141 260; baseline -0.002 -12"><span class='ocrx_word' id='word_1_330' title='bbox 1144 214 1198 248; x_wconf 88' lang='lat' dir='ltr'><strong>bit</strong></span> <span class='ocrx_word' id='word_1_331' title='bbox 1226 214 1414 260; x_wconf 83' lang='lat' dir='ltr'><strong>Mysorum</strong></span> <span class='ocrx_word' id='word_1_332' title='bbox 1446 211 1747 258; x_wconf 86' lang='lat' dir='ltr'><strong>hospitalitatem,</strong></span> <span class='ocrx_word' id='word_1_333' title='bbox 1791 226 1810 246; x_wconf 90' lang='lat' dir='ltr'><strong>a</strong></span> <span class='ocrx_word' id='word_1_334' title='bbox 1840 214 1968 260; x_wconf 91' lang='lat' dir='ltr'><strong>quibus</strong></span> <span class='ocrx_word' id='word_1_335' title='bbox 1997 219 2141 247; x_wconf 88' lang='lat' dir='ltr'><strong>nostros</strong></span> 
     </span>
     <span class='ocr_line' id='line_1_54' title="bbox 1146 265 1578 311; baseline 0.002 -13"><span class='ocrx_word' id='word_1_336' title='bbox 1146 266 1268 311; x_wconf 72' lang='lat' dir='ltr'><strong>Mysos</strong></span> <span class='ocrx_word' id='word_1_337' title='bbox 1288 272 1385 299; x_wconf 90' lang='lat' dir='ltr'><strong>ortos</strong></span> <span class='ocrx_word' id='word_1_338' title='bbox 1403 265 1578 299; x_wconf 86' lang='lat' dir='ltr'><strong>existimo.</strong></span> 
     </span>
    </p>

    <p class='ocr_par' dir='ltr' id='par_1_16' title="bbox 1146 312 2145 667">
     <span class='ocr_line' id='line_1_55' title="bbox 1251 312 2142 363; baseline -0.007 -11"><span class='ocrx_word' id='word_1_339' title='bbox 1251 315 1280 361; x_wconf 62' lang='grc' dir='ltr'><strong>ἓ.</strong></span> <span class='ocrx_word' id='word_1_340' title='bbox 1295 315 1356 352; x_wconf 85' lang='grc'><strong>54.</strong></span> <span class='ocrx_word' id='word_1_341' title='bbox 1384 319 1450 351; x_wconf 73' lang='lat' dir='ltr'><strong>Sui</strong></span> <span class='ocrx_word' id='word_1_342' title='bbox 1470 314 1650 363; x_wconf 76' lang='lat' dir='ltr'><strong>temporis]</strong></span> <span class='ocrx_word' id='word_1_343' title='bbox 1685 315 1817 349; x_wconf 89' lang='lat' dir='ltr'><strong>scilicet</strong></span> <span class='ocrx_word' id='word_1_344' title='bbox 1831 314 2032 348; x_wconf 89' lang='lat' dir='ltr'><strong>Ptolomaei</strong></span> <span class='ocrx_word' id='word_1_345' title='bbox 2055 312 2142 347; x_wconf 92' lang='lat' dir='ltr'><strong>Phi-</strong></span> 
     </span>
     <span class='ocr_line' id='line_1_56' title="bbox 1146 365 2143 413; baseline -0.003 -12"><span class='ocrx_word' id='word_1_346' title='bbox 1146 366 1316 413; x_wconf 87' lang='lat' dir='ltr'><strong>ladelphi.</strong></span> <span class='ocrx_word' id='word_1_347' title='bbox 1365 368 1467 401; x_wconf 83' lang='lat' dir='ltr'><strong>Arati</strong></span> <span class='ocrx_word' id='word_1_348' title='bbox 1482 380 1571 412; x_wconf 90' lang='lat' dir='ltr'><strong>opus</strong></span> <span class='ocrx_word' id='word_1_349' title='bbox 1589 374 1640 401; x_wconf 89' lang='lat' dir='ltr'><strong>est</strong></span> <span class='ocrx_word' id='word_1_350' title='bbox 1654 365 1878 411; x_wconf 83' lang='lat' dir='ltr'><strong>sphaericum</strong></span> <span class='ocrx_word' id='word_1_351' title='bbox 1890 392 1899 406; x_wconf 89' lang='lat'>‚</span> <span class='ocrx_word' id='word_1_352' title='bbox 1925 366 2007 411; x_wconf 86' lang='lat' dir='ltr'><strong>quia</strong></span> <span class='ocrx_word' id='word_1_353' title='bbox 2025 365 2143 399; x_wconf 89' lang='lat' dir='ltr'><strong>stellas</strong></span> 
     </span>
     <span class='ocr_line' id='line_1_57' title="bbox 1147 416 2143 464; baseline -0.004 -11"><span class='ocrx_word' id='word_1_354' title='bbox 1147 419 1345 464; x_wconf 85' lang='lat' dir='ltr'><strong>descripsit.</strong></span> <span class='ocrx_word' id='word_1_355' title='bbox 1401 418 1571 463; x_wconf 72' lang='lat' dir='ltr'><strong>Virgilius</strong></span> <span class='ocrx_word' id='word_1_356' title='bbox 1598 418 1728 452; x_wconf 89' lang='lat' dir='ltr'><strong>dicitur</strong></span> <span class='ocrx_word' id='word_1_357' title='bbox 1750 424 1899 451; x_wconf 90' lang='lat' dir='ltr'><strong>certasse</strong></span> <span class='ocrx_word' id='word_1_358' title='bbox 1924 430 2003 450; x_wconf 91' lang='lat' dir='ltr'><strong>cum</strong></span> <span class='ocrx_word' id='word_1_359' title='bbox 2030 416 2143 449; x_wconf 90' lang='lat' dir='ltr'><strong>tribus</strong></span> 
     </span>
     <span class='ocr_line' id='line_1_58' title="bbox 1147 467 2144 515; baseline -0.004 -11"><span class='ocrx_word' id='word_1_360' title='bbox 1147 471 1281 515; x_wconf 83' lang='lat' dir='ltr'><strong>poetis,</strong></span> <span class='ocrx_word' id='word_1_361' title='bbox 1309 470 1490 510; x_wconf 83' lang='lat' dir='ltr'><strong>Homero,</strong></span> <span class='ocrx_word' id='word_1_362' title='bbox 1524 470 1680 503; x_wconf 88' lang='lat' dir='ltr'><strong>Hesiodo</strong></span> <span class='ocrx_word' id='word_1_363' title='bbox 1709 476 1742 502; x_wconf 88' lang='lat' dir='ltr'><strong>et</strong></span> <span class='ocrx_word' id='word_1_364' title='bbox 1765 467 2034 513; x_wconf 67' lang='lat' dir='ltr'><strong>Theocritow);</strong></span> <span class='ocrx_word' id='word_1_365' title='bbox 2069 467 2144 500; x_wconf 91' lang='lat' dir='ltr'><strong>Ho-</strong></span> 
     </span>
     <span class='ocr_line' id='line_1_59' title="bbox 1147 518 2144 566; baseline -0.004 -11"><span class='ocrx_word' id='word_1_366' title='bbox 1147 534 1287 555; x_wconf 89' lang='lat' dir='ltr'><strong>merum</strong></span> <span class='ocrx_word' id='word_1_367' title='bbox 1306 533 1488 566; x_wconf 86' lang='lat' dir='ltr'><strong>aequasse,</strong></span> <span class='ocrx_word' id='word_1_368' title='bbox 1517 533 1736 566; x_wconf 88' lang='lat' dir='ltr'><strong>quamquam</strong></span> <span class='ocrx_word' id='word_1_369' title='bbox 1753 533 1817 565; x_wconf 86' lang='lat' dir='ltr'><strong>ego</strong></span> <span class='ocrx_word' id='word_1_370' title='bbox 1834 532 1908 552; x_wconf 88' lang='lat' dir='ltr'><strong>non</strong></span> <span class='ocrx_word' id='word_1_371' title='bbox 1927 520 2045 559; x_wconf 90' lang='lat' dir='ltr'><strong>credo,</strong></span> <span class='ocrx_word' id='word_1_372' title='bbox 2073 518 2144 551; x_wconf 90' lang='lat' dir='ltr'><strong>He-</strong></span> 
     </span>
     <span class='ocr_line' id='line_1_60' title="bbox 1147 569 2145 616; baseline -0.003 -10"><span class='ocrx_word' id='word_1_373' title='bbox 1147 573 1288 607; x_wconf 88' lang='lat' dir='ltr'><strong>siodum</strong></span> <span class='ocrx_word' id='word_1_374' title='bbox 1323 584 1525 616; x_wconf 84' lang='lat' dir='ltr'><strong>superasse,</strong></span> <span class='ocrx_word' id='word_1_375' title='bbox 1562 570 1755 605; x_wconf 86' lang='lat' dir='ltr'><strong>Theocrito</strong></span> <span class='ocrx_word' id='word_1_376' title='bbox 1783 571 1882 605; x_wconf 88' lang='lat' dir='ltr'><strong>nullo</strong></span> <span class='ocrx_word' id='word_1_377' title='bbox 1911 572 2020 604; x_wconf 89' lang='lat' dir='ltr'><strong>modo</strong></span> <span class='ocrx_word' id='word_1_378' title='bbox 2047 569 2145 604; x_wconf 90' lang='lat' dir='ltr'><strong>simi—</strong></span> 
     </span>
     <span class='ocr_line' id='line_1_61' title="bbox 1147 621 1902 667; baseline 0 -11"><span class='ocrx_word' id='word_1_379' title='bbox 1147 624 1230 658; x_wconf 89' lang='lat' dir='ltr'><strong>lem.</strong></span> <span class='ocrx_word' id='word_1_380' title='bbox 1282 621 1496 667; x_wconf 85' lang='lat' dir='ltr'><strong>Euphorion</strong></span> <span class='ocrx_word' id='word_1_381' title='bbox 1512 623 1578 656; x_wconf 85' lang='lat' dir='ltr'><strong>suit</strong></span> <span class='ocrx_word' id='word_1_382' title='bbox 1594 630 1699 666; x_wconf 91' lang='lat' dir='ltr'><strong>poeta</strong></span> <span class='ocrx_word' id='word_1_383' title='bbox 1717 623 1902 666; x_wconf 83' lang='lat' dir='ltr'><strong>elegiacus.</strong></span> 
     </span>
    </p>

    <p class='ocr_par' dir='ltr' id='par_1_17' title="bbox 1148 672 2145 872">
     <span class='ocr_line' id='line_1_62' title="bbox 1249 672 2143 720; baseline 0.001 -14"><span class='ocrx_word' id='word_1_384' title='bbox 1249 674 1381 707; x_wconf 88' lang='lat' dir='ltr'><strong>Fabius</strong></span> <span class='ocrx_word' id='word_1_385' title='bbox 1406 672 1630 720; x_wconf 64' lang='lat' dir='ltr'><strong>hactenusffl)</strong></span> <span class='ocrx_word' id='word_1_386' title='bbox 1660 674 1748 707; x_wconf 88' lang='lat' dir='ltr'><strong>dixit</strong></span> <span class='ocrx_word' id='word_1_387' title='bbox 1772 675 1814 707; x_wconf 90' lang='lat' dir='ltr'><strong>de</strong></span> <span class='ocrx_word' id='word_1_388' title='bbox 1838 672 1991 707; x_wconf 88' lang='lat' dir='ltr'><strong>heroicis</strong></span> <span class='ocrx_word' id='word_1_389' title='bbox 2015 673 2143 718; x_wconf 90' lang='lat' dir='ltr'><strong>poetis,</strong></span> 
     </span>
     <span class='ocr_line' id='line_1_63' title="bbox 1148 724 2145 770; baseline -0.001 -12"><span class='ocrx_word' id='word_1_390' title='bbox 1148 732 1183 758; x_wconf 89' lang='lat' dir='ltr'><strong>et</strong></span> <span class='ocrx_word' id='word_1_391' title='bbox 1212 731 1386 770; x_wconf 87' lang='lat' dir='ltr'><strong>quatenus</strong></span> <span class='ocrx_word' id='word_1_392' title='bbox 1414 724 1486 758; x_wconf 85' lang='lat' dir='ltr'><strong>sint</strong></span> <span class='ocrx_word' id='word_1_393' title='bbox 1505 725 1689 763; x_wconf 87' lang='lat' dir='ltr'><strong>imitandi;</strong></span> <span class='ocrx_word' id='word_1_394' title='bbox 1729 737 1824 758; x_wconf 90' lang='lat' dir='ltr'><strong>nunc</strong></span> <span class='ocrx_word' id='word_1_395' title='bbox 1853 737 2037 758; x_wconf 88' lang='lat' dir='ltr'><strong>censuram</strong></span> <span class='ocrx_word' id='word_1_396' title='bbox 2060 724 2145 757; x_wconf 86' lang='lat' dir='ltr'><strong>facit</strong></span> 
     </span>
     <span class='ocr_line' id='line_1_64' title="bbox 1148 776 2144 821; baseline 0 -12"><span class='ocrx_word' id='word_1_397' title='bbox 1148 777 1191 809; x_wconf 90' lang='lat' dir='ltr'><strong>de</strong></span> <span class='ocrx_word' id='word_1_398' title='bbox 1221 776 1383 820; x_wconf 85' lang='lat' dir='ltr'><strong>elegiacis</strong></span> <span class='ocrx_word' id='word_1_399' title='bbox 1406 776 1659 820; x_wconf 85' lang='lat' dir='ltr'><strong>scriptoribus,</strong></span> <span class='ocrx_word' id='word_1_400' title='bbox 1693 776 1754 821; x_wconf 89' lang='lat' dir='ltr'><strong>qui</strong></span> <span class='ocrx_word' id='word_1_401' title='bbox 1781 777 1974 820; x_wconf 86' lang='lat' dir='ltr'><strong>elegiacum</strong></span> <span class='ocrx_word' id='word_1_402' title='bbox 1998 787 2144 809; x_wconf 87' lang='lat' dir='ltr'><strong>carmen</strong></span> 
     </span>
     <span class='ocr_line' id='line_1_65' title="bbox 1149 833 1382 872; baseline 0 -11"><span class='ocrx_word' id='word_1_403' title='bbox 1149 833 1382 872; x_wconf 87' lang='lat' dir='ltr'><strong>componunt.</strong></span> 
     </span>
    </p>

    <p class='ocr_par' dir='ltr' id='par_1_18' title="bbox 1144 876 2148 1219">
     <span class='ocr_line' id='line_1_66' title="bbox 1253 876 2145 925; baseline -0.003 -13"><span class='ocrx_word' id='word_1_404' title='bbox 1253 877 1283 922; x_wconf 58' lang='grc' dir='ltr'><strong>ἓ.</strong></span> <span class='ocrx_word' id='word_1_405' title='bbox 1300 876 1361 912; x_wconf 85' lang='grc'><strong>59.</strong></span> <span class='ocrx_word' id='word_1_406' title='bbox 1388 879 1598 912; x_wconf 70' lang='lat' dir='ltr'><strong>Facilitatem</strong></span> <span class='ocrx_word' id='word_1_407' title='bbox 1609 876 1684 925; x_wconf 72' lang='lat'><strong>3¹·&#39;)]</strong></span> <span class='ocrx_word' id='word_1_408' title='bbox 1714 878 1747 911; x_wconf 91' lang='lat' dir='ltr'><strong>id</strong></span> <span class='ocrx_word' id='word_1_409' title='bbox 1767 884 1836 917; x_wconf 89' lang='lat' dir='ltr'><strong>est,</strong></span> <span class='ocrx_word' id='word_1_410' title='bbox 1871 876 1962 919; x_wconf 74' lang='grc' dir='ltr'><em>ἕξιν,</em></span> <span class='ocrx_word' id='word_1_411' title='bbox 1996 883 2037 910; x_wconf 89' lang='lat' dir='ltr'><strong>ut</strong></span> <span class='ocrx_word' id='word_1_412' title='bbox 2064 888 2145 910; x_wconf 89' lang='lat' dir='ltr'><strong>ora-</strong></span> 
     </span>
     <span class='ocr_line' id='line_1_67' title="bbox 1148 928 2147 973; baseline -0.002 -11"><span class='ocrx_word' id='word_1_413' title='bbox 1148 929 1198 962; x_wconf 90' lang='lat' dir='ltr'><strong>tio</strong></span> <span class='ocrx_word' id='word_1_414' title='bbox 1216 929 1261 963; x_wconf 87' lang='lat' dir='ltr'><strong>sit</strong></span> <span class='ocrx_word' id='word_1_415' title='bbox 1276 930 1513 963; x_wconf 84' lang='lat' dir='ltr'><strong>conformata.</strong></span> <span class='ocrx_word' id='word_1_416' title='bbox 1566 929 1650 963; x_wconf 69' lang='lat' dir='ltr'><strong>Non</strong></span> <span class='ocrx_word' id='word_1_417' title='bbox 1666 930 1778 963; x_wconf 89' lang='lat' dir='ltr'><strong>multa</strong></span> <span class='ocrx_word' id='word_1_418' title='bbox 1794 930 1942 973; x_wconf 83' lang='lat' dir='ltr'><strong>legenda</strong></span> <span class='ocrx_word' id='word_1_419' title='bbox 1960 934 2059 968; x_wconf 89' lang='lat' dir='ltr'><strong>sunt,</strong></span> <span class='ocrx_word' id='word_1_420' title='bbox 2084 928 2147 962; x_wconf 91' lang='lat' dir='ltr'><strong>sed</strong></span> 
     </span>
     <span class='ocr_line' id='line_1_68' title="bbox 1149 979 2147 1024; baseline 0 -11"><span class='ocrx_word' id='word_1_421' title='bbox 1149 981 1314 1015; x_wconf 84' lang='lat' dir='ltr'><strong>multum.</strong></span> <span class='ocrx_word' id='word_1_422' title='bbox 1367 980 1439 1013; x_wconf 92' lang='lat' dir='ltr'><strong>Alii</strong></span> <span class='ocrx_word' id='word_1_423' title='bbox 1455 980 1503 1013; x_wconf 93' lang='lat' dir='ltr'><strong>sic</strong></span> <span class='ocrx_word' id='word_1_424' title='bbox 1519 981 1640 1024; x_wconf 82' lang='lat' dir='ltr'><strong>legunt</strong></span> <span class='ocrx_word' id='word_1_425' title='bbox 1656 979 1750 1014; x_wconf 92' lang='lat' dir='ltr'><strong>hunc</strong></span> <span class='ocrx_word' id='word_1_426' title='bbox 1766 981 1901 1014; x_wconf 85' lang='lat' dir='ltr'><strong>locum:</strong></span> <span class='ocrx_word' id='word_1_427' title='bbox 1937 981 2053 1015; x_wconf 76' lang='lat' dir='ltr'><strong>Multa</strong></span> <span class='ocrx_word' id='word_1_428' title='bbox 2072 992 2147 1013; x_wconf 87' lang='lat' dir='ltr'><strong>ma-</strong></span> 
     </span>
     <span class='ocr_line' id='line_1_69' title="bbox 1144 1031 2146 1078; baseline 0 -13"><span class='ocrx_word' id='word_1_429' title='bbox 1144 1034 1219 1075; x_wconf 76' lang='lat' dir='ltr'><strong>yis,</strong></span> <span class='ocrx_word' id='word_1_430' title='bbox 1248 1045 1348 1078; x_wconf 80' lang='lat' dir='ltr'><strong>qnam</strong></span> <span class='ocrx_word' id='word_1_431' title='bbox 1367 1033 1547 1066; x_wconf 75' lang='lat' dir='ltr'><strong>multorum</strong></span> <span class='ocrx_word' id='word_1_432' title='bbox 1558 1032 1741 1075; x_wconf 79' lang='lat' dir='ltr'><strong>formanda</strong></span> <span class='ocrx_word' id='word_1_433' title='bbox 1757 1034 1896 1066; x_wconf 66' lang='lat' dir='ltr'><strong>lectione</strong></span> <span class='ocrx_word' id='word_1_434' title='bbox 1904 1031 1950 1078; x_wconf 79' lang='lat'><strong>33)</strong></span> <span class='ocrx_word' id='word_1_435' title='bbox 1973 1037 2004 1065; x_wconf 82' lang='lat' dir='ltr'><strong>et</strong></span> <span class='ocrx_word' id='word_1_436' title='bbox 2020 1033 2146 1066; x_wconf 72' lang='lat' dir='ltr'><strong>ducen-</strong></span> 
     </span>
     <span class='ocr_line' id='line_1_70' title="bbox 1147 1081 2148 1128; baseline -0.001 -12"><span class='ocrx_word' id='word_1_437' title='bbox 1147 1085 1210 1116; x_wconf 79' lang='lat' dir='ltr'><strong>dus</strong></span> <span class='ocrx_word' id='word_1_438' title='bbox 1225 1085 1326 1117; x_wconf 83' lang='lat' dir='ltr'><strong>color.</strong></span> <span class='ocrx_word' id='word_1_439' title='bbox 1379 1083 1518 1116; x_wconf 87' lang='lat' dir='ltr'><strong>Ducere</strong></span> <span class='ocrx_word' id='word_1_440' title='bbox 1538 1084 1694 1116; x_wconf 89' lang='lat' dir='ltr'><strong>colorem</strong></span> <span class='ocrx_word' id='word_1_441' title='bbox 1711 1084 1884 1128; x_wconf 86' lang='lat' dir='ltr'><strong>significat</strong></span> <span class='ocrx_word' id='word_1_442' title='bbox 1899 1082 2046 1116; x_wconf 89' lang='lat' dir='ltr'><strong>imitari.</strong></span> <span class='ocrx_word' id='word_1_443' title='bbox 2099 1081 2148 1115; x_wconf 87' lang='lat' dir='ltr'><strong>Et</strong></span> 
     </span>
     <span class='ocr_line' id='line_1_71' title="bbox 1149 1134 2148 1180; baseline 0.001 -14"><span class='ocrx_word' id='word_1_444' title='bbox 1149 1134 1301 1167; x_wconf 91' lang='lat' dir='ltr'><strong>multum</strong></span> <span class='ocrx_word' id='word_1_445' title='bbox 1331 1135 1462 1178; x_wconf 82' lang='lat' dir='ltr'><strong>inagis,</strong></span> <span class='ocrx_word' id='word_1_446' title='bbox 1505 1147 1613 1180; x_wconf 90' lang='lat' dir='ltr'><strong>quam</strong></span> <span class='ocrx_word' id='word_1_447' title='bbox 1645 1135 1842 1169; x_wconf 84' lang='lat' dir='ltr'><strong>multorum</strong></span> <span class='ocrx_word' id='word_1_448' title='bbox 1875 1135 2085 1167; x_wconf 87' lang='lat' dir='ltr'><strong>formandus</strong></span> <span class='ocrx_word' id='word_1_449' title='bbox 2113 1139 2148 1167; x_wconf 82' lang='lat' dir='ltr'><strong>et</strong></span> 
     </span>
     <span class='ocr_line' id='line_1_72' title="bbox 1149 1186 1462 1219; baseline 0 -1"><span class='ocrx_word' id='word_1_450' title='bbox 1149 1186 1331 1219; x_wconf 87' lang='lat' dir='ltr'><strong>ducendus</strong></span> <span class='ocrx_word' id='word_1_451' title='bbox 1352 1186 1462 1219; x_wconf 90' lang='lat' dir='ltr'><strong>color.</strong></span> 
     </span>
    </p>

    <p class='ocr_par' dir='ltr' id='par_1_19' title="bbox 1149 1234 2149 1373">
     <span class='ocr_line' id='line_1_73' title="bbox 1253 1234 2149 1283; baseline -0.001 -13"><span class='ocrx_word' id='word_1_452' title='bbox 1253 1235 1281 1280; x_wconf 60' lang='grc' dir='ltr'><strong>ἓ.</strong></span> <span class='ocrx_word' id='word_1_453' title='bbox 1302 1237 1362 1271; x_wconf 88' lang='grc'><strong>60.</strong></span> <span class='ocrx_word' id='word_1_454' title='bbox 1396 1234 1594 1283; x_wconf 78' lang='lat' dir='ltr'><strong>Vibranies]</strong></span> <span class='ocrx_word' id='word_1_455' title='bbox 1622 1236 1657 1269; x_wconf 93' lang='lat' dir='ltr'><strong>id</strong></span> <span class='ocrx_word' id='word_1_456' title='bbox 1675 1243 1738 1277; x_wconf 81' lang='lat' dir='ltr'><strong>est,</strong></span> <span class='ocrx_word' id='word_1_457' title='bbox 1765 1243 1881 1281; x_wconf 83' lang='lat' dir='ltr'><strong>aptae,</strong></span> <span class='ocrx_word' id='word_1_458' title='bbox 1909 1243 2044 1275; x_wconf 86' lang='lat' dir='ltr'><strong>acutae,</strong></span> <span class='ocrx_word' id='word_1_459' title='bbox 2069 1247 2149 1269; x_wconf 90' lang='lat' dir='ltr'><strong>sen-</strong></span> 
     </span>
     <span class='ocr_line' id='line_1_74' title="bbox 1149 1285 2149 1332; baseline 0.001 -13"><span class='ocrx_word' id='word_1_460' title='bbox 1149 1287 1335 1321; x_wconf 82' lang='lat' dir='ltr'><strong>tentiosae.</strong></span> <span class='ocrx_word' id='word_1_461' title='bbox 1401 1285 1637 1320; x_wconf 81' lang='lat' dir='ltr'><strong>Archilochus</strong></span> <span class='ocrx_word' id='word_1_462' title='bbox 1668 1289 1809 1332; x_wconf 90' lang='lat' dir='ltr'><strong>scripsit</strong></span> <span class='ocrx_word' id='word_1_463' title='bbox 1841 1288 2055 1320; x_wconf 72' lang='lat' dir='ltr'><strong>invectivam</strong></span> <span class='ocrx_word' id='word_1_464' title='bbox 2087 1287 2149 1320; x_wconf 90' lang='lat' dir='ltr'><strong>ad-</strong></span> 
     </span>
     <span class='ocr_line' id='line_1_75' title="bbox 1149 1337 2084 1373; baseline 0.002 -4"><span class='ocrx_word' id='word_1_465' title='bbox 1149 1350 1271 1372; x_wconf 82' lang='lat' dir='ltr'><strong>versus</strong></span> <span class='ocrx_word' id='word_1_466' title='bbox 1291 1351 1466 1372; x_wconf 84' lang='lat' dir='ltr'><strong>socerum.</strong></span> <span class='ocrx_word' id='word_1_467' title='bbox 1519 1337 1559 1371; x_wconf 90' lang='lat' dir='ltr'><strong>In</strong></span> <span class='ocrx_word' id='word_1_468' title='bbox 1574 1339 1725 1373; x_wconf 90' lang='lat' dir='ltr'><strong>Horatio</strong></span> <span class='ocrx_word' id='word_1_469' title='bbox 1746 1337 1836 1372; x_wconf 86' lang='lat' dir='ltr'><strong>nibil</strong></span> <span class='ocrx_word' id='word_1_470' title='bbox 1855 1346 1906 1373; x_wconf 88' lang='lat' dir='ltr'><strong>est</strong></span> <span class='ocrx_word' id='word_1_471' title='bbox 1922 1345 2084 1372; x_wconf 88' lang='lat' dir='ltr'><strong>naturae.</strong></span> 
     </span>
    </p>

    <p class='ocr_par' dir='ltr' id='par_1_20' title="bbox 1148 1388 2148 1476">
     <span class='ocr_line' id='line_1_76' title="bbox 1253 1388 2148 1437; baseline 0 -14"><span class='ocrx_word' id='word_1_472' title='bbox 1253 1388 1283 1433; x_wconf 60' lang='grc' dir='ltr'><strong>ἓ.</strong></span> <span class='ocrx_word' id='word_1_473' title='bbox 1313 1389 1372 1423; x_wconf 88' lang='grc'><strong>61.</strong></span> <span class='ocrx_word' id='word_1_474' title='bbox 1416 1388 1609 1437; x_wconf 80' lang='lat' dir='ltr'><strong>Pindarus]</strong></span> <span class='ocrx_word' id='word_1_475' title='bbox 1644 1390 1697 1424; x_wconf 92' lang='lat' dir='ltr'><strong>De</strong></span> <span class='ocrx_word' id='word_1_476' title='bbox 1721 1391 1882 1424; x_wconf 90' lang='lat' dir='ltr'><strong>Pindaro</strong></span> <span class='ocrx_word' id='word_1_477' title='bbox 1914 1391 1996 1423; x_wconf 68' lang='lat' dir='ltr'><strong>vide</strong></span> <span class='ocrx_word' id='word_1_478' title='bbox 2020 1389 2148 1423; x_wconf 88' lang='lat' dir='ltr'><strong>Horat.</strong></span> 
     </span>
     <span class='ocr_line' id='line_1_77' title="bbox 1148 1440 1443 1476; baseline 0.007 -4"><span class='ocrx_word' id='word_1_479' title='bbox 1148 1440 1209 1474; x_wconf 90' lang='lat' dir='ltr'><strong>lib.</strong></span> <span class='ocrx_word' id='word_1_480' title='bbox 1228 1440 1263 1475; x_wconf 82' lang='grc'><strong>4.</strong></span> <span class='ocrx_word' id='word_1_481' title='bbox 1287 1441 1390 1475; x_wconf 88' lang='lat' dir='ltr'><strong>Odeu</strong></span> <span class='ocrx_word' id='word_1_482' title='bbox 1407 1444 1443 1476; x_wconf 74' lang='lat'><strong>2.</strong></span> 
     </span>
    </p>

    <p class='ocr_par' dir='ltr' id='par_1_21' title="bbox 1148 1489 2152 1946">
     <span class='ocr_line' id='line_1_78' title="bbox 1255 1489 2148 1539; baseline -0.003 -13"><span class='ocrx_word' id='word_1_483' title='bbox 1255 1490 1285 1536; x_wconf 64' lang='grc' dir='ltr'><strong>ἓ.</strong></span> <span class='ocrx_word' id='word_1_484' title='bbox 1305 1491 1365 1526; x_wconf 88' lang='grc'><strong>65.</strong></span> <span class='ocrx_word' id='word_1_485' title='bbox 1397 1489 1571 1539; x_wconf 70' lang='lat' dir='ltr'><strong>Antiqua]</strong></span> <span class='ocrx_word' id='word_1_486' title='bbox 1598 1491 1757 1538; x_wconf 84' lang='lat' dir='ltr'><strong>Antiqua</strong></span> <span class='ocrx_word' id='word_1_487' title='bbox 1780 1493 1965 1525; x_wconf 89' lang='lat' dir='ltr'><strong>comoedia</strong></span> <span class='ocrx_word' id='word_1_488' title='bbox 1988 1493 2074 1532; x_wconf 86' lang='lat' dir='ltr'><strong>fuit,</strong></span> <span class='ocrx_word' id='word_1_489' title='bbox 2109 1491 2148 1524; x_wconf 88' lang='lat' dir='ltr'><strong>in</strong></span> 
     </span>
     <span class='ocr_line' id='line_1_79' title="bbox 1150 1543 2150 1588; baseline -0.001 -12"><span class='ocrx_word' id='word_1_490' title='bbox 1150 1555 1221 1588; x_wconf 88' lang='lat' dir='ltr'><strong>qua</strong></span> <span class='ocrx_word' id='word_1_491' title='bbox 1236 1544 1453 1577; x_wconf 88' lang='lat' dir='ltr'><strong>nominatim</strong></span> <span class='ocrx_word' id='word_1_492' title='bbox 1472 1544 1687 1576; x_wconf 86' lang='lat' dir='ltr'><strong>taxabantur</strong></span> <span class='ocrx_word' id='word_1_493' title='bbox 1711 1543 1814 1577; x_wconf 79' lang='lat' dir='ltr'><strong>cives.</strong></span> <span class='ocrx_word' id='word_1_494' title='bbox 1875 1544 1943 1577; x_wconf 90' lang='lat' dir='ltr'><strong>Sed</strong></span> <span class='ocrx_word' id='word_1_495' title='bbox 1969 1557 2049 1577; x_wconf 89' lang='lat' dir='ltr'><strong>cum</strong></span> <span class='ocrx_word' id='word_1_496' title='bbox 2072 1555 2150 1576; x_wconf 87' lang='lat' dir='ltr'><strong>mo·-</strong></span> 
     </span>
     <span class='ocr_line' id='line_1_80' title="bbox 1150 1595 2150 1640; baseline 0.001 -13"><span class='ocrx_word' id='word_1_497' title='bbox 1150 1595 1236 1628; x_wconf 88' lang='lat' dir='ltr'><strong>dum</strong></span> <span class='ocrx_word' id='word_1_498' title='bbox 1263 1596 1473 1628; x_wconf 88' lang='lat' dir='ltr'><strong>excederent</strong></span> <span class='ocrx_word' id='word_1_499' title='bbox 1495 1595 1686 1640; x_wconf 85' lang='lat' dir='ltr'><strong>scriptores</strong></span> <span class='ocrx_word' id='word_1_500' title='bbox 1705 1595 1847 1628; x_wconf 91' lang='lat' dir='ltr'><strong>illarum</strong></span> <span class='ocrx_word' id='word_1_501' title='bbox 1866 1595 2150 1635; x_wconf 88' lang='lat' dir='ltr'><strong>comoediarum,</strong></span> 
     </span>
     <span class='ocr_line' id='line_1_81' title="bbox 1150 1644 2151 1691; baseline 0 -13"><span class='ocrx_word' id='word_1_502' title='bbox 1150 1646 1361 1680; x_wconf 85' lang='lat' dir='ltr'><strong>interdictus</strong></span> <span class='ocrx_word' id='word_1_503' title='bbox 1393 1653 1444 1680; x_wconf 92' lang='lat' dir='ltr'><strong>est</strong></span> <span class='ocrx_word' id='word_1_504' title='bbox 1476 1644 1534 1679; x_wconf 82' lang='lat' dir='ltr'><strong>hic</strong></span> <span class='ocrx_word' id='word_1_505' title='bbox 1557 1648 1642 1690; x_wconf 63' lang='lat' dir='ltr'><strong>[mos</strong></span> <span class='ocrx_word' id='word_1_506' title='bbox 1666 1646 1855 1680; x_wconf 90' lang='lat' dir='ltr'><strong>scribendi.</strong></span> <span class='ocrx_word' id='word_1_507' title='bbox 1908 1644 2045 1691; x_wconf 81' lang='grc' dir='ltr'><strong><em>ταμίας</em></strong></span> <span class='ocrx_word' id='word_1_508' title='bbox 2074 1658 2151 1679; x_wconf 88' lang='lat' dir='ltr'><strong>non</strong></span> 
     </span>
     <span class='ocr_line' id='line_1_82' title="bbox 1150 1695 2150 1745; baseline -0.001 -14"><span class='ocrx_word' id='word_1_509' title='bbox 1150 1709 1222 1731; x_wconf 89' lang='lat' dir='ltr'><strong>esse</strong></span> <span class='ocrx_word' id='word_1_510' title='bbox 1240 1696 1400 1743; x_wconf 83' lang='grc' dir='ltr'><strong><em>ταμίας,</em></strong></span> <span class='ocrx_word' id='word_1_511' title='bbox 1427 1698 1489 1731; x_wconf 86' lang='lat' dir='ltr'><strong>sed</strong></span> <span class='ocrx_word' id='word_1_512' title='bbox 1516 1695 1724 1745; x_wconf 45' lang='grc' dir='ltr'><em>λαμίαςῧῃ),</em></span> <span class='ocrx_word' id='word_1_513' title='bbox 1752 1696 1821 1730; x_wconf 92' lang='lat' dir='ltr'><strong>hoc</strong></span> <span class='ocrx_word' id='word_1_514' title='bbox 1845 1704 1914 1738; x_wconf 89' lang='lat' dir='ltr'><strong>est,</strong></span> <span class='ocrx_word' id='word_1_515' title='bbox 1943 1704 2150 1743; x_wconf 86' lang='lat' dir='ltr'><strong>quaestores</strong></span> 
     </span>
     <span class='ocr_line' id='line_1_83' title="bbox 1149 1747 2151 1792; baseline 0 -11"><span class='ocrx_word' id='word_1_516' title='bbox 1149 1755 1232 1782; x_wconf 90' lang='lat' dir='ltr'><strong>sunt</strong></span> <span class='ocrx_word' id='word_1_517' title='bbox 1247 1748 1407 1782; x_wconf 88' lang='lat' dir='ltr'><strong>Lamiae.</strong></span> <span class='ocrx_word' id='word_1_518' title='bbox 1461 1749 1525 1782; x_wconf 84' lang='lat' dir='ltr'><strong>Est</strong></span> <span class='ocrx_word' id='word_1_519' title='bbox 1545 1748 1864 1792; x_wconf 85' lang='lat' dir='ltr'><strong>significantissime</strong></span> <span class='ocrx_word' id='word_1_520' title='bbox 1883 1749 2028 1784; x_wconf 88' lang='lat' dir='ltr'><strong>dictum.</strong></span> <span class='ocrx_word' id='word_1_521' title='bbox 2081 1747 2151 1782; x_wconf 90' lang='lat' dir='ltr'><strong>La-</strong></span> 
     </span>
     <span class='ocr_line' id='line_1_84' title="bbox 1149 1797 2151 1844; baseline 0 -12"><span class='ocrx_word' id='word_1_522' title='bbox 1149 1800 1242 1833; x_wconf 89' lang='lat' dir='ltr'><strong>miae</strong></span> <span class='ocrx_word' id='word_1_523' title='bbox 1276 1807 1359 1834; x_wconf 88' lang='lat' dir='ltr'><strong>sunt</strong></span> <span class='ocrx_word' id='word_1_524' title='bbox 1392 1800 1517 1844; x_wconf 87' lang='lat' dir='ltr'><strong>striges</strong></span> <span class='ocrx_word' id='word_1_525' title='bbox 1553 1806 1760 1844; x_wconf 88' lang='lat' dir='ltr'><strong>appetentes</strong></span> <span class='ocrx_word' id='word_1_526' title='bbox 1797 1797 2039 1833; x_wconf 86' lang='lat' dir='ltr'><strong>humanarum</strong></span> <span class='ocrx_word' id='word_1_527' title='bbox 2074 1811 2151 1832; x_wconf 88' lang='lat' dir='ltr'><strong>car-</strong></span> 
     </span>
     <span class='ocr_line' id='line_1_85' title="bbox 1148 1849 2152 1896; baseline 0 -12"><span class='ocrx_word' id='word_1_528' title='bbox 1148 1851 1262 1886; x_wconf 87' lang='lat' dir='ltr'><strong>nium.</strong></span> <span class='ocrx_word' id='word_1_529' title='bbox 1315 1851 1506 1896; x_wconf 87' lang='lat' dir='ltr'><strong>Euripides</strong></span> <span class='ocrx_word' id='word_1_530' title='bbox 1522 1857 1572 1884; x_wconf 91' lang='lat' dir='ltr'><strong>est</strong></span> <span class='ocrx_word' id='word_1_531' title='bbox 1590 1851 1728 1885; x_wconf 89' lang='lat' dir='ltr'><strong>dulcior</strong></span> <span class='ocrx_word' id='word_1_532' title='bbox 1745 1849 1943 1896; x_wconf 87' lang='lat' dir='ltr'><strong>Sophocle,</strong></span> <span class='ocrx_word' id='word_1_533' title='bbox 1969 1851 2037 1885; x_wconf 87' lang='lat' dir='ltr'><strong>fuit</strong></span> <span class='ocrx_word' id='word_1_534' title='bbox 2055 1851 2152 1896; x_wconf 88' lang='lat' dir='ltr'><strong>apud</strong></span> 
     </span>
     <span class='ocr_line' id='line_1_86' title="bbox 1149 1900 1808 1946; baseline 0.002 -11"><span class='ocrx_word' id='word_1_535' title='bbox 1149 1900 1365 1936; x_wconf 85' lang='lat' dir='ltr'><strong>Archelaum</strong></span> <span class='ocrx_word' id='word_1_536' title='bbox 1384 1915 1502 1946; x_wconf 83' lang='lat' dir='ltr'><strong>regem</strong></span> <span class='ocrx_word' id='word_1_537' title='bbox 1522 1902 1808 1937; x_wconf 87' lang='lat' dir='ltr'><strong>Macedonicum.</strong></span> 
     </span>
    </p>

    <p class='ocr_par' dir='ltr' id='par_1_22' title="bbox 1149 1952 2151 2102">
     <span class='ocr_line' id='line_1_87' title="bbox 1255 1952 2151 2001; baseline -0.003 -13"><span class='ocrx_word' id='word_1_538' title='bbox 1255 1952 1285 1998; x_wconf 64' lang='lat'><strong>§-</strong></span> <span class='ocrx_word' id='word_1_539' title='bbox 1303 1954 1363 1988; x_wconf 86' lang='grc'><strong>68.</strong></span> <span class='ocrx_word' id='word_1_540' title='bbox 1409 1952 1618 2001; x_wconf 73' lang='grc' dir='ltr'><strong>ΟοΐΙιιινηιιε]</strong></span> <span class='ocrx_word' id='word_1_541' title='bbox 1655 1954 1808 1988; x_wconf 84' lang='lat' dir='ltr'><strong>Reitters</strong></span> <span class='ocrx_word' id='word_1_542' title='bbox 1829 1953 1974 1994; x_wconf 89' lang='lat' dir='ltr'><strong>stieffel,</strong></span> <span class='ocrx_word' id='word_1_543' title='bbox 2009 1953 2072 1987; x_wconf 93' lang='lat' dir='ltr'><strong>ubi</strong></span> <span class='ocrx_word' id='word_1_544' title='bbox 2096 1953 2151 1986; x_wconf 88' lang='lat' dir='ltr'><strong>in-</strong></span> 
     </span>
     <span class='ocr_line' id='line_1_88' title="bbox 1149 2004 2151 2051; baseline -0.001 -13"><span class='ocrx_word' id='word_1_545' title='bbox 1149 2006 1390 2039; x_wconf 89' lang='lat' dir='ltr'><strong>troducuntur</strong></span> <span class='ocrx_word' id='word_1_546' title='bbox 1406 2018 1505 2050; x_wconf 87' lang='lat' dir='ltr'><strong>reges</strong></span> <span class='ocrx_word' id='word_1_547' title='bbox 1524 2011 1558 2038; x_wconf 89' lang='lat' dir='ltr'><strong>et</strong></span> <span class='ocrx_word' id='word_1_548' title='bbox 1577 2005 1723 2051; x_wconf 87' lang='lat' dir='ltr'><strong>equites.</strong></span> <span class='ocrx_word' id='word_1_549' title='bbox 1774 2004 1816 2038; x_wconf 84' lang='lat' dir='ltr'><strong>In</strong></span> <span class='ocrx_word' id='word_1_550' title='bbox 1834 2004 2028 2039; x_wconf 87' lang='lat' dir='ltr'><strong>comoediis</strong></span> <span class='ocrx_word' id='word_1_551' title='bbox 2046 2005 2151 2038; x_wconf 86' lang='lat' dir='ltr'><strong>indu-</strong></span> 
     </span>
     <span class='ocr_line' id='line_1_89' title="bbox 1151 2055 2150 2102; baseline 0 -12"><span class='ocrx_word' id='word_1_552' title='bbox 1151 2063 1280 2091; x_wconf 92' lang='lat' dir='ltr'><strong>cuntur</strong></span> <span class='ocrx_word' id='word_1_553' title='bbox 1302 2069 1478 2102; x_wconf 88' lang='lat' dir='ltr'><strong>personae</strong></span> <span class='ocrx_word' id='word_1_554' title='bbox 1502 2057 1648 2090; x_wconf 87' lang='lat' dir='ltr'><strong>indutae</strong></span> <span class='ocrx_word' id='word_1_555' title='bbox 1673 2057 1802 2098; x_wconf 88' lang='lat' dir='ltr'><strong>soccis,</strong></span> <span class='ocrx_word' id='word_1_556' title='bbox 1843 2057 1935 2090; x_wconf 76' lang='lat' dir='ltr'><strong>cives</strong></span> <span class='ocrx_word' id='word_1_557' title='bbox 1960 2063 1994 2089; x_wconf 93' lang='lat' dir='ltr'><strong>et</strong></span> <span class='ocrx_word' id='word_1_558' title='bbox 2015 2055 2150 2090; x_wconf 82' lang='lat' dir='ltr'><strong>rustici.</strong></span> 
     </span>
    </p>
   </div>
   <div class='ocr_carea' id='block_1_15' title="bbox 1185 2182 2150 2249">
    <p class='ocr_par' dir='ltr' id='par_1_23' title="bbox 1185 2182 2150 2249">
     <span class='ocr_line' id='line_1_90' title="bbox 1185 2182 2150 2215; baseline -0.003 -4"><span class='ocrx_word' id='word_1_559' title='bbox 1185 2187 1234 2215; x_wconf 83' lang='lat'><strong>30)</strong></span> <span class='ocrx_word' id='word_1_560' title='bbox 1254 2185 1333 2210; x_wconf 89' lang='lat' dir='ltr'><strong>Couf.</strong></span> <span class='ocrx_word' id='word_1_561' title='bbox 1352 2184 1445 2208; x_wconf 79' lang='lat' dir='ltr'><strong>Fulvii</strong></span> <span class='ocrx_word' id='word_1_562' title='bbox 1464 2183 1578 2209; x_wconf 83' lang='lat' dir='ltr'><strong>Ursini:</strong></span> <span class='ocrx_word' id='word_1_563' title='bbox 1604 2182 1742 2214; x_wconf 77' lang='lat' dir='ltr'><strong>Virgilius</strong></span> <span class='ocrx_word' id='word_1_564' title='bbox 1767 2189 1826 2208; x_wconf 89' lang='lat' dir='ltr'><strong>cum</strong></span> <span class='ocrx_word' id='word_1_565' title='bbox 1853 2182 1968 2207; x_wconf 81' lang='lat' dir='ltr'><strong>Graecis</strong></span> <span class='ocrx_word' id='word_1_566' title='bbox 2000 2182 2150 2214; x_wconf 82' lang='lat' dir='ltr'><strong>scriptori-</strong></span> 
     </span>
     <span class='ocr_line' id='line_1_91' title="bbox 1220 2218 1730 2249; baseline -0.002 -5"><span class='ocrx_word' id='word_1_567' title='bbox 1220 2222 1270 2244; x_wconf 86' lang='lat' dir='ltr'><strong>bus</strong></span> <span class='ocrx_word' id='word_1_568' title='bbox 1290 2220 1418 2244; x_wconf 59' lang='lat' dir='ltr'><strong>collatus</strong></span> <span class='ocrx_word' id='word_1_569' title='bbox 1446 2220 1580 2249; x_wconf 78' lang='lat' dir='ltr'><strong>Autverp.</strong></span> <span class='ocrx_word' id='word_1_570' title='bbox 1602 2218 1678 2242; x_wconf 83' lang='lat'><strong>1567.</strong></span> <span class='ocrx_word' id='word_1_571' title='bbox 1705 2219 1730 2243; x_wconf 87' lang='grc'><strong>8.</strong></span> 
     </span>
    </p>
   </div>
   <div class='ocr_carea' id='block_1_16' title="bbox 1185 2258 1901 2328">
    <p class='ocr_par' dir='ltr' id='par_1_24' title="bbox 1185 2258 1901 2328">
     <span class='ocr_line' id='line_1_92' title="bbox 1185 2258 1901 2292; baseline -0.007 -4"><span class='ocrx_word' id='word_1_572' title='bbox 1185 2264 1233 2292; x_wconf 84' lang='lat'><strong>31)</strong></span> <span class='ocrx_word' id='word_1_573' title='bbox 1253 2263 1398 2291; x_wconf 86' lang='lat' dir='ltr'><strong>hactenus]</strong></span> <span class='ocrx_word' id='word_1_574' title='bbox 1418 2261 1434 2284; x_wconf 88' lang='lat' dir='ltr'><strong>i.</strong></span> <span class='ocrx_word' id='word_1_575' title='bbox 1455 2268 1478 2286; x_wconf 90' lang='lat' dir='ltr'><strong>e.</strong></span> <span class='ocrx_word' id='word_1_576' title='bbox 1499 2267 1586 2291; x_wconf 88' lang='lat' dir='ltr'><strong>usque</strong></span> <span class='ocrx_word' id='word_1_577' title='bbox 1604 2261 1640 2284; x_wconf 88' lang='lat' dir='ltr'><strong>ad</strong></span> <span class='ocrx_word' id='word_1_578' title='bbox 1660 2262 1744 2284; x_wconf 80' lang='lat' dir='ltr'><strong>verba.</strong></span> <span class='ocrx_word' id='word_1_579' title='bbox 1769 2258 1810 2291; x_wconf 66' lang='grc' dir='ltr'><strong>(ξ.</strong></span> <span class='ocrx_word' id='word_1_580' title='bbox 1826 2260 1901 2287; x_wconf 74' lang='grc'>58.);</span> 
     </span>
     <span class='ocr_line' id='line_1_93' title="bbox 1219 2295 1788 2328; baseline -0.007 -6"><span class='ocrx_word' id='word_1_581' title='bbox 1219 2304 1283 2322; x_wconf 82' lang='lat' dir='ltr'><strong>men</strong></span> <span class='ocrx_word' id='word_1_582' title='bbox 1301 2298 1384 2321; x_wconf 80' lang='lat' dir='ltr'><strong>uobis</strong></span> <span class='ocrx_word' id='word_1_583' title='bbox 1403 2302 1439 2321; x_wconf 62' lang='grc' dir='ltr'><strong>επ</strong></span> <span class='ocrx_word' id='word_1_584' title='bbox 1457 2296 1615 2321; x_wconf 78' lang='lat' dir='ltr'><strong>vilioribus</strong></span> <span class='ocrx_word' id='word_1_585' title='bbox 1633 2296 1722 2328; x_wconf 72' lang='lat' dir='ltr'><strong>yrata</strong></span> <span class='ocrx_word' id='word_1_586' title='bbox 1740 2295 1788 2319; x_wconf 78' lang='lat' dir='ltr'><strong>sit.</strong></span> 
     </span>
    </p>
   </div>
   <div class='ocr_carea' id='block_1_17' title="bbox 1185 2336 2151 2402">
    <p class='ocr_par' dir='ltr' id='par_1_25' title="bbox 1185 2336 2151 2402">
     <span class='ocr_line' id='line_1_94' title="bbox 1185 2336 2151 2369; baseline -0.005 -4"><span class='ocrx_word' id='word_1_587' title='bbox 1185 2341 1234 2369; x_wconf 76' lang='lat'><strong>32)</strong></span> <span class='ocrx_word' id='word_1_588' title='bbox 1254 2340 1457 2367; x_wconf 70' lang='lat' dir='ltr'><strong>Facilitatem]</strong></span> <span class='ocrx_word' id='word_1_589' title='bbox 1485 2338 1526 2362; x_wconf 87' lang='lat' dir='ltr'><strong>sic</strong></span> <span class='ocrx_word' id='word_1_590' title='bbox 1551 2338 1621 2368; x_wconf 82' lang='lat' dir='ltr'><strong>apud</strong></span> <span class='ocrx_word' id='word_1_591' title='bbox 1648 2337 1778 2368; x_wconf 82' lang='lat' dir='ltr'><strong>Quintil.;</strong></span> <span class='ocrx_word' id='word_1_592' title='bbox 1807 2342 1857 2366; x_wconf 83' lang='lat' dir='ltr'><strong>pro</strong></span> <span class='ocrx_word' id='word_1_593' title='bbox 1882 2337 1933 2360; x_wconf 89' lang='lat' dir='ltr'><strong>hac</strong></span> <span class='ocrx_word' id='word_1_594' title='bbox 1959 2341 2027 2359; x_wconf 82' lang='lat' dir='ltr'><strong>voce</strong></span> <span class='ocrx_word' id='word_1_595' title='bbox 2051 2336 2081 2360; x_wconf 86' lang='lat' dir='ltr'><strong>in</strong></span> <span class='ocrx_word' id='word_1_596' title='bbox 2099 2336 2151 2362; x_wconf 86' lang='lat' dir='ltr'><strong>Ed.</strong></span> 
     </span>
     <span class='ocr_line' id='line_1_95' title="bbox 1222 2371 2015 2402; baseline -0.006 -3"><span class='ocrx_word' id='word_1_597' title='bbox 1222 2374 1379 2400; x_wconf 77' lang='lat' dir='ltr'><strong>1570.11uic</strong></span> <span class='ocrx_word' id='word_1_598' title='bbox 1398 2375 1480 2398; x_wconf 81' lang='lat' dir='ltr'><strong>uotae</strong></span> <span class='ocrx_word' id='word_1_599' title='bbox 1497 2373 1569 2396; x_wconf 86' lang='lat' dir='ltr'><strong>male</strong></span> <span class='ocrx_word' id='word_1_600' title='bbox 1588 2372 1757 2402; x_wconf 77' lang='lat' dir='ltr'><strong>adscriptum</strong></span> <span class='ocrx_word' id='word_1_601' title='bbox 1776 2372 1834 2395; x_wconf 82' lang='lat' dir='ltr'><strong>est:</strong></span> <span class='ocrx_word' id='word_1_602' title='bbox 1859 2371 2015 2395; x_wconf 69' lang='lat' dir='ltr'><strong>Fac-iliter.</strong></span> 
     </span>
    </p>
   </div>
   <div class='ocr_carea' id='block_1_18' title="bbox 1186 2413 2152 2649">
    <p class='ocr_par' dir='ltr' id='par_1_26' title="bbox 1186 2413 2152 2649">
     <span class='ocr_line' id='line_1_96' title="bbox 1186 2413 2151 2449; baseline -0.004 -6"><span class='ocrx_word' id='word_1_603' title='bbox 1186 2418 1236 2446; x_wconf 83' lang='lat'><strong>33)</strong></span> <span class='ocrx_word' id='word_1_604' title='bbox 1254 2418 1412 2442; x_wconf 77' lang='lat' dir='ltr'><strong>multorum</strong></span> <span class='ocrx_word' id='word_1_605' title='bbox 1434 2416 1591 2449; x_wconf 77' lang='lat' dir='ltr'><strong>formanda</strong></span> <span class='ocrx_word' id='word_1_606' title='bbox 1610 2415 1747 2443; x_wconf 62' lang='lat' dir='ltr'><strong>lectione]</strong></span> <span class='ocrx_word' id='word_1_607' title='bbox 1775 2413 1858 2437; x_wconf 84' lang='lat' dir='ltr'><strong>sich.</strong></span> <span class='ocrx_word' id='word_1_608' title='bbox 1878 2414 1897 2438; x_wconf 91' lang='lat' dir='ltr'><strong>l.</strong></span> <span class='ocrx_word' id='word_1_609' title='bbox 1924 2413 2041 2437; x_wconf 83' lang='lat' dir='ltr'><strong>aliorum</strong></span> <span class='ocrx_word' id='word_1_610' title='bbox 2066 2413 2151 2439; x_wconf 85' lang='lat' dir='ltr'><strong>lectio</strong></span> 
     </span>
     <span class='ocr_line' id='line_1_97' title="bbox 1223 2447 2151 2483; baseline -0.003 -7"><span class='ocrx_word' id='word_1_611' title='bbox 1223 2453 1363 2483; x_wconf 73' lang='lat' dir='ltr'><strong>refertur3</strong></span> <span class='ocrx_word' id='word_1_612' title='bbox 1399 2452 1427 2475; x_wconf 89' lang='lat' dir='ltr'><strong>iu</strong></span> <span class='ocrx_word' id='word_1_613' title='bbox 1457 2452 1586 2474; x_wconf 85' lang='lat' dir='ltr'><strong>contextu</strong></span> <span class='ocrx_word' id='word_1_614' title='bbox 1611 2449 1653 2471; x_wconf 87' lang='lat' dir='ltr'><strong>his</strong></span> <span class='ocrx_word' id='word_1_615' title='bbox 1678 2448 1791 2472; x_wconf 83' lang='lat' dir='ltr'><strong>scholiis</strong></span> <span class='ocrx_word' id='word_1_616' title='bbox 1821 2447 1976 2478; x_wconf 84' lang='lat' dir='ltr'><strong>praemisso</strong></span> <span class='ocrx_word' id='word_1_617' title='bbox 2003 2448 2052 2472; x_wconf 88' lang='lat' dir='ltr'><strong>Ed.</strong></span> <span class='ocrx_word' id='word_1_618' title='bbox 2074 2449 2151 2473; x_wconf 82' lang='lat'><strong>1570.</strong></span> 
     </span>
     <span class='ocr_line' id='line_1_98' title="bbox 1222 2482 2152 2515; baseline -0.003 -5"><span class='ocrx_word' id='word_1_619' title='bbox 1222 2488 1321 2510; x_wconf 84' lang='lat' dir='ltr'><strong>habet:</strong></span> <span class='ocrx_word' id='word_1_620' title='bbox 1359 2486 1518 2510; x_wconf 73' lang='lat' dir='ltr'><strong>multorum</strong></span> <span class='ocrx_word' id='word_1_621' title='bbox 1541 2484 1698 2515; x_wconf 81' lang='lat' dir='ltr'><strong>formanda</strong></span> <span class='ocrx_word' id='word_1_622' title='bbox 1722 2489 1817 2513; x_wconf 80' lang='lat' dir='ltr'><strong>mens,</strong></span> <span class='ocrx_word' id='word_1_623' title='bbox 1854 2482 1951 2512; x_wconf 84' lang='lat' dir='ltr'><strong>quihus</strong></span> <span class='ocrx_word' id='word_1_624' title='bbox 1978 2482 2006 2506; x_wconf 87' lang='lat' dir='ltr'><strong>iu</strong></span> <span class='ocrx_word' id='word_1_625' title='bbox 2026 2483 2152 2514; x_wconf 80' lang='lat' dir='ltr'><strong>margine</strong></span> 
     </span>
     <span class='ocr_line' id='line_1_99' title="bbox 1223 2516 2152 2550; baseline -0.004 -6"><span class='ocrx_word' id='word_1_626' title='bbox 1223 2521 1365 2550; x_wconf 77' lang='lat' dir='ltr'><strong>adscripta</strong></span> <span class='ocrx_word' id='word_1_627' title='bbox 1391 2522 1435 2543; x_wconf 87' lang='lat' dir='ltr'><strong>est</strong></span> <span class='ocrx_word' id='word_1_628' title='bbox 1462 2519 1542 2542; x_wconf 86' lang='lat' dir='ltr'><strong>varia</strong></span> <span class='ocrx_word' id='word_1_629' title='bbox 1568 2518 1665 2541; x_wconf 77' lang='lat' dir='ltr'><strong>lectio:</strong></span> <span class='ocrx_word' id='word_1_630' title='bbox 1702 2516 1898 2548; x_wconf 78' lang='lat' dir='ltr'><strong>formandus;</strong></span> <span class='ocrx_word' id='word_1_631' title='bbox 1934 2517 2152 2549; x_wconf 77' lang='lat' dir='ltr'><strong>Editt.spa1d„</strong></span> 
     </span>
     <span class='ocr_line' id='line_1_100' title="bbox 1223 2551 2151 2583; baseline -0.004 -4"><span class='ocrx_word' id='word_1_632' title='bbox 1223 2556 1350 2579; x_wconf 83' lang='lat' dir='ltr'><strong>Frotsch.</strong></span> <span class='ocrx_word' id='word_1_633' title='bbox 1377 2555 1490 2578; x_wconf 86' lang='lat' dir='ltr'><strong>habent.</strong></span> <span class='ocrx_word' id='word_1_634' title='bbox 1527 2553 1686 2576; x_wconf 77' lang='lat' dir='ltr'><strong>multorum</strong></span> <span class='ocrx_word' id='word_1_635' title='bbox 1710 2552 1833 2575; x_wconf 80' lang='lat' dir='ltr'><strong>lectione</strong></span> <span class='ocrx_word' id='word_1_636' title='bbox 1863 2551 2023 2583; x_wconf 71' lang='lat' dir='ltr'><strong>formanda</strong></span> <span class='ocrx_word' id='word_1_637' title='bbox 2056 2558 2151 2580; x_wconf 73' lang='lat' dir='ltr'><strong>mens3</strong></span> 
     </span>
     <span class='ocr_line' id='line_1_101' title="bbox 1224 2585 2151 2617; baseline -0.004 -4"><span class='ocrx_word' id='word_1_638' title='bbox 1224 2590 1297 2613; x_wconf 81' lang='lat' dir='ltr'><strong>aliae</strong></span> <span class='ocrx_word' id='word_1_639' title='bbox 1315 2589 1401 2612; x_wconf 83' lang='lat' dir='ltr'><strong>Editt.</strong></span> <span class='ocrx_word' id='word_1_640' title='bbox 1421 2589 1581 2612; x_wconf 79' lang='lat' dir='ltr'><strong>multorum</strong></span> <span class='ocrx_word' id='word_1_641' title='bbox 1606 2587 1729 2611; x_wconf 79' lang='lat' dir='ltr'><strong>lectione</strong></span> <span class='ocrx_word' id='word_1_642' title='bbox 1748 2585 1923 2617; x_wconf 81' lang='lat' dir='ltr'><strong>formandus</strong></span> <span class='ocrx_word' id='word_1_643' title='bbox 1950 2585 2036 2615; x_wconf 84' lang='lat' dir='ltr'><strong>(conf.</strong></span> <span class='ocrx_word' id='word_1_644' title='bbox 2057 2585 2151 2616; x_wconf 68' lang='lat' dir='ltr'><strong>spald.</strong></span> 
     </span>
     <span class='ocr_line' id='line_1_102' title="bbox 1225 2622 1533 2649; baseline -0.013 -1"><span class='ocrx_word' id='word_1_645' title='bbox 1225 2626 1291 2648; x_wconf 86' lang='lat' dir='ltr'><strong>nota</strong></span> <span class='ocrx_word' id='word_1_646' title='bbox 1309 2624 1369 2647; x_wconf 82' lang='lat' dir='ltr'><strong>crit.</strong></span> <span class='ocrx_word' id='word_1_647' title='bbox 1389 2623 1424 2646; x_wconf 84' lang='lat' dir='ltr'><strong>ad</strong></span> <span class='ocrx_word' id='word_1_648' title='bbox 1446 2623 1471 2647; x_wconf 89' lang='grc' dir='ltr'><strong>Ιι.</strong></span> <span class='ocrx_word' id='word_1_649' title='bbox 1491 2622 1533 2649; x_wconf 89' lang='lat' dir='ltr'><strong>l..)</strong></span> 
     </span>
    </p>
   </div>
   <div class='ocr_carea' id='block_1_19' title="bbox 1190 2662 2153 2768">
    <p class='ocr_par' dir='ltr' id='par_1_27' title="bbox 1190 2662 2153 2768">
     <span class='ocr_line' id='line_1_103' title="bbox 1190 2662 2152 2703; baseline -0.004 -12"><span class='ocrx_word' id='word_1_650' title='bbox 1190 2667 1239 2696; x_wconf 75' lang='lat'><strong>34)</strong></span> <span class='ocrx_word' id='word_1_651' title='bbox 1258 2668 1317 2691; x_wconf 85' lang='lat' dir='ltr'><strong>Hoc</strong></span> <span class='ocrx_word' id='word_1_652' title='bbox 1338 2666 1439 2690; x_wconf 85' lang='lat' dir='ltr'><strong>dictum</strong></span> <span class='ocrx_word' id='word_1_653' title='bbox 1465 2665 1567 2695; x_wconf 80' lang='lat' dir='ltr'><strong>legitur</strong></span> <span class='ocrx_word' id='word_1_654' title='bbox 1591 2663 1619 2687; x_wconf 80' lang='lat'><strong>1⁴11</strong></span> <span class='ocrx_word' id='word_1_655' title='bbox 1638 2662 1779 2687; x_wconf 79' lang='lat' dir='ltr'><strong>Plutarchi</strong></span> <span class='ocrx_word' id='word_1_656' title='bbox 1807 2662 2012 2703; x_wconf 65' lang='lat' dir='ltr'><strong>comparatione</strong></span> <span class='ocrx_word' id='word_1_657' title='bbox 2036 2662 2152 2687; x_wconf 80' lang='lat' dir='ltr'><strong>Aristo-</strong></span> 
     </span>
     <span class='ocr_line' id='line_1_104' title="bbox 1224 2694 2153 2743; baseline -0.004 -18"><span class='ocrx_word' id='word_1_658' title='bbox 1224 2702 1323 2743; x_wconf 67' lang='lat' dir='ltr'><strong>phanis</strong></span> <span class='ocrx_word' id='word_1_659' title='bbox 1343 2704 1369 2724; x_wconf 85' lang='lat' dir='ltr'><strong>et</strong></span> <span class='ocrx_word' id='word_1_660' title='bbox 1384 2699 1528 2724; x_wconf 62' lang='lat' dir='ltr'><strong>Menandri</strong></span> <span class='ocrx_word' id='word_1_661' title='bbox 1547 2694 1793 2723; x_wconf 77' lang='grc' dir='ltr'><strong>ο.1.Ἐπαινεῑται</strong></span> <span class='ocrx_word' id='word_1_662' title='bbox 1806 2695 1877 2729; x_wconf 64' lang='grc' dir='ltr'><strong>γάρ,</strong></span> <span class='ocrx_word' id='word_1_663' title='bbox 1896 2700 1930 2729; x_wconf 78' lang='lat' dir='ltr'><strong>(q</strong></span> <span class='ocrx_word' id='word_1_664' title='bbox 1938 2704 1981 2727; x_wconf 82' lang='grc' dir='ltr'><strong>ησι</strong></span> <span class='ocrx_word' id='word_1_665' title='bbox 1973 2695 2014 2725; x_wconf 83' lang='grc' dir='ltr'><strong>ἰν)</strong></span> <span class='ocrx_word' id='word_1_666' title='bbox 2034 2694 2074 2720; x_wconf 79' lang='grc' dir='ltr'><strong>ὅτι</strong></span> <span class='ocrx_word' id='word_1_667' title='bbox 2088 2704 2153 2725; x_wconf 81' lang='grc' dir='ltr'><strong><em>τους</em></strong></span> 
     </span>
     <span class='ocr_line' id='line_1_105' title="bbox 1227 2729 2064 2768; baseline -0.006 -8"><span class='ocrx_word' id='word_1_668' title='bbox 1227 2736 1328 2768; x_wconf 71' lang='grc' dir='ltr'><em>ταμιας</em></span> <span class='ocrx_word' id='word_1_669' title='bbox 1347 2733 1510 2767; x_wconf 72' lang='grc' dir='ltr'><em>ἐβάπτισεν,</em></span> <span class='ocrx_word' id='word_1_670' title='bbox 1531 2729 1594 2765; x_wconf 79' lang='grc' dir='ltr'><em>οὐχὶ</em></span> <span class='ocrx_word' id='word_1_671' title='bbox 1613 2740 1730 2764; x_wconf 78' lang='grc' dir='ltr'><strong><em>ταιιιτις,</em></strong></span> <span class='ocrx_word' id='word_1_672' title='bbox 1749 2729 1819 2756; x_wconf 68' lang='grc' dir='ltr'><strong>ἀλλά</strong></span> <span class='ocrx_word' id='word_1_673' title='bbox 1840 2733 1957 2764; x_wconf 74' lang='grc' dir='ltr'><em>Λαμιας</em></span> <span class='ocrx_word' id='word_1_674' title='bbox 1976 2729 2064 2760; x_wconf 75' lang='grc' dir='ltr'>ὄντας.</span> 
     </span>
    </p>
   </div>
   <div class='ocr_carea' id='block_1_20' title="bbox 1549 2766 1631 2803">
    <p class='ocr_par' dir='ltr' id='par_1_28' title="bbox 1549 2766 1631 2803">
     <span class='ocr_line' id='line_1_106' title="bbox 1549 2766 1631 2803; baseline 0.012 -1"><span class='ocrx_word' id='word_1_675' title='bbox 1549 2766 1631 2803; x_wconf 74' lang='lat'><strong>42*</strong></span> 
     </span>
    </p>
   </div>
   <div class='ocr_carea' id='block_1_21' title="bbox 1940 2259 2150 2285">
    <p class='ocr_par' dir='ltr' id='par_1_29' title="bbox 1940 2259 2150 2285">
     <span class='ocr_line' id='line_1_107' title="bbox 1940 2259 2150 2285; baseline 0.005 -1"><span class='ocrx_word' id='word_1_676' title='bbox 1940 2259 2080 2285; x_wconf 64' lang='lat' dir='ltr'><strong>varietas</strong></span> <span class='ocrx_word' id='word_1_677' title='bbox 2099 2261 2150 2285; x_wconf 79' lang='lat' dir='ltr'><strong>ta-</strong></span> 
     </span>
    </p>
   </div>
  </div>
 </body>
</html>
