2351 2990
125 138 224 175 1017
386 135 475 171 XLI.

126 236 187 269 spe
205 224 299 256 vitae
317 223 502 268 proposita
520 221 730 267 promittam
748 234 805 255 me
831 223 876 255 ad
893 222 1127 267 Antipatrum

128 281 320 309 venturum
339 287 424 309 esse.
478 274 546 308 Sed
563 273 593 307 si
610 271 698 306 haec
719 285 804 306 vera
829 280 931 314 sunt,
960 286 1052 319 quae
1077 273 1129 307 di-

128 327 226 367 citis,
254 327 367 360 multo
394 325 508 370 magis
532 337 657 359 cavere
684 325 817 365 debeo,
854 337 899 359 ne
923 338 1025 359 mens
1047 337 1128 359 mea

128 379 294 412 videatur
313 378 358 412 ab
375 377 568 423 Antipatro
589 383 758 422 corrupta
773 405 782 418 ,
808 388 899 411 neve
922 377 1047 411 videar
1069 378 1129 411 de-

127 430 279 466 seruisse
304 430 488 471 ordinem,
526 430 564 463 in
589 442 661 476 quo
687 430 732 463 ad
757 430 929 463 Graeciae
953 429 1130 463 defensio-

126 496 209 518 nem
228 483 420 517 collocatus
435 494 535 522 sum,
563 487 598 516 et
620 482 802 526 transfuga
827 482 958 522 factus,
987 482 1033 515 ad
1051 481 1129 514 Ma-

130 536 282 569 cedones
313 533 537 568 concessisse.
590 533 627 567 Si
644 531 733 566 mihi
752 532 900 567 honeste
919 539 969 567 est
997 532 1130 573 vivere,

128 588 298 622 Piraeeus
317 585 514 631 praebeat,
548 592 582 619 et
607 585 783 626 triremis,
826 597 935 630 quam
965 584 1130 623 instruxi,

128 645 164 673 et
185 650 329 678 murus,
364 643 398 670 et
420 637 513 671 fossa
539 649 620 670 meo
647 643 793 681 sumptu
815 637 926 676 facta,
959 642 993 670 et
1016 636 1130 669 tribus

128 689 350 730 Pandionis,
373 690 472 723 cuius
488 701 593 723 causa
614 689 708 722 ultro
726 689 830 722 ludos
846 688 931 728 feci,
952 694 987 721 et
1003 687 1129 727 Solon,

129 749 164 777 et
182 742 325 781 Draco,
359 747 393 773 et
414 741 561 774 libertas
585 740 807 781 concivium,
841 746 875 773 et
901 740 992 773 liber
1015 752 1131 784 popu-

126 795 182 828 lus
194 821 204 835 ,
225 799 258 827 et
274 793 429 833 decreta,
455 798 489 825 et
503 793 596 836 leges
612 792 790 833 classium,
809 798 841 825 et
859 791 1041 825 maiorum
1059 790 1130 823 vir—

128 851 186 881 tus
204 857 244 878 ac
261 842 456 889 trophaea,
483 850 517 877 et
540 843 669 877 civium
688 843 960 884 benevolentia,
989 842 1051 888 qui
1074 854 1131 876 me

128 905 236 942 'saepe
272 902 557 935 coronaverunt,
601 902 635 928 et
678 896 900 929 Graecorum
943 894 1132 934 autoritas,

129 949 192 996 qui
217 947 388 982 hactenus
411 960 430 980 a
453 956 514 981 'me
541 947 672 981 servati
696 953 790 981 sunt.
853 946 962 992 Quod
988 946 1017 980 si
1040 944 1131 979 mihi

128 1001 201 1034 'vita
247 1000 375 1033 debeat
416 999 623 1044 contingere
675 999 820 1032 alterius
871 998 1132 1038 misericordia,

128 1053 350 1099 quamquam
376 1051 412 1084 id
436 1057 541 1095 turpe
562 1049 638 1091 est,
683 1057 804 1084 tamen
828 1048 897 1084 hoc
920 1049 1130 1084 beneficium

126 1104 252 1138 malim
282 1103 441 1147 accipere
472 1116 490 1136 a
516 1102 606 1136 meis
631 1103 785 1143 civibus,
814 1115 969 1148 quorum
993 1101 1132 1135 redemi

127 1148 307 1202 captivos,
341 1161 403 1189 aut
425 1166 444 1188 a
466 1154 649 1200 patribus,
685 1167 841 1200 quorum
871 1153 1007 1187 elocavi
1029 1154 1132 1193 filias,

128 1215 191 1242 aut
209 1207 338 1254 quibus
362 1207 497 1240 donavi
521 1206 704 1251 pecunias.
758 1208 805 1240 At
829 1206 857 1239 si
878 1218 934 1239 me
951 1218 1016 1239 nec
1035 1205 1132 1239 insu-

127 1261 244 1293 larum
260 1258 475 1303 imperium,
510 1270 575 1290 nec
601 1270 701 1290 mare
726 1258 911 1296 desendet,
939 1264 1059 1301 petam
1088 1257 1132 1289 ab

126 1309 196 1351 hoc
211 1310 383 1355 Neptuno
403 1309 594 1348 auxilium,
624 1315 656 1341 et
674 1309 718 1341 ab
739 1306 805 1341 hac
823 1320 883 1340 ara
898 1335 906 1347 ,
936 1314 968 1340 et
986 1320 1004 1340 a
1023 1308 1132 1340 sacris

125 1363 275 1409 legibus.
329 1361 392 1395 Sin
418 1367 537 1394 autem
554 1360 744 1405 Neptunus
768 1372 843 1393 non
870 1365 988 1404 potest
1013 1358 1133 1392 desen-

126 1413 502 1449 dere-immunitatem
527 1412 673 1457 templi,
716 1424 782 1445 nec
806 1411 918 1456 pudet
943 1423 1025 1444 eum
1049 1422 1133 1455 pro-

126 1469 213 1502 dere
237 1462 522 1499 Demosthenem
545 1462 719 1504 Archiae,
755 1463 914 1503 moriar,
951 1474 1017 1496 nec
1041 1459 1132 1495 mihi

128 1519 321 1563 Antipater
344 1530 411 1562 pro
434 1517 513 1550 Deo
538 1516 707 1549 colendus
736 1515 814 1550 erit.
882 1514 1023 1547 Licerct
1043 1511 1133 1547 mihi

129 1570 319 1605 amiciores
344 1567 478 1602 habere
505 1568 722 1602 Macedones
749 1580 857 1613 quam
884 1564 1133 1605 Athenienses,

129 1630 164 1658 ‘et
180 1621 438 1657 fruifelicitate
455 1627 586 1661 vestra,
614 1620 643 1654 si
662 1619 797 1652 imitari
817 1619 944 1653 vellem
966 1617 1133 1652 Callime-

126 1676 299 1715 donteni,
341 1668 518 1719 Pytheam
552 1679 585 1706 et
609 1671 820 1705 Demadem.
892 1669 1033 1703 Liceret
1057 1669 1134 1703 ani-

130 1741 230 1762 mum
250 1727 306 1759 vel
329 1738 409 1760 sero
429 1731 590 1765 mutare,
618 1724 686 1757 nisi
712 1723 926 1756 verecundia
945 1721 1075 1762 Codri,
1101 1727 1136 1755 et

127 1780 284 1815 filiarum
313 1775 507 1811 Erechthei
531 1777 578 1823 53)
617 1773 838 1821 prohiberet.
909 1774 991 1809 Non
1025 1773 1135 1817 igitur

127 1830 227 1875 svolui
245 1830 466 1875 transfugam
477 1830 660 1863 fortunam
673 1827 786 1874 sequi.
822 1826 1022 1860 Honestum
1038 1824 1134 1858 enim

128 1883 299 1929 effugium
317 1895 416 1917 mors
435 1888 497 1923 est,
517 1894 609 1927 quae
627 1887 677 1915 est
694 1886 790 1913 extra
809 1891 915 1912 omne
929 1878 1131 1924 periculum

128 1934 375 1982 turpitudinis.
429 1933 474 1967 Et
499 1945 595 1967 nunc
619 1929 773 1971 Archia,
809 1937 984 1977 quantum
1010 1930 1048 1962 in
1073 1942 1130 1962 me

129 1996 201 2029 est,
236 2000 310 2020 non
343 1986 426 2020 volo
454 1986 673 2019 dedecorare
699 1981 876 2022 Athenas,
919 1982 1128 2016 servitutem

127 2039 325 2085 accipiens,
353 2037 490 2072 abiecta
512 2037 697 2077 libertate,
725 2035 762 2068 in
779 2047 848 2081 qua
874 2033 967 2067 mori
993 2040 1045 2068 est
1067 2031 1133 2067 ho-

125 2091 381 2127 nestissimum.
434 2089 568 2123 Verum
587 2087 756 2122 convenit
777 2093 810 2120 te
830 2085 1034 2120 meminisse
1060 2092 1131 2119 tra-

125 2144 337 2191 goediarum
349 2167 360 2187 ‚
387 2154 510 2176 nonne
526 2140 683 2186 graviter
699 2139 832 2173 dictum
852 2138 927 2172 est?

232 2198 279 2231 At
298 2196 360 2229 illa
377 2197 444 2229 iam
461 2196 608 2229 moriens
623 2198 736 2228 tamen

232 2251 401 2283 Decenter
416 2252 453 2281 ut
467 2248 618 2286 caderet,
647 2246 781 2279 cavebat
796 2243 910 2277 sedulo
928 2241 988 2288 5⁴¹).

129 2302 206 2335 Hoc
231 2313 311 2335 curn
337 2299 460 2332 fecerit
478 2298 595 2343 puella
611 2325 619 2338 ,
647 2302 782 2343 quanto
810 2294 950 2339 turpius
977 2292 1044 2326 erit
1059 2291 1130 2325 De-

128 2351 330 2394 mostheni,
357 2351 541 2396 praeferre
566 2347 795 2383 inhonestam
824 2347 935 2379 vitam
958 2343 1130 2379 honestae

129 2405 261 2445 morbi,
287 2412 329 2438 ac
351 2400 511 2436 oblivisci
535 2402 746 2435 Xenocratis
772 2406 805 2433 et
828 2397 992 2432 Platonis
1010 2396 1131 2440 dispu-

128 2459 306 2493 tationum
339 2456 381 2488 de
414 2453 686 2487 immortalitate
714 2450 939 2487 animaruml
982 2447 1131 2483 Addidit

165 2560 215 2588 53)
240 2557 400 2586 Erechthei]
431 2557 471 2581 sic
492 2556 653 2587 scripsimus
672 2550 899 2587 :²895256w;;
936 2551 1019 2576 Editt.
1041 2549 1129 2581 1533.,

204 2594 295 2621 1538..
331 2593 407 2617 1543.
433 2591 563 2616 Erichtei.
588 2604 622 2608 —
665 2592 696 2616 Η.
718 2591 737 2617 l.
768 2590 796 2614 in
822 2589 906 2613 Editt.
933 2586 1024 2617 1538„
1053 2585 1128 2609 1543.

201 2630 266 2654 nota
279 2628 394 2658 margin.
410 2627 532 2657 fficyui:
554 2627 621 2650 Nam
640 2625 681 2649 illi
695 2631 745 2656 pro
762 2624 853 2656 patria
867 2624 985 2647 mortem
999 2620 1100 2644 obiere.

164 2673 212 2699 54)
241 2672 273 2696 u.
289 2671 305 2694 1.
333 2670 358 2693 in
380 2670 463 2693 Editt.
482 2669 574 2696 1538.,
602 2667 678 2692 1513.
705 2669 770 2692 nota
798 2666 914 2697 margin.
934 2662 1058 2694 Micy-ui:
1090 2662 1130 2686 Ex

201 2706 338 2736 Euripidis
360 2706 469 2728 Hecuba
492 2703 558 2732 1568
575 2704 641 2734 ες.)

520 134 922 171 INTERPRETATIO
948 134 1191 171 LUCIANICI
1217 133 1422 171 ENCOMII
1449 134 1497 170 IN
1524 134 1913 171 DEMOSTHENEM.

2078 138 2176 172 1018

1183 222 1290 256 etiam
1319 223 1518 268 quaedam,
1553 222 1712 256 invectus
1739 222 1777 255 in
1800 234 1879 263 eos,
1909 223 1970 268 qui
1996 223 2178 257 calamita-

1182 280 1253 307 tem
1278 275 1508 319 exprobrant.
1575 273 1708 307 Verum
1735 274 1821 320 quid
1851 274 1977 307 attinet
2002 287 2058 307 me
2084 288 2179 309 nunc

1182 325 1358 359 recitare?
1387 325 1476 359 Cum
1493 337 1557 370 ego
1577 326 1621 358 ad
1635 331 1832 359 extremum
1850 326 1981 370 partim
2001 339 2181 371 precarer,

1183 377 1313 423 partim
1349 377 1466 411 minas
1502 375 1708 410 adhiberem
1745 383 1780 410 et
1814 377 1998 411 blanditiis
2026 384 2180 412 terrores

1183 429 1367 464 miscerem
1387 443 1394 462 ;
1436 429 1534 472 Ego,
1579 429 1697 474 inquit
1732 429 1808 469 ille,
1848 429 2055 473 persuaderi
2092 428 2180 462 mihi

1183 488 1346 526 paterer,
1379 481 1408 514 si
1430 478 1581 515 Archias
1607 493 1736 519 essem;
1773 481 1833 514 sed
1857 480 2028 526 quoniam
2049 481 2182 514 Demo-

1183 530 1325 566 sthenes
1351 545 1450 573 sum,
1478 538 1582 577 peto,
1622 538 1661 566 ut
1682 532 1844 576 ignoscas
1869 530 1980 572 mihi,
2022 532 2083 577 qui
2108 545 2182 565 non

1184 584 1354 618 consuevi
1376 584 1583 618 inconstans
1608 596 1692 618 esse.
1761 584 1827 616 Hic
1851 596 1930 617 cum
1959 596 2040 617 eum
2065 584 2100 616 vi
2122 585 2184 617 ab-

1183 637 1312 669 ducere
1338 635 1485 675 vellem,
1525 635 1634 681 idque
1666 635 1740 679 ipse
1774 635 1941 676 sentiret,
1982 635 2099 680 coepit
2125 648 2184 669 me

1184 687 1356 727 irridere,
1383 693 1418 720 et
1437 686 1553 719 Deum
1573 687 1790 731 adspiciens,
1818 686 1885 720 ait:
1914 684 2065 721 Archias
2080 694 2185 731 putat

1185 745 1324 772 tantum
1352 750 1451 771 arma
1469 744 1503 771 et
1520 738 1692 772 exercitus
1711 738 1888 782 praesidia
1910 739 2004 771 vitae
2029 751 2122 779 esse,
2151 745 2185 772 et

1185 803 1303 824 meum
1339 796 1552 834 apparatum
1586 790 1803 829 contemnit,
1841 801 1946 835 quem
1980 802 2185 834 expugnare

1184 854 1301 888 neque
1330 840 1484 887 Illyrici,
1517 853 1634 887 neque
1663 841 1837 881 Triballi,
1878 853 1995 887 neque
2019 842 2186 875 Macedo-

1184 906 1246 928 nes
1262 893 1411 939 possint.
1464 892 1624 926 Firmior
1649 899 1699 927 est
1725 894 1820 926 enim
1847 905 1954 938 quam
1980 893 2038 926 ille
2061 905 2186 928 murus

1184 947 1342 990 ligneus,
1374 957 1480 991 quem
1501 945 1584 978 olim
1608 945 1711 979 nobis
1729 944 1859 989 Apollo
1878 945 2065 989 respondit
2089 945 2186 978 inex-

1185 997 1414 1042 pugnabilem
1445 998 1521 1030 fore
1545 996 1604 1044 55).
1673 996 1766 1031 Nam
1793 1002 1831 1030 ut
1854 997 2044 1041 prudentia
2070 1009 2126 1030 me
2149 997 2186 1030 in

1187 1049 1498 1082 administratione
1533 1048 1751 1093 reipublicae
1789 1061 1954 1082 securum
1996 1048 2187 1093 praestitit,

1185 1102 1233 1134 ita
1252 1114 1308 1134 nie
1327 1101 1497 1134 adversus
1507 1100 1723 1134 Macedones
1740 1112 1903 1134 securum
1915 1101 2052 1134 reddet.
2085 1100 2186 1134 Nun-

1187 1165 1294 1199 quam
1328 1152 1522 1186 sormidavi
1550 1151 1802 1185 Euctimonem
1830 1179 1840 1192 ,
1882 1158 1944 1186 aut
1971 1152 2187 1197 Aristogito-

1186 1217 1290 1245 nem,
1331 1211 1393 1238 aut
1428 1202 1647 1249 Pythaeam,
1691 1210 1725 1237 et
1761 1203 2081 1244 Callimedontem,
2125 1210 2188 1238 aut

1186 1254 1394 1301 Philippum
1408 1283 1416 1296 ‚
1446 1268 1563 1301 neque
1588 1257 1697 1289 modo
1718 1253 1813 1289 hunc
1830 1253 2000 1289 Archiam
2017 1255 2187 1290 formido.

1187 1307 1277 1341 Cum
1299 1306 1385 1341 haec
1405 1307 1565 1341 dixisset:
1601 1308 1696 1352 Age,
1723 1307 1861 1353 inquit,
1886 1320 1931 1341 ne
1949 1308 2077 1341 afferas
2095 1306 2187 1340 mihi

1187 1358 1363 1392 violentas
1385 1371 1530 1397 manus;
1559 1371 1632 1392 non
1659 1359 1752 1392 enim
1771 1359 1973 1404 profanabo
1998 1360 2187 1404 templum,

1187 1416 1363 1455 quantum
1390 1410 1426 1442 in
1452 1423 1509 1443 me
1535 1417 1606 1450 est,
1638 1411 1791 1444 salutato
1806 1410 1884 1444 Deo
1901 1417 2027 1457 sponte
2045 1423 2187 1457 sequar.

1186 1461 1262 1506 Ego
1280 1461 1328 1496 sic
1346 1462 1533 1506 sperabam
1552 1462 1728 1495 facturum
1742 1490 1750 1499 ,
1779 1475 1858 1496 cnm
1878 1463 1937 1496 ille
1957 1475 2104 1496 manum
2133 1463 2189 1496 ori

1188 1515 1375 1553 admovet,
1400 1526 1517 1559 neque
1537 1526 1601 1557 ego
1619 1514 1825 1558 suspicabar
1844 1526 1925 1548 enm
1944 1514 2042 1548 aliud
2059 1515 2188 1555 facere,

1188 1578 1295 1611 quam
1315 1577 1419 1599 orare
1437 1565 1551 1603 Deos;
1579 1566 1639 1599 sed
1657 1566 1742 1611 quid
1760 1566 1890 1611 egerit,
1918 1572 2041 1611 postea
2060 1579 2101 1599 ex
2126 1578 2188 1599 an-

1188 1617 1267 1650 cilla
1285 1629 1350 1662 per
1366 1622 1546 1650 tormenta
1566 1617 1818 1662 cognoximus,
1844 1618 1905 1652 diu
1925 1630 2007 1651 eum
2023 1616 2189 1652 habuisse

1188 1676 1354 1714 paratum
1380 1681 1578 1709 venenum,
1606 1675 1646 1702 ut
1668 1676 1784 1703 morte
1805 1669 2008 1703 libertatern
2037 1670 2190 1704 redime-

1188 1727 1253 1755 ret.
1281 1721 1406 1767 Neque
1423 1727 1520 1754 extra
1538 1720 1663 1765 templi
1679 1720 1790 1754 limen
1806 1721 2090 1768 pervenerat5G)‚
2107 1734 2187 1755 cum

1188 1774 1308 1818 lapsus
1326 1773 1460 1818 inquit:
1492 1772 1570 1805 Hoc
1587 1773 1740 1805 cadaver
1759 1774 1803 1806 ad
1818 1774 2052 1818 Antipatrum
2070 1771 2189 1813 vehes,

1189 1822 1472 1859 Demosthenem
1495 1836 1580 1857 vero
1597 1836 1671 1857 non
1689 1822 1795 1858 vehes
1807 1851 1816 1865 ,
1843 1837 1919 1858 non
1940 1837 2005 1869 per
2022 1850 2031 1859 .
2048 1850 2057 1860 .
2074 1850 2083 1858 .
2142 1824 2190 1858 Et

1188 1877 1378 1910 videbatur
1404 1889 1467 1911 suo
1496 1889 1596 1909 more
1627 1875 1810 1910 iuraturus
1837 1889 1902 1921 per
1926 1876 2027 1917 illos,
2064 1876 2126 1922 qui
2150 1876 2187 1909 in

1186 1927 1403 1962 Marathone
1426 1929 1689 1969 occubuerunt,
1716 1929 1777 1962 sed
1797 1928 2000 1962 valedicens
2017 1928 2187 1962 avolavit.

1185 1982 1289 2015 Hunc
1322 1993 1386 2026 ego
1413 1981 1541 2021 finem,
1576 1991 1662 2019 rex,
1699 1980 1810 2013 affero
1836 1979 2029 2025 expugnati
2053 1979 2186 2013 Demo-

1185 2031 1332 2068 sthenis.
1386 2034 1469 2067 Ant.
1497 2029 1752 2066 Demosthenis
1771 2031 1914 2066 scilicet.
1959 2031 1992 2066 O
2011 2031 2186 2064 invictum

1185 2086 1346 2119 animum
1378 2090 1412 2118 et
1441 2085 1606 2125 beatum,
1641 2096 1749 2130 quam
1786 2096 1999 2128 generosum
2032 2083 2186 2117 facinus!

1185 2136 1384 2172 Prudentia
1403 2143 1455 2171 est
1467 2163 1476 2177 ,
1504 2137 1541 2170 in
1558 2148 1669 2170 manu
1686 2136 1841 2169 retinere
1859 2135 2033 2169 libertatis
2050 2147 2186 2180 posses-

1186 2190 1337 2224 sionem.
1377 2188 1446 2222 Sed
1463 2188 1614 2222 decessit
1629 2188 1788 2222 victurus
1802 2187 1840 2221 in
1854 2188 2043 2221 beatorum
2062 2186 2186 2221 insulis

1186 2242 1281 2287 apud
1306 2239 1453 2281 heroas,
1482 2247 1522 2275 ut
1547 2240 1694 2280 dicitur,
1723 2246 1785 2273 aut
1810 2239 1847 2272 in
1872 2240 2010 2273 coelum
2034 2250 2186 2284 perven-

1185 2300 1306 2334 turus,
1334 2299 1371 2327 ut
1389 2292 1487 2327 Deus
1508 2293 1623 2326 factus
1647 2304 1767 2325 comes
1791 2291 1836 2325 sit
1850 2289 1944 2325 Iovis
1967 2290 2184 2327 liberatoris.

1185 2345 1325 2391 Corpus
1351 2357 1438 2379 vero
1461 2357 1527 2378 nos
1559 2343 1783 2378 remittemus
1807 2340 1987 2384 Athenas,
2022 2343 2185 2376 futurum

1184 2396 1370 2432 honestius
1397 2402 1651 2431 ornamentum
1679 2395 1837 2440 patriae,
1874 2407 1981 2441 quam
2006 2394 2078 2434 illi,
2122 2393 2183 2439 qui

1184 2450 1222 2483 in
1238 2447 1455 2483 Marathone
1477 2449 1734 2482 occubuerunt.

1216 2575 1266 2603 55)
1286 2575 1318 2600 Η.
1335 2575 1352 2598 1.
1369 2574 1397 2598 iu
1411 2573 1508 2597 iisdem
1517 2571 1601 2596 Editt.
1616 2572 1685 2595 nota
1701 2568 1952 2601 margin.1t1icy11i:
1972 2569 2051 2594 Bello
2064 2568 2178 2593 Persico

1252 2609 1397 2639 videlicet,
1418 2615 1478 2632 cum
1496 2607 1530 2631 ad
1550 2606 1719 2630 Salaminem
1736 2606 1887 2636 pugnatum
1907 2605 1957 2628 est.

1216 2662 1265 2689 56)
1292 2662 1324 2685 H.
1340 2661 1356 2685 1.
1375 2660 1402 2683 in
1423 2660 1519 2683 iisdem
1539 2658 1624 2684 Editt.
1645 2659 1711 2682 nota
1731 2656 1849 2688 margin.
1869 2656 1992 2687 Micylli:
2025 2656 2101 2680 Mors
2121 2655 2178 2679 De-

1251 2695 1412 2721 inostheniS.
