2294 2975
91 142 166 178 233
218 140 339 176 XXIII.
391 139 700 175 ARGUMENTA
724 139 790 174 ET
817 139 1021 174 SCHOLIA
1046 139 1095 175 IN
1122 141 1269 177 EPIST.
1296 141 1408 176 FAM.
1438 140 1522 176 CIC.
1549 140 1638 176 LIB.
1655 141 1714 177 Vl.
1740 141 1812 177 ΕΡ.
1831 143 1993 179 18—21.

344 227 482 261 Aliud
509 232 835 270 argumentum.

213 303 394 349 Principio
435 303 524 336 duae
562 302 788 336 narrationes
827 309 1011 347 ponuntur
1044 304 1087 336 de

92 356 249 400 praediis
273 362 305 389 et
321 357 363 389 de
379 366 541 388 sermone
553 381 562 394 ‚
591 366 696 399 quem
714 366 794 387 cum
810 353 930 398 Oppio
954 351 1087 388 habue-

92 407 150 440 rit.
203 407 342 440 Deinde
357 406 500 440 additur
524 405 697 450 expositio
722 405 776 439 sui
795 405 934 438 consilii
952 407 995 438 de
1013 418 1087 438 non

92 459 261 503 parandis
280 458 498 497 muneribus,
516 457 644 502 quibus
660 456 795 490 aditum
814 456 925 500 Lepta
944 458 988 489 ad
1000 456 1087 490 Cae-

91 522 206 543 sarem
234 511 348 543 facere
370 509 542 553 cupiebat.
596 506 635 541 In
660 508 729 540 fine
749 514 798 541 est
814 509 931 541 brevis
950 508 1086 552 pollici-

90 561 198 601 tatio,
226 561 346 594 addita
372 559 584 604 repetitione
609 559 663 593 sui
687 559 837 593 consilii.

303 661 442 695 Aliud
471 660 874 707 argumentumssc).

189 738 415 773 Dissuasoria
449 745 519 779 est,
557 745 589 771 et
614 739 774 771 continet
797 739 883 771 duas
908 738 1084 771 narratio-

87 802 160 824 nes.
213 789 254 823 In
269 790 385 835 prima
402 790 585 834 praedicat
603 789 757 822 officium
774 789 945 829 maculae,
973 800 991 820 a
1012 801 1082 834 quo

88 848 163 875 erat
187 842 374 880 invitatus;
401 842 524 874 laudat
549 841 645 874 iuxta
666 840 788 872 villam
812 839 885 873 eius
912 846 945 872 et
960 839 1081 872 villam

84 892 231 938 Leptae.
284 891 324 925 In
351 893 460 926 altera
484 892 662 926 dissuadet
685 890 840 934 Leptae,
875 902 919 923 ne
948 890 1082 923 ambiat

86 945 238 989 gratiam
256 944 416 978 Caesaris
437 955 502 988 per
518 953 667 976 munera
679 968 688 981 ,
717 948 749 974 et
774 941 911 975 consilii
929 941 983 976 sui
1001 954 1081 975 cau-

84 1008 140 1030 sas
168 996 282 1029 affert.

264 1085 442 1122 Scholia
477 1086 523 1119 in
552 1086 796 1130 epistolam
822 1087 896 1121 XX.

186 1164 217 1210 §.
242 1168 275 1200 1.
309 1167 481 1200 Dederam
508 1166 621 1198 triduo
646 1161 745 1211 ante]
779 1163 995 1204 Consilium,
1036 1176 1080 1197 ne

83 1217 250 1252 Toranus
270 1230 311 1251 ex
327 1217 388 1249 illo
407 1216 485 1248 loco
502 1215 669 1249 discedat.
748 1217 850 1249 Nihil
863 1213 961 1263 puio]
991 1215 1081 1248 Pro-

83 1269 226 1314 positio.
286 1271 377 1303 Nam
390 1264 548 1313 praeter]
577 1266 823 1300 Narrationes.

186 1327 215 1374 ἓ.
235 1329 270 1363 3.
297 1330 351 1362 De
367 1326 584 1373 2·eliqus4⁹)]
612 1325 814 1360 Conclusio.

387 1429 709 1473 Argumentum
724 1426 782 1474 5⁰).

183 1506 332 1542 Generis
358 1505 581 1538 deliberativi
605 1511 656 1538 est
673 1503 760 1537 haec
775 1502 921 1547 epistola
935 1529 943 1542 ,
971 1508 1004 1535 et
1020 1513 1081 1546 ap-

81 1565 182 1606 paret
207 1570 285 1592 eam
314 1557 482 1601 scriptam
501 1568 593 1595 esse,
622 1568 701 1588 cum
719 1554 850 1588 Caesar
865 1553 997 1587 bellum
1024 1565 1081 1597 ge-

80 1617 175 1645 reret
192 1610 229 1642 in
243 1608 418 1654 Hispania
438 1621 516 1641 cum
535 1607 701 1651 Pompeii
726 1605 856 1640 liberis.
912 1604 1081 1638 Continet

83 1668 202 1696 autem
227 1662 316 1694 duos
346 1660 462 1699 locos,
498 1658 685 1692 consilium
718 1664 752 1691 et
785 1657 1079 1691 consolationem.

81 1712 245 1748 Consulit
267 1718 386 1744 autem
406 1710 553 1743 Torano
588 1709 700 1749 exuli,
734 1722 778 1742 ne
809 1715 941 1741 temere
966 1714 1081 1741 mutet

80 1766 199 1799 locum
226 1769 374 1808 propter
389 1762 520 1795 multas
546 1773 688 1800 causas,
710 1772 775 1793 nec
798 1772 833 1793 se
854 1759 998 1793 Caesari
1024 1771 1080 1792 re-

81 1815 205 1851 deunti
229 1827 270 1848 ex
295 1813 467 1858 Hispania
496 1813 564 1852 ita,
594 1818 633 1844 ut
655 1811 908 1851 constituerat,
940 1810 1078 1844 offerat.

80 1867 277 1903 Exordium
298 1863 405 1898 habet
423 1862 686 1897 excusationem
704 1861 900 1895 brevitatis.
954 1861 1079 1907 Sequi-

81 1927 139 1954 tur
162 1916 382 1964 propositio,
410 1928 501 1961 quae
524 1914 682 1947 continet
705 1913 912 1951 consilium,
941 1924 984 1945 ne
1002 1912 1079 1945 To-

78 1983 189 2005 ranus
209 1982 249 2002 ex
270 1969 336 2002 isto
354 1968 431 2001 loco
457 1967 633 2005 discedat,
659 1972 811 2011 suntque
829 1963 970 1997 additae
987 1964 1078 1997 duae

77 2023 248 2060 rationes,
276 2020 386 2053 altera
403 2020 446 2052 de
462 2017 698 2051 incommodis
714 2015 968 2060 navigationis:
995 2014 1078 2049 Non

79 2081 130 2109 est
158 2073 260 2106 valde
283 2071 512 2104 commodum
532 2069 569 2102 in
601 2066 718 2102 hieme
742 2067 931 2112 navigare3
965 2066 1077 2099 altera

80 2127 123 2160 de
147 2123 400 2158 commoditate
425 2121 514 2161 loci,
557 2121 595 2153 in
624 2132 695 2166 quo
721 2131 817 2153 nunc
848 2125 916 2159 est,
950 2124 989 2151 ut
1017 2117 1078 2163 qui

78 2176 192 2223 possit
206 2175 254 2208 ibi
273 2174 402 2207 certior
419 2173 497 2206 fieri
513 2173 555 2205 de
575 2172 758 2205 voluntate
776 2170 947 2205 Caesaris.
984 2168 1077 2202 Con-

80 2228 190 2262 clusio
228 2226 385 2260 continet
423 2224 704 2258 consolationem
737 2224 780 2256 ab
821 2220 1011 2265 exemplis,
1056 2233 1074 2253 a

79 2286 176 2314 recta
199 2276 432 2316 conscientia,
470 2282 504 2309 et
526 2282 622 2309 recta
647 2287 772 2315 causa,
802 2286 909 2320 quam
937 2279 1076 2306 secutus

79 2333 142 2372 sit,
172 2343 190 2363 a
217 2328 399 2363 communi
420 2327 601 2372 periculo,
629 2327 673 2359 ab
697 2324 867 2365 honesto,
892 2330 925 2358 et
950 2325 994 2357 ab
1018 2336 1075 2357 ae-

78 2390 163 2418 tate.

110 2521 177 2548 480)
195 2519 254 2543 Hoc
271 2516 462 2548 argumentum
478 2514 609 2545 praebent
626 2513 711 2538 Editt.
726 2512 833 2537 1565-
843 2511 920 2536 1596.

112 2573 160 2601 49)
178 2570 315 2601 reliquis]
335 2567 374 2591 sic
392 2565 476 2590 Editt.
497 2564 581 2593 1537..
603 2565 677 2588 1545.
695 2563 723 2588 in
740 2565 816 2588 textu
835 2565 862 2588 et
883 2562 967 2587 Eidtt.
984 2562 1072 2591 1540,

146 2607 233 2636 1544„
254 2604 341 2630 1554..
362 2601 453 2631 1557„
475 2600 550 2623 1560.
568 2599 595 2622 in
615 2599 670 2624 Cic.
689 2599 783 2623 verbis
808 2599 870 2622 huic
887 2600 970 2622 notae
988 2603 1071 2627 prae-

145 2641 225 2666 fixis,
255 2640 282 2663 in
309 2639 384 2661 textu
409 2637 499 2660 autem
518 2634 714 2660 Editt.1544..
742 2634 836 2663 1546„
864 2634 955 2662 1554„
982 2632 1071 2663 1557..

146 2676 234 2705 1560„
254 2673 329 2697 1601.
348 2677 434 2702 aeque
453 2675 485 2693 ac
502 2669 551 2692 Ed.
571 2668 656 2692 Orell.
675 2669 776 2692 habent
794 2669 917 2699 reliquo.

110 2728 158 2756 50)
182 2728 240 2750 Hoc
261 2724 451 2756 argumentum
471 2722 498 2745 et
517 2720 569 2744 duo
589 2719 732 2750 sequentia
751 2719 778 2743 in
798 2719 880 2745 Editt.
898 2719 983 2751 1556„
1005 2718 1071 2742 1565

143 2761 259 2786 -1596,
279 2759 399 2784 exstant.

2063 144 2139 180 234

1386 227 1525 262 Aliud
1554 234 1883 272 argumentum.

1244 302 1345 337 Duae
1361 310 1442 337 sunt
1461 304 1630 349 epistolae
1647 304 1690 336 ad
1709 304 1915 345 Toranum,
1944 318 2034 351 quae
2056 317 2138 338 con-

1141 360 1235 387 stant
1253 356 1377 388 eodem
1394 361 1618 399 argumento.
1670 355 1778 388 Prior
1794 356 1883 389 duos
1907 354 2015 390 habet
2029 357 2139 398 locos,

1142 406 1329 439 consilium
1348 408 1390 440 de
1415 407 1669 440 commoditate
1694 407 1781 447 loci,
1821 413 1854 440 et
1884 407 2029 440 brevem
2055 420 2139 441 con-

1141 457 1365 491 solationem.
1394 457 1591 491 Exordium
1610 458 1769 491 continet
1786 459 2047 492 excusationem
2058 459 2138 492 bre-

1141 508 1259 542 vitatis
1286 509 1500 543 litterarum.
1567 509 1773 554 Propositio
1805 516 1855 543 est
1878 509 1994 554 ipsum
2024 511 2138 544 consi-

1139 559 1226 592 lium
1252 560 1294 592 de
1318 560 1417 599 loco,
1455 572 1560 605 quem
1585 561 1684 593 nullo
1717 561 1825 593 modo
1852 567 2000 605 propter
2025 568 2137 596 certas

1139 610 1296 644 rationes
1326 617 1465 644 mutare
1490 611 1604 644 debet.
1675 611 1882 645 Consolatio
1914 613 2066 647 sumitur
2096 625 2138 647 ex

1139 661 1218 693 loco
1243 662 1426 695 communi
1448 662 1490 694 de
1510 662 1745 702 conscientia,
1771 662 1826 696 cui
1852 664 1995 697 additur
2018 665 2136 698 brevis

1138 711 1348 755 significatio
1370 713 1501 746 amoris
1529 719 1563 746 et
1584 713 1750 747 desiderii
1768 714 1926 748 omnium
1940 741 1948 755 ‚
1977 715 2037 761 qui
2055 722 2137 749 sunt

1139 774 1179 795 ex
1195 763 1330 795 familia
1348 763 1498 797 Torani.
1551 763 1591 797 In
1614 765 1683 797 fine
1709 771 1759 798 est
1782 765 1989 800 brevissima
2007 767 2136 812 repeti-

1137 813 1186 845 tio
1210 814 1467 858 propositionis
1495 827 1559 859 per
1586 813 1888 851 adhortationem.

1379 904 1516 938 Aliud
1542 912 1875 949 argumentum.

1238 970 1388 1005 Exordii
1404 971 1479 1005 vice
1495 972 1610 1016 posita
1629 978 1679 1006 est
1694 972 1812 1006 brevis
1828 973 2000 1007 narratio.
2034 974 2135 1008 Hanc

1135 1022 1296 1067 sequitur
1327 1023 1548 1069 propositio,
1590 1036 1680 1069 quae
1711 1024 1870 1057 continet
1904 1025 2134 1059 consultatio-

1135 1085 1216 1106 nem
1243 1075 1286 1107 de
1318 1075 1416 1115 loco,
1452 1074 1514 1108 ubi
1545 1076 1732 1108 commode
1762 1075 1874 1120 possit
1905 1078 2136 1112 commorari.

1135 1124 1307 1159 Rationes
1333 1126 1423 1159 duae
1451 1125 1706 1167 subiiciuntur,
1747 1128 1791 1160 ab
1815 1126 1892 1160 utili
1922 1134 1955 1160 et
1981 1140 2000 1160 a
2028 1129 2135 1163 facili.

1134 1175 1274 1209 Deinde
1303 1177 1446 1210 additur
1477 1175 1811 1217 dehortatiuncula,
1853 1190 1898 1210 ne
1927 1178 2072 1213 Caesari
2095 1192 2135 1213 ex

1134 1227 1307 1272 Hispania
1330 1229 1495 1262 redeunti
1517 1241 1552 1263 se
1570 1229 1713 1262 obviam
1740 1229 1939 1274 praeberet.
1992 1230 2135 1264 Postre-

1135 1291 1194 1311 mo
1219 1279 1367 1324 ponitur
1390 1280 1508 1314 brevis
1536 1280 1753 1320 consolatio,
1791 1280 1888 1314 cuius
1922 1289 2132 1325 argumenta

1138 1337 1278 1375 sumpta
1310 1338 1392 1364 sunt
1415 1343 1434 1365 a
1459 1331 1641 1365 communi
1666 1344 1766 1372 casu,
1803 1344 1909 1377 quem
1940 1332 2053 1366 vitare
2085 1339 2137 1367 est

1136 1381 1368 1426 impossibile.
1434 1381 1522 1416 Item
1555 1395 1574 1415 a
1608 1382 1823 1416 conscientia
1848 1389 1942 1416 recte
1964 1384 2067 1424 facti,
2103 1391 2136 1418 et

1137 1433 1185 1477 ab
1203 1432 1278 1477 ipsa
1303 1439 1429 1467 aetate.
1481 1432 1522 1466 In
1546 1434 1615 1466 fine
1641 1434 1784 1468 additur
1806 1434 2015 1478 significatio
2042 1435 2137 1469 vale-

1135 1482 1288 1524 tudinis,
1317 1491 1351 1517 et
1374 1484 1496 1528 magni
1512 1485 1679 1518 desiderii
1704 1485 1903 1518 amicorum
1920 1485 2070 1520 Torani.

1306 1566 1492 1603 Scholia
1522 1569 1567 1602 in
1600 1570 1844 1614 epistolam
1872 1569 1962 1604 XXI.

1239 1633 1269 1679 ἓ.
1289 1637 1322 1670 1.
1351 1639 1444 1678 Etsi,
1472 1649 1572 1683 quum
1590 1639 1671 1671 haec
1686 1636 1888 1686 scriberem]
1913 1637 2133 1674 Consolatio.

1134 1685 1286 1720 Orditur
1295 1687 1341 1734 ⁵¹)
1360 1700 1378 1720 a
1396 1688 1605 1722 narratione
1623 1701 1772 1723 suorum
1796 1690 2039 1724 consiliorum.

1238 1736 1268 1782 ξ.
1285 1741 1321 1774 2.
1356 1741 1449 1774 Haec
1473 1738 1679 1787 scripsi⁵²)]
1708 1741 1910 1785 Applicatio
1938 1742 1984 1775 ad
2008 1754 2131 1776 conso·

1131 1787 1318 1824 lationem.

1436 1866 1830 1915 Argumentumffl).

1234 1933 1395 1979 Epistola
1422 1942 1473 1969 est
1496 1936 1634 1979 generis
1658 1936 1901 1977 deliberativi,
1930 1938 2131 1971 consolato-

1132 1984 1198 2019 ria,
1252 1985 1432 2030 Proponit
1450 1987 1546 2019 enim
1565 1987 1734 2026 Torano,
1763 1987 1825 2032 qui
1842 1988 1962 2020 eadem
1984 1988 2131 2022 consilia

1132 2036 1170 2068 in
1185 2037 1278 2070 bello
1296 2043 1434 2071 secutus
1450 2044 1546 2077 erat,
1574 2050 1677 2070 suum
1701 2038 1920 2082 exemplum,
1950 2045 1983 2071 et
2007 2037 2131 2073 horta-

1134 2094 1214 2128 tur,
1257 2094 1297 2122 ut
1321 2100 1356 2121 se
1384 2088 1510 2121 eodem
1536 2089 1644 2121 modo
1670 2086 1739 2122 hoc
1764 2094 1925 2134 tempore
1951 2091 2130 2124 consolari

1131 2138 1228 2173 velit.
1282 2139 1433 2172 Orditur
1457 2146 1574 2173 autem
1601 2152 1619 2173 a
1646 2141 1989 2174 commemoratione
2014 2143 2129 2176 consi-

1130 2190 1262 2223 liorum
1289 2191 1427 2224 Torani
1457 2197 1491 2224 et
1520 2203 1687 2232 suorum,
1727 2193 1824 2238 quod
1858 2204 1998 2237 semper
2030 2193 2125 2227 idem

1129 2248 1279 2287 uterque
1298 2242 1472 2276 senserint
1488 2243 1531 2276 de
1556 2243 1651 2276 exitu
1677 2243 1787 2276 civilis
1812 2243 1906 2277 belli.
1959 2243 2045 2277 Vult
2064 2257 2126 2279 au·

1129 2300 1201 2326 tem
1227 2292 1293 2327 hoc
1318 2294 1401 2327 inde
1425 2294 1579 2335 efficere,
1619 2301 1657 2327 ut
1692 2295 1996 2340 quemadmodum
2020 2303 2125 2330 antea

1130 2346 1253 2378 eadem
1270 2345 1438 2379 Toranus
1455 2346 1623 2385 senserit,
1650 2345 1698 2378 ita
1716 2358 1812 2379 nunc
1831 2358 1974 2392 quoque
1999 2348 2125 2381 eodem

1127 2398 1236 2430 modo
1253 2409 1288 2430 se
1305 2397 1387 2430 velit
1410 2397 1544 2441 erigere
1569 2403 1691 2430 contra
1718 2398 1902 2432 adversam
1928 2398 2123 2433 fortunam.

1160 2526 1208 2553 51)
1228 2524 1399 2550 Consolatio.
1427 2522 1555 2553 orditur]
1575 2525 1614 2549 sic
1632 2526 1673 2549 Ed
1703 2525 1798 2557 1537.;
1816 2525 1901 2552 Editt.
1925 2527 2016 2557 1540„
2038 2528 2125 2559 1544„

1197 2561 1287 2591 1554..
1322 2560 1395 2583 1557.
1435 2559 1604 2584 Consolatio.
1636 2560 1750 2585 Orditur
1781 2562 1887 2592 autem3
1924 2562 2122 2595 Editt.;l545.,

1194 2595 1271 2620 1560.
1291 2594 1447 2619 Conclusio.
1467 2594 1582 2618 Orditur
1600 2595 1665 2624 (Ed.
1686 2595 1760 2619 1545.
1778 2596 1953 2625 Exorditur).

1158 2637 1207 2666 52)
1224 2637 1279 2661 Pro
1298 2637 1341 2660 his
1358 2637 1413 2661 Cic.
1433 2636 1527 2660 verbis
1544 2636 1572 2660 in
1591 2637 1674 2662 Editt.
1696 2638 1783 2669 1545„
1803 2638 1878 2663 1560.
1898 2638 1958 2663 huic
1976 2642 2058 2664 notae
2071 2640 2124 2663 ad·

1193 2672 1298 2702 scripta
1315 2673 1378 2695 sunt
1396 2671 1606 2702 subsequentia:
1626 2673 1734 2704 Magna
1752 2673 1827 2698 enim
1844 2674 2018 2699 consolatio.

1157 2715 1206 2744 53)
1225 2716 1283 2739 Hoc
1300 2715 1491 2745 argumenttun
1509 2716 1537 2739 et
1556 2715 1608 2739 duo
1628 2716 1771 2746 sequentia
1789 2716 1816 2740 in
1835 2716 1918 2740 Editt.
1939 2717 2031 2749 1556.,
2053 2718 2121 2742 1565

1193 2750 1312 2775 -1596,
1332 2749 1516 2779 reperiuntur.
