2351 2990
209 138 283 174 887

209 237 229 257 a
246 220 487 257 Demosthene
503 221 745 254 Alexandrum
762 228 795 254 et
813 221 940 254 deinde
949 219 1198 264 Antipatrum3

209 276 270 309 sed
288 273 375 307 haec
394 285 475 317 pars
492 273 597 306 etiam
623 272 749 315 frigida
777 278 838 305 est.
892 272 1088 316 Postquam
1111 268 1199 303 haec

210 333 372 369 tempora
391 324 586 369 pertexuit,
615 323 737 366 incipit
757 324 798 355 de
816 335 968 366 persona
981 323 1119 361 dicere,
1155 323 1197 354 de

209 388 337 421 genere
352 382 386 409 et
403 375 580 413 moribus,
607 373 682 406 xult
708 374 744 406 in
767 374 844 406 viro
868 373 1014 418 politico
1038 373 1198 406 conside-

209 428 282 461 rari
299 426 450 471 patriam
462 453 470 466 ,
490 426 667 458 maiorum
684 436 764 467 erga
782 424 1038 469 rempublicam
1057 424 1198 463 merita,

209 477 443 517 modestiam,
477 483 657 521 postremo
681 476 908 520 prudentiam
932 482 965 509 et
989 475 1128 509 dicendi
1148 476 1199 508 fa-

212 530 390 564 cultatem.

312 578 449 612 Deinde
468 576 592 609 concio
610 576 790 622 sequitur,
818 577 1000 611 contendit
1016 588 1089 610 non
1116 588 1198 609 con-

209 631 404 664 cedendum
425 640 517 665 csse,
544 634 583 661 ut
601 628 647 661 ita
667 628 795 672 passim
825 635 859 661 et
877 629 981 672 vulgo
1006 629 1199 661 decernan-

209 688 267 715 tur
284 692 437 714 coronae
457 686 490 712 et
509 677 682 719 honores,
709 679 794 712 dicit
810 686 843 712 et
861 680 903 713 de
921 679 1107 713 severitate
1124 690 1198 711 ma-

209 732 326 765 iorum
344 732 381 764 in
399 730 612 764 damnandis
629 730 669 763 iis
681 756 689 770 ,
715 731 775 775 qui
793 731 932 764 decreta
957 737 1080 764 contra
1106 730 1198 773 leges

209 784 377 817 fecerant.
423 782 550 815 Postea
567 781 675 825 petit,
693 793 736 813 ne
753 783 968 815 concedatur
988 778 1199 815 Demosthe-

208 834 266 875 ni,
294 840 333 868 ut
349 833 441 867 dicat
465 845 530 877 pro
548 831 797 876 Ctesiphonte,
825 840 885 866 aut
909 833 938 866 si
961 833 1118 865 dicturus
1136 837 1199 871 est,

209 892 249 919 ut
264 891 411 929 cogatur
426 883 527 929 sequi
545 883 708 917 ordinem
727 884 883 927 capitum
901 883 1146 917 accusationis.

310 936 498 970 Postremo
517 947 580 979 per
601 935 870 979 occupationem
899 935 1003 968 diluit
1027 932 1200 973 convicia,

209 999 302 1033 quae
320 993 442 1032 postea
461 986 618 1019 dicturus
645 992 720 1018 erat
736 984 1014 1025 Demosthenes,
1043 992 1077 1019 et
1101 996 1202 1029 repe-

209 1039 253 1072 tit
276 1038 563 1071 criminationem
585 1037 835 1081 praecipuam,
871 1038 968 1083 quod
990 1036 1075 1069 belli
1096 1047 1200 1069 causa

208 1089 326 1124 suerit.
379 1089 477 1123 Sicut
499 1100 646 1128 manus,
671 1088 807 1134 inquit,
836 1100 905 1134 qua
931 1088 1110 1134 quispiam
1134 1086 1201 1121 sibi

210 1147 364 1173 mortem
394 1139 581 1180 conscivit,
623 1140 781 1184 praecisa
811 1152 885 1173 non
918 1139 1087 1184 sepelitur
1121 1150 1200 1171 cum

209 1192 348 1237 reliquo
369 1203 537 1236 corpore,
564 1190 612 1224 sic
629 1197 734 1224 autor
754 1191 848 1224 necis
867 1191 996 1224 civium
1018 1202 1037 1223 a
1062 1189 1201 1234 reliqua

209 1242 437 1277 multitudine
462 1242 591 1275 civium
616 1242 801 1286 pellendus
827 1249 896 1282 est,
926 1254 988 1276 seu
1013 1241 1202 1281 tollendus,

208 1301 249 1328 ut
266 1291 438 1340 ἀλάστωρ
453 1306 515 1327 seu
529 1289 713 1339 κάθαρμα
730 1299 763 1326 et
779 1293 959 1337 piaculum
972 1320 981 1333 ‚
1008 1299 1101 1326 totas
1118 1304 1202 1336 gen-

210 1352 261 1379 tes
276 1346 458 1390 polluens,
485 1351 520 1377 et
542 1344 633 1376 iram
651 1344 718 1376 Dei
741 1344 886 1378 irritans
911 1350 1036 1377 contra
1058 1343 1201 1377 univer-

209 1409 278 1431 sos.
383 1396 478 1429 Haec
495 1401 546 1429 est
563 1395 764 1440 argumenti
781 1407 933 1430 summa.

210 1478 452 1516 Aeschinis
481 1479 628 1513 oratio
655 1485 816 1512 contra
841 1476 1201 1523 Ctesiphontem.

312 1548 470 1588 Videtis,
498 1547 611 1587 cives,
639 1547 725 1593 quid
750 1545 1000 1580 machinentur
1023 1547 1202 1586 nonnulli,

211 1600 394 1647 quomodo
413 1605 644 1639 concurrant,
670 1610 848 1644 quamque
867 1598 1052 1632 ambitiose
1069 1598 1106 1631 in
1121 1599 1200 1631 foro

210 1654 466 1697 deprecentur,
492 1662 563 1696 quo
589 1650 706 1683 minus
729 1650 827 1683 urbis
853 1650 945 1693 leges
971 1656 1076 1694 atque
1102 1648 1203 1682 insti-

211 1709 288 1738 tuta
318 1708 514 1736 serventur.
570 1700 646 1744 Ego
675 1707 793 1734 autem
816 1701 921 1733 venio
948 1700 1105 1744 primum
1123 1700 1202 1734 Diis

212 1753 474 1788 immortalibus
501 1752 671 1792 confisus,
706 1752 834 1785 deinde
859 1751 994 1796 legibus
1020 1763 1059 1784 ac
1084 1758 1201 1786 vestra

213 1805 412 1851 aequitate,
440 1815 615 1848 speroque
632 1803 728 1836 nulla
746 1803 895 1836 artificia
920 1803 999 1847 plus
1022 1815 1130 1848 quam
1154 1803 1202 1836 le-

211 1869 269 1902 ges
289 1862 323 1889 et
341 1855 393 1889 ius
409 1854 590 1900 publicum
608 1855 703 1898 apud
720 1866 782 1887 vos
796 1854 948 1888 valitura
966 1866 1051 1888 esse.
1090 1854 1202 1899 Opta-

211 1908 280 1941 rim
300 1913 417 1940 autem
433 1912 594 1940 senatum
619 1912 654 1938 et
677 1905 885 1938 concionem
909 1905 1113 1939 universam
1134 1905 1202 1939 rite

212 1971 232 1993 a
249 1958 514 2003 magistratibus
538 1957 678 2000 rogari,
706 1963 740 1989 et
764 1957 875 2000 leges,
904 1969 992 2002 quas
1013 1957 1057 1989 de
1083 1963 1203 1990 orato-

211 2011 308 2045 ribus
328 2010 454 2043 ordine
469 2008 638 2052 rogandis
656 2008 766 2041 Solon
791 2008 890 2047 tulit,
917 2008 1074 2049 servari,
1102 2016 1136 2042 et
1161 2010 1203 2042 li-

212 2074 290 2096 cere
304 2061 431 2106 cuique
449 2060 605 2093 maximo
621 2066 709 2092 natu
721 2085 729 2099 ,
745 2059 835 2092 sicut
853 2059 946 2102 leges
963 2059 1106 2101 iubent,
1123 2073 1204 2105 sug-

212 2119 347 2158 gestum
381 2111 635 2150 conscendere,
675 2110 818 2143 nemine
854 2109 1088 2154 impediente,
1135 2124 1202 2156 pro

211 2176 273 2199 sua
294 2163 508 2208 experientia
529 2161 664 2206 optima
683 2161 815 2194 civitati
839 2162 1040 2200 consulere;
1075 2163 1203 2196 deinde

211 2215 370 2261 reliquos
385 2214 476 2249 cives
493 2226 559 2258 pro
586 2218 719 2252 aetate,
754 2212 900 2252 ordine,
935 2225 999 2246 suo
1025 2226 1203 2259 quemque

212 2267 292 2300 loco
329 2266 541 2300 sententiam
576 2263 704 2297 dicere.
766 2263 822 2297 Sic
854 2261 943 2296 mihi
967 2265 1149 2299 videretur
1171 2272 1206 2299 et

212 2318 297 2351 urbs
329 2317 463 2362 optime
493 2314 757 2355 administrari,
806 2321 840 2348 et
869 2315 987 2349 minus
1018 2316 1203 2362 aliquanto

211 2368 328 2402 litium
344 2369 420 2401 fore
436 2368 530 2401 inter
546 2367 650 2400 cives.

314 2419 448 2452 Verum
469 2418 590 2452 omnia
607 2416 791 2463 praeclara
811 2416 971 2450 instituta
981 2423 1099 2450 vetera
1110 2429 1206 2451 nunc

215 2469 359 2503 abolent
393 2470 558 2515 quidam,
595 2475 629 2502 et
659 2469 826 2502 audacter
859 2480 970 2502 novas
1001 2468 1205 2512 rogationes

215 2527 341 2554 contra
366 2521 458 2564 leges
481 2521 619 2560 ferunt,
648 2531 777 2565 easque
793 2520 1031 2564 comprobant
1047 2519 1107 2552 alii
1123 2521 1205 2554 sub-

215 2571 353 2611 ornati,
378 2583 442 2604 nec
461 2583 524 2615 per
548 2577 679 2604 sortem
704 2571 861 2614 legitime
887 2571 996 2604 creati
1020 2571 1204 2614 magistra-

214 2629 282 2658 tus.
331 2622 521 2656 Praeterea
538 2633 616 2654 cum
634 2622 786 2655 aliorum
802 2628 1007 2656 senatorum
1024 2621 1202 2667 quispiam

214 2687 279 2719 per
296 2680 427 2707 sortem
453 2672 608 2716 legitime
632 2673 756 2706 ductus
777 2674 983 2706 moderator
1009 2672 1202 2715 concionis,

215 2732 332 2760 vestra
350 2724 516 2769 suffragia
534 2723 600 2758 rite
616 2724 820 2758 renuntiare
837 2725 930 2766 vult,
956 2723 1113 2770 improbi
1137 2725 1201 2766 illi,

791 134 913 169 PHIL.
950 133 1063 169 MEL.
1096 132 1297 168 SCRIPTA
1331 131 1668 169 PHILOLOGICA.

2166 135 2241 170 888

1253 218 1313 264 qui
1348 219 1606 264 rempublicam
1631 232 1705 253 non
1729 219 1801 253 iam
1829 219 1990 253 omnium
2017 231 2243 253 communem

1251 282 1324 303 esse
1344 270 1498 311 ducunt,
1524 272 1584 304 sed
1604 271 1640 304 in
1661 283 1760 305 suam
1786 277 1999 316 potestatem
2022 283 2168 315 prorsus
2189 282 2245 304 re-

1250 322 1442 365 degerunt,
1470 321 1653 356 minantur
1668 320 1750 355 huic
1764 322 2023 356 accusationem
2037 348 2046 362 ‚
2073 328 2107 355 et
2125 321 2244 366 priva-

1251 379 1306 405 tos
1323 372 1414 405 cives
1440 372 1477 404 in
1501 373 1707 406 servitutem
1733 373 1917 417 redigunt,
1945 379 1980 406 et
2003 384 2151 417 regnum
2175 372 2243 406 sibi

1251 421 1520 462 machinantur,
1553 424 1758 465 etliudicia,
1793 436 1883 470 quae
1919 436 1960 457 ex
1987 424 2123 467 legibus
2145 435 2242 457 exer-

1251 474 1442 514 cebantur,
1470 474 1698 508 sustulerunt.
1751 474 1813 508 Illa
1831 487 1937 516 vero,
1965 487 2055 520 quae
2075 487 2117 508 ex
2138 473 2242 508 novis

1252 525 1402 558 decretis
1433 524 1715 565 constituuntur,
1748 526 1831 559 irati
1860 538 1926 571 pro
1960 525 2031 560 suis
2059 525 2243 559 affectibus

1252 581 1425 609 exercent.
1477 575 1607 608 Etiam
1625 576 1794 609 conticuit
1807 575 2096 611 honestissimum
2120 576 2244 609 mode-

1252 627 1516 672 stissimumque
1534 627 1571 659 in
1590 627 1678 660 urbe
1695 628 1939 671 praeconium.
1992 627 2082 673 Quis
2105 639 2244 667 eorum,

1252 677 1313 723 qui
1344 677 1679 723 quinquagesimum
1711 690 1846 711 annum
1869 678 1998 722 egressi
2022 684 2124 718 sunt,
2159 689 2243 711 con-

1252 729 1389 761 cionari
1406 728 1505 761 vult?
1533 729 1611 774 quis
1627 729 1753 762 deinde
1771 729 1923 763 aliorum
1940 729 2069 762 civium
2085 740 2149 763 suo
2163 728 2242 762 loco

1251 780 1327 813 vult
1343 779 1555 813 sententiam
1573 780 1713 813 dicere?
1741 780 1895 826 denique
1917 778 2104 813 rhetorum
2127 779 2244 824 impu-

1252 830 1408 864 dentiam
1432 843 1506 863 non
1530 829 1738 871 cohercere,
1778 832 1847 864 iam
1872 843 1988 877 neque
2010 831 2105 875 leges
2128 842 2244 876 neque

1252 881 1430 926 principes
1447 888 1588 915 senatus
1599 909 1608 921 ,
1624 894 1741 927 neque
1757 884 2002 916 moderatores
2018 881 2244 921 concionum,

1253 944 1369 978 neque
1386 933 1591 977 praesidens
1609 933 1722 966 tribus
1736 940 1863 977 potest.
1917 933 2005 967 Cum
2023 931 2110 966 haec
2132 932 2181 965 ita
2207 943 2244 966 se

1253 982 1411 1017 habeant
1428 983 1466 1016 in
1483 981 1549 1016 hac
1573 984 1789 1029 reipublicae
1813 984 2103 1029 perturbatione,
2131 995 2245 1029 quan-

1254 1041 1329 1068 tum
1360 1047 1424 1079 ego
1456 1034 1635 1079 intelligo,
1666 1047 1777 1069 unum
1802 1034 1870 1069 hoc
1893 1035 2108 1069 iudiciorum
2135 1046 2246 1079 genus

1255 1084 1370 1119 adhuc
1384 1086 1562 1131 reliquum
1580 1092 1649 1126 est,
1664 1087 1760 1131 quod
1777 1088 1882 1121 datur
1899 1088 2067 1120 adversus
2083 1097 2164 1127 eos,
2182 1085 2245 1131 qui

1254 1138 1394 1170 decreta
1412 1143 1535 1170 contra
1554 1138 1648 1181 leges
1664 1137 1834 1172 scribunt.
1887 1138 1993 1183 Quod
2013 1137 2042 1171 si
2064 1135 2133 1170 hoc
2154 1136 2248 1170 iudi-

1255 1188 1347 1222 cium
1369 1188 1549 1234 antiquari
1566 1188 1797 1233 permiseritis
1808 1215 1817 1229 ,
1843 1189 2011 1233 praedico
2027 1188 2128 1222 vobis
2145 1187 2248 1222 brevi

1254 1241 1434 1280 futurum,
1476 1245 1516 1273 ut
1545 1239 1749 1273 universam
1776 1240 2034 1284 rempublicam
2060 1237 2152 1272 nihil
2176 1239 2246 1273 tale

1256 1291 1444 1335 opinantes
1473 1290 1654 1324 amittatis.
1723 1290 1826 1324 Scitis
1858 1291 1952 1324 enim
1986 1290 2143 1334 triplices
2171 1302 2245 1324 esse

1254 1343 1387 1375 formas
1413 1340 1595 1374 civitatum
1622 1342 1869 1385 regendarum.
1922 1341 1995 1374 Aut
2017 1342 2112 1374 enim
2137 1353 2246 1385 penes

1253 1405 1367 1426 unum
1393 1404 1532 1425 summa
1559 1391 1774 1436 reipublicae
1799 1399 1869 1433 est,
1903 1399 1965 1425 aut
1986 1403 2095 1436 penes
2115 1402 2249 1436 paucos

1255 1443 1462 1487 optimates,
1490 1449 1551 1476 aut
1566 1455 1674 1487 penes
1689 1444 1875 1487 populum.
1926 1442 2010 1476 Illae
2025 1448 2146 1476 autem
2163 1442 2248 1476 civi-

1255 1501 1361 1533 tates,
1392 1506 1482 1539 quae
1499 1494 1563 1527 uni
1577 1500 1723 1537 parent,
1751 1500 1812 1527 aut
1828 1506 1847 1526 a
1865 1494 1987 1538 paucis
2015 1493 2247 1538 optimatibus

1256 1551 1449 1589 reguntur,
1477 1545 1724 1588 gubernantur
1740 1557 1781 1578 ex
1795 1545 1979 1579 voluntate
2006 1556 2150 1585 eorum,
2184 1545 2248 1591 qui

1254 1597 1450 1640 imperant3
1478 1596 1610 1629 liberae
1637 1596 1816 1636 civitates,
1848 1596 1911 1630 ubi
1931 1608 2110 1630 summurn
2134 1595 2248 1641 impe-

1254 1648 1347 1681 rium
1366 1659 1473 1691 penes
1490 1647 1662 1691 populum
1680 1653 1749 1687 est,
1775 1647 1910 1691 legibus
1926 1653 2111 1691 reguntur,

1357 1698 1473 1733 Nemo
1490 1698 1599 1742 igitur
1623 1695 1691 1731 hoc
1716 1698 1875 1743 ignoret,
1910 1699 1971 1732 sed
1994 1698 2132 1744 quoties
2154 1697 2247 1731 iudi-

1255 1749 1349 1783 cium
1375 1750 1418 1782 de
1440 1749 1576 1793 legibus
1599 1755 1799 1789 exercetur,
1835 1749 1922 1783 sciat
1943 1762 1979 1783 se
2003 1748 2248 1795 unusquisque

1255 1800 1412 1834 iudicum
1431 1801 1604 1834 calculum
1621 1801 1664 1833 de
1681 1812 1742 1834 sua
1762 1800 1925 1833 libertate
1941 1801 2045 1834 ferre.
2087 1800 2247 1834 Proinde

1255 1852 1292 1885 in
1310 1852 1511 1885 iuramento
1528 1851 1685 1885 iudicum
1698 1851 1729 1898 ⁴)
1748 1852 1794 1884 ita
1805 1851 1975 1896 scriptum
1994 1857 2062 1885 est:
2079 1851 2247 1885 Pronun-

1255 1903 1352 1936 tiabo
1385 1903 1579 1937 secundum
1612 1903 1716 1947 leges.
1776 1903 1891 1937 Norat
1916 1902 2010 1936 enim
2034 1902 2165 1943 Solon,
2197 1902 2248 1936 ita

1255 1955 1380 1988 urbem
1397 1967 1436 1987 ac
1453 1954 1655 1987 libertatem
1672 1954 1887 1987 incolumem
1903 1954 1979 1986 sore
1990 1980 2000 1994 ,
2018 1953 2047 1987 si
2064 1954 2158 1997 leges
2175 1966 2249 1988 sera

1255 2012 1396 2040 ventur.
1457 2005 1553 2038 Haec
1583 2011 1725 2049 oportet
1747 2017 1810 2038 vos
1842 2004 2045 2038 meminisse
2073 2010 2106 2038 et
2135 2005 2251 2040 odisse

1257 2069 1335 2097 eos,
1370 2056 1432 2102 qui
1456 2056 1681 2100 rogationem
1707 2055 1864 2100 aliquam
1892 2062 2014 2089 contra
2042 2056 2135 2100 leges
2158 2056 2248 2090 tule-

1256 2114 1359 2148 runt,
1385 2120 1450 2141 nec
1468 2109 1596 2141 ducere
1612 2105 1698 2140 haec
1715 2107 1840 2140 delicta
1857 2107 1948 2140 levia
1967 2119 2060 2148 esse,
2087 2107 2149 2141 sed
2168 2119 2247 2152 gra-

1256 2159 1412 2193 vissima.
1473 2159 1598 2204 Neque
1633 2170 1718 2191 vero
1753 2158 1857 2192 sinite
1887 2158 1988 2192 vobis
2013 2157 2068 2192 ius
2090 2164 2247 2193 vestrum

1258 2209 1507 2254 deprecatione
1537 2211 1795 2254 imperatorum
1819 2209 1927 2253 eripi,
1965 2209 2027 2255 qui
2051 2209 2114 2243 diu
2138 2210 2247 2244 collu-

1257 2263 1379 2296 dentes
1394 2261 1465 2294 iam
1485 2274 1563 2295 cum
1589 2260 1792 2294 oratoribus
1816 2260 2031 2294 labefactant
2053 2261 2247 2305 rempubli-

1258 2325 1356 2353 cam,
1391 2325 1457 2346 nec
1488 2313 1688 2345 condonate
1719 2309 1925 2345 huiusmodi
1958 2324 2038 2346 reos
2063 2309 2246 2356 hospitum

1257 2364 1439 2409 precibus,
1481 2364 1609 2409 quibus
1631 2363 1833 2397 subornatis
1859 2363 2004 2408 quidam
2035 2374 2054 2396 e
2087 2363 2245 2398 iudicum

1257 2415 1423 2449 manibus
1453 2420 1651 2448 evaserunt.
1710 2414 1778 2448 Sed
1809 2414 1899 2448 sicut
1927 2414 1965 2447 in
1997 2414 2071 2447 acie
2097 2415 2247 2459 puderet

1257 2467 1374 2500 locum
1391 2467 1571 2506 deserere,
1605 2466 1653 2498 ita
1677 2472 1711 2498 et
1730 2478 1824 2499 nunc
1847 2466 1980 2510 pudeat
2001 2465 2120 2499 locum
2146 2467 2244 2501 dese-

1257 2530 1356 2558 rere,
1391 2517 1428 2550 in
1452 2530 1557 2563 quem
1583 2517 1627 2550 ab
1651 2516 1735 2561 ipsis
1756 2516 1890 2561 legibus
1915 2518 1959 2550 ad
1983 2517 2242 2551 defendendam

1256 2570 1455 2603 libertatem
1483 2566 1589 2602 hodie
1618 2568 1781 2602 collocati
1815 2567 1907 2602 estis.
1968 2567 2122 2612 Oportet
2157 2568 2244 2602 item

1256 2633 1319 2655 vos
1351 2618 1420 2654 hoc
1441 2620 1665 2661 meminisse,
1709 2620 1806 2665 quod
1831 2619 1943 2660 cives,
1977 2618 2039 2665 qui
2064 2620 2160 2663 apud
2180 2631 2246 2655 vos

1291 2707 1322 2736 4]
1341 2705 1472 2733 iudicum]
1496 2703 1538 2728 sic
1562 2703 1723 2736 scripsimus
1741 2712 1776 2726 =
1795 2703 1921 2729 Aeschin.
1941 2701 1997 2728 τῶν
2015 2701 2168 2735 δικασιῶν5
2192 2702 2245 2730 Ed.

1324 2740 1401 2767 1562.
1418 2739 1556 2766 iudicium.
