2351 2990
165 138 239 173 655
730 136 852 170 PHIL.
889 134 1001 169 MEL.
1036 133 1238 169 SCRIPTA
1273 133 1610 170 PHILOLOGICA.

162 237 231 270 qna
251 235 377 256 manns
399 223 599 256 assuefacta
618 229 665 255 est
679 250 686 261 ,
716 229 755 255 nt
773 221 899 255 certius
916 220 1050 264 pingat.
1104 219 1168 253 Di-

163 276 248 319 (ἤι’)
270 281 387 307 autem
415 273 507 314 ἕξεις
532 274 786 307 consuetudine
811 272 939 315 agendi
964 272 1072 311 effici,
1108 273 1169 305 scd

162 338 305 359 necesse.
323 332 373 359 est
400 326 435 358 in
460 332 586 358 natura
615 325 849 357 instrumenta
875 323 1057 356 actionum
1084 335 1168 357 esse.

162 378 357 421 Quomodo
379 377 472 409 enim
490 376 613 419 pingat
629 388 750 408 caecus
763 402 771 413 ,
801 380 860 407 aut
883 375 1010 420 aliquis
1027 381 1167 407 {runca-

161 429 204 462 tis
225 441 280 460 iii-¹
296 428 422 461 nibus)
476 428 542 459 Sed
563 427 597 457 in
620 426 796 471 plerisque
814 438 887 457 non
906 426 980 459 sola
999 426 1166 458 exercita-

162 480 258 513 tione
285 501 293 514 ‚
320 480 378 513 sed
396 478 500 511 etiam
519 478 671 509 naturali
690 478 846 522 quodam
867 477 1001 521 impetu
1017 489 1166 510 nascun-

161 538 218 565 tur
238 532 340 571 ἔξεις,
369 537 407 563 ut
438 529 471 560 in
499 528 690 562 xirtutibus
716 527 869 562 heroicis
893 528 1066 562 fortitudo
1091 541 1164 561 non

162 596 202 616 ex
229 584 301 616 sola
329 580 582 614 exercitatione
611 581 646 612 in
675 593 806 624 magno
831 580 1070 624 imperatore,
1105 581 1164 613 sed

161 634 286 667 divino
305 634 463 677 quodam
482 631 617 675 impetn
644 632 799 664 naturali
827 632 953 665 oritur.
1018 631 1161 664 Pontica

161 685 317 718 inbonis
336 683 449 728 poetis
466 684 509 715 ad
534 684 684 715 eundem
712 684 858 717 modum
891 683 1046 715 naturali
1075 695 1163 728 quo-

160 738 241 769 dam
270 736 403 779 impetn
430 740 590 773 constat,
636 735 678 767 ad
707 747 812 780 quem
845 740 964 767 tamen
997 736 1162 767 accedere

161 787 449 821 exercitationem
472 792 635 830 oportet,
664 786 691 819 is
708 786 861 831 impetus
880 792 971 818 recte
990 792 1023 818 et
1042 785 1162 829 appel-

161 840 275 879 latur,
318 845 352 871 ct
379 844 428 871 est
454 837 596 869 divinus
625 843 761 877 motus,
803 850 873 883 quo
908 837 1080 869 excitatur
1117 838 1161 869 ad

161 891 338 933 agendum
357 889 516 926 animus,
545 895 577 920 ct
595 889 743 921 efficitur
762 887 879 933 ἓξιςῧ).
958 890 1000 922 Se'
1016 889 1161 934 qualibet

161 939 299 988 earnm]
327 941 458 974 scilicet
477 940 530 972 vel
549 939 745 983 scriptura,
772 940 827 972 vel
846 939 961 973 lectio.

267 1009 346 1054 §.2-
375 1012 464 1043 *Yam
483 1006 604 1055 neque]
636 1008 730 1040 Haec
747 1014 797 1041 est
815 1007 1028 1052 propositio.
1071 1006 1159 1039 Pro—

160 1061 265 1106 ponit
307 1061 400 1094 cnim
437 1061 503 1093 tria
539 1072 666 1103 genera
705 1059 967 1093 exercitationis
1002 1058 1159 1097 dicendi,

160 1113 372 1151 lectionem,
414 1112 542 1156 st>lnm
557 1137 566 1150 ,
609 1117 642 1143 ct
673 1111 981 1144 declamationem.
1063 1112 1159 1144 Cisra

160 1162 332 1210 lectionis]
356 1162 488 1196 scilicet
503 1162 570 1195 nisi
589 1159 718 1195 habeat
735 1162 802 1194 alia
821 1163 992 1207 exempla.
1060 1162 1156 1194 Flui-

160 1213 312 1262 tabit⁶)]
355 1215 508 1258 Oportet
539 1226 604 1246 nos
627 1211 759 1246 habere
785 1215 962 1259 quaedam
985 1212 1158 1256 exempla,

160 1269 312 1312 adquae
331 1266 526 1309 dirigamus
543 1265 686 1309 stylum.
747 1265 810 1298 Est
837 1265 930 1297 enim
957 1264 1099 1297 inanior
1125 1269 1159 1296 et

161 1317 403 1363 perturbatior
420 1329 544 1350 eorum
564 1316 700 1355 oratio,
730 1316 791 1361 qui
812 1317 893 1349 freti
922 1328 985 1350 suo
1013 1315 1156 1357 ingenio

160 1370 298 1402 nnllmn
324 1369 389 1402 sibi
413 1368 614 1412 exemplum
639 1374 860 1412 proponunt.
962 1369 1075 1400 Etiam
1101 1368 1157 1411 qui

158 1418 308 1467 sciet³)]
337 1420 447 1464 Quasi
465 1420 614 1452 diceret:
644 1419 865 1451 Declamatio
883 1424 935 1451 est
960 1417 1066 1451 etiam
1095 1429 1156 1449 ne.-

162 1472 323 1505 cessaria.
377 1471 529 1505 Etiamsi
547 1470 641 1503 enim
661 1471 812 1503 multum
836 1470 931 1513 legas
952 1476 985 1502 et
1012 1469 1156 1507 scribas,

159 1524 229 1557 nisi
246 1535 408 1556 exerceas
433 1522 604 1561 dicendo,
634 1522 718 1566 quid
738 1521 834 1554 aliud
853 1527 957 1553 crunt
975 1520 1055 1552 illae
1076 1526 1156 1552 tuae

159 1588 262 1619 opes,
292 1586 397 1619 quam
416 1573 562 1618 quidam
581 1573 718 1605 clausus
736 1570 945 1606 thesaurus?
1011 1573 1051 1604 In
1076 1583 1157 1613 pro-

159 1624 290 1673 cinctu]
320 1625 451 1658 scilicet
470 1630 635 1668 paratum
657 1636 729 1657 esse
750 1625 794 1657 ad
813 1635 983 1668 pugnam.
1043 1622 1156 1654 Meta-

158 1676 272 1722 phora
300 1683 440 1720 sumpta
465 1682 516 1708 est
541 1687 558 1707 a
586 1675 777 1715 militibus,
813 1675 875 1720 qui
901 1675 937 1706 in
964 1673 1037 1707 acie
1061 1680 1156 1707 stant

160 1729 284 1768 cincti,
311 1729 356 1760 do
375 1740 460 1759 man
481 1726 543 1758 itzt
561 1726 687 1759 tresfen
705 1727 768 1760 sol.

265 1796 294 1840 ξ.
312 1797 346 1829 3.
380 1798 456 1829 IVon
483 1793 613 1842 caedem]
642 1794 764 1827 Lectio
786 1793 940 1827 maxime
965 1798 1016 1826 est
1037 1804 1157 1825 neces-

159 1849 271 1887 saria,
300 1854 419 1880 tamen
440 1858 513 1879 non
536 1853 586 1880 est
611 1859 803 1880 summum.
858 1845 1038 1878 Minorem
1060 1843 1156 1876 enim

158 1898 266 1933 habet
285 1899 354 1931 rim
367 1925 376 1938 ,
405 1911 512 1943 quam
533 1898 642 1942 stylus
660 1904 694 1930 et
712 1897 935 1931 declamatio.
1015 1895 1155 1939 Dicere]

157 1951 288 1985 scilicet
309 1949 422 1995 loqui.
482 1948 600 1994 Loqui
624 1949 856 1993 praecipuum
884 1954 953 1988 est,
989 1947 1092 1992 quia,
1127 1946 1157 1979 si

159 2015 263 2048 quem
290 2001 459 2034 destituat
484 2001 658 2034 naturalis
682 2001 829 2034 facultas
856 1998 1048 2045 loquendi,
1082 2009 1157 2030 non

160 2054 226 2087 erit
242 2054 391 2086 idoneus
411 2053 455 2085 ad
475 2053 629 2096 agendas
649 2064 781 2086 causas.

266 2120 296 2166 §-
323 2122 356 2156 4.
399 2119 556 2168 Atleleta]
593 2121 724 2154 scilicet
759 2131 862 2153 nosse
897 2118 966 2151 alia
1002 2118 1156 2157 minora,

160 2174 261 2219 quasi
277 2174 426 2206 diceret:
455 2185 519 2216 ego
537 2173 608 2204 iam
628 2172 741 2204 dicam
754 2198 763 2211 ‚
791 2171 973 2216 quomodo
993 2180 1156 2202 exercen-

161 2227 225 2259 dus
241 2225 348 2270 sit72)
368 2224 445 2264 ille,
471 2224 531 2270 qui
552 2223 675 2256 didicit
693 2228 894 2267 praecepta.
968 2217 1155 2267 Numeros]

162 2276 197 2308 id
216 2283 284 2316 est,
313 2277 432 2309 onmia
451 2281 641 2319 praecepta
659 2281 693 2308 et
712 2286 880 2307 numeros
897 2272 1059 2306 feriendi.

197 2407 227 2438 4)
246 2407 333 2435 Dicit]
354 2407 395 2430 sic
414 2407 502 2430 editor
522 2407 546 2429 h.
565 2407 582 2431 1.
603 2406 714 2437 scripsit
734 2411 783 2436 pro
804 2401 981 2437 „diximus”‚
1008 2402 1078 2433 quod
1096 2403 1157 2426 Me-

233 2441 345 2464 lanthon
364 2442 381 2465 l.
401 2442 418 2464 1.
439 2441 560 2471 scripsit.

197 2491 227 2523 5)
251 2491 300 2514 Eis
319 2490 410 2513 verbis
430 2491 568 2522 definitio,
594 2496 674 2521 quam
693 2490 851 2514 Melanthon
871 2489 897 2513 iu
917 2487 1068 2513 Dialectice
1088 2493 1156 2517 pro-

231 2525 338 2556 posuit,
365 2525 466 2548 finitur.

198 2577 228 2605 6)
248 2576 411 2603 Fluitabit]
436 2575 474 2597 sic
500 2576 548 2598 Ed.
573 2576 662 2606 1570.;
698 2576 781 2599 Editt.
809 2575 965 2606 Spalding„
997 2573 1156 2598 Frotscher.

234 2611 301 2641 fluit
321 2610 408 2638 (cous.
428 2610 569 2639 utrius-que
589 2610 660 2634 Edit.
681 2612 746 2634 nota
764 2610 798 2634 ad
818 2611 841 2634 Ιι.
862 2611 905 2638 1.).

199 2661 229 2691 7)
252 2662 351 2685 Etiam
373 2661 422 2690 qui
441 2661 526 2688 sciet]
547 2660 585 2683 sic
605 2660 654 2685 Ed.
675 2661 768 2689 ¹57o.;
801 2661 851 2686 Ed.
873 2660 966 2691 Spald.
985 2661 1041 2691 Qui
1059 2661 1156 2685 autem

234 2697 351 2725 scierim
378 2695 426 2717 Ed.
446 2695 573 2719 Frotsch.
593 2696 649 2724 Qui
667 2697 765 2720 aulem
783 2695 880 2720 scivit.

198 2747 249 2774 7³)
269 2747 320 2775 sit]
340 2747 388 2771 Ed.
411 2746 484 2770 ¹570.
504 2750 555 2770 est.

2147 130 2222 168 656

1327 218 1356 264 ξ.
1375 220 1410 255 5.
1438 220 1555 267 Νοηδ)
1578 233 1656 266 erqo
1673 222 1807 255 dubium
1833 217 1902 267 est]
1929 219 2092 253 Primum
2117 230 2220 263 prae·

1222 278 1362 316 ceptum
1383 278 1455 311 est,
1484 274 1580 318 quod
1604 274 1761 317 paranda
1789 272 1833 305 sit
1853 271 1954 315 copia
1973 271 2164 304 verborum
2184 276 2219 303 et

1222 335 1361 363 rerum,
1386 330 1419 357 et
1437 321 1522 357 llaec
1543 330 1692 368 paratur
1716 323 1880 357 lectione.
1941 322 2096 367 Oportet
2121 320 2218 354 enim

1220 387 1286 408 nos
1322 375 1411 408 bene
1446 375 1636 409 instructos
1676 375 1733 407 illa
1769 374 1977 419 supellectili
2013 373 2219 407 verborum.

1222 428 1322 469 Copia
1346 423 1480 472 rerum]
1513 426 1626 460 Nemo
1654 432 1769 470 potest
1793 438 1864 460 esse
1896 426 1932 458 in
1964 438 2005 458 eo
2034 425 2217 470 eloquens,

1221 478 1318 522 quod
1349 478 1471 511 nescit.
1546 477 1700 522 Quando
1736 477 1831 510 enim
1862 489 1917 511 res
1947 483 2030 510 sunt
2060 477 2217 521 ignotae,

1219 535 1302 561 tunc
1335 526 1425 561 nihil
1454 541 1641 572 possumus
1673 529 1808 569 dicere,
1851 529 1990 562 etiamsi
2020 527 2216 561 maximam

1218 580 1409 613 verborum
1430 580 1570 624 copiam
1588 578 1792 614 habeamus.
1846 580 1938 614 Nam
1954 592 2009 613 res
2026 579 2143 624 ipsae,
2175 583 2215 612 ut

1218 631 1288 664 alio
1306 632 1385 664 loco
1404 631 1472 671 ait,
1502 631 1649 675 gignunt
1667 631 1789 664 verba.
1842 630 1928 664 Item
1947 630 2180 677 Horatiusss’y

1269 700 1428 738 Verbaque
1450 699 1615 738 praevisam
1629 697 1676 738 1⁰)
1699 707 1763 726 rem
1785 708 1842 726 non
1866 700 1955 727 iuvita
1977 704 2150 738 sequentur.

1215 757 1255 791 In
1273 759 1436 792 oratione
1462 756 1619 792 hominis
1643 758 1773 791 eruditi
1798 758 1886 791 hene
1913 765 2029 803 potest
2050 759 2211 804 intelligi,

1215 810 1306 843 sitne
1327 810 1382 843 vir
1399 812 1543 850 doctus,
1572 822 1635 842 nec
1653 822 1708 843 ne.

1320 876 1348 922 ἓ.
1367 879 1401 912 6.
1435 881 1506 913 Sed
1520 891 1593 912 cum
1609 875 1699 924 sint]
1728 876 1908 911 Discernit
1934 888 2064 921 genera
2085 877 2212 910 verbo-

1213 941 1306 962 rum.
1361 929 1434 963 Nos
1452 930 1619 963 debemus
1638 927 1768 962 habere
1795 929 1988 971 maximam
2013 927 2212 973 supellecti-

1212 980 1283 1012 lem
1302 980 1339 1013 in
1356 981 1539 1020 oratione,
1567 987 1607 1014 nt
1629 981 1833 1020 videamus,
1862 992 1952 1026 quae
1977 980 2049 1013 sint
2070 979 2212 1012 maiora

1213 1032 1405 1065 verborum
1425 1034 1605 1076 pondera,
1641 1038 1674 1064 et
1698 1044 1789 1077 quae
1815 1032 1885 1065 sint
1911 1028 2210 1078 ἑμφατικιότερα,

1211 1089 1250 1115 ut
1266 1083 1419 1117 Pericles
1443 1084 1572 1116 dicitur
1597 1083 1742 1122 dixisse,
1778 1089 1817 1116 ut
1837 1083 1976 1128 quoties
2001 1083 2208 1117 ascenderet

1212 1134 1248 1166 in
1265 1141 1487 1178 suggestum,
1515 1147 1618 1167 orare
1636 1134 1704 1173 sic,
1733 1146 1777 1166 ne
1797 1135 1892 1179 quod
1921 1134 2070 1167 verbnm
2096 1134 2129 1167 ei
2151 1147 2209 1168 ex-

1212 1186 1361 1226 cideret,
1391 1188 1487 1232 quod
1505 1186 1660 1231 aliquem
1680 1185 1943 1232 offenderet11).

1315 1251 1345 1297 ἓ.
1364 1253 1398 1287 7.
1433 1256 1593 1299 Equidem
1616 1254 1684 1286 scio
1694 1250 1766 1298 12)]
1804 1251 1961 1296 Quidam
1982 1253 2118 1286 faciunt
2142 1253 2210 1286 sibi

1211 1303 1364 1343 indices,
1407 1310 1441 1336 et
1465 1304 1635 1347 colligunt
1659 1315 1878 1348 synonyma,
1921 1309 1955 1336 et
1981 1303 2028 1335 ita
2059 1304 2207 1348 eligunt,

1211 1367 1302 1400 quae
1320 1355 1474 1387 maxime
1491 1361 1573 1388 sunt
1593 1355 1719 1394 electa,
1745 1366 1789 1387 ne
1816 1354 2012 1397 tautologia
2041 1361 2206 1394 utantur;

1210 1407 1269 1439 sed
1287 1404 1379 1439 hanc
1396 1406 1480 1439 dicit
1496 1406 1669 1450 puerilem
1689 1406 1870 1450 quandam
1889 1417 1961 1438 esse
1986 1405 2210 1449 diligentiam

1211 1457 1411 1500 colligendi.
1500 1459 1641 1500 Occupet
1660 1454 1878 1503 proximum]
1914 1456 1951 1489 id
1981 1462 2049 1497 est,
2082 1456 2131 1490 sic
2158 1463 2210 1490 est

1211 1509 1328 1541 danda
1348 1521 1476 1552 opera,
1504 1520 1579 1540 non
1598 1514 1637 1540 ut
1654 1508 1779 1540 ordine
1803 1507 1940 1551 singula
1955 1520 2074 1541 sumas
2092 1520 2134 1542 ex
2154 1509 2208 1541 in-

1211 1560 1367 1600 dicibus,
1394 1561 1453 1592 sed
1473 1566 1555 1593 sunt
1575 1560 1735 1603 pondera
1756 1559 1949 1592 verborum
1966 1559 2131 1593 videnda.

1314 1626 1344 1672 {-
1363 1629 1396 1662 8.
1434 1625 1739 1674 Circulato›·es¹³)]
1774 1626 1993 1668 Kauckeler,
2029 1629 2131 1674 quasi
2155 1629 2209 1662 di-

1211 1685 1319 1712 ceret:
1350 1679 1543 1713 videndum
1565 1686 1634 1719 est,
1668 1679 1727 1711 ubi
1753 1680 2036 1725 unumquodque
2058 1681 2208 1714 verbum

1208 1730 1295 1763 boni
1313 1731 1451 1765 debeat.
1530 1733 1604 1765 Hac
1619 1728 1722 1778 cum]
1749 1730 1880 1764 scilicet
1902 1731 2065 1775 legendo.

1315 1796 1344 1842 ἓ.
1363 1798 1396 1832 9.
1427 1796 1607 1845 Omnibus]
1636 1798 1669 1831 id
1689 1804 1757 1839 est,
1791 1799 1958 1833 omnibus
1975 1799 2092 1833 verbis
2108 1799 2206 1834 locus

1211 1855 1262 1881 est
1289 1856 1431 1894 praeter
1454 1848 1615 1896 bacen),
1643 1862 1733 1895 quae
1752 1862 1880 1893 parum
1897 1857 1979 1884 sunt
1996 1852 2207 1885 verecunda.

1209 1899 1391 1934 Interdum
1410 1902 1582 1935 utendum
1600 1907 1650 1934 est
1670 1901 1784 1934 verbis
1803 1901 2073 1945 grandioribus,
2098 1902 2207 1935 inter-

1210 1953 1294 1985 dum
1312 1950 1565 1986 humilioribus
1577 1980 1585 1993 ‚
1614 1965 1693 1986 cum
1713 1964 1768 1985 res
1786 1953 1953 1996 postulat.

1314 2019 1343 2065 ἓ.
1365 2022 1422 2055 10.
1450 2024 1543 2056 Ilaec
1562 2027 1597 2055 ut
1621 2018 1788 2068 sciamus]
1821 2021 1951 2054 scilicet
1974 2027 2117 2065 oportet
2140 2033 2206 2056 nos

1210 2084 1338 2117 parare
1356 2073 1496 2117 copiam
1514 2074 1704 2105 verborum
1716 2099 1725 2112 ‚
1752 2072 1902 2105 lectione
1921 2079 1955 2105 et
1972 2072 2167 2107 auditione.

1244 2227 1276 2256 8)
1294 2226 1375 2255 Non]
1398 2225 1437 2250 sic
1456 2225 1504 2249 Ed,
1522 2224 1598 2249 157⁰.
1618 2226 1644 2248 ct
1663 2224 1715 2254 at.;
1736 2224 1819 2250 Editt.
1841 2224 1953 2256 Spald.‚
1973 2223 2099 2249 Frotsch.
2118 2223 2204 2249 Num.

1244 2280 1275 2308 9)
1294 2280 1391 2303 Horat.
1410 2284 1457 2302 ars
1474 2279 1546 2307 poet.
1565 2277 1625 2300 311.

1247 2331 1291 2358 10)
1312 2329 1483 2359 praevisam]
1509 2328 1549 2351 sic
1567 2328 1591 2352 h.
1612 2328 1630 2351 1.
1658 2327 1706 2352 Ed.
1730 2328 1822 2359 157o.;

1279 2364 1413 2394 Doering.
1435 2362 1586 2393 provisam.

1861 2329 1958 2353 Horat.
1986 2328 2070 2352 Editt.
2098 2328 2205 2359 nenti„

1247 2417 1294 2444 11)
1315 2415 1394 2439 cons.
1415 2414 1552 2438 Plutarch.
1573 2414 1670 2437 Pei-iel.
1689 2420 1712 2438 c.
1727 2413 1753 2437 8.

1247 2468 1294 2494 12)
1317 2466 1457 2496 Equidem
1476 2465 1551 2493 scio]
1572 2465 1610 2488 sic
1630 2465 1678 2488 Ed.
1699 2463 1774 2488 1570.
1795 2465 1822 2487 et
1841 2464 1896 2493 aL,
1915 2463 2028 2493 recepta
2048 2463 2118 2487 euim
2139 2464 2204 2487 ante

1282 2499 1469 2531 Spaldingimu
1489 2500 1627 2528 scriptura
1647 2500 1707 2522 erat
1726 2499 1809 2522 haec:
1834 2499 1975 2530 Equidem
1987 2499 2047 2522 scio
2065 2499 2204 2528 quosdam

1280 2535 1402 2560 collecta
1421 2540 1494 2564 quae
1520 2535 1593 2558 idem
1618 2531 1819 2563 siynificarent
1845 2533 1987 2557 vocabula
2015 2533 2118 2556 solitos
2143 2533 2206 2556 edi-

1278 2575 1371 2599 scere,
1412 2569 1494 2593 Editt.
1514 2569 1624 2598 svam,
1649 2568 1775 2591 Frotsch.
1804 2568 1843 2592 Et
1867 2574 1942 2598 quae
1961 2568 2036 2591 idem
2054 2566 2205 2597 significa-

1280 2605 1346 2629 rent
1370 2603 1473 2627 solitos
1499 2604 1558 2627 scio
1584 2603 1712 2627 ediscere
1737 2601 1821 2633 (conf.
1847 2602 1988 2631 utriusque
2006 2601 2056 2624 Ed.
2085 2603 2150 2625 nota
2169 2601 2206 2625 ad

1246 2691 1292 2719 13)
1313 2690 1528 2719 circulatores]
1547 2689 1618 2720 apud
1638 2687 1752 2718 Quintil.
1772 2687 1790 2711 1.
1809 2687 1827 2710 1.
1846 2686 1948 2717 legitur
1967 2687 2207 2712 circulatoriam.

1248 2744 1294 2771 14)
1313 2743 1394 2772 haec]
1414 2742 1462 2767 Ed.
1484 2741 1558 2765 157⁰.
1577 2741 1631 2764 hiS.
