2351 2990
97 145 195 184 1121
251 141 375 178 XLIV.
411 141 706 178 INTERPRET.
724 139 941 176 NARRAT.
966 140 1031 175 DE
1056 140 1285 177 HERCULE
1309 141 1541 178 PRODICIO
1566 142 1629 179 EX
1653 143 1997 180 XENOPHONTE.

94 244 196 273 ram,
223 237 258 265 et
275 229 539 265 institutionem
557 234 676 269 tuam,
710 240 752 262 ex
768 228 897 275 quibus
913 239 1038 273 spero,
1067 227 1096 261 si
1150 228 1319 264 horribili
1350 230 1586 276 turpitudine.

93 285 141 318 ad
158 296 215 317 me
234 283 398 324 accedes,
430 283 507 316 fore
527 286 561 314 te
577 277 904 326 pulcherrimarum
929 286 964 313 et
986 277 1099 313 hone-

94 335 332 371 stissimarum
368 334 550 368 actionum
587 333 813 374 effectorem,
858 345 916 366 me
953 343 1098 378 quoque

93 387 209 432 magis
231 392 358 420 notam
383 392 418 419 et
441 384 695 426 celebriorem,
734 385 813 418 fore
839 395 958 430 sperO.
1024 383 1099 418 Nec

91 451 178 473 vero
196 445 231 472 te
248 438 425 483 decipiam
441 437 617 471 illecebris
633 436 791 478 exordii,
819 437 881 470 sed
897 436 988 471 sicut
1000 434 1099 469 Deus

92 490 297 531 ordinavit,
325 490 462 531 dicam,
490 490 588 536 quod
603 502 660 524 res
678 495 739 524 est.
798 487 924 522 Nullas
940 499 997 521 res
1015 499 1098 520 vere

91 543 207 576 bonas
224 549 258 576 et
274 539 444 576 honestas
460 540 558 576 Deus
574 542 636 575 dat
651 539 860 575 hominibus
877 540 952 575 sine
972 539 1097 573 labore

92 600 128 628 et
149 592 347 638 diligentia.
411 593 449 628 Si
472 592 590 627 Deum
616 593 669 628 vis
694 593 759 627 tibi
784 592 985 638 propitium
1011 603 1097 632 esse,

91 646 160 679 rite
177 645 347 679 colendus
366 651 429 680 est.
482 645 521 680 Si
539 645 593 679 vis
609 646 653 679 ab
669 645 793 678 amicis
808 644 928 689 diligi,
956 655 1097 677 necesse

89 697 160 731 erit
182 697 233 732 eis
258 697 479 732 benefacere.
540 697 578 731 Si
598 697 650 731 vis
676 710 694 730 a
720 696 862 730 civitate
884 694 1024 729 honore
1048 695 1098 728 af·

86 749 167 790 fici,
199 761 342 784 necesse
366 748 435 782 erit
458 749 597 795 aliquid
620 750 755 789 facere,
792 749 890 794 quod
915 748 948 781 ei
970 746 1096 792 prosit.

87 801 127 836 Si
142 800 196 835 vis
210 801 249 834 in
265 802 434 835 universa
452 800 604 835 Graecia
622 801 738 835 clarus
756 812 829 835 esse
851 806 1002 845 propter
1025 798 1096 832 vir—

87 859 203 887 tutem
216 879 226 894 ,
251 852 392 897 magnis
408 853 588 887 beneficiis
601 850 671 886 hoc
691 852 916 886 efficiendum
936 857 1000 886 est.
1059 849 1097 884 Si

88 905 162 946 vis,
195 911 237 938 ut
254 911 350 938 terra
369 904 513 949 copiose
534 904 599 938 tibi
621 905 740 950 fruges
766 905 909 950 gignat,
945 903 1095 937 colenda

86 963 150 991 est.
205 955 243 990 Si
258 956 312 991 vis
322 968 370 999 ex
385 956 576 1001 pecoribus
591 956 762 992 ditescere
774 984 783 998 ‚
810 957 901 990 bene
917 955 1095 1001 pascenda

88 1014 184 1043 sunt.
238 1007 277 1042 Si
301 1007 396 1041 bello
423 1008 522 1043 voles
548 1021 725 1050 crescere,
761 1015 795 1043 et
818 1008 953 1042 amicos
976 1008 1096 1041 defeu-

87 1060 186 1101 dere‚
215 1066 250 1094 et
265 1055 387 1094 hostes
404 1060 566 1101 domare,
594 1061 783 1095 discendae
801 1066 885 1094 sunt
900 1059 987 1093 belli
1003 1065 1096 1092 artes

86 1124 108 1146 a
130 1110 276 1157 peritis,
319 1117 354 1145 et
377 1113 615 1153 exercendae,
656 1120 696 1147 ut
718 1112 832 1158 possis
855 1111 904 1145 eis
925 1110 992 1145 uti.
1059 1109 1097 1143 Si

87 1176 218 1209 corpus
234 1163 288 1197 vis
311 1161 446 1197 habere
471 1164 663 1206 idoneum,
698 1171 739 1199 ut
763 1164 987 1208 obtemperet
1013 1174 1096 1195 con-

85 1215 195 1257 siliis,
238 1215 556 1250 adsuefaciendum
591 1222 642 1250 est
675 1228 809 1261 magno
834 1216 958 1249 labore
985 1219 1019 1247 et
1039 1226 1096 1248 su-

86 1269 188 1303 dore.

192 1318 260 1352 Hic
277 1318 484 1363 interpellat
503 1318 615 1351 altera
634 1318 784 1357 mulier,
813 1317 980 1350 videlicet
997 1317 1097 1360 igna-

86 1371 164 1405 via:
193 1370 392 1405 Considera
410 1369 601 1410 Hercules,
630 1381 738 1415 quam
758 1369 938 1402 difficilem
961 1375 995 1402 et
1018 1368 1097 1400 lon-

85 1435 169 1468 gam
185 1422 283 1455 viam
304 1421 365 1454 illa
390 1421 456 1455 tibi
475 1427 671 1462 monstret,
705 1433 769 1466 ego
792 1421 937 1455 brevem
965 1426 998 1454 et
1021 1419 1097 1464 pla-

85 1487 173 1510 nam
188 1474 286 1508 viam
303 1471 627 1519 adjbeatitudinem
645 1473 809 1507 ostendo.

194 1525 331 1560 Contra
354 1525 467 1559 virtus
483 1524 619 1570 inquit:
651 1524 718 1557 Dic
737 1522 845 1565 mihi,
880 1530 966 1558 tune
993 1524 1097 1570 quid-

89 1591 199 1626 quam
216 1576 327 1612 habes
341 1578 493 1617 bonum,
521 1583 584 1610 aut
600 1575 781 1620 intelligis,
807 1576 894 1623 quid
910 1575 955 1610 sit
974 1587 1096 1617 suave,

88 1643 171 1665 cum
186 1629 320 1664 horum
337 1642 442 1664 causa
459 1626 551 1662 nihil
569 1640 674 1673 agere
691 1628 797 1669 velis,
831 1640 872 1661 ac
889 1640 934 1661 ne
948 1627 1096 1674 quidem

87 1689 251 1728 expectes
267 1694 388 1716 rerum
402 1679 567 1716 suavium
581 1680 854 1725 appetitionem,
870 1680 932 1714 sed
946 1679 1096 1725 impleas

88 1740 124 1768 te
155 1740 238 1768 ante
273 1733 546 1779 appetitionem.
628 1733 723 1767 Ante
757 1732 890 1766 famem
927 1733 1096 1774 comedis,

88 1792 173 1820 ante
190 1785 287 1821 sitim
304 1785 410 1826 bibis,
437 1791 472 1819 et
481 1792 521 1820 ut
537 1785 696 1820 suaviter
712 1785 892 1825 comedas,
913 1781 1024 1819 habes
1040 1797 1096 1818 ar-

89 1838 201 1873 tifices
226 1837 564 1878 condimentorum,
599 1843 639 1871 ut
658 1837 817 1871 suaviter
839 1837 960 1877 bibas,
995 1837 1094 1870 varia

87 1889 173 1924 vina
191 1896 323 1935 gustas.
351 1889 563 1933 {Discurris,
589 1888 680 1923 utin
698 1895 830 1923 aestate
847 1889 967 1922 nivem
988 1901 1097 1935 quae-

88 1953 162 1983 ras,
188 1947 229 1975 ut
245 1941 404 1976 suaviter
420 1941 593 1982 dormias,
621 1940 744 1974 mollia
763 1941 920 1986 stragula
937 1947 971 1974 et
986 1941 1096 1975 lectos

92 2005 269 2039 apparas,
296 2005 362 2027 nec
385 1993 509 2027 labore
532 1994 708 2028 defessum
737 2004 867 2038 corpus
889 2005 1018 2027 somno
1041 2005 1096 2027 re-

91 2057 211 2087 creas,
237 2046 298 2080 sed
315 2045 469 2087 dormis,
483 2045 582 2092 'quia
598 2043 690 2079 nihil
714 2042 846 2086 habes,
879 2045 977 2091 quod
1000 2056 1096 2090 agas.

91 2095 134 2131 In
154 2098 348 2133 concubitu
369 2097 443 2132 vim
472 2104 624 2132 naturae
657 2097 784 2138 affers,
826 2096 1030 2142 promiscua
1061 2102 1097 2130 et

139 2819 323 2853 MELAMH.
347 2819 456 2852 otum.
483 2819 568 2850 Vox„
592 2819 703 2851 xvn.

2055 146 2155 183 1122

1657 231 1714 265 Sic
1749 238 1829 267 tuos
1865 233 1998 267 amicos
2033 234 2156 272 doces;

1153 282 1250 316 nocti
1268 282 1406 324 illudis,
1431 283 1622 318 utilissima
1640 282 1711 316 diei
1727 290 1829 328 parte
1847 284 1996 325 dormis,
2025 291 2059 318 et
2077 298 2157 319 cum

1152 334 1261 368 fueris
1277 333 1353 368 Dea
1365 361 1374 375 ‚
1401 347 1442 368 ex
1458 342 1561 369 coetu
1576 335 1737 369 Deorum
1755 335 1863 369 eiecta
1882 349 1917 370 cs
1928 363 1937 376 ,
1965 343 1999 369 et
2014 334 2157 371 honesti

1152 384 1318 421 homines
1333 392 1367 420 te
1385 393 1643 432 aspernantur,
1670 399 1736 420 nec
1763 387 1864 422 audis
1890 400 2051 434 unquam
2079 389 2158 423 dul-

1153 438 1335 473 cissimum
1369 450 1534 480 carmen,
1570 445 1649 473 tuas
1678 439 1822 480 laudes,
1864 451 1930 473 nec
1963 440 2156 484 gratissimi

1152 490 1343 536 spectaculi
1360 490 1551 535 spectatrix
1567 503 1620 530 es;
1648 491 1787 525 nullum
1806 491 1902 524 enim
1920 491 2034 526 cernis
2052 498 2154 526 tuum

1151 540 1344 577 honestum
1366 543 1513 578 factum.

1254 594 1345 639 Quis
1369 594 1435 628 tibi
1460 593 1592 628 dicenti
1617 593 1754 640 aliquid
1780 594 1920 635 credat,
1955 593 2078 640 quisve
2097 607 2156 639 pe-

1151 645 1241 679 tenti
1259 645 1417 680 tribuet?
1471 645 1561 692 Quis
1578 645 1719 690 sapiens
1734 646 1830 679 volet
1846 658 1919 680 esse
1935 646 1986 680 tui
2004 646 2157 691 agminis

1151 696 1293 732 socius?
1353 696 1522 733 Iuventus
1545 703 1662 731 vestra
1689 704 1740 732 est
1762 697 1951 742 languida,
1995 705 2157 732 senectus

1149 751 1260 784 fatua.
1336 747 1377 782 In
1410 748 1648 784 adolescentia
1684 750 1760 784 sine
1792 750 1917 783 labore
1949 750 1987 782 in
2022 750 2156 784 deliciis

1151 800 1291 835 educati
1309 807 1488 836 senectam
1505 800 1644 835 habetis
1659 801 1803 846 plenam
1825 802 2049 836 morborum.
2103 801 2158 835 Si-

1150 854 1225 887 mul
1243 859 1277 886 et
1291 853 1573 898 praeteritorum
1595 853 1725 897 pudet,
1751 859 1785 886 et
1808 859 2013 898 praesentes
2036 853 2156 887 morbi

1151 905 1332 946 cruciant,
1375 918 1456 939 cum
1484 906 1521 938 in
1548 905 1787 938 adolescentia
1821 905 1967 938 deliciae
1991 916 2156 949 praecer-

1150 964 1232 1003 ptae
1249 957 1321 991 sint
1333 984 1342 997 ‚
1369 957 1521 991 molesta
1541 956 1578 989 in
1595 963 1813 991 senectutem
1831 962 2070 1002 reponuntur.

1252 1007 1330 1054 Ego
1348 1021 1432 1043 vero
1449 1008 1528 1043 Deo
1550 1015 1584 1042 et
1600 1005 1760 1043 honestis
1776 1006 1984 1043 hominibus
2003 1008 2157 1042 familia-

1150 1060 1199 1095 ris
1216 1073 1295 1095 sum
1307 1088 1317 1102 ,
1350 1073 1416 1095 nec
1433 1061 1509 1095 sine
1528 1074 1586 1095 me
1603 1061 1642 1094 fit
1657 1058 1848 1095 honestum
1867 1074 1955 1107 opus
1971 1060 2085 1095 ullum
2104 1061 2157 1094 di-

1150 1112 1276 1146 vinum
1294 1119 1356 1146 aut
1372 1111 1585 1149 humanum.
1643 1113 1791 1148 Honore
1808 1114 2002 1159 praecipuo
2020 1112 2158 1147 afficior

1151 1176 1169 1197 a
1186 1163 1286 1205 Deo,
1312 1171 1346 1198 et
1363 1165 1406 1199 ab
1423 1163 1644 1206 hominibus,
1670 1172 1704 1199 et
1721 1178 1740 1199 a
1760 1166 1890 1212 quibus
1904 1163 2080 1200 honorari
2099 1177 2158 1198 me

1150 1215 1331 1250 convenit.
1383 1216 1486 1250 Socia
1507 1230 1585 1251 sum
1603 1218 1797 1257 artificum,
1831 1224 1948 1252 custos
1964 1217 2018 1251 rei
2035 1218 2158 1252 dome-

1150 1268 1279 1308 sticae,
1306 1267 1377 1301 fida
1403 1269 1580 1310 dominis,
1615 1269 1772 1303 adiutrix
1796 1281 2004 1311 servorum,
2040 1270 2157 1316 opitu-

1150 1319 1258 1353 latrix
1275 1319 1312 1352 in
1326 1331 1432 1365 pace,
1460 1321 1664 1355 firmissima
1681 1321 1847 1354 laborum
1873 1322 1967 1356 socia
1991 1321 2029 1355 in
2050 1323 2158 1364 bello,

1151 1370 1289 1415 optima
1308 1383 1426 1407 comes
1444 1372 1481 1405 in
1497 1372 1666 1407 amicitia.
1727 1373 1778 1407 Ac
1796 1372 1884 1408 meis
1901 1373 2025 1408 amicis
2042 1375 2157 1410 victus

1151 1427 1203 1455 est
1221 1428 1255 1455 et
1270 1423 1441 1467 parabilis
1458 1431 1492 1458 et
1508 1426 1639 1465 suavis,
1667 1425 1751 1471 quia
1771 1432 1958 1470 expectant
1972 1427 2105 1462 famem
2122 1434 2156 1461 et

1149 1473 1268 1514 sitim,
1295 1480 1329 1507 et
1345 1487 1493 1510 somnus
1509 1478 1647 1521 gratior
1669 1483 1720 1510 est
1744 1484 1825 1522 post
1849 1478 2024 1514 laborem.
2082 1479 2158 1515 Nec

1150 1531 1273 1559 tamen
1289 1533 1438 1571 propter
1455 1540 1623 1562 somnum
1640 1528 1781 1563 labores
1805 1531 2026 1565 necessarios
2052 1531 2157 1565 omit-

1150 1583 1200 1611 to.
1268 1576 1430 1612 Laudari
1453 1591 1490 1613 se
1517 1580 1663 1615 iuvenes
1687 1592 1707 1613 a
1730 1581 1934 1617 senioribus
1962 1583 2156 1619 laetantur.

1149 1627 1196 1662 Et
1212 1640 1313 1663 senes
1328 1627 1468 1663 honore
1484 1644 1519 1665 se
1541 1633 1632 1666 affici
1650 1644 1669 1665 a
1688 1631 1890 1668 iunioribus
1910 1636 2086 1679 gaudent,
2123 1642 2157 1669 et

1149 1679 1303 1714 libenter
1322 1682 1600 1726 praeteritarum
1617 1684 1801 1719 actionum
1828 1687 2086 1728 recordantur,
2122 1694 2157 1721 et

1150 1738 1356 1777 praesentes
1373 1733 1515 1769 labores
1532 1735 1618 1770 laeti
1634 1735 1782 1771 faciunt.
1834 1737 1991 1783 Propter
2008 1751 2065 1772 me
2083 1739 2157 1773 cari

1148 1783 1249 1825 Deo,
1292 1784 1412 1818 dilecti
1439 1786 1584 1828 amicis,
1622 1785 1794 1821 honorati
1815 1789 1975 1832 patriae,
2016 1796 2050 1824 et
2073 1803 2154 1825 cum

1148 1836 1266 1870 fatalis
1287 1849 1386 1871 mors
1407 1837 1523 1878 venit,
1557 1851 1633 1872 non
1655 1839 1773 1872 iacent
1797 1839 1874 1873 sine
1897 1838 2056 1883 honore,
2092 1844 2156 1877 sed

1148 1887 1280 1921 florent
1304 1889 1522 1934 sempiterna
1552 1890 1669 1925 laude.
1737 1890 1775 1924 Si
1808 1891 1917 1936 igitur
1949 1894 2154 1929 adolescens

1148 1946 1232 1973 nate
1250 1952 1292 1973 ex
1312 1940 1418 1976 bonis
1439 1942 1649 1986 parentibus
1672 1939 1842 1978 honestos
1864 1944 2007 1980 labores
2029 1947 2154 1981 alacri-

1149 1998 1204 2025 ter
1221 1993 1436 2037 susceperis,
1464 2006 1547 2027 vere
1563 1994 1688 2028 beatus
1711 1994 1792 2030 eris.

1252 2043 1350 2078 Haec
1373 2045 1549 2080 Prodicus
1573 2053 1835 2080 commemorat
1859 2047 2049 2093 splendore
2072 2062 2152 2084 ora-

1149 2095 1259 2131 tionis
1274 2096 1414 2131 maiore
1426 2124 1436 2138 ,
1465 2110 1571 2144 quem
1590 2110 1656 2144 ego
1675 2098 1811 2132 imitari
1830 2111 1906 2133 non
1921 2112 2078 2145 possum.

1531 2815 1576 2850 71
