<?xml version="1.0" encoding="UTF-8"?>
<!DOCTYPE html PUBLIC "-//W3C//DTD XHTML 1.0 Transitional//EN"
    "http://www.w3.org/TR/xhtml1/DTD/xhtml1-transitional.dtd">
<html xmlns="http://www.w3.org/1999/xhtml" xml:lang="en" lang="en">
 <head>
  <title>
</title>
<meta http-equiv="Content-Type" content="text/html;charset=utf-8" />
  <meta name='ocr-system' content='tesseract 3.04.00' />
  <meta name='ocr-capabilities' content='ocr_page ocr_carea ocr_par ocr_line ocrx_word'/>
</head>
<body>
  <div class='ocr_page' id='page_1' title='image "./operaquaesupersu17melauoft/operaquaesupersu17melauoft_0402.png"; bbox 0 0 2351 2990; ppageno 0'>
   <div class='ocr_carea' id='block_1_1' title="bbox 207 132 280 165">
    <p class='ocr_par' dir='ltr' id='par_1_1' title="bbox 207 132 280 165">
     <span class='ocr_line' id='line_1_1' title="bbox 207 132 280 165; baseline 0 0"><span class='ocrx_word' id='word_1_1' title='bbox 207 132 280 165; x_wconf 78' lang='lat'>779</span> 
     </span>
    </p>
   </div>
   <div class='ocr_carea' id='block_1_2' title="bbox 195 213 1198 1896">
    <p class='ocr_par' dir='ltr' id='par_1_2' title="bbox 195 213 1198 1896">
     <span class='ocr_line' id='line_1_2' title="bbox 207 213 1196 258; baseline -0.006 -8"><span class='ocrx_word' id='word_1_2' title='bbox 207 224 239 250; x_wconf 75' lang='lat' dir='ltr'>et</span> <span class='ocrx_word' id='word_1_3' title='bbox 271 217 314 249; x_wconf 89' lang='lat' dir='ltr'>ob</span> <span class='ocrx_word' id='word_1_4' title='bbox 346 214 410 248; x_wconf 76' lang='lat' dir='ltr'>hoc</span> <span class='ocrx_word' id='word_1_5' title='bbox 441 215 617 248; x_wconf 79' lang='lat' dir='ltr'>actionem</span> <span class='ocrx_word' id='word_1_6' title='bbox 647 215 835 247; x_wconf 72' lang='lat' dir='ltr'>intendisse</span> <span class='ocrx_word' id='word_1_7' title='bbox 868 213 1046 253; x_wconf 74' lang='lat' dir='ltr'>Aristoni,</span> <span class='ocrx_word' id='word_1_8' title='bbox 1082 226 1099 245; x_wconf 90' lang='lat' dir='ltr'>a</span> <span class='ocrx_word' id='word_1_9' title='bbox 1126 226 1196 258; x_wconf 81' lang='lat' dir='ltr'>quo</span> 
     </span>
     <span class='ocr_line' id='line_1_3' title="bbox 206 262 1193 312; baseline -0.003 -12"><span class='ocrx_word' id='word_1_10' title='bbox 206 267 422 312; x_wconf 75' lang='lat' dir='ltr'>perscriptus</span> <span class='ocrx_word' id='word_1_11' title='bbox 458 267 588 300; x_wconf 79' lang='lat' dir='ltr'>suisset.</span> <span class='ocrx_word' id='word_1_12' title='bbox 653 267 838 298; x_wconf 72' lang='lat' dir='ltr'>Caeterum</span> <span class='ocrx_word' id='word_1_13' title='bbox 868 262 1125 298; x_wconf 68' lang='lat' dir='ltr'>Demosthenes</span> <span class='ocrx_word' id='word_1_14' title='bbox 1162 271 1193 297; x_wconf 88' lang='lat' dir='ltr'>et</span> 
     </span>
     <span class='ocr_line' id='line_1_4' title="bbox 207 313 1197 361; baseline -0.002 -11"><span class='ocrx_word' id='word_1_15' title='bbox 207 318 389 361; x_wconf 57' lang='lat' dir='ltr'>Licurgus</span> <span class='ocrx_word' id='word_1_16' title='bbox 412 319 454 350; x_wconf 82' lang='lat' dir='ltr'>de</span> <span class='ocrx_word' id='word_1_17' title='bbox 479 331 539 354; x_wconf 80' lang='lat' dir='ltr'>eo,</span> <span class='ocrx_word' id='word_1_18' title='bbox 569 318 643 349; x_wconf 82' lang='lat' dir='ltr'>iure</span> <span class='ocrx_word' id='word_1_19' title='bbox 669 328 713 348; x_wconf 89' lang='lat' dir='ltr'>an</span> <span class='ocrx_word' id='word_1_20' title='bbox 733 316 860 348; x_wconf 90' lang='lat' dir='ltr'>iniuria</span> <span class='ocrx_word' id='word_1_21' title='bbox 884 315 1092 360; x_wconf 75' lang='lat' dir='ltr'>perscriptio</span> <span class='ocrx_word' id='word_1_22' title='bbox 1110 313 1197 348; x_wconf 87' lang='lat' dir='ltr'>haec</span> 
     </span>
     <span class='ocr_line' id='line_1_5' title="bbox 205 358 1198 405; baseline -0.002 -3"><span class='ocrx_word' id='word_1_23' title='bbox 205 358 294 402; x_wconf 48' lang='lat' dir='ltr'>sat-cta</span> <span class='ocrx_word' id='word_1_24' title='bbox 334 369 458 405; x_wconf 77' lang='lat' dir='ltr'>suerit,</span> <span class='ocrx_word' id='word_1_25' title='bbox 496 367 583 401; x_wconf 86' lang='lat' dir='ltr'>nibil</span> <span class='ocrx_word' id='word_1_26' title='bbox 626 367 766 405; x_wconf 73' lang='lat' dir='ltr'>dicunt,</span> <span class='ocrx_word' id='word_1_27' title='bbox 807 367 891 399; x_wconf 86' lang='lat' dir='ltr'>illud</span> <span class='ocrx_word' id='word_1_28' title='bbox 929 373 1046 399; x_wconf 87' lang='lat' dir='ltr'>autem</span> <span class='ocrx_word' id='word_1_29' title='bbox 1086 366 1198 400; x_wconf 85' lang='lat' dir='ltr'>aiunt.</span> 
     </span>
     <span class='ocr_line' id='line_1_6' title="bbox 206 418 1195 465; baseline -0.003 -12"><span class='ocrx_word' id='word_1_30' title='bbox 206 421 311 465; x_wconf 82' lang='lat' dir='ltr'>Quod</span> <span class='ocrx_word' id='word_1_31' title='bbox 335 421 361 453; x_wconf 88' lang='lat' dir='ltr'>si</span> <span class='ocrx_word' id='word_1_32' title='bbox 382 420 583 452; x_wconf 70' lang='lat' dir='ltr'>Aristonem</span> <span class='ocrx_word' id='word_1_33' title='bbox 611 418 741 450; x_wconf 83' lang='lat' dir='ltr'>iudicio</span> <span class='ocrx_word' id='word_1_34' title='bbox 758 418 895 457; x_wconf 73' lang='lat' dir='ltr'>vincat,</span> <span class='ocrx_word' id='word_1_35' title='bbox 919 419 1033 462; x_wconf 88' lang='lat' dir='ltr'>ipsum</span> <span class='ocrx_word' id='word_1_36' title='bbox 1052 418 1195 463; x_wconf 77' lang='lat' dir='ltr'>quidem</span> 
     </span>
     <span class='ocr_line' id='line_1_7' title="bbox 207 469 1197 513; baseline -0.004 -8"><span class='ocrx_word' id='word_1_37' title='bbox 207 472 488 513; x_wconf 62' lang='lat' dir='ltr'>Aristogitonem</span> <span class='ocrx_word' id='word_1_38' title='bbox 507 482 546 502; x_wconf 80' lang='lat' dir='ltr'>ex</span> <span class='ocrx_word' id='word_1_39' title='bbox 567 469 712 502; x_wconf 83' lang='lat' dir='ltr'>aerariis</span> <span class='ocrx_word' id='word_1_40' title='bbox 730 476 905 502; x_wconf 79' lang='lat' dir='ltr'>exemtum</span> <span class='ocrx_word' id='word_1_41' title='bbox 925 469 986 508; x_wconf 92' lang='lat' dir='ltr'>iri,</span> <span class='ocrx_word' id='word_1_42' title='bbox 1011 469 1109 502; x_wconf 90' lang='lat' dir='ltr'>illum</span> <span class='ocrx_word' id='word_1_43' title='bbox 1136 482 1197 502; x_wconf 83' lang='lat' dir='ltr'>au-</span> 
     </span>
     <span class='ocr_line' id='line_1_8' title="bbox 204 520 1194 565; baseline -0.003 -9"><span class='ocrx_word' id='word_1_44' title='bbox 204 529 273 556; x_wconf 82' lang='lat' dir='ltr'>tem</span> <span class='ocrx_word' id='word_1_45' title='bbox 291 535 329 555; x_wconf 74' lang='lat' dir='ltr'>cx</span> <span class='ocrx_word' id='word_1_46' title='bbox 346 523 417 565; x_wconf 69' lang='lat' dir='ltr'>lege</span> <span class='ocrx_word' id='word_1_47' title='bbox 436 521 527 553; x_wconf 82' lang='lat' dir='ltr'>inter</span> <span class='ocrx_word' id='word_1_48' title='bbox 541 521 681 553; x_wconf 79' lang='lat' dir='ltr'>eosdem</span> <span class='ocrx_word' id='word_1_49' title='bbox 701 520 743 553; x_wconf 86' lang='lat' dir='ltr'>iri</span> <span class='ocrx_word' id='word_1_50' title='bbox 762 521 931 557; x_wconf 76' lang='lat' dir='ltr'>relatum:</span> <span class='ocrx_word' id='word_1_51' title='bbox 960 520 1059 564; x_wconf 87' lang='lat' dir='ltr'>prius</span> <span class='ocrx_word' id='word_1_52' title='bbox 1079 527 1194 553; x_wconf 85' lang='lat' dir='ltr'>antem</span> 
     </span>
     <span class='ocr_line' id='line_1_9' title="bbox 205 570 1195 619; baseline -0.001 -14"><span class='ocrx_word' id='word_1_53' title='bbox 205 586 311 619; x_wconf 86' lang='lat' dir='ltr'>quam</span> <span class='ocrx_word' id='word_1_54' title='bbox 349 585 451 605; x_wconf 82' lang='lat' dir='ltr'>causa</span> <span class='ocrx_word' id='word_1_55' title='bbox 490 570 576 604; x_wconf 82' lang='lat' dir='ltr'>haec</span> <span class='ocrx_word' id='word_1_56' title='bbox 612 571 763 604; x_wconf 88' lang='lat' dir='ltr'>iudicata</span> <span class='ocrx_word' id='word_1_57' title='bbox 803 572 866 611; x_wconf 88' lang='lat' dir='ltr'>sit,</span> <span class='ocrx_word' id='word_1_58' title='bbox 901 584 974 605; x_wconf 88' lang='lat' dir='ltr'>non</span> <span class='ocrx_word' id='word_1_59' title='bbox 1003 571 1195 605; x_wconf 71' lang='lat' dir='ltr'>convenire</span> 
     </span>
     <span class='ocr_line' id='line_1_10' title="bbox 204 623 1195 668; baseline 0 -11"><span class='ocrx_word' id='word_1_60' title='bbox 204 623 307 663; x_wconf 75' lang='lat' dir='ltr'>huic,</span> <span class='ocrx_word' id='word_1_61' title='bbox 337 624 395 668; x_wconf 87' lang='lat' dir='ltr'>qui</span> <span class='ocrx_word' id='word_1_62' title='bbox 420 624 568 656; x_wconf 83' lang='lat' dir='ltr'>sortasse</span> <span class='ocrx_word' id='word_1_63' title='bbox 590 629 684 655; x_wconf 87' lang='lat' dir='ltr'>recte</span> <span class='ocrx_word' id='word_1_64' title='bbox 709 623 926 667; x_wconf 87' lang='lat' dir='ltr'>perscriptus</span> <span class='ocrx_word' id='word_1_65' title='bbox 952 623 1016 663; x_wconf 90' lang='lat' dir='ltr'>sit,</span> <span class='ocrx_word' id='word_1_66' title='bbox 1052 630 1085 656; x_wconf 84' lang='lat' dir='ltr'>et</span> <span class='ocrx_word' id='word_1_67' title='bbox 1109 623 1195 657; x_wconf 80' lang='lat' dir='ltr'>salso</span> 
     </span>
     <span class='ocr_line' id='line_1_11' title="bbox 203 672 1195 720; baseline -0.002 -12"><span class='ocrx_word' id='word_1_68' title='bbox 203 681 339 708; x_wconf 81' lang='lat' dir='ltr'>accuset</span> <span class='ocrx_word' id='word_1_69' title='bbox 359 675 584 713; x_wconf 74' lang='lat' dir='ltr'>Aristonem,</span> <span class='ocrx_word' id='word_1_70' title='bbox 611 680 651 707; x_wconf 89' lang='lat' dir='ltr'>ut</span> <span class='ocrx_word' id='word_1_71' title='bbox 673 674 812 718; x_wconf 89' lang='lat' dir='ltr'>publice</span> <span class='ocrx_word' id='word_1_72' title='bbox 831 675 935 708; x_wconf 82' lang='lat' dir='ltr'>dicat.</span> <span class='ocrx_word' id='word_1_73' title='bbox 987 674 1104 720; x_wconf 87' lang='lat' dir='ltr'>Atque</span> <span class='ocrx_word' id='word_1_74' title='bbox 1129 672 1195 707; x_wconf 86' lang='lat' dir='ltr'>hae</span> 
     </span>
     <span class='ocr_line' id='line_1_12' title="bbox 205 723 1197 772; baseline 0 -14"><span class='ocrx_word' id='word_1_75' title='bbox 205 726 348 772; x_wconf 79' lang='lat' dir='ltr'>quidem</span> <span class='ocrx_word' id='word_1_76' title='bbox 376 725 601 770; x_wconf 69' lang='lat' dir='ltr'>quaestiones</span> <span class='ocrx_word' id='word_1_77' title='bbox 625 725 698 759; x_wconf 66' lang='lat' dir='ltr'>sive</span> <span class='ocrx_word' id='word_1_78' title='bbox 726 726 841 770; x_wconf 84' lang='lat' dir='ltr'>capita</span> <span class='ocrx_word' id='word_1_79' title='bbox 866 732 947 759; x_wconf 90' lang='lat' dir='ltr'>sunt</span> <span class='ocrx_word' id='word_1_80' title='bbox 970 723 1075 759; x_wconf 86' lang='lat' dir='ltr'>huius</span> <span class='ocrx_word' id='word_1_81' title='bbox 1093 738 1197 770; x_wconf 82' lang='lat' dir='ltr'>argu-</span> 
     </span>
     <span class='ocr_line' id='line_1_13' title="bbox 202 776 1195 822; baseline 0 -13"><span class='ocrx_word' id='word_1_82' title='bbox 202 777 338 817; x_wconf 84' lang='lat' dir='ltr'>menti,</span> <span class='ocrx_word' id='word_1_83' title='bbox 382 777 417 809; x_wconf 90' lang='lat' dir='ltr'>in</span> <span class='ocrx_word' id='word_1_84' title='bbox 447 777 575 822; x_wconf 88' lang='lat' dir='ltr'>quibus</span> <span class='ocrx_word' id='word_1_85' title='bbox 604 777 819 821; x_wconf 68' lang='lat' dir='ltr'>explicandis</span> <span class='ocrx_word' id='word_1_86' title='bbox 844 776 1027 822; x_wconf 71' lang='lat' dir='ltr'>Lycurgus</span> <span class='ocrx_word' id='word_1_87' title='bbox 1056 777 1195 821; x_wconf 88' lang='lat' dir='ltr'>potissi-</span> 
     </span>
     <span class='ocr_line' id='line_1_14' title="bbox 202 826 1195 873; baseline -0.001 -12"><span class='ocrx_word' id='word_1_88' title='bbox 202 841 301 861; x_wconf 88' lang='lat' dir='ltr'>mmn</span> <span class='ocrx_word' id='word_1_89' title='bbox 327 828 522 867; x_wconf 71' lang='lat' dir='ltr'>laboravit,</span> <span class='ocrx_word' id='word_1_90' title='bbox 550 834 589 861; x_wconf 87' lang='lat' dir='ltr'>nt</span> <span class='ocrx_word' id='word_1_91' title='bbox 612 828 672 873; x_wconf 91' lang='lat' dir='ltr'>qui</span> <span class='ocrx_word' id='word_1_92' title='bbox 698 828 819 872; x_wconf 88' lang='lat' dir='ltr'>priore</span> <span class='ocrx_word' id='word_1_93' title='bbox 842 828 920 861; x_wconf 91' lang='lat' dir='ltr'>loco</span> <span class='ocrx_word' id='word_1_94' title='bbox 945 840 1084 862; x_wconf 88' lang='lat' dir='ltr'>causam</span> <span class='ocrx_word' id='word_1_95' title='bbox 1105 826 1195 861; x_wconf 87' lang='lat' dir='ltr'>hanc</span> 
     </span>
     <span class='ocr_line' id='line_1_15' title="bbox 201 878 1196 924; baseline 0 -12"><span class='ocrx_word' id='word_1_96' title='bbox 201 879 392 924; x_wconf 86' lang='lat' dir='ltr'>perorarit.</span> <span class='ocrx_word' id='word_1_97' title='bbox 469 878 728 912; x_wconf 76' lang='lat' dir='ltr'>Demosthenes</span> <span class='ocrx_word' id='word_1_98' title='bbox 766 886 883 912; x_wconf 86' lang='lat' dir='ltr'>antem</span> <span class='ocrx_word' id='word_1_99' title='bbox 918 880 1074 913; x_wconf 83' lang='lat' dir='ltr'>breviter</span> <span class='ocrx_word' id='word_1_100' title='bbox 1109 878 1196 912; x_wconf 84' lang='lat' dir='ltr'>haec</span> 
     </span>
     <span class='ocr_line' id='line_1_16' title="bbox 200 930 1194 975; baseline 0.001 -12"><span class='ocrx_word' id='word_1_101' title='bbox 200 930 397 975; x_wconf 76' lang='lat' dir='ltr'>percurrit,</span> <span class='ocrx_word' id='word_1_102' title='bbox 443 936 481 963; x_wconf 90' lang='lat' dir='ltr'>ut</span> <span class='ocrx_word' id='word_1_103' title='bbox 519 942 610 975; x_wconf 88' lang='lat' dir='ltr'>quae</span> <span class='ocrx_word' id='word_1_104' title='bbox 649 931 719 962; x_wconf 88' lang='lat' dir='ltr'>iam</span> <span class='ocrx_word' id='word_1_105' title='bbox 758 937 839 963; x_wconf 87' lang='lat' dir='ltr'>ante</span> <span class='ocrx_word' id='word_1_106' title='bbox 869 937 1017 964; x_wconf 88' lang='lat' dir='ltr'>tractata</span> <span class='ocrx_word' id='word_1_107' title='bbox 1050 931 1194 964; x_wconf 85' lang='lat' dir='ltr'>suerint.</span> 
     </span>
     <span class='ocr_line' id='line_1_17' title="bbox 201 981 1194 1015; baseline -0.001 0"><span class='ocrx_word' id='word_1_108' title='bbox 201 982 294 1015; x_wconf 89' lang='lat' dir='ltr'>Tota</span> <span class='ocrx_word' id='word_1_109' title='bbox 320 988 438 1014; x_wconf 87' lang='lat' dir='ltr'>autem</span> <span class='ocrx_word' id='word_1_110' title='bbox 466 981 540 1014; x_wconf 88' lang='lat' dir='ltr'>eius</span> <span class='ocrx_word' id='word_1_111' title='bbox 565 981 679 1014; x_wconf 90' lang='lat' dir='ltr'>oratio</span> <span class='ocrx_word' id='word_1_112' title='bbox 702 981 738 1013; x_wconf 92' lang='lat' dir='ltr'>in</span> <span class='ocrx_word' id='word_1_113' title='bbox 764 982 988 1015; x_wconf 73' lang='lat' dir='ltr'>accusatione</span> <span class='ocrx_word' id='word_1_114' title='bbox 1006 982 1099 1015; x_wconf 84' lang='lat' dir='ltr'>vitae</span> <span class='ocrx_word' id='word_1_115' title='bbox 1114 982 1194 1014; x_wconf 84' lang='lat' dir='ltr'>Ari-</span> 
     </span>
     <span class='ocr_line' id='line_1_18' title="bbox 201 1032 1194 1079; baseline -0.001 -12"><span class='ocrx_word' id='word_1_116' title='bbox 201 1033 388 1077; x_wconf 81' lang='lat' dir='ltr'>stogitonis</span> <span class='ocrx_word' id='word_1_117' title='bbox 418 1039 591 1066; x_wconf 62' lang='lat' dir='ltr'>versatur.</span> <span class='ocrx_word' id='word_1_118' title='bbox 659 1033 774 1065; x_wconf 89' lang='lat' dir='ltr'>Porro</span> <span class='ocrx_word' id='word_1_119' title='bbox 807 1032 1001 1079; x_wconf 70' lang='lat' dir='ltr'>Dionysius</span> <span class='ocrx_word' id='word_1_120' title='bbox 1034 1032 1194 1066; x_wconf 87' lang='lat' dir='ltr'>Halicar-</span> 
     </span>
     <span class='ocr_line' id='line_1_19' title="bbox 199 1081 1194 1127; baseline 0 -10"><span class='ocrx_word' id='word_1_121' title='bbox 199 1096 343 1117; x_wconf 88' lang='lat' dir='ltr'>nasseus</span> <span class='ocrx_word' id='word_1_122' title='bbox 371 1096 444 1116; x_wconf 88' lang='lat' dir='ltr'>non</span> <span class='ocrx_word' id='word_1_123' title='bbox 478 1083 603 1127; x_wconf 82' lang='lat' dir='ltr'>recipit</span> <span class='ocrx_word' id='word_1_124' title='bbox 635 1081 699 1117; x_wconf 86' lang='lat' dir='ltr'>has</span> <span class='ocrx_word' id='word_1_125' title='bbox 732 1084 912 1118; x_wconf 88' lang='lat' dir='ltr'>orationes</span> <span class='ocrx_word' id='word_1_126' title='bbox 940 1084 1034 1117; x_wconf 78' lang='lat' dir='ltr'>inter</span> <span class='ocrx_word' id='word_1_127' title='bbox 1061 1084 1194 1117; x_wconf 88' lang='lat' dir='ltr'>Demo-</span> 
     </span>
     <span class='ocr_line' id='line_1_20' title="bbox 199 1133 1193 1175; baseline 0 -6"><span class='ocrx_word' id='word_1_128' title='bbox 199 1133 398 1175; x_wconf 89' lang='lat' dir='ltr'>sthenicas,</span> <span class='ocrx_word' id='word_1_129' title='bbox 439 1135 529 1167; x_wconf 82' lang='lat' dir='ltr'>facta</span> <span class='ocrx_word' id='word_1_130' title='bbox 559 1147 599 1167; x_wconf 87' lang='lat' dir='ltr'>ex</span> <span class='ocrx_word' id='word_1_131' title='bbox 627 1134 705 1167; x_wconf 90' lang='lat' dir='ltr'>idea</span> <span class='ocrx_word' id='word_1_132' title='bbox 727 1148 788 1168; x_wconf 90' lang='lat' dir='ltr'>seu</span> <span class='ocrx_word' id='word_1_133' title='bbox 810 1136 928 1169; x_wconf 77' lang='lat' dir='ltr'>forma</span> <span class='ocrx_word' id='word_1_134' title='bbox 955 1134 1083 1169; x_wconf 90' lang='lat' dir='ltr'>harum</span> <span class='ocrx_word' id='word_1_135' title='bbox 1110 1148 1193 1169; x_wconf 91' lang='lat' dir='ltr'>con-</span> 
     </span>
     <span class='ocr_line' id='line_1_21' title="bbox 198 1186 1192 1232; baseline 0.003 -14"><span class='ocrx_word' id='word_1_136' title='bbox 198 1187 345 1220; x_wconf 89' lang='lat' dir='ltr'>iectura.</span> <span class='ocrx_word' id='word_1_137' title='bbox 398 1186 466 1220; x_wconf 85' lang='lat' dir='ltr'>Sed</span> <span class='ocrx_word' id='word_1_138' title='bbox 492 1186 553 1218; x_wconf 89' lang='lat' dir='ltr'>alii</span> <span class='ocrx_word' id='word_1_139' title='bbox 575 1192 699 1219; x_wconf 84' lang='lat' dir='ltr'>contra</span> <span class='ocrx_word' id='word_1_140' title='bbox 725 1198 766 1219; x_wconf 81' lang='lat' dir='ltr'>ex</span> <span class='ocrx_word' id='word_1_141' title='bbox 784 1187 982 1232; x_wconf 88' lang='lat' dir='ltr'>composito</span> <span class='ocrx_word' id='word_1_142' title='bbox 1004 1187 1105 1220; x_wconf 88' lang='lat' dir='ltr'>aiunt</span> <span class='ocrx_word' id='word_1_143' title='bbox 1122 1187 1192 1221; x_wconf 88' lang='lat' dir='ltr'>De-</span> 
     </span>
     <span class='ocr_line' id='line_1_22' title="bbox 199 1235 1191 1272; baseline 0.002 -2"><span class='ocrx_word' id='word_1_144' title='bbox 199 1236 422 1272; x_wconf 83' lang='lat' dir='ltr'>mosthenem</span> <span class='ocrx_word' id='word_1_145' title='bbox 441 1237 503 1270; x_wconf 87' lang='lat' dir='ltr'>tali</span> <span class='ocrx_word' id='word_1_146' title='bbox 521 1237 694 1271; x_wconf 88' lang='lat' dir='ltr'>orationis</span> <span class='ocrx_word' id='word_1_147' title='bbox 712 1235 916 1272; x_wconf 75' lang='lat' dir='ltr'>charactere</span> <span class='ocrx_word' id='word_1_148' title='bbox 942 1251 981 1271; x_wconf 88' lang='lat' dir='ltr'>ac</span> <span class='ocrx_word' id='word_1_149' title='bbox 1006 1239 1064 1271; x_wconf 80' lang='lat' dir='ltr'>silo</span> <span class='ocrx_word' id='word_1_150' title='bbox 1087 1251 1191 1272; x_wconf 91' lang='lat' dir='ltr'>usum</span> 
     </span>
     <span class='ocr_line' id='line_1_23' title="bbox 199 1288 1194 1335; baseline 0.001 -13"><span class='ocrx_word' id='word_1_151' title='bbox 199 1301 293 1329; x_wconf 80' lang='lat' dir='ltr'>esse,</span> <span class='ocrx_word' id='word_1_152' title='bbox 321 1289 405 1322; x_wconf 90' lang='lat' dir='ltr'>dum</span> <span class='ocrx_word' id='word_1_153' title='bbox 424 1288 626 1333; x_wconf 69' lang='lat' dir='ltr'>Lycurgum</span> <span class='ocrx_word' id='word_1_154' title='bbox 646 1289 866 1329; x_wconf 86' lang='lat' dir='ltr'>aemulatur,</span> <span class='ocrx_word' id='word_1_155' title='bbox 894 1290 955 1335; x_wconf 90' lang='lat' dir='ltr'>qui</span> <span class='ocrx_word' id='word_1_156' title='bbox 971 1302 1012 1323; x_wconf 93' lang='lat' dir='ltr'>eo</span> <span class='ocrx_word' id='word_1_157' title='bbox 1029 1296 1194 1334; x_wconf 86' lang='lat' dir='ltr'>tempore</span> 
     </span>
     <span class='ocr_line' id='line_1_24' title="bbox 198 1338 1189 1384; baseline 0.001 -12"><span class='ocrx_word' id='word_1_158' title='bbox 198 1338 347 1373; x_wconf 81' lang='lat' dir='ltr'>Athenis</span> <span class='ocrx_word' id='word_1_159' title='bbox 366 1340 458 1373; x_wconf 89' lang='lat' dir='ltr'>inter</span> <span class='ocrx_word' id='word_1_160' title='bbox 469 1340 680 1384; x_wconf 90' lang='lat' dir='ltr'>praecipuos</span> <span class='ocrx_word' id='word_1_161' title='bbox 700 1341 957 1375; x_wconf 77' lang='lat' dir='ltr'>celebrabatur.</span> <span class='ocrx_word' id='word_1_162' title='bbox 984 1341 1055 1373; x_wconf 89' lang='lat' dir='ltr'>Alii</span> <span class='ocrx_word' id='word_1_163' title='bbox 1070 1347 1189 1375; x_wconf 83' lang='lat' dir='ltr'>autem</span> 
     </span>
     <span class='ocr_line' id='line_1_25' title="bbox 198 1391 1192 1437; baseline 0.001 -13"><span class='ocrx_word' id='word_1_164' title='bbox 198 1391 304 1425; x_wconf 87' lang='lat' dir='ltr'>etiam</span> <span class='ocrx_word' id='word_1_165' title='bbox 336 1392 439 1424; x_wconf 89' lang='lat' dir='ltr'>istam</span> <span class='ocrx_word' id='word_1_166' title='bbox 473 1391 628 1424; x_wconf 86' lang='lat' dir='ltr'>afferunt</span> <span class='ocrx_word' id='word_1_167' title='bbox 659 1391 859 1431; x_wconf 87' lang='lat' dir='ltr'>rationem,</span> <span class='ocrx_word' id='word_1_168' title='bbox 900 1393 997 1437; x_wconf 88' lang='lat' dir='ltr'>quod</span> <span class='ocrx_word' id='word_1_169' title='bbox 1025 1404 1104 1425; x_wconf 88' lang='lat' dir='ltr'>cum</span> <span class='ocrx_word' id='word_1_170' title='bbox 1138 1404 1192 1432; x_wconf 84' lang='lat' dir='ltr'>ea,</span> 
     </span>
     <span class='ocr_line' id='line_1_26' title="bbox 199 1442 1190 1488; baseline -0.002 -12"><span class='ocrx_word' id='word_1_171' title='bbox 199 1455 289 1488; x_wconf 86' lang='lat' dir='ltr'>quae</span> <span class='ocrx_word' id='word_1_172' title='bbox 313 1448 438 1475; x_wconf 89' lang='lat' dir='ltr'>contra</span> <span class='ocrx_word' id='word_1_173' title='bbox 465 1448 615 1475; x_wconf 86' lang='lat' dir='ltr'>aetatem</span> <span class='ocrx_word' id='word_1_174' title='bbox 643 1442 736 1475; x_wconf 87' lang='lat' dir='ltr'>illius</span> <span class='ocrx_word' id='word_1_175' title='bbox 761 1443 829 1475; x_wconf 91' lang='lat' dir='ltr'>dici</span> <span class='ocrx_word' id='word_1_176' title='bbox 854 1449 1042 1486; x_wconf 74' lang='lat' dir='ltr'>poterant,</span> <span class='ocrx_word' id='word_1_177' title='bbox 1078 1455 1096 1475; x_wconf 89' lang='lat' dir='ltr'>a</span> <span class='ocrx_word' id='word_1_178' title='bbox 1120 1442 1190 1488; x_wconf 77' lang='lat' dir='ltr'>Ly-</span> 
     </span>
     <span class='ocr_line' id='line_1_27' title="bbox 197 1492 1191 1538; baseline 0.001 -11"><span class='ocrx_word' id='word_1_179' title='bbox 197 1506 306 1538; x_wconf 83' lang='lat' dir='ltr'>curgo</span> <span class='ocrx_word' id='word_1_180' title='bbox 332 1493 368 1526; x_wconf 91' lang='lat' dir='ltr'>in</span> <span class='ocrx_word' id='word_1_181' title='bbox 392 1493 550 1537; x_wconf 81' lang='lat' dir='ltr'>priorem</span> <span class='ocrx_word' id='word_1_182' title='bbox 572 1492 748 1526; x_wconf 82' lang='lat' dir='ltr'>actionem</span> <span class='ocrx_word' id='word_1_183' title='bbox 780 1494 900 1526; x_wconf 88' lang='lat' dir='ltr'>omnia</span> <span class='ocrx_word' id='word_1_184' title='bbox 927 1494 1114 1538; x_wconf 88' lang='lat' dir='ltr'>absumpta</span> <span class='ocrx_word' id='word_1_185' title='bbox 1140 1506 1191 1528; x_wconf 89' lang='lat' dir='ltr'>es-</span> 
     </span>
     <span class='ocr_line' id='line_1_28' title="bbox 196 1544 1191 1589; baseline 0 -11"><span class='ocrx_word' id='word_1_186' title='bbox 196 1551 295 1585; x_wconf 86' lang='lat' dir='ltr'>sent,</span> <span class='ocrx_word' id='word_1_187' title='bbox 323 1544 560 1589; x_wconf 88' lang='lat' dir='ltr'>omnibusque</span> <span class='ocrx_word' id='word_1_188' title='bbox 577 1544 645 1577; x_wconf 86' lang='lat' dir='ltr'>illis</span> <span class='ocrx_word' id='word_1_189' title='bbox 669 1544 842 1588; x_wconf 79' lang='lat' dir='ltr'>capitibus</span> <span class='ocrx_word' id='word_1_190' title='bbox 867 1544 941 1589; x_wconf 85' lang='lat' dir='ltr'>ipse</span> <span class='ocrx_word' id='word_1_191' title='bbox 960 1558 1042 1579; x_wconf 88' lang='lat' dir='ltr'>usus</span> <span class='ocrx_word' id='word_1_192' title='bbox 1057 1545 1191 1585; x_wconf 88' lang='lat' dir='ltr'>fuisset,</span> 
     </span>
     <span class='ocr_line' id='line_1_29' title="bbox 197 1593 1190 1641; baseline 0.001 -12"><span class='ocrx_word' id='word_1_193' title='bbox 197 1593 456 1629; x_wconf 84' lang='lat' dir='ltr'>Demosthenes</span> <span class='ocrx_word' id='word_1_194' title='bbox 479 1595 678 1628; x_wconf 89' lang='lat' dir='ltr'>necessario</span> <span class='ocrx_word' id='word_1_195' title='bbox 705 1602 846 1629; x_wconf 86' lang='lat' dir='ltr'>coactus</span> <span class='ocrx_word' id='word_1_196' title='bbox 870 1596 997 1637; x_wconf 86' lang='lat' dir='ltr'>fuerit,</span> <span class='ocrx_word' id='word_1_197' title='bbox 1032 1594 1190 1641; x_wconf 90' lang='lat' dir='ltr'>philoso-</span> 
     </span>
     <span class='ocr_line' id='line_1_30' title="bbox 196 1645 1190 1693; baseline 0.002 -14"><span class='ocrx_word' id='word_1_198' title='bbox 196 1645 302 1692; x_wconf 90' lang='lat' dir='ltr'>phico</span> <span class='ocrx_word' id='word_1_199' title='bbox 325 1647 478 1692; x_wconf 85' lang='lat' dir='ltr'>quodam</span> <span class='ocrx_word' id='word_1_200' title='bbox 498 1647 607 1679; x_wconf 88' lang='lat' dir='ltr'>modo</span> <span class='ocrx_word' id='word_1_201' title='bbox 625 1646 761 1692; x_wconf 80' lang='lat' dir='ltr'>reliqna</span> <span class='ocrx_word' id='word_1_202' title='bbox 788 1647 973 1693; x_wconf 85' lang='lat' dir='ltr'>persequi,</span> <span class='ocrx_word' id='word_1_203' title='bbox 1002 1660 1042 1681; x_wconf 87' lang='lat' dir='ltr'>ac</span> <span class='ocrx_word' id='word_1_204' title='bbox 1065 1647 1190 1681; x_wconf 87' lang='lat' dir='ltr'>circui-</span> 
     </span>
     <span class='ocr_line' id='line_1_31' title="bbox 197 1695 1188 1743; baseline 0.002 -13"><span class='ocrx_word' id='word_1_205' title='bbox 197 1698 354 1731; x_wconf 84' lang='lat' dir='ltr'>tionibus</span> <span class='ocrx_word' id='word_1_206' title='bbox 379 1695 624 1730; x_wconf 82' lang='lat' dir='ltr'>huiuscemodi</span> <span class='ocrx_word' id='word_1_207' title='bbox 645 1697 709 1731; x_wconf 83' lang='lat' dir='ltr'>uti.</span> <span class='ocrx_word' id='word_1_208' title='bbox 761 1697 917 1732; x_wconf 85' lang='lat' dir='ltr'>Rursum</span> <span class='ocrx_word' id='word_1_209' title='bbox 946 1699 1006 1731; x_wconf 88' lang='lat' dir='ltr'>alii</span> <span class='ocrx_word' id='word_1_210' title='bbox 1030 1699 1188 1743; x_wconf 88' lang='lat' dir='ltr'>priorem</span> 
     </span>
     <span class='ocr_line' id='line_1_32' title="bbox 197 1747 1189 1794; baseline 0.003 -13"><span class='ocrx_word' id='word_1_211' title='bbox 197 1749 341 1794; x_wconf 89' lang='lat' dir='ltr'>quidem</span> <span class='ocrx_word' id='word_1_212' title='bbox 360 1749 559 1781; x_wconf 89' lang='lat' dir='ltr'>orationem</span> <span class='ocrx_word' id='word_1_213' title='bbox 580 1749 672 1781; x_wconf 92' lang='lat' dir='ltr'>inter</span> <span class='ocrx_word' id='word_1_214' title='bbox 685 1747 977 1784; x_wconf 85' lang='lat' dir='ltr'>Demosthenicas</span> <span class='ocrx_word' id='word_1_215' title='bbox 993 1757 1189 1791; x_wconf 81' lang='lat' dir='ltr'>recensent,</span> 
     </span>
     <span class='ocr_line' id='line_1_33' title="bbox 195 1799 1188 1847; baseline 0.001 -14"><span class='ocrx_word' id='word_1_216' title='bbox 195 1800 430 1844; x_wconf 83' lang='lat' dir='ltr'>posteriorem</span> <span class='ocrx_word' id='word_1_217' title='bbox 462 1805 579 1832; x_wconf 89' lang='lat' dir='ltr'>autem</span> <span class='ocrx_word' id='word_1_218' title='bbox 605 1799 789 1840; x_wconf 90' lang='lat' dir='ltr'>reiiciunt,</span> <span class='ocrx_word' id='word_1_219' title='bbox 830 1807 868 1834; x_wconf 90' lang='lat' dir='ltr'>ut</span> <span class='ocrx_word' id='word_1_220' title='bbox 899 1814 989 1847; x_wconf 88' lang='lat' dir='ltr'>quae</span> <span class='ocrx_word' id='word_1_221' title='bbox 1020 1799 1110 1835; x_wconf 89' lang='lat' dir='ltr'>nihil</span> <span class='ocrx_word' id='word_1_222' title='bbox 1135 1802 1188 1834; x_wconf 85' lang='lat' dir='ltr'>di-</span> 
     </span>
     <span class='ocr_line' id='line_1_34' title="bbox 196 1848 862 1896; baseline 0.003 -13"><span class='ocrx_word' id='word_1_223' title='bbox 196 1863 305 1895; x_wconf 83' lang='lat' dir='ltr'>gnum</span> <span class='ocrx_word' id='word_1_224' title='bbox 324 1857 424 1883; x_wconf 86' lang='lat' dir='ltr'>tanto</span> <span class='ocrx_word' id='word_1_225' title='bbox 443 1848 584 1884; x_wconf 84' lang='lat' dir='ltr'>rhetore</span> <span class='ocrx_word' id='word_1_226' title='bbox 602 1863 688 1896; x_wconf 89' lang='lat' dir='ltr'>prae</span> <span class='ocrx_word' id='word_1_227' title='bbox 707 1864 742 1885; x_wconf 89' lang='lat' dir='ltr'>se</span> <span class='ocrx_word' id='word_1_228' title='bbox 760 1852 862 1885; x_wconf 85' lang='lat' dir='ltr'>ferat.</span> 
     </span>
    </p>
   </div>
   <div class='ocr_carea' id='block_1_3' title="bbox 227 1958 1147 2057">
    <p class='ocr_par' dir='ltr' id='par_1_3' title="bbox 227 1958 1147 2057">
     <span class='ocr_line' id='line_1_35' title="bbox 227 1958 1147 2007; baseline 0.004 -15"><span class='ocrx_word' id='word_1_229' title='bbox 227 1958 547 1995; x_wconf 83' lang='lat' dir='ltr'>Demosthenis</span> <span class='ocrx_word' id='word_1_230' title='bbox 584 1968 743 1995; x_wconf 85' lang='lat' dir='ltr'>contra</span> <span class='ocrx_word' id='word_1_231' title='bbox 779 1962 1147 2007; x_wconf 80' lang='lat' dir='ltr'>Aristogitonem</span> 
     </span>
     <span class='ocr_line' id='line_1_36' title="bbox 515 2013 859 2057; baseline 0.006 -12"><span class='ocrx_word' id='word_1_232' title='bbox 515 2013 667 2045; x_wconf 86' lang='lat' dir='ltr'>oratio</span> <span class='ocrx_word' id='word_1_233' title='bbox 702 2013 859 2057; x_wconf 87' lang='lat' dir='ltr'>prima.</span> 
     </span>
    </p>
   </div>
   <div class='ocr_carea' id='block_1_4' title="bbox 192 2085 1187 2594">
    <p class='ocr_par' dir='ltr' id='par_1_4' title="bbox 192 2085 1187 2594">
     <span class='ocr_line' id='line_1_37' title="bbox 296 2085 1187 2137; baseline 0.008 -19"><span class='ocrx_word' id='word_1_234' title='bbox 296 2085 371 2129; x_wconf 84' lang='lat' dir='ltr'>Ego</span> <span class='ocrx_word' id='word_1_235' title='bbox 395 2087 465 2119; x_wconf 88' lang='lat' dir='ltr'>iam</span> <span class='ocrx_word' id='word_1_236' title='bbox 497 2088 632 2121; x_wconf 91' lang='lat' dir='ltr'>dudum</span> <span class='ocrx_word' id='word_1_237' title='bbox 662 2088 699 2121; x_wconf 87' lang='lat' dir='ltr'>in</span> <span class='ocrx_word' id='word_1_238' title='bbox 724 2086 792 2122; x_wconf 87' lang='lat' dir='ltr'>hoc</span> <span class='ocrx_word' id='word_1_239' title='bbox 824 2102 989 2124; x_wconf 88' lang='lat' dir='ltr'>consessu</span> <span class='ocrx_word' id='word_1_240' title='bbox 1015 2103 1094 2124; x_wconf 90' lang='lat' dir='ltr'>cum</span> <span class='ocrx_word' id='word_1_241' title='bbox 1117 2090 1187 2137; x_wconf 83' lang='lat' dir='ltr'>Ly-</span> 
     </span>
     <span class='ocr_line' id='line_1_38' title="bbox 194 2137 1187 2187; baseline 0.008 -19"><span class='ocrx_word' id='word_1_242' title='bbox 194 2137 293 2180; x_wconf 81' lang='lat' dir='ltr'>curgi</span> <span class='ocrx_word' id='word_1_243' title='bbox 321 2138 520 2171; x_wconf 86' lang='lat' dir='ltr'>orationem</span> <span class='ocrx_word' id='word_1_244' title='bbox 552 2139 733 2180; x_wconf 82' lang='lat' dir='ltr'>audirem,</span> <span class='ocrx_word' id='word_1_245' title='bbox 773 2142 954 2184; x_wconf 87' lang='lat' dir='ltr'>praeclare</span> <span class='ocrx_word' id='word_1_246' title='bbox 979 2142 1123 2187; x_wconf 88' lang='lat' dir='ltr'>quidem</span> <span class='ocrx_word' id='word_1_247' title='bbox 1147 2143 1187 2175; x_wconf 90' lang='lat' dir='ltr'>il-</span> 
     </span>
     <span class='ocr_line' id='line_1_39' title="bbox 193 2186 1184 2238; baseline 0.007 -18"><span class='ocrx_word' id='word_1_248' title='bbox 193 2188 267 2221; x_wconf 90' lang='lat' dir='ltr'>lum</span> <span class='ocrx_word' id='word_1_249' title='bbox 291 2186 382 2222; x_wconf 81' lang='lat' dir='ltr'>hanc</span> <span class='ocrx_word' id='word_1_250' title='bbox 400 2202 542 2223; x_wconf 83' lang='lat' dir='ltr'>causam</span> <span class='ocrx_word' id='word_1_251' title='bbox 560 2202 663 2234; x_wconf 81' lang='lat' dir='ltr'>agere</span> <span class='ocrx_word' id='word_1_252' title='bbox 680 2191 879 2225; x_wconf 85' lang='lat' dir='ltr'>iudicabam</span> <span class='ocrx_word' id='word_1_253' title='bbox 896 2192 926 2238; x_wconf 79' lang='lat'>³)</span> <span class='ocrx_word' id='word_1_254' title='bbox 940 2219 948 2233; x_wconf 88' lang='lat'>,</span> <span class='ocrx_word' id='word_1_255' title='bbox 978 2205 1100 2227; x_wconf 72' lang='lat' dir='ltr'>verum</span> <span class='ocrx_word' id='word_1_256' title='bbox 1117 2192 1184 2227; x_wconf 88' lang='lat' dir='ltr'>hoc</span> 
     </span>
     <span class='ocr_line' id='line_1_40' title="bbox 193 2239 1184 2286; baseline 0.007 -15"><span class='ocrx_word' id='word_1_257' title='bbox 193 2239 372 2280; x_wconf 83' lang='lat' dir='ltr'>mirabar,</span> <span class='ocrx_word' id='word_1_258' title='bbox 407 2240 493 2286; x_wconf 92' lang='lat' dir='ltr'>quid</span> <span class='ocrx_word' id='word_1_259' title='bbox 518 2253 735 2286; x_wconf 80' lang='lat' dir='ltr'>magnopere</span> <span class='ocrx_word' id='word_1_260' title='bbox 763 2245 1010 2284; x_wconf 85' lang='lat' dir='ltr'>contenderet,</span> <span class='ocrx_word' id='word_1_261' title='bbox 1039 2258 1118 2278; x_wconf 89' lang='lat' dir='ltr'>cum</span> <span class='ocrx_word' id='word_1_262' title='bbox 1148 2246 1184 2278; x_wconf 92' lang='lat' dir='ltr'>in</span> 
     </span>
     <span class='ocr_line' id='line_1_41' title="bbox 194 2287 1185 2340; baseline 0.008 -18"><span class='ocrx_word' id='word_1_263' title='bbox 194 2287 261 2322; x_wconf 83' lang='lat' dir='ltr'>hac</span> <span class='ocrx_word' id='word_1_264' title='bbox 284 2292 528 2325; x_wconf 76' lang='lat' dir='ltr'>controversia</span> <span class='ocrx_word' id='word_1_265' title='bbox 554 2305 598 2325; x_wconf 88' lang='lat' dir='ltr'>ne</span> <span class='ocrx_word' id='word_1_266' title='bbox 617 2293 760 2339; x_wconf 88' lang='lat' dir='ltr'>quidem</span> <span class='ocrx_word' id='word_1_267' title='bbox 783 2295 1014 2340; x_wconf 89' lang='lat' dir='ltr'>requirantur</span> <span class='ocrx_word' id='word_1_268' title='bbox 1035 2296 1080 2329; x_wconf 87' lang='lat' dir='ltr'>ab</span> <span class='ocrx_word' id='word_1_269' title='bbox 1105 2308 1185 2330; x_wconf 83' lang='lat' dir='ltr'>ora-</span> 
     </span>
     <span class='ocr_line' id='line_1_42' title="bbox 194 2343 1183 2387; baseline 0.01 -15"><span class='ocrx_word' id='word_1_270' title='bbox 194 2345 292 2380; x_wconf 91' lang='lat' dir='ltr'>tore,</span> <span class='ocrx_word' id='word_1_271' title='bbox 334 2343 419 2387; x_wconf 86' lang='lat' dir='ltr'>quid</span> <span class='ocrx_word' id='word_1_272' title='bbox 452 2344 494 2376; x_wconf 86' lang='lat' dir='ltr'>de</span> <span class='ocrx_word' id='word_1_273' title='bbox 527 2356 588 2377; x_wconf 89' lang='lat' dir='ltr'>reo</span> <span class='ocrx_word' id='word_1_274' title='bbox 615 2346 842 2379; x_wconf 86' lang='lat' dir='ltr'>statuendum</span> <span class='ocrx_word' id='word_1_275' title='bbox 879 2346 944 2386; x_wconf 89' lang='lat' dir='ltr'>sit,</span> <span class='ocrx_word' id='word_1_276' title='bbox 987 2348 1048 2381; x_wconf 83' lang='lat' dir='ltr'>sed</span> <span class='ocrx_word' id='word_1_277' title='bbox 1079 2349 1122 2381; x_wconf 88' lang='lat' dir='ltr'>de</span> <span class='ocrx_word' id='word_1_278' title='bbox 1145 2360 1183 2382; x_wconf 92' lang='lat' dir='ltr'>re</span> 
     </span>
     <span class='ocr_line' id='line_1_43' title="bbox 193 2394 1183 2441; baseline 0.011 -19"><span class='ocrx_word' id='word_1_279' title='bbox 193 2397 301 2431; x_wconf 87' lang='lat' dir='ltr'>nota,</span> <span class='ocrx_word' id='word_1_280' title='bbox 328 2399 367 2425; x_wconf 89' lang='lat' dir='ltr'>ut</span> <span class='ocrx_word' id='word_1_281' title='bbox 391 2394 539 2440; x_wconf 85' lang='lat' dir='ltr'>quisque</span> <span class='ocrx_word' id='word_1_282' title='bbox 562 2407 628 2439; x_wconf 92' lang='lat' dir='ltr'>pro</span> <span class='ocrx_word' id='word_1_283' title='bbox 651 2409 716 2429; x_wconf 92' lang='lat' dir='ltr'>suo</span> <span class='ocrx_word' id='word_1_284' title='bbox 743 2397 869 2430; x_wconf 82' lang='lat' dir='ltr'>affectu</span> <span class='ocrx_word' id='word_1_285' title='bbox 898 2398 953 2430; x_wconf 82' lang='lat' dir='ltr'>vel</span> <span class='ocrx_word' id='word_1_286' title='bbox 970 2399 1045 2431; x_wconf 91' lang='lat' dir='ltr'>odit</span> <span class='ocrx_word' id='word_1_287' title='bbox 1060 2400 1183 2441; x_wconf 87' lang='lat' dir='ltr'>scelus,</span> 
     </span>
     <span class='ocr_line' id='line_1_44' title="bbox 194 2440 1181 2486; baseline 0.012 -13"><span class='ocrx_word' id='word_1_288' title='bbox 194 2440 250 2474; x_wconf 83' lang='lat' dir='ltr'>vel</span> <span class='ocrx_word' id='word_1_289' title='bbox 275 2445 469 2486; x_wconf 85' lang='lat' dir='ltr'>approbat,</span> <span class='ocrx_word' id='word_1_290' title='bbox 504 2445 694 2480; x_wconf 84' lang='lat' dir='ltr'>iudicaturi</span> <span class='ocrx_word' id='word_1_291' title='bbox 718 2447 804 2482; x_wconf 89' lang='lat' dir='ltr'>sitis.</span> <span class='ocrx_word' id='word_1_292' title='bbox 863 2447 909 2481; x_wconf 86' lang='lat' dir='ltr'>Et</span> <span class='ocrx_word' id='word_1_293' title='bbox 930 2449 965 2482; x_wconf 90' lang='lat' dir='ltr'>in</span> <span class='ocrx_word' id='word_1_294' title='bbox 991 2447 1056 2483; x_wconf 87' lang='lat' dir='ltr'>hac</span> <span class='ocrx_word' id='word_1_295' title='bbox 1079 2463 1181 2485; x_wconf 80' lang='lat' dir='ltr'>causa</span> 
     </span>
     <span class='ocr_line' id='line_1_45' title="bbox 194 2498 1182 2536; baseline 0.012 -12"><span class='ocrx_word' id='word_1_296' title='bbox 194 2504 235 2524; x_wconf 82' lang='lat' dir='ltr'>ex</span> <span class='ocrx_word' id='word_1_297' title='bbox 254 2505 353 2526; x_wconf 89' lang='lat' dir='ltr'>more</span> <span class='ocrx_word' id='word_1_298' title='bbox 372 2501 510 2529; x_wconf 86' lang='lat' dir='ltr'>tantum</span> <span class='ocrx_word' id='word_1_299' title='bbox 527 2498 787 2532; x_wconf 83' lang='lat' dir='ltr'>accusationem</span> <span class='ocrx_word' id='word_1_300' title='bbox 808 2499 1006 2534; x_wconf 88' lang='lat' dir='ltr'>institutam</span> <span class='ocrx_word' id='word_1_301' title='bbox 1024 2513 1096 2535; x_wconf 88' lang='lat' dir='ltr'>esse</span> <span class='ocrx_word' id='word_1_302' title='bbox 1112 2503 1182 2536; x_wconf 84' lang='lat' dir='ltr'>exi-</span> 
     </span>
     <span class='ocr_line' id='line_1_46' title="bbox 192 2542 1182 2594; baseline 0.01 -18"><span class='ocrx_word' id='word_1_303' title='bbox 192 2542 320 2584; x_wconf 86' lang='lat' dir='ltr'>stimo,</span> <span class='ocrx_word' id='word_1_304' title='bbox 355 2553 530 2580; x_wconf 90' lang='lat' dir='ltr'>caeterum</span> <span class='ocrx_word' id='word_1_305' title='bbox 548 2549 686 2582; x_wconf 81' lang='lat' dir='ltr'>adferre</span> <span class='ocrx_word' id='word_1_306' title='bbox 703 2562 766 2584; x_wconf 71' lang='lat' dir='ltr'>vos</span> <span class='ocrx_word' id='word_1_307' title='bbox 788 2552 896 2584; x_wconf 91' lang='lat' dir='ltr'>domo</span> <span class='ocrx_word' id='word_1_308' title='bbox 925 2551 1094 2585; x_wconf 87' lang='lat' dir='ltr'>indicium</span> <span class='ocrx_word' id='word_1_309' title='bbox 1117 2554 1182 2594; x_wconf 93' lang='lat' dir='ltr'>rei,</span> 
     </span>
    </p>
   </div>
   <div class='ocr_carea' id='block_1_5' title="bbox 330 2621 398 2626">
    <p class='ocr_par' dir='ltr' id='par_1_5' title="bbox 330 2621 398 2626">
     <span class='ocr_line' id='line_1_47' title="bbox 330 2621 398 2626; baseline 0 0"><span class='ocrx_word' id='word_1_310' title='bbox 330 2621 398 2626; x_wconf 95' lang='lat' dir='ltr'> </span> 
     </span>
    </p>
   </div>
   <div class='ocr_carea' id='block_1_6' title="bbox 226 2658 1181 2757">
    <p class='ocr_par' dir='ltr' id='par_1_6' title="bbox 226 2658 1181 2757">
     <span class='ocr_line' id='line_1_48' title="bbox 226 2658 1181 2697; baseline 0.009 -16"><span class='ocrx_word' id='word_1_311' title='bbox 226 2658 258 2686; x_wconf 83' lang='lat'>3)</span> <span class='ocrx_word' id='word_1_312' title='bbox 278 2659 344 2682; x_wconf 81' lang='lat' dir='ltr'>Huic</span> <span class='ocrx_word' id='word_1_313' title='bbox 363 2661 475 2684; x_wconf 80' lang='lat' dir='ltr'>exordio</span> <span class='ocrx_word' id='word_1_314' title='bbox 494 2661 520 2684; x_wconf 89' lang='lat' dir='ltr'>in</span> <span class='ocrx_word' id='word_1_315' title='bbox 540 2662 622 2687; x_wconf 82' lang='lat' dir='ltr'>Editt.</span> <span class='ocrx_word' id='word_1_316' title='bbox 643 2664 735 2693; x_wconf 68' lang='lat'>1522,</span> <span class='ocrx_word' id='word_1_317' title='bbox 757 2665 830 2689; x_wconf 71' lang='lat'>1547.</span> <span class='ocrx_word' id='word_1_318' title='bbox 851 2665 877 2688; x_wconf 84' lang='lat' dir='ltr'>in</span> <span class='ocrx_word' id='word_1_319' title='bbox 898 2666 1023 2696; x_wconf 74' lang='lat' dir='ltr'>margine</span> <span class='ocrx_word' id='word_1_320' title='bbox 1037 2666 1181 2697; x_wconf 82' lang='lat' dir='ltr'>adscripta</span> 
     </span>
     <span class='ocr_line' id='line_1_49' title="bbox 260 2692 1179 2733; baseline 0.011 -18"><span class='ocrx_word' id='word_1_321' title='bbox 260 2694 304 2716; x_wconf 84' lang='lat' dir='ltr'>est</span> <span class='ocrx_word' id='word_1_322' title='bbox 322 2695 479 2733; x_wconf 67' lang='lat' dir='ltr'>annotatio:</span> <span class='ocrx_word' id='word_1_323' title='bbox 508 2692 668 2727; x_wconf 78' lang='grc' dir='ltr'><strong><em>ἀποδίωξις,</em></strong></span> <span class='ocrx_word' id='word_1_324' title='bbox 698 2698 761 2722; x_wconf 83' lang='lat' dir='ltr'>nihii</span> <span class='ocrx_word' id='word_1_325' title='bbox 787 2705 854 2731; x_wconf 80' lang='lat' dir='ltr'>opus</span> <span class='ocrx_word' id='word_1_326' title='bbox 882 2702 926 2724; x_wconf 85' lang='lat' dir='ltr'>est</span> <span class='ocrx_word' id='word_1_327' title='bbox 947 2701 1029 2731; x_wconf 83' lang='lat' dir='ltr'>longa</span> <span class='ocrx_word' id='word_1_328' title='bbox 1051 2701 1179 2725; x_wconf 84' lang='lat' dir='ltr'>oratione</span> 
     </span>
     <span class='ocr_line' id='line_1_50' title="bbox 260 2732 542 2757; baseline 0.018 -8"><span class='ocrx_word' id='word_1_329' title='bbox 260 2732 355 2757; x_wconf 84' lang='lat' dir='ltr'>nempe</span> <span class='ocrx_word' id='word_1_330' title='bbox 375 2735 401 2752; x_wconf 79' lang='grc' dir='ltr'>ιιι</span> <span class='ocrx_word' id='word_1_331' title='bbox 421 2735 452 2752; x_wconf 84' lang='lat' dir='ltr'>re</span> <span class='ocrx_word' id='word_1_332' title='bbox 471 2732 542 2755; x_wconf 83' lang='lat' dir='ltr'>nota.</span> 
     </span>
    </p>
   </div>
   <div class='ocr_carea' id='block_1_7' title="bbox 792 126 1659 163">
    <p class='ocr_par' dir='ltr' id='par_1_7' title="bbox 792 126 1659 163">
     <span class='ocr_line' id='line_1_51' title="bbox 792 126 1659 163; baseline 0 -1"><span class='ocrx_word' id='word_1_333' title='bbox 792 129 913 162; x_wconf 81' lang='lat' dir='ltr'>PfflL.</span> <span class='ocrx_word' id='word_1_334' title='bbox 947 127 1059 162; x_wconf 77' lang='lat' dir='ltr'>MEL.</span> <span class='ocrx_word' id='word_1_335' title='bbox 1093 126 1293 161; x_wconf 77' lang='lat' dir='ltr'>SCRIPTA</span> <span class='ocrx_word' id='word_1_336' title='bbox 1327 127 1659 163; x_wconf 77' lang='lat' dir='ltr'><strong>PHILOLOGICA.</strong></span> 
     </span>
    </p>
   </div>
   <div class='ocr_carea' id='block_1_8' title="bbox 2173 129 2247 165">
    <p class='ocr_par' dir='ltr' id='par_1_8' title="bbox 2173 129 2247 165">
     <span class='ocr_line' id='line_1_52' title="bbox 2173 129 2247 165; baseline 0.027 -2"><span class='ocrx_word' id='word_1_337' title='bbox 2173 129 2247 165; x_wconf 85' lang='lat'>780</span> 
     </span>
    </p>
   </div>
   <div class='ocr_carea' id='block_1_9' title="bbox 1238 214 2242 2365">
    <p class='ocr_par' dir='ltr' id='par_1_9' title="bbox 1238 214 2242 2365">
     <span class='ocr_line' id='line_1_53' title="bbox 1253 214 2242 259; baseline 0.004 -13"><span class='ocrx_word' id='word_1_338' title='bbox 1253 220 1289 246; x_wconf 90' lang='lat' dir='ltr'>ut</span> <span class='ocrx_word' id='word_1_339' title='bbox 1316 214 1465 259; x_wconf 78' lang='lat' dir='ltr'>quisquc</span> <span class='ocrx_word' id='word_1_340' title='bbox 1490 216 1645 248; x_wconf 78' lang='lat' dir='ltr'>adfectus</span> <span class='ocrx_word' id='word_1_341' title='bbox 1670 222 1732 248; x_wconf 79' lang='lat' dir='ltr'>cst.</span> <span class='ocrx_word' id='word_1_342' title='bbox 1794 216 1898 259; x_wconf 72' lang='lat' dir='ltr'>Quod</span> <span class='ocrx_word' id='word_1_343' title='bbox 1928 214 1955 247; x_wconf 82' lang='lat' dir='ltr'>si</span> <span class='ocrx_word' id='word_1_344' title='bbox 1982 215 2096 247; x_wconf 82' lang='lat' dir='ltr'>maior</span> <span class='ocrx_word' id='word_1_345' title='bbox 2118 228 2201 259; x_wconf 81' lang='lat' dir='ltr'>pars</span> <span class='ocrx_word' id='word_1_346' title='bbox 2225 230 2242 249; x_wconf 79' lang='lat' dir='ltr'>t·</span> 
     </span>
     <span class='ocr_line' id='line_1_54' title="bbox 1254 263 2241 310; baseline 0.005 -14"><span class='ocrx_word' id='word_1_347' title='bbox 1254 265 1353 297; x_wconf 67' lang='lat' dir='ltr'>xobis</span> <span class='ocrx_word' id='word_1_348' title='bbox 1372 266 1478 298; x_wconf 89' lang='lat' dir='ltr'>sentit</span> <span class='ocrx_word' id='word_1_349' title='bbox 1506 263 1572 299; x_wconf 84' lang='lat' dir='ltr'>hoc</span> <span class='ocrx_word' id='word_1_350' title='bbox 1598 278 1706 310; x_wconf 69' lang='lat' dir='ltr'>genus</span> <span class='ocrx_word' id='word_1_351' title='bbox 1731 266 1914 310; x_wconf 79' lang='lat' dir='ltr'>improbos</span> <span class='ocrx_word' id='word_1_352' title='bbox 1938 265 2029 299; x_wconf 71' lang='lat' dir='ltr'>cives</span> <span class='ocrx_word' id='word_1_353' title='bbox 2049 268 2241 301; x_wconf 62' lang='lat' dir='ltr'>servandos</span> 
     </span>
     <span class='ocr_line' id='line_1_55' title="bbox 1252 315 2240 361; baseline 0.002 -12"><span class='ocrx_word' id='word_1_354' title='bbox 1252 328 1344 355; x_wconf 85' lang='lat' dir='ltr'>esse,</span> <span class='ocrx_word' id='word_1_355' title='bbox 1383 317 1513 350; x_wconf 86' lang='lat' dir='ltr'>srnstra</span> <span class='ocrx_word' id='word_1_356' title='bbox 1547 330 1564 350; x_wconf 92' lang='lat' dir='ltr'>a</span> <span class='ocrx_word' id='word_1_357' title='bbox 1592 317 1694 351; x_wconf 88' lang='lat' dir='ltr'>nobis</span> <span class='ocrx_word' id='word_1_358' title='bbox 1724 315 1810 350; x_wconf 79' lang='lat' dir='ltr'>haec</span> <span class='ocrx_word' id='word_1_359' title='bbox 1841 317 1957 350; x_wconf 66' lang='lat' dir='ltr'>t‘almla</span> <span class='ocrx_word' id='word_1_360' title='bbox 1989 317 2116 361; x_wconf 84' lang='lat' dir='ltr'>agitur.</span> <span class='ocrx_word' id='word_1_361' title='bbox 2178 318 2240 351; x_wconf 88' lang='lat' dir='ltr'>Sin</span> 
     </span>
     <span class='ocr_line' id='line_1_56' title="bbox 1252 367 2240 412; baseline 0.004 -13"><span class='ocrx_word' id='word_1_362' title='bbox 1252 367 1375 401; x_wconf 85' lang='lat' dir='ltr'>odistis</span> <span class='ocrx_word' id='word_1_363' title='bbox 1399 380 1465 412; x_wconf 90' lang='lat' dir='ltr'>pro</span> <span class='ocrx_word' id='word_1_364' title='bbox 1490 380 1530 400; x_wconf 89' lang='lat' dir='ltr'>eo</span> <span class='ocrx_word' id='word_1_365' title='bbox 1557 380 1597 400; x_wconf 91' lang='lat' dir='ltr'>ac</span> <span class='ocrx_word' id='word_1_366' title='bbox 1622 375 1824 407; x_wconf 84' lang='lat' dir='ltr'>merentur,</span> <span class='ocrx_word' id='word_1_367' title='bbox 1858 369 1887 402; x_wconf 89' lang='lat' dir='ltr'>si</span> <span class='ocrx_word' id='word_1_368' title='bbox 1914 368 2007 401; x_wconf 70' lang='lat' dir='ltr'>volet</span> <span class='ocrx_word' id='word_1_369' title='bbox 2032 367 2148 409; x_wconf 89' lang='lat' dir='ltr'>Deus,</span> <span class='ocrx_word' id='word_1_370' title='bbox 2182 367 2240 403; x_wconf 86' lang='lat' dir='ltr'>hic</span> 
     </span>
     <span class='ocr_line' id='line_1_57' title="bbox 1251 419 2238 463; baseline 0.003 -12"><span class='ocrx_word' id='word_1_371' title='bbox 1251 431 1393 463; x_wconf 81' lang='lat' dir='ltr'>qnoque</span> <span class='ocrx_word' id='word_1_372' title='bbox 1424 431 1559 463; x_wconf 86' lang='lat' dir='ltr'>poenas</span> <span class='ocrx_word' id='word_1_373' title='bbox 1590 420 1699 453; x_wconf 83' lang='lat' dir='ltr'>dabit.</span> <span class='ocrx_word' id='word_1_374' title='bbox 1759 420 1828 453; x_wconf 87' lang='lat' dir='ltr'>Sed</span> <span class='ocrx_word' id='word_1_375' title='bbox 1861 432 1940 453; x_wconf 84' lang='lat' dir='ltr'>cum</span> <span class='ocrx_word' id='word_1_376' title='bbox 1970 419 2030 452; x_wconf 86' lang='lat' dir='ltr'>alii</span> <span class='ocrx_word' id='word_1_377' title='bbox 2057 420 2169 454; x_wconf 88' lang='lat' dir='ltr'>multa</span> <span class='ocrx_word' id='word_1_378' title='bbox 2195 421 2238 454; x_wconf 88' lang='lat' dir='ltr'>de</span> 
     </span>
     <span class='ocr_line' id='line_1_58' title="bbox 1251 470 2238 514; baseline 0.004 -13"><span class='ocrx_word' id='word_1_379' title='bbox 1251 482 1353 502; x_wconf 85' lang='lat' dir='ltr'>cansa</span> <span class='ocrx_word' id='word_1_380' title='bbox 1374 470 1554 514; x_wconf 77' lang='lat' dir='ltr'>praeclare.</span> <span class='ocrx_word' id='word_1_381' title='bbox 1573 470 1745 509; x_wconf 80' lang='lat' dir='ltr'>dixerint,</span> <span class='ocrx_word' id='word_1_382' title='bbox 1773 478 1893 503; x_wconf 87' lang='lat' dir='ltr'>tamen</span> <span class='ocrx_word' id='word_1_383' title='bbox 1916 477 1950 504; x_wconf 87' lang='lat' dir='ltr'>et</span> <span class='ocrx_word' id='word_1_384' title='bbox 1966 482 2082 504; x_wconf 84' lang='lat' dir='ltr'>meam</span> <span class='ocrx_word' id='word_1_385' title='bbox 2099 478 2238 505; x_wconf 87' lang='lat' dir='ltr'>senten-</span> 
     </span>
     <span class='ocr_line' id='line_1_59' title="bbox 1250 520 2241 567; baseline 0.003 -14"><span class='ocrx_word' id='word_1_386' title='bbox 1250 520 1335 553; x_wconf 80' lang='lat' dir='ltr'>tiam</span> <span class='ocrx_word' id='word_1_387' title='bbox 1359 533 1431 554; x_wconf 89' lang='lat' dir='ltr'>non</span> <span class='ocrx_word' id='word_1_388' title='bbox 1455 522 1632 565; x_wconf 69' lang='lat' dir='ltr'>gravabor</span> <span class='ocrx_word' id='word_1_389' title='bbox 1657 533 1849 556; x_wconf 84' lang='lat' dir='ltr'>recensere.</span> <span class='ocrx_word' id='word_1_390' title='bbox 1908 522 2126 567; x_wconf 55' lang='lat' dir='ltr'>Neutiquam</span> <span class='ocrx_word' id='word_1_391' title='bbox 2152 521 2241 556; x_wconf 88' lang='lat' dir='ltr'>mihi</span> 
     </span>
     <span class='ocr_line' id='line_1_60' title="bbox 1250 571 2241 621; baseline 0.004 -17"><span class='ocrx_word' id='word_1_392' title='bbox 1250 572 1392 605; x_wconf 63' lang='lat' dir='ltr'>videtur</span> <span class='ocrx_word' id='word_1_393' title='bbox 1416 573 1493 606; x_wconf 89' lang='lat' dir='ltr'>aliis</span> <span class='ocrx_word' id='word_1_394' title='bbox 1511 571 1709 606; x_wconf 81' lang='lat' dir='ltr'>actionibus</span> <span class='ocrx_word' id='word_1_395' title='bbox 1726 571 1812 606; x_wconf 73' lang='lat' dir='ltr'>haee</span> <span class='ocrx_word' id='word_1_396' title='bbox 1830 585 1932 607; x_wconf 87' lang='lat' dir='ltr'>cansa</span> <span class='ocrx_word' id='word_1_397' title='bbox 1952 573 2076 607; x_wconf 89' lang='lat' dir='ltr'>similis</span> <span class='ocrx_word' id='word_1_398' title='bbox 2089 574 2134 621; x_wconf 75' lang='lat'>⁴).</span> <span class='ocrx_word' id='word_1_399' title='bbox 2186 573 2241 608; x_wconf 89' lang='lat' dir='ltr'>Iu-</span> 
     </span>
     <span class='ocr_line' id='line_1_61' title="bbox 1249 623 2237 664; baseline 0.003 -8"><span class='ocrx_word' id='word_1_400' title='bbox 1249 623 1343 657; x_wconf 86' lang='lat' dir='ltr'>dices</span> <span class='ocrx_word' id='word_1_401' title='bbox 1366 625 1585 657; x_wconf 76' lang='lat' dir='ltr'>conveniunt</span> <span class='ocrx_word' id='word_1_402' title='bbox 1609 624 1714 664; x_wconf 83' lang='lat' dir='ltr'>alias,</span> <span class='ocrx_word' id='word_1_403' title='bbox 1741 630 1780 657; x_wconf 92' lang='lat' dir='ltr'>ut</span> <span class='ocrx_word' id='word_1_404' title='bbox 1803 637 1844 657; x_wconf 78' lang='lat' dir='ltr'>ex</span> <span class='ocrx_word' id='word_1_405' title='bbox 1870 631 1988 658; x_wconf 88' lang='lat' dir='ltr'>actore</span> <span class='ocrx_word' id='word_1_406' title='bbox 2013 632 2047 658; x_wconf 90' lang='lat' dir='ltr'>et</span> <span class='ocrx_word' id='word_1_407' title='bbox 2072 638 2134 658; x_wconf 88' lang='lat' dir='ltr'>reo</span> <span class='ocrx_word' id='word_1_408' title='bbox 2153 637 2237 659; x_wconf 90' lang='lat' dir='ltr'>con-</span> 
     </span>
     <span class='ocr_line' id='line_1_62' title="bbox 1249 675 2238 721; baseline 0.003 -14"><span class='ocrx_word' id='word_1_409' title='bbox 1249 675 1460 709; x_wconf 69' lang='lat' dir='ltr'>troversiam</span> <span class='ocrx_word' id='word_1_410' title='bbox 1480 682 1715 719; x_wconf 81' lang='lat' dir='ltr'>cognoscant,</span> <span class='ocrx_word' id='word_1_411' title='bbox 1743 681 1776 708; x_wconf 88' lang='lat' dir='ltr'>et</span> <span class='ocrx_word' id='word_1_412' title='bbox 1794 677 1977 721; x_wconf 88' lang='lat' dir='ltr'>quomodo</span> <span class='ocrx_word' id='word_1_413' title='bbox 2002 677 2238 720; x_wconf 82' lang='lat' dir='ltr'>pronuntiare</span> 
     </span>
     <span class='ocr_line' id='line_1_63' title="bbox 1250 726 2238 774; baseline 0.004 -16"><span class='ocrx_word' id='word_1_414' title='bbox 1250 726 1414 761; x_wconf 83' lang='lat' dir='ltr'>debeant.</span> <span class='ocrx_word' id='word_1_415' title='bbox 1467 726 1606 760; x_wconf 89' lang='lat' dir='ltr'>Deinde</span> <span class='ocrx_word' id='word_1_416' title='bbox 1634 739 1779 766; x_wconf 86' lang='lat' dir='ltr'>eorum,</span> <span class='ocrx_word' id='word_1_417' title='bbox 1811 727 1872 772; x_wconf 84' lang='lat' dir='ltr'>qui</span> <span class='ocrx_word' id='word_1_418' title='bbox 1896 727 2054 770; x_wconf 81' lang='lat' dir='ltr'>litigant,</span> <span class='ocrx_word' id='word_1_419' title='bbox 2089 734 2238 774; x_wconf 88' lang='lat' dir='ltr'>uterque</span> 
     </span>
     <span class='ocr_line' id='line_1_64' title="bbox 1249 776 2238 822; baseline 0.004 -13"><span class='ocrx_word' id='word_1_420' title='bbox 1249 778 1365 818; x_wconf 90' lang='lat' dir='ltr'>adest,</span> <span class='ocrx_word' id='word_1_421' title='bbox 1402 785 1441 811; x_wconf 88' lang='lat' dir='ltr'>nt</span> <span class='ocrx_word' id='word_1_422' title='bbox 1471 790 1531 812; x_wconf 87' lang='lat' dir='ltr'>sna</span> <span class='ocrx_word' id='word_1_423' title='bbox 1559 778 1649 812; x_wconf 89' lang='lat' dir='ltr'>iusta</span> <span class='ocrx_word' id='word_1_424' title='bbox 1679 784 1844 822; x_wconf 82' lang='lat' dir='ltr'>exponat.</span> <span class='ocrx_word' id='word_1_425' title='bbox 1914 777 1961 810; x_wconf 87' lang='lat' dir='ltr'>At</span> <span class='ocrx_word' id='word_1_426' title='bbox 1984 777 2021 810; x_wconf 88' lang='lat' dir='ltr'>in</span> <span class='ocrx_word' id='word_1_427' title='bbox 2044 776 2111 812; x_wconf 82' lang='lat' dir='ltr'>hac</span> <span class='ocrx_word' id='word_1_428' title='bbox 2134 791 2238 813; x_wconf 81' lang='lat' dir='ltr'>causa</span> 
     </span>
     <span class='ocr_line' id='line_1_65' title="bbox 1248 827 2239 873; baseline 0.002 -12"><span class='ocrx_word' id='word_1_429' title='bbox 1248 829 1353 873; x_wconf 79' lang='lat' dir='ltr'>longe</span> <span class='ocrx_word' id='word_1_430' title='bbox 1376 830 1480 862; x_wconf 89' lang='lat' dir='ltr'>aliter</span> <span class='ocrx_word' id='word_1_431' title='bbox 1501 842 1537 863; x_wconf 89' lang='lat' dir='ltr'>se</span> <span class='ocrx_word' id='word_1_432' title='bbox 1560 842 1615 863; x_wconf 88' lang='lat' dir='ltr'>res</span> <span class='ocrx_word' id='word_1_433' title='bbox 1640 827 1758 862; x_wconf 87' lang='lat' dir='ltr'>babet.</span> <span class='ocrx_word' id='word_1_434' title='bbox 1824 827 1960 862; x_wconf 87' lang='lat' dir='ltr'>Iudices</span> <span class='ocrx_word' id='word_1_435' title='bbox 1992 829 2096 862; x_wconf 88' lang='lat' dir='ltr'>enim&#39;</span> <span class='ocrx_word' id='word_1_436' title='bbox 2113 830 2239 864; x_wconf 88' lang='lat' dir='ltr'>melius</span> 
     </span>
     <span class='ocr_line' id='line_1_66' title="bbox 1249 878 2240 926; baseline 0.002 -14"><span class='ocrx_word' id='word_1_437' title='bbox 1249 887 1384 914; x_wconf 86' lang='lat' dir='ltr'>norunt</span> <span class='ocrx_word' id='word_1_438' title='bbox 1411 893 1553 914; x_wconf 85' lang='lat' dir='ltr'>causam</span> <span class='ocrx_word' id='word_1_439' title='bbox 1585 893 1693 926; x_wconf 84' lang='lat' dir='ltr'>qnam</span> <span class='ocrx_word' id='word_1_440' title='bbox 1721 886 1965 920; x_wconf 55' lang='lat' dir='ltr'>accusatore„</span> <span class='ocrx_word' id='word_1_441' title='bbox 2005 881 2102 926; x_wconf 86' lang='lat' dir='ltr'>quod</span> <span class='ocrx_word' id='word_1_442' title='bbox 2125 878 2184 914; x_wconf 91' lang='lat' dir='ltr'>hic</span> <span class='ocrx_word' id='word_1_443' title='bbox 2206 888 2240 914; x_wconf 88' lang='lat' dir='ltr'>et</span> 
     </span>
     <span class='ocr_line' id='line_1_67' title="bbox 1248 930 2240 976; baseline 0.001 -12"><span class='ocrx_word' id='word_1_444' title='bbox 1248 932 1374 965; x_wconf 87' lang='lat' dir='ltr'>debeat</span> <span class='ocrx_word' id='word_1_445' title='bbox 1398 931 1613 976; x_wconf 83' lang='lat' dir='ltr'>reipublicae</span> <span class='ocrx_word' id='word_1_446' title='bbox 1648 938 1680 964; x_wconf 83' lang='lat' dir='ltr'>et</span> <span class='ocrx_word' id='word_1_447' title='bbox 1712 932 1748 963; x_wconf 89' lang='lat' dir='ltr'>in</span> <span class='ocrx_word' id='word_1_448' title='bbox 1783 943 1862 964; x_wconf 88' lang='lat' dir='ltr'>arce</span> <span class='ocrx_word' id='word_1_449' title='bbox 1894 930 2044 975; x_wconf 89' lang='lat' dir='ltr'>scriptus</span> <span class='ocrx_word' id='word_1_450' title='bbox 2074 931 2117 965; x_wconf 90' lang='lat' dir='ltr'>sit</span> <span class='ocrx_word' id='word_1_451' title='bbox 2146 932 2240 965; x_wconf 85' lang='lat' dir='ltr'>inter</span> 
     </span>
     <span class='ocr_line' id='line_1_68' title="bbox 1248 980 2237 1028; baseline 0.002 -14"><span class='ocrx_word' id='word_1_452' title='bbox 1248 983 1418 1021; x_wconf 87' lang='lat' dir='ltr'>aerarios,</span> <span class='ocrx_word' id='word_1_453' title='bbox 1440 994 1505 1016; x_wconf 85' lang='lat' dir='ltr'>nec</span> <span class='ocrx_word' id='word_1_454' title='bbox 1521 983 1573 1016; x_wconf 84' lang='lat' dir='ltr'>fas</span> <span class='ocrx_word' id='word_1_455' title='bbox 1588 989 1638 1016; x_wconf 87' lang='lat' dir='ltr'>est</span> <span class='ocrx_word' id='word_1_456' title='bbox 1656 983 1687 1015; x_wconf 87' lang='lat' dir='ltr'>ei</span> <span class='ocrx_word' id='word_1_457' title='bbox 1703 994 1843 1016; x_wconf 81' lang='lat' dir='ltr'>causam</span> <span class='ocrx_word' id='word_1_458' title='bbox 1860 982 1990 1016; x_wconf 88' lang='lat' dir='ltr'>dicere.</span> <span class='ocrx_word' id='word_1_459' title='bbox 2021 980 2147 1028; x_wconf 85' lang='lat' dir='ltr'>Itaque</span> <span class='ocrx_word' id='word_1_460' title='bbox 2164 983 2237 1017; x_wconf 90' lang='lat' dir='ltr'>sin-</span> 
     </span>
     <span class='ocr_line' id='line_1_69' title="bbox 1247 1031 2239 1078; baseline 0.001 -12"><span class='ocrx_word' id='word_1_461' title='bbox 1247 1034 1319 1078; x_wconf 83' lang='lat' dir='ltr'>guli</span> <span class='ocrx_word' id='word_1_462' title='bbox 1344 1034 1496 1073; x_wconf 88' lang='lat' dir='ltr'>iudices‚</span> <span class='ocrx_word' id='word_1_463' title='bbox 1532 1031 1589 1068; x_wconf 86' lang='lat' dir='ltr'>hic</span> <span class='ocrx_word' id='word_1_464' title='bbox 1620 1046 1699 1067; x_wconf 89' lang='lat' dir='ltr'>cum</span> <span class='ocrx_word' id='word_1_465' title='bbox 1730 1039 1973 1067; x_wconf 81' lang='lat' dir='ltr'>accusatorum</span> <span class='ocrx_word' id='word_1_466' title='bbox 2004 1033 2122 1067; x_wconf 90' lang='lat' dir='ltr'>locum</span> <span class='ocrx_word' id='word_1_467' title='bbox 2149 1034 2239 1067; x_wconf 87' lang='lat' dir='ltr'>obti-</span> 
     </span>
     <span class='ocr_line' id='line_1_70' title="bbox 1247 1082 2235 1130; baseline 0.002 -13"><span class='ocrx_word' id='word_1_468' title='bbox 1247 1092 1352 1125; x_wconf 85' lang='lat' dir='ltr'>nent,</span> <span class='ocrx_word' id='word_1_469' title='bbox 1379 1091 1454 1118; x_wconf 88' lang='lat' dir='ltr'>tum</span> <span class='ocrx_word' id='word_1_470' title='bbox 1472 1085 1695 1130; x_wconf 80' lang='lat' dir='ltr'>exploratum</span> <span class='ocrx_word' id='word_1_471' title='bbox 1714 1082 1866 1123; x_wconf 85' lang='lat' dir='ltr'>habent,</span> <span class='ocrx_word' id='word_1_472' title='bbox 1895 1097 2001 1129; x_wconf 80' lang='lat' dir='ltr'>quam</span> <span class='ocrx_word' id='word_1_473' title='bbox 2024 1085 2235 1119; x_wconf 86' lang='lat' dir='ltr'>sententiam</span> 
     </span>
     <span class='ocr_line' id='line_1_71' title="bbox 1247 1135 2236 1181; baseline 0.001 -12"><span class='ocrx_word' id='word_1_474' title='bbox 1247 1136 1289 1169; x_wconf 92' lang='lat' dir='ltr'>de</span> <span class='ocrx_word' id='word_1_475' title='bbox 1306 1149 1368 1169; x_wconf 89' lang='lat' dir='ltr'>reo</span> <span class='ocrx_word' id='word_1_476' title='bbox 1382 1137 1475 1169; x_wconf 82' lang='lat' dir='ltr'>serre</span> <span class='ocrx_word' id='word_1_477' title='bbox 1490 1137 1655 1176; x_wconf 86' lang='lat' dir='ltr'>debeant,</span> <span class='ocrx_word' id='word_1_478' title='bbox 1672 1148 1736 1169; x_wconf 88' lang='lat' dir='ltr'>nec</span> <span class='ocrx_word' id='word_1_479' title='bbox 1753 1148 1842 1181; x_wconf 90' lang='lat' dir='ltr'>opus</span> <span class='ocrx_word' id='word_1_480' title='bbox 1857 1142 1907 1169; x_wconf 82' lang='lat' dir='ltr'>cst</span> <span class='ocrx_word' id='word_1_481' title='bbox 1921 1142 2042 1169; x_wconf 84' lang='lat' dir='ltr'>nostra</span> <span class='ocrx_word' id='word_1_482' title='bbox 2062 1135 2236 1171; x_wconf 86' lang='lat' dir='ltr'>oratione.</span> 
     </span>
     <span class='ocr_line' id='line_1_72' title="bbox 1246 1185 2236 1232; baseline 0 -12"><span class='ocrx_word' id='word_1_483' title='bbox 1246 1187 1342 1221; x_wconf 84' lang='lat' dir='ltr'>Reus</span> <span class='ocrx_word' id='word_1_484' title='bbox 1360 1200 1446 1221; x_wconf 72' lang='lat' dir='ltr'>vero</span> <span class='ocrx_word' id='word_1_485' title='bbox 1462 1185 1552 1220; x_wconf 86' lang='lat' dir='ltr'>nihil</span> <span class='ocrx_word' id='word_1_486' title='bbox 1572 1188 1609 1220; x_wconf 92' lang='lat' dir='ltr'>in</span> <span class='ocrx_word' id='word_1_487' title='bbox 1627 1187 1796 1221; x_wconf 89' lang='lat' dir='ltr'>indicium</span> <span class='ocrx_word' id='word_1_488' title='bbox 1816 1187 1929 1220; x_wconf 78' lang='lat' dir='ltr'>adfert</span> <span class='ocrx_word' id='word_1_489' title='bbox 1941 1214 1948 1227; x_wconf 89' lang='lat'>,</span> <span class='ocrx_word' id='word_1_490' title='bbox 1976 1187 2072 1232; x_wconf 87' lang='lat' dir='ltr'>quod</span> <span class='ocrx_word' id='word_1_491' title='bbox 2091 1187 2158 1222; x_wconf 89' lang='lat' dir='ltr'>sibi</span> <span class='ocrx_word' id='word_1_492' title='bbox 2173 1200 2236 1232; x_wconf 88' lang='lat' dir='ltr'>pa-</span> 
     </span>
     <span class='ocr_line' id='line_1_73' title="bbox 1246 1238 2236 1283; baseline 0 -12"><span class='ocrx_word' id='word_1_493' title='bbox 1246 1239 1462 1279; x_wconf 88' lang='lat' dir='ltr'>trocinetur,</span> <span class='ocrx_word' id='word_1_494' title='bbox 1488 1251 1560 1272; x_wconf 88' lang='lat' dir='ltr'>non</span> <span class='ocrx_word' id='word_1_495' title='bbox 1584 1239 1658 1279; x_wconf 90' lang='lat' dir='ltr'>ius,</span> <span class='ocrx_word' id='word_1_496' title='bbox 1684 1251 1759 1271; x_wconf 88' lang='lat' dir='ltr'>non</span> <span class='ocrx_word' id='word_1_497' title='bbox 1782 1239 1942 1282; x_wconf 75' lang='lat' dir='ltr'>privatae</span> <span class='ocrx_word' id='word_1_498' title='bbox 1967 1239 2061 1271; x_wconf 79' lang='lat' dir='ltr'>vitae</span> <span class='ocrx_word' id='word_1_499' title='bbox 2085 1238 2236 1283; x_wconf 80' lang='lat' dir='ltr'>dignita-</span> 
     </span>
     <span class='ocr_line' id='line_1_74' title="bbox 1246 1288 2238 1335; baseline 0.001 -13"><span class='ocrx_word' id='word_1_500' title='bbox 1246 1295 1337 1330; x_wconf 88' lang='lat' dir='ltr'>tem,</span> <span class='ocrx_word' id='word_1_501' title='bbox 1365 1302 1488 1323; x_wconf 71' lang='lat' dir='ltr'>verum</span> <span class='ocrx_word' id='word_1_502' title='bbox 1505 1290 1651 1323; x_wconf 77' lang='lat' dir='ltr'>confidit</span> <span class='ocrx_word' id='word_1_503' title='bbox 1665 1289 1757 1322; x_wconf 81' lang='lat' dir='ltr'>elabi</span> <span class='ocrx_word' id='word_1_504' title='bbox 1783 1288 1958 1323; x_wconf 87' lang='lat' dir='ltr'>eiusmodi</span> <span class='ocrx_word' id='word_1_505' title='bbox 1979 1288 2133 1330; x_wconf 82' lang='lat' dir='ltr'>artibus,</span> <span class='ocrx_word' id='word_1_506' title='bbox 2161 1289 2238 1335; x_wconf 88' lang='lat' dir='ltr'>qui-</span> 
     </span>
     <span class='ocr_line' id='line_1_75' title="bbox 1245 1340 2237 1385; baseline 0.001 -12"><span class='ocrx_word' id='word_1_507' title='bbox 1245 1341 1310 1375; x_wconf 86' lang='lat' dir='ltr'>bus</span> <span class='ocrx_word' id='word_1_508' title='bbox 1345 1341 1406 1373; x_wconf 87' lang='lat' dir='ltr'>alii</span> <span class='ocrx_word' id='word_1_509' title='bbox 1441 1341 1496 1374; x_wconf 72' lang='lat' dir='ltr'>vel</span> <span class='ocrx_word' id='word_1_510' title='bbox 1534 1341 1740 1374; x_wconf 86' lang='lat' dir='ltr'>innocentes</span> <span class='ocrx_word' id='word_1_511' title='bbox 1774 1340 2005 1385; x_wconf 81' lang='lat' dir='ltr'>praegravari</span> <span class='ocrx_word' id='word_1_512' title='bbox 2035 1352 2072 1374; x_wconf 87' lang='lat' dir='ltr'>se</span> <span class='ocrx_word' id='word_1_513' title='bbox 2100 1347 2237 1374; x_wconf 83' lang='lat' dir='ltr'>metue-</span> 
     </span>
     <span class='ocr_line' id='line_1_76' title="bbox 1244 1387 2238 1437; baseline 0 -12"><span class='ocrx_word' id='word_1_514' title='bbox 1244 1398 1325 1425; x_wconf 84' lang='lat' dir='ltr'>rent</span> <span class='ocrx_word' id='word_1_515' title='bbox 1339 1391 1382 1437; x_wconf 70' lang='lat'>5).</span> <span class='ocrx_word' id='word_1_516' title='bbox 1436 1392 1528 1427; x_wconf 85' lang='lat' dir='ltr'>Nam</span> <span class='ocrx_word' id='word_1_517' title='bbox 1546 1405 1690 1425; x_wconf 90' lang='lat' dir='ltr'>omnem</span> <span class='ocrx_word' id='word_1_518' title='bbox 1708 1391 1830 1425; x_wconf 87' lang='lat' dir='ltr'>salutis</span> <span class='ocrx_word' id='word_1_519' title='bbox 1845 1404 1944 1436; x_wconf 86' lang='lat' dir='ltr'>spem</span> <span class='ocrx_word' id='word_1_520' title='bbox 1967 1391 2032 1424; x_wconf 88' lang='lat' dir='ltr'>iste</span> <span class='ocrx_word' id='word_1_521' title='bbox 2055 1387 2238 1426; x_wconf 71' lang='lat' dir='ltr'>veterator</span> 
     </span>
     <span class='ocr_line' id='line_1_77' title="bbox 1244 1442 2237 1488; baseline 0.001 -13"><span class='ocrx_word' id='word_1_522' title='bbox 1244 1443 1282 1476; x_wconf 89' lang='lat' dir='ltr'>in</span> <span class='ocrx_word' id='word_1_523' title='bbox 1300 1443 1428 1476; x_wconf 82' lang='lat' dir='ltr'>eximia</span> <span class='ocrx_word' id='word_1_524' title='bbox 1446 1443 1675 1488; x_wconf 84' lang='lat' dir='ltr'>improbitate</span> <span class='ocrx_word' id='word_1_525' title='bbox 1699 1443 1898 1476; x_wconf 69' lang='lat' dir='ltr'>collocavit.</span> <span class='ocrx_word' id='word_1_526' title='bbox 1952 1442 2060 1487; x_wconf 88' lang='lat' dir='ltr'>Quod</span> <span class='ocrx_word' id='word_1_527' title='bbox 2083 1455 2163 1477; x_wconf 87' lang='lat' dir='ltr'>cum</span> <span class='ocrx_word' id='word_1_528' title='bbox 2187 1442 2237 1476; x_wconf 85' lang='lat' dir='ltr'>ita</span> 
     </span>
     <span class='ocr_line' id='line_1_78' title="bbox 1244 1491 2236 1541; baseline 0 -13"><span class='ocrx_word' id='word_1_529' title='bbox 1244 1494 1288 1528; x_wconf 87' lang='lat' dir='ltr'>sit</span> <span class='ocrx_word' id='word_1_530' title='bbox 1306 1494 1360 1541; x_wconf 79' lang='lat'>⁶),</span> <span class='ocrx_word' id='word_1_531' title='bbox 1394 1507 1468 1528; x_wconf 86' lang='lat' dir='ltr'>non</span> <span class='ocrx_word' id='word_1_532' title='bbox 1497 1501 1569 1528; x_wconf 80' lang='lat' dir='ltr'>tam</span> <span class='ocrx_word' id='word_1_533' title='bbox 1601 1496 1644 1528; x_wconf 87' lang='lat' dir='ltr'>de</span> <span class='ocrx_word' id='word_1_534' title='bbox 1667 1493 1911 1538; x_wconf 85' lang='lat' dir='ltr'>Aristogitone</span> <span class='ocrx_word' id='word_1_535' title='bbox 1941 1493 2113 1528; x_wconf 86' lang='lat' dir='ltr'>iudicium</span> <span class='ocrx_word' id='word_1_536' title='bbox 2137 1491 2236 1541; x_wconf 62' lang='lat' dir='ltr'>fit&#39;),</span> 
     </span>
     <span class='ocr_line' id='line_1_79' title="bbox 1243 1545 2236 1591; baseline 0.001 -13"><span class='ocrx_word' id='word_1_537' title='bbox 1243 1558 1353 1591; x_wconf 85' lang='lat' dir='ltr'>quam</span> <span class='ocrx_word' id='word_1_538' title='bbox 1377 1547 1420 1579; x_wconf 89' lang='lat' dir='ltr'>de</span> <span class='ocrx_word' id='word_1_539' title='bbox 1446 1552 1563 1580; x_wconf 81' lang='lat' dir='ltr'>vestra</span> <span class='ocrx_word' id='word_1_540' title='bbox 1588 1547 1669 1581; x_wconf 81' lang='lat' dir='ltr'>fide.</span> <span class='ocrx_word' id='word_1_541' title='bbox 1741 1545 1834 1580; x_wconf 75' lang='lat' dir='ltr'>Nam</span> <span class='ocrx_word' id='word_1_542' title='bbox 1863 1545 1892 1579; x_wconf 89' lang='lat' dir='ltr'>si</span> <span class='ocrx_word' id='word_1_543' title='bbox 1917 1545 2035 1590; x_wconf 80' lang='lat' dir='ltr'>palam</span> <span class='ocrx_word' id='word_1_544' title='bbox 2060 1545 2139 1586; x_wconf 82' lang='lat' dir='ltr'>fiet,</span> <span class='ocrx_word' id='word_1_545' title='bbox 2171 1557 2236 1579; x_wconf 80' lang='lat' dir='ltr'>vos</span> 
     </span>
     <span class='ocr_line' id='line_1_80' title="bbox 1242 1595 2236 1642; baseline 0 -12"><span class='ocrx_word' id='word_1_546' title='bbox 1242 1595 1449 1631; x_wconf 87' lang='lat' dir='ltr'>huiusmodi</span> <span class='ocrx_word' id='word_1_547' title='bbox 1479 1598 1575 1632; x_wconf 90' lang='lat' dir='ltr'>notis</span> <span class='ocrx_word' id='word_1_548' title='bbox 1602 1597 1745 1642; x_wconf 84' lang='lat' dir='ltr'>flagitiis</span> <span class='ocrx_word' id='word_1_549' title='bbox 1772 1609 1998 1637; x_wconf 86' lang='lat' dir='ltr'>succensere,</span> <span class='ocrx_word' id='word_1_550' title='bbox 2038 1602 2072 1630; x_wconf 91' lang='lat' dir='ltr'>et</span> <span class='ocrx_word' id='word_1_551' title='bbox 2100 1609 2236 1642; x_wconf 88' lang='lat' dir='ltr'>poenas</span> 
     </span>
     <span class='ocr_line' id='line_1_81' title="bbox 1243 1648 2233 1693; baseline 0.002 -12"><span class='ocrx_word' id='word_1_552' title='bbox 1243 1648 1422 1693; x_wconf 82' lang='lat' dir='ltr'>irrogare,</span> <span class='ocrx_word' id='word_1_553' title='bbox 1462 1649 1652 1684; x_wconf 86' lang='lat' dir='ltr'>incolumis</span> <span class='ocrx_word' id='word_1_554' title='bbox 1677 1649 1746 1683; x_wconf 89' lang='lat' dir='ltr'>erit</span> <span class='ocrx_word' id='word_1_555' title='bbox 1779 1648 1951 1683; x_wconf 82' lang='lat' dir='ltr'>autoritas</span> <span class='ocrx_word' id='word_1_556' title='bbox 1981 1654 2119 1689; x_wconf 70' lang='lat' dir='ltr'>vestra,</span> <span class='ocrx_word' id='word_1_557' title='bbox 2154 1661 2233 1683; x_wconf 87' lang='lat' dir='ltr'>vos-</span> 
     </span>
     <span class='ocr_line' id='line_1_82' title="bbox 1243 1700 2234 1746; baseline 0.001 -13"><span class='ocrx_word' id='word_1_558' title='bbox 1243 1713 1311 1746; x_wconf 86' lang='lat' dir='ltr'>que</span> <span class='ocrx_word' id='word_1_559' title='bbox 1335 1707 1369 1733; x_wconf 89' lang='lat' dir='ltr'>et</span> <span class='ocrx_word' id='word_1_560' title='bbox 1397 1707 1538 1735; x_wconf 87' lang='lat' dir='ltr'>sanctos</span> <span class='ocrx_word' id='word_1_561' title='bbox 1570 1701 1703 1735; x_wconf 84' lang='lat' dir='ltr'>iudices</span> <span class='ocrx_word' id='word_1_562' title='bbox 1732 1713 1826 1741; x_wconf 86' lang='lat' dir='ltr'>esse,</span> <span class='ocrx_word' id='word_1_563' title='bbox 1869 1706 1903 1734; x_wconf 92' lang='lat' dir='ltr'>et</span> <span class='ocrx_word' id='word_1_564' title='bbox 1930 1701 2048 1745; x_wconf 83' lang='lat' dir='ltr'>legum</span> <span class='ocrx_word' id='word_1_565' title='bbox 2072 1700 2234 1735; x_wconf 84' lang='lat' dir='ltr'>custodes</span> 
     </span>
     <span class='ocr_line' id='line_1_83' title="bbox 1242 1751 2233 1797; baseline 0.001 -13"><span class='ocrx_word' id='word_1_566' title='bbox 1242 1751 1406 1785; x_wconf 84' lang='lat' dir='ltr'>universa</span> <span class='ocrx_word' id='word_1_567' title='bbox 1432 1752 1555 1786; x_wconf 85' lang='lat' dir='ltr'>civitas</span> <span class='ocrx_word' id='word_1_568' title='bbox 1582 1752 1815 1797; x_wconf 83' lang='lat' dir='ltr'>praedicabit.</span> <span class='ocrx_word' id='word_1_569' title='bbox 1875 1751 1939 1786; x_wconf 90' lang='lat' dir='ltr'>Sin</span> <span class='ocrx_word' id='word_1_570' title='bbox 1971 1758 2089 1785; x_wconf 90' lang='lat' dir='ltr'>autem</span> <span class='ocrx_word' id='word_1_571' title='bbox 2116 1751 2233 1785; x_wconf 84' lang='lat' dir='ltr'>diver-</span> 
     </span>
     <span class='ocr_line' id='line_1_84' title="bbox 1241 1803 2232 1850; baseline 0 -13"><span class='ocrx_word' id='word_1_572' title='bbox 1241 1816 1319 1837; x_wconf 90' lang='lat' dir='ltr'>sum</span> <span class='ocrx_word' id='word_1_573' title='bbox 1344 1803 1512 1837; x_wconf 85' lang='lat' dir='ltr'>acciderit</span> <span class='ocrx_word' id='word_1_574' title='bbox 1537 1803 1651 1850; x_wconf 90' lang='lat' dir='ltr'>(quod</span> <span class='ocrx_word' id='word_1_575' title='bbox 1678 1816 1758 1838; x_wconf 85' lang='lat' dir='ltr'>cum</span> <span class='ocrx_word' id='word_1_576' title='bbox 1783 1804 1888 1837; x_wconf 68' lang='lat' dir='ltr'>fateri</span> <span class='ocrx_word' id='word_1_577' title='bbox 1909 1815 2016 1837; x_wconf 86' lang='lat' dir='ltr'>nemo</span> <span class='ocrx_word' id='word_1_578' title='bbox 2040 1803 2152 1844; x_wconf 81' lang='lat' dir='ltr'>ausit,</span> <span class='ocrx_word' id='word_1_579' title='bbox 2180 1809 2232 1837; x_wconf 85' lang='lat' dir='ltr'>ta-</span> 
     </span>
     <span class='ocr_line' id='line_1_85' title="bbox 1240 1855 2230 1903; baseline 0.003 -16"><span class='ocrx_word' id='word_1_580' title='bbox 1240 1867 1324 1888; x_wconf 85' lang='lat' dir='ltr'>men</span> <span class='ocrx_word' id='word_1_581' title='bbox 1349 1855 1473 1889; x_wconf 88' lang='lat' dir='ltr'>calculi</span> <span class='ocrx_word' id='word_1_582' title='bbox 1501 1855 1693 1903; x_wconf 88' lang='lat' dir='ltr'>prodent),</span> <span class='ocrx_word' id='word_1_583' title='bbox 1728 1868 1875 1897; x_wconf 89' lang='lat' dir='ltr'>vereor,</span> <span class='ocrx_word' id='word_1_584' title='bbox 1901 1867 1966 1895; x_wconf 88' lang='lat' dir='ltr'>ne,</span> <span class='ocrx_word' id='word_1_585' title='bbox 1994 1855 2079 1888; x_wconf 89' lang='lat' dir='ltr'>dum</span> <span class='ocrx_word' id='word_1_586' title='bbox 2103 1867 2230 1901; x_wconf 89' lang='lat' dir='ltr'>perpe-</span> 
     </span>
     <span class='ocr_line' id='line_1_86' title="bbox 1242 1904 2232 1951; baseline 0.001 -12"><span class='ocrx_word' id='word_1_587' title='bbox 1242 1912 1303 1939; x_wconf 86' lang='lat' dir='ltr'>tuo</span> <span class='ocrx_word' id='word_1_588' title='bbox 1329 1906 1526 1941; x_wconf 72' lang='lat' dir='ltr'>connivens</span> <span class='ocrx_word' id='word_1_589' title='bbox 1550 1908 1595 1940; x_wconf 86' lang='lat' dir='ltr'>ad</span> <span class='ocrx_word' id='word_1_590' title='bbox 1615 1904 1721 1941; x_wconf 86' lang='lat' dir='ltr'>buius</span> <span class='ocrx_word' id='word_1_591' title='bbox 1747 1907 1901 1951; x_wconf 81' lang='lat' dir='ltr'>flagitia,</span> <span class='ocrx_word' id='word_1_592' title='bbox 1928 1905 2121 1939; x_wconf 79' lang='lat' dir='ltr'>videamini</span> <span class='ocrx_word' id='word_1_593' title='bbox 2147 1907 2232 1940; x_wconf 87' lang='lat' dir='ltr'>civi-</span> 
     </span>
     <span class='ocr_line' id='line_1_87' title="bbox 1239 1957 2230 2003; baseline 0.002 -13"><span class='ocrx_word' id='word_1_594' title='bbox 1239 1958 1305 1991; x_wconf 90' lang='lat' dir='ltr'>bus</span> <span class='ocrx_word' id='word_1_595' title='bbox 1321 1958 1446 1992; x_wconf 84' lang='lat' dir='ltr'>vestris</span> <span class='ocrx_word' id='word_1_596' title='bbox 1460 1958 1583 1992; x_wconf 89' lang='lat' dir='ltr'>ludum</span> <span class='ocrx_word' id='word_1_597' title='bbox 1603 1958 1842 2003; x_wconf 80' lang='lat' dir='ltr'>improbitatis</span> <span class='ocrx_word' id='word_1_598' title='bbox 1859 1957 2009 2003; x_wconf 79' lang='lat' dir='ltr'>aperire.</span> <span class='ocrx_word' id='word_1_599' title='bbox 2051 1957 2146 1992; x_wconf 79' lang='lat' dir='ltr'>Nam</span> <span class='ocrx_word' id='word_1_600' title='bbox 2164 1958 2230 1992; x_wconf 91' lang='lat' dir='ltr'>im-</span> 
     </span>
     <span class='ocr_line' id='line_1_88' title="bbox 1240 2008 2229 2055; baseline 0.003 -14"><span class='ocrx_word' id='word_1_601' title='bbox 1240 2010 1374 2053; x_wconf 91' lang='lat' dir='ltr'>probus</span> <span class='ocrx_word' id='word_1_602' title='bbox 1398 2022 1462 2054; x_wconf 91' lang='lat' dir='ltr'>per</span> <span class='ocrx_word' id='word_1_603' title='bbox 1483 2022 1556 2044; x_wconf 82' lang='lat' dir='ltr'>sese</span> <span class='ocrx_word' id='word_1_604' title='bbox 1582 2022 1709 2055; x_wconf 83' lang='lat' dir='ltr'>parum</span> <span class='ocrx_word' id='word_1_605' title='bbox 1736 2009 1866 2043; x_wconf 86' lang='lat' dir='ltr'>virium</span> <span class='ocrx_word' id='word_1_606' title='bbox 1891 2008 2015 2048; x_wconf 87' lang='lat' dir='ltr'>habet;</span> <span class='ocrx_word' id='word_1_607' title='bbox 2043 2010 2103 2044; x_wconf 90' lang='lat' dir='ltr'>sed</span> <span class='ocrx_word' id='word_1_608' title='bbox 2121 2010 2151 2044; x_wconf 88' lang='lat' dir='ltr'>si</span> <span class='ocrx_word' id='word_1_609' title='bbox 2171 2022 2229 2044; x_wconf 83' lang='lat' dir='ltr'>ve-</span> 
     </span>
     <span class='ocr_line' id='line_1_89' title="bbox 1240 2061 2229 2107; baseline 0.003 -14"><span class='ocrx_word' id='word_1_610' title='bbox 1240 2066 1313 2094; x_wconf 91' lang='lat' dir='ltr'>stro</span> <span class='ocrx_word' id='word_1_611' title='bbox 1328 2061 1507 2105; x_wconf 84' lang='lat' dir='ltr'>praesidio</span> <span class='ocrx_word' id='word_1_612' title='bbox 1523 2068 1673 2106; x_wconf 83' lang='lat' dir='ltr'>tegatur,</span> <span class='ocrx_word' id='word_1_613' title='bbox 1690 2067 1763 2095; x_wconf 88' lang='lat' dir='ltr'>tum</span> <span class='ocrx_word' id='word_1_614' title='bbox 1774 2062 1917 2095; x_wconf 87' lang='lat' dir='ltr'>demum</span> <span class='ocrx_word' id='word_1_615' title='bbox 1937 2061 2088 2095; x_wconf 88' lang='lat' dir='ltr'>multum</span> <span class='ocrx_word' id='word_1_616' title='bbox 2106 2061 2229 2107; x_wconf 73' lang='lat' dir='ltr'>pollet.</span> 
     </span>
     <span class='ocr_line' id='line_1_90' title="bbox 1239 2110 2227 2158; baseline 0.003 -14"><span class='ocrx_word' id='word_1_617' title='bbox 1239 2110 1279 2144; x_wconf 92' lang='lat' dir='ltr'>Id</span> <span class='ocrx_word' id='word_1_618' title='bbox 1300 2119 1339 2145; x_wconf 88' lang='lat' dir='ltr'>ut</span> <span class='ocrx_word' id='word_1_619' title='bbox 1361 2112 1413 2145; x_wconf 88' lang='lat' dir='ltr'>illi</span> <span class='ocrx_word' id='word_1_620' title='bbox 1443 2119 1695 2158; x_wconf 85' lang='lat' dir='ltr'>quaestuosum</span> <span class='ocrx_word' id='word_1_621' title='bbox 1719 2118 1771 2146; x_wconf 91' lang='lat' dir='ltr'>est</span> <span class='ocrx_word' id='word_1_622' title='bbox 1795 2118 1829 2146; x_wconf 90' lang='lat' dir='ltr'>et</span> <span class='ocrx_word' id='word_1_623' title='bbox 1850 2113 1894 2145; x_wconf 86' lang='lat' dir='ltr'>ad</span> <span class='ocrx_word' id='word_1_624' title='bbox 1919 2113 2117 2157; x_wconf 89' lang='lat' dir='ltr'>potentiam</span> <span class='ocrx_word' id='word_1_625' title='bbox 2143 2114 2227 2148; x_wconf 89' lang='lat' dir='ltr'>reti-</span> 
     </span>
     <span class='ocr_line' id='line_1_91' title="bbox 1239 2164 2227 2204; baseline 0.004 -8"><span class='ocrx_word' id='word_1_626' title='bbox 1239 2164 1394 2197; x_wconf 86' lang='lat' dir='ltr'>nendam</span> <span class='ocrx_word' id='word_1_627' title='bbox 1413 2164 1599 2204; x_wconf 90' lang='lat' dir='ltr'>conducit,</span> <span class='ocrx_word' id='word_1_628' title='bbox 1624 2165 1673 2197; x_wconf 84' lang='lat' dir='ltr'>ita</span> <span class='ocrx_word' id='word_1_629' title='bbox 1691 2164 1792 2197; x_wconf 79' lang='lat' dir='ltr'>vobis</span> <span class='ocrx_word' id='word_1_630' title='bbox 1808 2177 1948 2199; x_wconf 88' lang='lat' dir='ltr'>summo</span> <span class='ocrx_word' id='word_1_631' title='bbox 1966 2165 2131 2198; x_wconf 84' lang='lat' dir='ltr'>dedecori</span> <span class='ocrx_word' id='word_1_632' title='bbox 2153 2166 2227 2200; x_wconf 84' lang='lat' dir='ltr'>fue·</span> 
     </span>
     <span class='ocr_line' id='line_1_92' title="bbox 1239 2215 2227 2262; baseline 0.004 -15"><span class='ocrx_word' id='word_1_633' title='bbox 1239 2215 1296 2249; x_wconf 89' lang='lat' dir='ltr'>rit.</span> <span class='ocrx_word' id='word_1_634' title='bbox 1335 2215 1403 2248; x_wconf 91' lang='lat' dir='ltr'>Sed</span> <span class='ocrx_word' id='word_1_635' title='bbox 1422 2216 1629 2261; x_wconf 84' lang='lat' dir='ltr'>priusquam</span> <span class='ocrx_word' id='word_1_636' title='bbox 1649 2216 1692 2248; x_wconf 90' lang='lat' dir='ltr'>de</span> <span class='ocrx_word' id='word_1_637' title='bbox 1711 2227 1814 2249; x_wconf 83' lang='lat' dir='ltr'>causa</span> <span class='ocrx_word' id='word_1_638' title='bbox 1833 2216 1933 2256; x_wconf 90' lang='lat' dir='ltr'>dico,</span> <span class='ocrx_word' id='word_1_639' title='bbox 1960 2217 2044 2250; x_wconf 87' lang='lat' dir='ltr'>duxi</span> <span class='ocrx_word' id='word_1_640' title='bbox 2062 2229 2126 2251; x_wconf 82' lang='lat' dir='ltr'>vos</span> <span class='ocrx_word' id='word_1_641' title='bbox 2139 2229 2227 2262; x_wconf 86' lang='lat' dir='ltr'>pau-</span> 
     </span>
     <span class='ocr_line' id='line_1_93' title="bbox 1238 2266 2224 2314; baseline 0.005 -16"><span class='ocrx_word' id='word_1_642' title='bbox 1238 2266 1286 2299; x_wconf 89' lang='lat' dir='ltr'>cis</span> <span class='ocrx_word' id='word_1_643' title='bbox 1321 2268 1519 2301; x_wconf 90' lang='lat' dir='ltr'>monendos</span> <span class='ocrx_word' id='word_1_644' title='bbox 1553 2279 1644 2307; x_wconf 86' lang='lat' dir='ltr'>esse,</span> <span class='ocrx_word' id='word_1_645' title='bbox 1684 2273 1723 2300; x_wconf 90' lang='lat' dir='ltr'>nt</span> <span class='ocrx_word' id='word_1_646' title='bbox 1755 2267 2006 2308; x_wconf 88' lang='lat' dir='ltr'>consideretis,</span> <span class='ocrx_word' id='word_1_647' title='bbox 2049 2275 2224 2314; x_wconf 84' lang='lat' dir='ltr'>quantum</span> 
     </span>
     <span class='ocr_line' id='line_1_94' title="bbox 1238 2317 2222 2365; baseline 0.004 -15"><span class='ocrx_word' id='word_1_648' title='bbox 1238 2317 1325 2351; x_wconf 87' lang='lat' dir='ltr'>istae</span> <span class='ocrx_word' id='word_1_649' title='bbox 1342 2318 1478 2352; x_wconf 86' lang='lat' dir='ltr'>belluae</span> <span class='ocrx_word' id='word_1_650' title='bbox 1494 2317 1658 2363; x_wconf 84' lang='lat' dir='ltr'>dignitati</span> <span class='ocrx_word' id='word_1_651' title='bbox 1675 2318 1827 2353; x_wconf 87' lang='lat' dir='ltr'>civitatis</span> <span class='ocrx_word' id='word_1_652' title='bbox 1844 2326 2016 2360; x_wconf 87' lang='lat' dir='ltr'>noceant,</span> <span class='ocrx_word' id='word_1_653' title='bbox 2039 2319 2076 2352; x_wconf 90' lang='lat' dir='ltr'>in</span> <span class='ocrx_word' id='word_1_654' title='bbox 2093 2320 2222 2365; x_wconf 87' lang='lat' dir='ltr'>quibus</span> 
     </span>
    </p>
   </div>
   <div class='ocr_carea' id='block_1_10' title="bbox 1267 2444 2220 2623">
    <p class='ocr_par' dir='ltr' id='par_1_10' title="bbox 1270 2444 2220 2579">
     <span class='ocr_line' id='line_1_95' title="bbox 1270 2444 2218 2476; baseline 0.001 -7"><span class='ocrx_word' id='word_1_655' title='bbox 1270 2447 1301 2473; x_wconf 85' lang='grc'>4)</span> <span class='ocrx_word' id='word_1_656' title='bbox 1321 2446 1353 2470; x_wconf 81' lang='grc' dir='ltr'>Η.</span> <span class='ocrx_word' id='word_1_657' title='bbox 1369 2446 1385 2469; x_wconf 91' lang='grc' dir='ltr'>Ι.</span> <span class='ocrx_word' id='word_1_658' title='bbox 1405 2445 1432 2468; x_wconf 86' lang='lat' dir='ltr'>in</span> <span class='ocrx_word' id='word_1_659' title='bbox 1451 2444 1634 2475; x_wconf 77' lang='lat' dir='ltr'>Euitt.1527.,</span> <span class='ocrx_word' id='word_1_660' title='bbox 1658 2444 1730 2469; x_wconf 67' lang='lat'>15⁴⁷.</span> <span class='ocrx_word' id='word_1_661' title='bbox 1751 2445 1778 2468; x_wconf 92' lang='lat' dir='ltr'>in</span> <span class='ocrx_word' id='word_1_662' title='bbox 1798 2446 1921 2476; x_wconf 81' lang='lat' dir='ltr'>margine</span> <span class='ocrx_word' id='word_1_663' title='bbox 1941 2445 2043 2476; x_wconf 80' lang='lat' dir='ltr'>legitur</span> <span class='ocrx_word' id='word_1_664' title='bbox 2060 2445 2218 2471; x_wconf 76' lang='lat' dir='ltr'>annotatio:</span> 
     </span>
     <span class='ocr_line' id='line_1_96' title="bbox 1305 2479 2220 2511; baseline 0 -7"><span class='ocrx_word' id='word_1_665' title='bbox 1305 2479 1440 2509; x_wconf 81' lang='lat' dir='ltr'>Cottatio,</span> <span class='ocrx_word' id='word_1_666' title='bbox 1465 2480 1532 2502; x_wconf 84' lang='lat' dir='ltr'>haec</span> <span class='ocrx_word' id='word_1_667' title='bbox 1555 2485 1639 2503; x_wconf 82' lang='lat' dir='ltr'>causa</span> <span class='ocrx_word' id='word_1_668' title='bbox 1663 2479 1728 2503; x_wconf 81' lang='lat' dir='ltr'>aliis</span> <span class='ocrx_word' id='word_1_669' title='bbox 1754 2479 1895 2505; x_wconf 81' lang='lat' dir='ltr'>dissimilis</span> <span class='ocrx_word' id='word_1_670' title='bbox 1914 2482 1974 2511; x_wconf 81' lang='lat' dir='ltr'>est,</span> <span class='ocrx_word' id='word_1_671' title='bbox 2001 2481 2110 2504; x_wconf 82' lang='lat' dir='ltr'>constat</span> <span class='ocrx_word' id='word_1_672' title='bbox 2128 2481 2220 2504; x_wconf 78' lang='lat' dir='ltr'>autem</span> 
     </span>
     <span class='ocr_line' id='line_1_97' title="bbox 1304 2513 2220 2545; baseline 0.001 -9"><span class='ocrx_word' id='word_1_673' title='bbox 1304 2513 1498 2537; x_wconf 80' lang='lat' dir='ltr'>distributione</span> <span class='ocrx_word' id='word_1_674' title='bbox 1523 2514 1656 2545; x_wconf 76' lang='lat' dir='ltr'>collatio,</span> <span class='ocrx_word' id='word_1_675' title='bbox 1690 2513 1753 2544; x_wconf 80' lang='lat' dir='ltr'>quid</span> <span class='ocrx_word' id='word_1_676' title='bbox 1779 2514 1821 2538; x_wconf 79' lang='lat' dir='ltr'>hic</span> <span class='ocrx_word' id='word_1_677' title='bbox 1850 2515 1954 2539; x_wconf 80' lang='lat' dir='ltr'>iudices</span> <span class='ocrx_word' id='word_1_678' title='bbox 1986 2514 2125 2545; x_wconf 82' lang='lat' dir='ltr'>sentiant,</span> <span class='ocrx_word' id='word_1_679' title='bbox 2156 2514 2220 2544; x_wconf 77' lang='lat' dir='ltr'>quid</span> 
     </span>
     <span class='ocr_line' id='line_1_98' title="bbox 1301 2547 1604 2579; baseline 0.003 -7"><span class='ocrx_word' id='word_1_680' title='bbox 1301 2550 1431 2579; x_wconf 76' lang='lat' dir='ltr'>actores,</span> <span class='ocrx_word' id='word_1_681' title='bbox 1450 2547 1512 2578; x_wconf 85' lang='lat' dir='ltr'>quid</span> <span class='ocrx_word' id='word_1_682' title='bbox 1530 2554 1604 2573; x_wconf 85' lang='lat' dir='ltr'>reus.</span> 
     </span>
    </p>

    <p class='ocr_par' dir='ltr' id='par_1_11' title="bbox 1267 2590 2218 2623">
     <span class='ocr_line' id='line_1_99' title="bbox 1267 2590 2218 2623; baseline 0 -8"><span class='ocrx_word' id='word_1_683' title='bbox 1267 2591 1299 2619; x_wconf 85' lang='lat'>5)</span> <span class='ocrx_word' id='word_1_684' title='bbox 1319 2591 1352 2615; x_wconf 83' lang='lat' dir='ltr'>u.</span> <span class='ocrx_word' id='word_1_685' title='bbox 1371 2590 1389 2614; x_wconf 82' lang='grc' dir='ltr'>Ι.</span> <span class='ocrx_word' id='word_1_686' title='bbox 1408 2590 1434 2614; x_wconf 82' lang='grc' dir='ltr'>ἰη</span> <span class='ocrx_word' id='word_1_687' title='bbox 1454 2590 1536 2614; x_wconf 80' lang='lat' dir='ltr'>Editt.</span> <span class='ocrx_word' id='word_1_688' title='bbox 1554 2591 1645 2622; x_wconf 52' lang='lat'>1527„</span> <span class='ocrx_word' id='word_1_689' title='bbox 1667 2591 1741 2616; x_wconf 75' lang='grc'>1547.</span> <span class='ocrx_word' id='word_1_690' title='bbox 1768 2592 1833 2615; x_wconf 82' lang='lat' dir='ltr'>nota</span> <span class='ocrx_word' id='word_1_691' title='bbox 1852 2591 2028 2623; x_wconf 77' lang='lat' dir='ltr'>marginatis:</span> <span class='ocrx_word' id='word_1_692' title='bbox 2060 2591 2218 2615; x_wconf 74' lang='lat' dir='ltr'>Translatio</span> 
     </span>
    </p>
   </div>
   <div class='ocr_carea' id='block_1_11' title="bbox 1264 2625 2216 2725">
    <p class='ocr_par' dir='ltr' id='par_1_12' title="bbox 1264 2625 2216 2725">
     <span class='ocr_line' id='line_1_100' title="bbox 1299 2625 1828 2655; baseline 0.004 -7"><span class='ocrx_word' id='word_1_693' title='bbox 1299 2625 1334 2648; x_wconf 82' lang='lat' dir='ltr'>ad</span> <span class='ocrx_word' id='word_1_694' title='bbox 1352 2625 1466 2649; x_wconf 83' lang='lat' dir='ltr'>iudicum</span> <span class='ocrx_word' id='word_1_695' title='bbox 1489 2625 1637 2655; x_wconf 84' lang='lat' dir='ltr'>periculum</span> <span class='ocrx_word' id='word_1_696' title='bbox 1655 2628 1683 2650; x_wconf 81' lang='lat' dir='ltr'>et</span> <span class='ocrx_word' id='word_1_697' title='bbox 1701 2626 1828 2650; x_wconf 81' lang='lat' dir='ltr'>officium.</span> 
     </span>
     <span class='ocr_line' id='line_1_101' title="bbox 1264 2659 2216 2692; baseline 0.001 -10"><span class='ocrx_word' id='word_1_698' title='bbox 1264 2659 1297 2687; x_wconf 77' lang='lat'>6)</span> <span class='ocrx_word' id='word_1_699' title='bbox 1317 2660 1350 2685; x_wconf 80' lang='grc' dir='ltr'>Η,</span> <span class='ocrx_word' id='word_1_700' title='bbox 1370 2660 1387 2684; x_wconf 89' lang='grc' dir='ltr'>Ι.</span> <span class='ocrx_word' id='word_1_701' title='bbox 1407 2660 1433 2682; x_wconf 86' lang='lat' dir='ltr'>in</span> <span class='ocrx_word' id='word_1_702' title='bbox 1454 2659 1537 2684; x_wconf 79' lang='lat' dir='ltr'>Editt.</span> <span class='ocrx_word' id='word_1_703' title='bbox 1556 2660 1647 2690; x_wconf 73' lang='lat'>155⁹..</span> <span class='ocrx_word' id='word_1_704' title='bbox 1668 2660 1760 2692; x_wconf 57' lang='lat'>1564„</span> <span class='ocrx_word' id='word_1_705' title='bbox 1782 2660 1874 2691; x_wconf 54' lang='lat'>1570„</span> <span class='ocrx_word' id='word_1_706' title='bbox 1895 2659 1970 2684; x_wconf 75' lang='lat'>1537.</span> <span class='ocrx_word' id='word_1_707' title='bbox 1990 2660 2055 2683; x_wconf 86' lang='lat' dir='ltr'>nota</span> <span class='ocrx_word' id='word_1_708' title='bbox 2074 2660 2216 2691; x_wconf 79' lang='lat' dir='ltr'>margina-</span> 
     </span>
     <span class='ocr_line' id='line_1_102' title="bbox 1299 2693 2042 2725; baseline 0 -8"><span class='ocrx_word' id='word_1_709' title='bbox 1299 2693 1352 2718; x_wconf 88' lang='lat' dir='ltr'>tis:</span> <span class='ocrx_word' id='word_1_710' title='bbox 1372 2693 1498 2718; x_wconf 81' lang='lat' dir='ltr'>officium</span> <span class='ocrx_word' id='word_1_711' title='bbox 1518 2695 1698 2725; x_wconf 80' lang='lat' dir='ltr'>magistratus</span> <span class='ocrx_word' id='word_1_712' title='bbox 1716 2695 1744 2718; x_wconf 89' lang='lat' dir='ltr'>in</span> <span class='ocrx_word' id='word_1_713' title='bbox 1762 2694 1858 2724; x_wconf 82' lang='lat' dir='ltr'>poenis</span> <span class='ocrx_word' id='word_1_714' title='bbox 1875 2694 2042 2724; x_wconf 52' lang='lat' dir='ltr'>irrogandis</span> 
     </span>
    </p>
   </div>
   <div class='ocr_carea' id='block_1_12' title="bbox 1263 2735 2116 2768">
    <p class='ocr_par' dir='ltr' id='par_1_13' title="bbox 1263 2735 2116 2768">
     <span class='ocr_line' id='line_1_103' title="bbox 1263 2735 2116 2768; baseline 0.002 -8"><span class='ocrx_word' id='word_1_715' title='bbox 1263 2736 1295 2763; x_wconf 81' lang='lat'>⁷)</span> <span class='ocrx_word' id='word_1_716' title='bbox 1314 2736 1357 2765; x_wconf 80' lang='lat' dir='ltr'>fit]</span> <span class='ocrx_word' id='word_1_717' title='bbox 1377 2736 1415 2760; x_wconf 79' lang='lat' dir='ltr'>sic</span> <span class='ocrx_word' id='word_1_718' title='bbox 1435 2736 1518 2761; x_wconf 76' lang='lat' dir='ltr'>Editt.</span> <span class='ocrx_word' id='word_1_719' title='bbox 1539 2735 1741 2768; x_wconf 67' lang='lat'><strong>1559—1587.;</strong></span> <span class='ocrx_word' id='word_1_720' title='bbox 1760 2737 1843 2762; x_wconf 72' lang='lat' dir='ltr'>mitt.</span> <span class='ocrx_word' id='word_1_721' title='bbox 1864 2736 1956 2768; x_wconf 57' lang='lat'>1527„</span> <span class='ocrx_word' id='word_1_722' title='bbox 1977 2737 2051 2762; x_wconf 75' lang='lat'>¹547.</span> <span class='ocrx_word' id='word_1_723' title='bbox 2070 2736 2116 2762; x_wconf 70' lang='lat' dir='ltr'>stt.</span> 
     </span>
    </p>
   </div>
   <div class='ocr_carea' id='block_1_13' title="bbox 2312 2101 2322 2475">
    <p class='ocr_par' dir='ltr' id='par_1_14' title="bbox 2312 2101 2322 2475">
     <span class='ocr_line' id='line_1_104' title="bbox 2312 2101 2322 2475; textangle 90"><span class='ocrx_word' id='word_1_724' title='bbox 2312 2101 2322 2475; x_wconf 34' lang='lat' dir='ltr'>*omnm—-</span> 
     </span>
    </p>
   </div>
   <div class='ocr_carea' id='block_1_14' title="bbox 2331 1406 2337 1470">
    <p class='ocr_par' dir='ltr' id='par_1_15' title="bbox 2331 1406 2337 1470">
     <span class='ocr_line' id='line_1_105' title="bbox 2331 1406 2337 1470; baseline 0 0"><span class='ocrx_word' id='word_1_725' title='bbox 2331 1406 2337 1470; x_wconf 65' lang='lat'>,¹1</span> 
     </span>
    </p>
   </div>
  </div>
 </body>
</html>
