2351 2990
136 136 210 174 535
714 128 834 163 pun..
869 124 981 160 MEL.
1015 119 1216 156 SCRIPTA
1247 115 1583 153 PHILOLOGICA.
2093 109 2169 147 536

143 234 252 269 quare
269 221 422 253 breviter
441 224 578 252 tantum
597 223 727 261 petam.
781 212 887 245 Ratio
915 215 1055 253 sumpta
1080 213 1132 240 est

145 288 163 307 a
182 273 351 318 possibili.
405 270 442 303 lu
468 271 535 302 sine
562 268 706 313 ponitur
729 263 881 297 clausula
907 261 959 295 sui
988 259 1063 292 voti
1089 259 1132 290 de

145 324 343 369 praesentia
369 328 402 355 et
426 323 468 354 de
493 321 552 360 iis,
598 329 687 363 quae
712 316 904 359 impetrare
937 310 1036 356 cupit
1067 309 1133 343 sub

147 376 238 409 itlius
261 373 456 408 consulatu.

387 446 522 480 Aliud
557 445 883 486 argumentum.

254 517 314 551 Est
330 513 495 560 petitoria
513 510 661 555 epistola
677 508 809 542 mirum
836 507 873 539 in
898 505 1046 539 modum
1071 502 1139 536 ele-

154 582 239 615 gans
256 576 288 601 et
305 566 427 599 civilis.
480 562 631 596 Orditur
654 573 673 593 a
698 566 799 593 voto:
836 557 991 590 Maxime
1013 554 1138 588 vellem

153 633 208 654 me
226 621 343 652 adesse
361 617 397 648 in
415 614 600 648 consulatu
616 618 689 646 tuo.
742 610 880 644 Deinde
907 619 1048 641 causam
1066 604 1141 638 voti

155 670 268 704 addit:
297 669 345 702 Ut
362 666 424 700 tibi
444 665 597 699 officium
613 675 731 696 meum
750 661 979 695 declararem.
1028 657 1074 690 Et
1093 661 1144 689 cst

155 734 237 756 usus
255 719 407 754 iucunda
426 716 634 751 collatione:
662 714 719 747 Tu
736 712 871 747 iuvenis
890 723 946 743 me
964 708 1142 743 consulem

158 770 340 808 adiuvisti;
369 781 432 813 ego
456 779 562 802 senex
585 766 655 799 iam
680 765 773 797 idem
796 764 947 796 libenter
966 760 1031 793 tibi
1054 760 1145 792 sace-

158 836 245 857 rem.
305 821 442 854 Deinde
467 818 609 864 querela
634 815 809 862 sequitur:
844 814 911 847 Sed
933 813 1045 844 satum
1072 820 1146 841 non

157 873 345 920 permittit.
413 870 682 904 Commemorat
706 872 823 899 autem
848 863 1016 897 beneficia
1042 858 1147 893 Pauli

161 938 244 970 erga
261 937 309 964 se,
326 929 364 957 ut
378 934 472 956 nunc
488 932 630 966 quoque
648 924 770 963 pergat
787 917 876 953 bene
894 912 1025 947 mereri
1041 913 1083 945 de
1101 922 1149 949 se,

161 990 202 1011 ac
220 987 348 1009 ornare
366 986 445 1007 suas
460 984 516 1005 rcs
533 977 657 1015 gestas.
709 968 830 1001 Prima
855 966 946 999 ratio
969 961 1150 1008 petitionis

163 1034 302 1072 sumpta
326 1031 377 1059 est
392 1037 410 1057 a
427 1023 538 1057 facili:
569 1020 702 1054 Consul
718 1032 771 1057 es;
799 1017 907 1062 igitur
922 1015 1022 1050 facile
1039 1020 1151 1059 potes.

163 1079 323 1114 Secunda
341 1089 360 1110 a
379 1075 484 1109 rebus
501 1072 616 1118 gestis.

331 1165 518 1203 Scholia
552 1165 596 1198 in
624 1162 870 1208 epistolam
898 1157 990 1193 XIV.

269 1236 299 1281 §-
319 1240 353 1272 2.
386 1238 435 1270 Tu
452 1235 564 1268 multis
577 1235 617 1266 (Ie
632 1233 742 1266 causis
751 1227 826 1276 58)]
844 1225 1056 1271 Principalis
1073 1236 1156 1269 pro-

167 1289 296 1336 positio
315 1287 417 1321 huius
434 1285 615 1330 epistolae,
644 1283 698 1316 cui
716 1281 855 1314 additae
870 1285 953 1313 sunt
968 1277 1136 1311 rationes.

272 1338 302 1384 §-
320 1338 355 1373 5.
383 1340 436 1372 De
452 1349 502 1370 me
519 1332 648 1382 autem]
676 1333 828 1372 Petitio,
855 1337 894 1364 ut
916 1331 975 1363 det
999 1338 1158 1372 operam,

169 1404 240 1438 quo
259 1391 325 1425 sibi
344 1389 562 1424 succedatur.

472 1456 868 1505 Argumentumffl).

272 1533 383 1567 Mixta
403 1537 455 1565 est
472 1529 621 1574 epistola
640 1539 681 1560 ex
707 1525 814 1558 variis
837 1524 953 1557 rebus.
1006 1521 1082 1554 Hoc
1110 1527 1162 1553 ta-

174 1597 258 1620 men
288 1583 478 1629 praecipue
507 1580 598 1623 agit,
640 1578 737 1623 quod
767 1576 926 1609 Cassium
951 1569 1161 1606 Antiochiae

175 1637 390 1683 praefectum
406 1631 591 1671 hortatur,
614 1636 653 1663 ut
672 1629 737 1661 iter
748 1627 903 1660 Romam
921 1624 1027 1658 eundi
1045 1623 1162 1656 oblata

178 1687 361 1722 occasione
386 1684 545 1728 accipiat.
606 1680 750 1713 Initium
774 1677 881 1712 sumit
903 1689 922 1710 a
944 1674 1164 1712 narratione,

180 1751 250 1785 qua
269 1743 390 1781 argute
410 1735 604 1768 admodum
623 1738 657 1765 et
673 1729 896 1764 familiariter
913 1726 1106 1771 respondet
1120 1725 1164 1757 ad

181 1790 360 1835 quandam
385 1783 732 1820 commendationem
758 1793 822 1825 pro
846 1779 958 1812 Fabio
985 1776 1165 1821 scriptam,

181 1852 360 1885 exponens
381 1850 481 1872 suam
507 1847 587 1880 erga
612 1833 764 1867 Fabium
786 1829 1084 1864 benevolentiam.
1136 1827 1167 1860 A

182 1891 388 1925 narratione
419 1900 482 1933 per
508 1885 766 1932 praecisionem
792 1881 990 1926 digreditur
1013 1879 1059 1912 ad
1083 1877 1168 1910 alte-

184 1955 260 1976 ram
290 1947 428 1985 partem
461 1937 651 1983 epistolae,
691 1946 799 1980 quam
831 1933 970 1966 orditur
993 1942 1012 1963 a
1038 1928 1168 1963 causis:

183 1994 376 2037 Propterea
397 1990 516 2035 optavi
534 1987 692 2022 Cassium
711 1986 847 2018 Romae
862 1981 1063 2017 convenire.
1102 1979 1171 2012 Ye-

185 2057 264 2078 rum
291 2043 372 2088 quia
399 2043 432 2074 id
459 2052 533 2073 non
558 2037 722 2081 contigit,
762 2035 887 2068 litteris
913 2031 1169 2067 conficiendum

188 2107 259 2129 esse
276 2094 395 2128 Cassio
413 2092 545 2126 scribit.
604 2089 670 2121 Hic
692 2087 815 2132 paucis
837 2085 1036 2130 gratulatur
1052 2081 1171 2115 Cassio

188 2152 335 2191 propter
361 2143 510 2189 gloriam
530 2153 650 2174 rerum
675 2144 864 2183 gestarum.
915 2134 1053 2168 Deinde
1076 2132 1174 2177 prin-

190 2198 337 2242 cipalem
355 2193 636 2240 propositionem
654 2189 772 2235 ponit:
799 2187 944 2227 Moneo,
970 2184 1174 2218 utRomam

192 2260 372 2293 properes.
425 2245 531 2278 Ratio
553 2243 596 2275 ab
621 2239 906 2285 opportunitate:
937 2236 1029 2282 Quia
1057 2246 1095 2267 ea
1120 2245 1175 2267 res

193 2310 358 2343 magnam
384 2296 447 2330 tibi
468 2295 608 2328 laudem
634 2291 759 2337 pariet.
825 2288 992 2334 Sequitur
1015 2287 1177 2319 adversa-

194 2350 284 2382 tiva:
309 2348 443 2381 Verum
459 2347 488 2381 si
503 2345 588 2391 quid
607 2343 781 2377 existimes
802 2339 949 2385 periculi
974 2337 1178 2381 impendere

197 2400 265 2433 tuis
286 2400 390 2433 rebus
413 2410 430 2431 e
452 2394 786 2433 calumniatoribus,
827 2402 937 2436 eaque
970 2388 1178 2433 propulsare

199 2462 374 2495 nequeas,
400 2448 508 2482 satius
526 2454 576 2481 est
593 2446 735 2479 differre
757 2441 1032 2488 prosectionem;
1068 2439 1097 2472 si
1119 2449 1180 2470 au-

200 2508 270 2535 tem
287 2506 385 2544 potes
400 2499 627 2543 propulsare,
654 2494 916 2539 suscipiendum
931 2497 982 2525 est
1000 2491 1078 2523 iter.
1129 2486 1179 2520 Ita

236 2617 284 2644 53)
305 2616 358 2639 Pro
382 2614 424 2637 his
449 2612 505 2637 Cic.
528 2610 619 2635 verbis
643 2611 669 2634 in
695 2610 777 2633 Editt.
800 2608 891 2634 ¹545.,
919 2605 992 2629 1560.
1016 2602 1076 2627 huic
1100 2603 1183 2626 notae

270 2650 391 2681 praefixa
409 2650 472 2670 sunt
490 2646 693 2669 antecedentia:
720 2645 821 2673 ltaque
838 2646 1019 2673 quamquam.

236 2693 282 2723 54)
305 2693 360 2716 Hoc
377 2690 565 2719 argumentum
584 2690 611 2711 et
630 2687 680 2711 duo
699 2685 841 2716 sequentia
860 2685 886 2708 in
906 2683 989 2707 Editt.
1005 2681 1098 2711 1556.,
1119 2679 1185 2703 1565

270 2726 385 2750 —1596.
405 2724 523 2747 exstant.

1196 668 1304 695 tione.

1195 710 1422 751 nevolenfia,
1457 721 1527 756 qua
1553 716 1604 743 est
1627 710 1828 754 complexus
1851 707 2070 756 Fabiumffi).
2127 706 2186 740 Se-

1184 204 1280 238 vclut
1314 203 1459 247 corrigit
1500 200 1784 247 propositionem
1825 196 1893 232 hac
1933 196 2170 236 adversativa,

1185 267 1276 301 quae
1296 261 1434 289 constat
1449 253 1665 287 dilemmate.

1187 306 1243 340 tiis
1266 306 1349 350 agit.

1187 357 1372 402 provincia
1392 362 1617 401 prorogetur.

1189 420 1269 448 nes,
1311 408 1422 440 altera
1449 418 1469 440 a
1492 406 1606 446 facili,
1647 406 1758 439 altera
1783 405 1827 438 ab
1853 403 1969 438 officio
1992 401 2180 441 amicitiae,

1191 471 1281 505 quae
1298 456 1366 492 hoc
1382 458 1490 491 modo
1508 458 1751 492 confirmatur.

1717 252 1903 285 Postremo
1921 250 1963 283 de
1980 249 2052 284 suis
2067 259 2173 291 nego-

1404 305 1523 349 Rogat
1545 304 1659 345 enim,
1693 309 1734 337 ut
1757 303 1816 336 det
1840 313 2007 346 operam,
2041 311 2086 333 ne
2107 297 2175 333 sibi

1675 354 1827 388 Additae
1850 358 1933 387 sunt
1955 353 2046 386 duae
2067 351 2179 384 ratio-

1438 541 1577 576 Aliud
1609 547 1940 586 argumentum.

1295 608 1538 653 Responsoria
1557 615 1609 643 est
1623 614 1656 642 et
1673 607 1904 653 gratulatoria
1916 633 1926 648 ‚
1951 605 2073 640 addita
2095 604 2184 650 peti-

1356 659 1506 693 Exordii
1521 659 1599 692 loco
1615 659 1761 704 ponitur
1783 659 1943 692 narratio
1970 659 2013 691 de
2037 668 2098 691 sua
2125 656 2184 689 be-

1199 762 1320 808 quitur
1335 761 1533 806 propositio
1545 787 1555 801 ,
1586 773 1676 806 quae
1692 767 1743 794 est
1758 761 1907 804 figurata
1926 765 2011 793 voto
2022 785 2031 800 ‚
2059 756 2188 791 additis

1198 813 1416 853 rationibus,
1443 824 1553 858 quare
1568 818 1753 856 tantopere
1772 817 1914 856 expetat
1930 810 2004 844 eius
2025 821 2189 854 praesen-

1200 865 1300 899 tiam.
1352 864 1480 897 Postea
1498 863 1646 908 ponitur
1665 862 1856 907 gratulatio
1874 860 2066 900 victoriae,
2092 859 2190 905 quod

1200 916 1348 949 feliciter
1367 913 1504 948 hostem
1522 913 1684 947 reiecerit
1699 914 1743 946 ab
1759 911 1963 946 Antiochia.
2004 911 2073 945 Sed
2089 921 2191 955 prae-

1203 967 1312 1000 mittit
1329 965 1559 1010 gratulationi
1573 965 1816 998 laudationem
1840 963 2039 1008 generalem
2052 988 2062 1002 ,
2097 972 2193 995 eam-

1205 1030 1272 1063 que
1291 1018 1434 1050 brevem
1452 1016 1681 1061 epistolarum
1693 1042 1702 1056 ‚
1730 1027 1821 1062 quae
1839 1015 2005 1048 inventae
2020 1019 2103 1047 sunt
2118 1022 2193 1045 cer-

1205 1070 1248 1102 tis
1266 1075 1300 1102 et
1315 1067 1522 1102 necessariis
1539 1067 1582 1100 de
1600 1066 1724 1101 causis.
1776 1066 1914 1099 Deinde
1940 1064 2087 1110 ponitur
2109 1074 2193 1096 con-

1206 1120 1324 1153 silium
1336 1145 1346 1159 ,
1374 1131 1419 1152 an
1436 1119 1589 1151 Romam
1608 1127 1802 1162 properare
1825 1117 1970 1156 debeat,
1996 1114 2116 1148 addita
2133 1125 2195 1158 pe·

1208 1171 1333 1204 titione
1345 1196 1354 1209 ‚
1380 1176 1420 1203 ut
1438 1169 1471 1202 ei
1484 1170 1521 1202 in
1537 1169 1722 1214 provincia
1739 1168 1959 1202 succedatur.

1210 1221 1308 1254 addit
1330 1221 1428 1265 signa
1452 1227 1486 1254 et
1508 1226 1717 1264 argumenta
1747 1220 1976 1252 confirmatae
2007 1216 2198 1250 amicitiae.

1208 1272 1249 1306 In
1266 1273 1334 1306 fine
1353 1278 1404 1306 est
1419 1270 1622 1305 adhortatio
1638 1270 1756 1304 brevis
1772 1271 1818 1303 ad
1835 1269 2073 1304 scribendum.

1459 1355 1595 1389 Aliud
1628 1359 1956 1399 argumentum.

1313 1421 1496 1466 Principio
1530 1421 1678 1466 ponitur
1707 1419 1926 1465 propositio,
1970 1429 2061 1464 quae
2093 1416 2202 1452 habet

1212 1472 1526 1518 pollicitationem:
1554 1471 1696 1504 Lubens
1714 1470 1934 1503 benefaciam
1945 1469 2071 1509 Fabio,
2094 1481 2200 1515 quem

1214 1522 1303 1556 mihi
1321 1522 1588 1556 commendasti.
1639 1521 1747 1554 Ratio
1763 1526 1903 1565 sumpta
1921 1525 1972 1553 est
1992 1531 2013 1552 a
2036 1531 2202 1564 persona,

1215 1575 1311 1620 quod
1326 1581 1425 1608 vetus
1440 1575 1485 1607 sit
1501 1573 1646 1606 amicus.
1692 1571 1860 1617 Sequitur
1878 1571 1986 1604 altera
2001 1570 2201 1616 propositio

1214 1628 1363 1670 figurata
1380 1631 1483 1658 voto:
1512 1623 1677 1668 Optarim
1695 1623 1816 1656 multis
1837 1623 1880 1655 de
1901 1621 2034 1662 causis,
2066 1628 2107 1655 ut
2131 1633 2204 1654 me-

1217 1690 1294 1710 cum
1311 1677 1444 1710 fuisses.
1479 1675 1650 1709 Rationes
1666 1673 1922 1719 propositionis
1939 1679 2093 1718 quatuor
2109 1678 2204 1707 sunt.

1217 1728 1354 1762 Deinde
1388 1727 1531 1761 additur
1563 1728 1606 1760 de
1638 1738 1705 1760 usu
1737 1725 1968 1770 epistolarum
1999 1724 2205 1768 praecipuo,

1219 1792 1297 1813 cum
1316 1784 1520 1824 praesentes
1538 1789 1610 1811 esse
1627 1789 1702 1810 non
1717 1776 1833 1816 liceat,
1855 1776 1952 1821 quod
1966 1775 2093 1809 litteris
2107 1775 2205 1807 illam

1221 1831 1332 1864 animi
1347 1830 1402 1864 sui
1417 1830 1639 1863 voluntatem
1660 1828 1839 1861 declarare
1857 1826 1953 1860 velit.
2004 1826 2131 1860 Postea
2154 1831 2207 1859 est

1222 1882 1407 1917 consilium
1418 1908 1428 1923 ,
1455 1881 1552 1927 quod
1568 1879 1641 1924 ipse
1657 1879 1785 1914 sentiat
1803 1879 1845 1911 de
1862 1878 2017 1911 adventu
2033 1877 2143 1912 Cassii
2160 1877 2206 1909 ad

1222 1935 1359 1968 urbem.
1409 1932 1580 1977 Epilogus
1597 1930 1755 1964 continet
1771 1928 1992 1974 petitionem.

1375 2027 1701 2070 Argumentum
1728 2021 1958 2066 epistolae
1984 2011 2068 2056 XV.

1327 2098 1569 2146 Expositioffl)
1592 2096 1821 2131 consiliorum
1838 2095 2018 2131 Ciceronis
2041 2102 2076 2130 et
2097 2096 2209 2131 Cassii

1226 2155 1264 2189 in
1279 2154 1373 2188 bello
1392 2151 1498 2186 civili.

1445 2225 1579 2262 Aliud
1612 2229 1925 2269 argumentum
1941 2223 2002 2271 ⁵⁷).

1331 2296 1467 2340 Scripta
1485 2300 1536 2328 est
1551 2291 1639 2326 haec
1662 2292 1810 2337 epistola
1833 2292 1871 2325 in
1893 2292 1988 2326 hello
2017 2292 2111 2326 civili
2133 2302 2214 2339 post

1230 2350 1362 2384 victum
1379 2360 1398 2381 a
1415 2346 1563 2381 Caesare
1579 2344 1792 2389 Pompeium
1808 2344 1847 2377 in
1861 2342 2044 2378 Thessalia
2055 2371 2066 2385 ,
2098 2351 2133 2379 et
2146 2345 2213 2379 Ca-

1265 2484 1316 2542 552l
1332 2481 1459 2540 Fatbium]
1489 2478 1531 2503 sic
1554 2478 1603 2502 Ed.
1624 2477 1716 2510 1556.;
1750 2477 1779 2501 in
1802 2477 1886 2501 Editt.
1905 2477 1996 2508 1565„
2020 2477 2111 2510 15⁷1„
2138 2478 2212 2503 1596.

1319 2524 1366 2542 ees
1383 2534 1389 2540 .

1267 2562 1315 2589 56)
1335 2559 1402 2583 Huic
1420 2557 1481 2581 voci
1500 2556 1526 2579 in
1546 2555 1628 2580 Editt.
1647 2555 1731 2583 ¹5⁴5..
1752 2554 1825 2578 1560.
1845 2554 1965 2583 praefixa
1983 2555 2047 2577 sunt
2065 2553 2113 2578 Cic
2130 2555 2215 2579 verba

1303 2596 1344 2623 (5.
1363 2595 1414 2621 ¹.):
1435 2592 1500 2616 Etsi
1513 2592 1647 2620 uterque,
1665 2590 1760 2618 quibus
1778 2589 1805 2612 iu
1822 2589 1872 2614 Ed.
1888 2588 1962 2614 1537.
1979 2588 2005 2612 in
2023 2589 2148 2620 margine
2163 2590 2215 2614 hoc.

1303 2629 1492 2657 argumentum
1512 2627 1555 2648 est
1573 2624 1734 2654 appositum.

1268 2673 1316 2701 57)
1337 2671 1393 2694 Hoc
1410 2669 1599 2708 argumentum
1617 2669 1646 2691 et
1662 2667 1717 2691 tria
1733 2665 1876 2697 sequeutia
1891 2666 1926 2690 ab
1940 2665 2022 2690 Euitt.
2041 2667 2131 2700 1556„
2153 2668 2218 2693 1565

1306 2705 1424 2730 -1596.
1442 2704 1610 2727 exhibentur.

2007 1162 2201 1200 Postremo'
