2351 2990
120 110 220 144 1083

116 202 152 229 et
178 194 246 227 alia
272 194 366 226 bona
391 193 467 227 sine
502 193 661 239 periculo
689 205 774 227 esse.
833 192 928 225 Haec
955 192 1116 226 conside-

115 252 236 279 rantes
266 257 341 278 non
371 245 587 278 contemnite
618 256 735 277 meam
772 243 973 277 orationem
992 270 1002 284 ,
1053 244 1112 277 sed

116 309 201 331 suae
220 296 371 343 quisque
388 296 493 330 saluti
515 295 687 329 consulat.

218 349 270 382 Ac
283 348 312 382 si
331 347 410 394 quis
425 347 620 386 existimat,
647 359 684 380 se
702 351 849 379 eventus
875 345 911 379 in
938 351 1113 391 potestate

115 397 269 440 habere,
305 399 388 446 quia
415 411 517 432 causa
551 398 666 438 valet,
707 402 768 430 aut
791 396 949 438 viribus,
983 397 1114 437 videat,

115 463 161 484 ne
178 451 398 496 decipiatur,
425 463 505 483 cum
528 449 639 483 multa
660 454 804 493 praeter
824 448 1031 493 opinionem
1058 461 1114 481 ac-

116 502 248 537 cidant.
303 501 408 535 Multi
425 501 539 542 enim,
567 500 630 547 qui
652 499 786 534 iustitia
814 500 938 535 confisi
963 500 1113 534 iniustos

115 553 234 588 adorti
259 559 362 593 sunt,
388 558 423 585 et
447 559 593 593 contra,
621 551 682 585 alii
698 551 780 584 freti
796 550 949 592 viribus,
975 551 1037 598 qui
1061 551 1114 584 in-

116 606 208 640 iusta
228 603 383 637 obtineri
399 616 501 649 posse
517 604 732 649 sperabant,
760 600 797 636 hi
814 615 888 636 non
905 603 1020 638 solum
1041 615 1113 636 uon

114 656 329 701 depulerunt
354 655 523 697 iniurias,
557 656 618 690 sed
642 655 927 696 succubuerunt,
954 654 1005 687 illi
1028 667 1113 687 vero

115 715 190 742 non
213 707 330 741 solum
356 707 479 741 alienis
498 719 574 740 non
593 713 677 741 sunt
699 706 825 751 potiti,
850 707 910 740 sed
926 719 989 740 sua
1006 706 1112 739 etiam

115 759 324 793 amiserunt.
376 758 470 793 Nam
489 771 554 792 nec
572 770 696 799 causa,
721 770 786 791 nec
807 757 937 791 virium
962 758 1114 791 antecel-

113 810 224 844 lentia
245 808 354 844 habet
378 810 490 844 exitus
509 817 653 852 certos,
680 810 741 843 sed
766 809 977 856 plerumque
1004 809 1115 842 vincit

114 864 250 896 incerta
267 863 430 903 fortuna,
456 874 548 908 quae
566 875 645 896 cum
662 861 707 895 sit
722 860 947 895 fallacissima
959 888 969 901 ,
993 867 1112 894 tamen

114 926 157 949 eo
175 920 225 948 est
239 913 349 954 utilis,
372 914 469 960 quod
486 914 653 947 timorem
672 918 706 946 et
723 912 989 957 providentiam
1008 912 1114 946 utris-

115 978 185 1013 que
206 966 332 1000 adfert.

220 1017 309 1051 Cum
337 1016 446 1060 igitur
469 1016 562 1049 inter
584 1028 651 1050 nos
669 1016 840 1057 sciamus,
867 1016 1023 1049 incertos
1041 1027 1112 1048 esse

114 1068 290 1102 bellorum
307 1068 441 1109 exitus,
469 1074 503 1101 et
519 1080 599 1101 cum
615 1068 776 1114 utrisque
799 1066 1021 1101 formidandi
1043 1066 1114 1099 sint

114 1118 371 1160 Athenienses,
399 1126 433 1152 et
456 1132 522 1154 nos
539 1119 610 1152 iam
637 1126 784 1153 eventus
801 1119 1013 1158 docuerint,
1040 1119 1113 1151 fru-

113 1178 245 1207 stratos
271 1184 344 1206 esse
365 1183 404 1205 ea
424 1183 505 1216 spe,
534 1184 642 1217 qnam
667 1169 929 1211 habueramus,
953 1182 1114 1203 commu-

114 1236 178 1258 nes
205 1221 324 1257 hostes
345 1220 580 1257 Athenienses
607 1223 850 1263 dimittamus,
886 1229 920 1256 et
942 1221 1114 1254 faciamus

114 1282 327 1321 perpetuam
344 1287 467 1319 pacem
480 1301 489 1315 ,
518 1280 579 1308 aut
601 1280 695 1308 certe
716 1274 878 1308 inducias
895 1274 933 1306 in
952 1272 1115 1317 longissi-

116 1339 215 1361 mum
239 1333 379 1371 tempus
404 1326 630 1366 differamus,
664 1332 697 1359 ct
723 1326 884 1371 privatas
907 1331 1114 1359 controver-

118 1379 188 1414 sias
213 1379 249 1411 in
266 1378 362 1411 aliud
380 1384 519 1423 tempus
537 1378 757 1411 differamus.
811 1377 862 1410 Ac
886 1377 1060 1415 sciamus,
1085 1375 1113 1408 si

116 1428 208 1464 mihi
231 1429 495 1470 assentiamini,
523 1429 680 1474 singulas
703 1428 862 1462 civitates
887 1440 988 1462 suam
1009 1427 1115 1459 liber-

116 1489 227 1516 tatem
239 1488 442 1516 retenturas
459 1493 531 1516 esse
544 1507 554 1522 ‚
581 1481 675 1514 unde
691 1486 862 1524 poterunt
882 1491 946 1513 suo
965 1478 1113 1511 arbitrio

117 1541 153 1568 et
183 1534 307 1567 iuvare
337 1533 490 1573 amicos,
534 1539 568 1565 et
594 1529 713 1565 hostes
747 1531 878 1564 virtute
907 1530 1116 1575 reprimere,

119 1586 182 1619 ubi
207 1597 296 1629 opus
321 1585 399 1618 erit.
461 1584 524 1618 Sin
550 1589 669 1617 autem
692 1581 782 1615 mihi
804 1583 1004 1616 diffidentes
1037 1581 1115 1614 aliis

118 1636 433 1681 obtemperabitis,
467 1648 542 1669 non
575 1634 774 1680 poterimus
805 1640 930 1667 nostro
965 1633 1114 1666 arbitrio

117 1688 315 1734 reprimere
339 1686 478 1728 hostes,
506 1694 537 1720 et
564 1693 603 1720 ut
624 1686 778 1718 maxime
804 1685 840 1718 id
863 1685 943 1726 fiet,
976 1696 1115 1718 necesse

119 1740 207 1780 erit,
232 1752 298 1773 nos
324 1739 458 1772 amicos
483 1745 517 1771 et
536 1738 651 1772 socios
670 1749 742 1771 esse
760 1749 884 1770 eorum
897 1763 906 1777 ,
934 1737 995 1783 qui
1014 1736 1116 1769 nobis

119 1790 357 1825 inimicissimi
372 1797 474 1831 sunt,
502 1797 536 1823 et
551 1789 710 1834 cognatis
726 1788 903 1822 inimicos.

225 1843 320 1876 Haec
342 1855 406 1887 ego
434 1854 580 1882 censeo,
617 1841 679 1886 qui
701 1853 800 1881 sum,
834 1846 875 1874 ut
903 1838 1005 1872 initio
1032 1839 1117 1879 dixi,

119 1908 163 1930 ex
198 1895 339 1928 civitate
374 1893 528 1927 maxima
542 1921 550 1934 ,
593 1905 685 1938 quae
718 1891 832 1936 magis
870 1891 976 1924 insert
1011 1891 1116 1931 bella,

123 1960 231 1994 quam
246 1946 398 1991 repellit.
430 1945 481 1978 Ac
498 1952 580 1990 peto
592 1971 600 1985 ,
629 1950 669 1977 ut
684 1943 940 1988 prospicientes
958 1955 1117 1975 commu-

123 2000 183 2033 nia
201 1998 357 2044 pericula
376 1998 544 2030 cedamus
561 1996 665 2030 nobis
689 2001 837 2035 mutuo,
864 2007 929 2028 nec
952 1995 1117 2028 adversa-

122 2051 196 2085 rios
214 2050 262 2083 ita
287 2049 459 2083 mulctare
477 2048 627 2082 velimus
639 2074 647 2088 ‚
670 2053 708 2080 ut
725 2059 790 2080 nos
806 2046 902 2091 ipsos
918 2046 1030 2089 magis
1049 2046 1117 2078 lae-

124 2104 269 2142 damus,
297 2113 362 2134 nec
378 2100 526 2135 stultitia
546 2098 819 2133 contentionum
842 2104 1026 2142 putemus,
1053 2110 1118 2131 nos

124 2161 159 2188 et
175 2153 313 2188 consilii
328 2153 442 2186 nostri
458 2159 492 2185 et
509 2152 674 2186 fortunae
698 2150 864 2184 dominos
889 2162 981 2189 esse,
1010 2162 1116 2194 quam

125 2218 200 2240 non
216 2204 390 2239 habemus
409 2204 445 2236 in
464 2210 586 2238 nostra
606 2208 800 2247 potestate,
829 2207 863 2234 et
881 2201 969 2235 alios
987 2200 1116 2234 iustum

123 2259 216 2292 duco
244 2257 339 2290 idem
363 2257 498 2296 facere,
532 2256 628 2301 quod
656 2266 720 2298 ego
743 2253 854 2293 facio,
886 2252 1047 2286 videlicet
1081 2260 1120 2286 ut

128 2315 302 2355 quantum
329 2308 452 2341 cedere
486 2319 640 2352 aequum
664 2312 733 2347 est,
774 2305 810 2338 id
841 2311 968 2350 sponte
1001 2304 1120 2349 potius

141 2361 277 2400 aciant,
305 2372 413 2406 quam
430 2358 557 2392 deinde
575 2356 732 2392 hostium
749 2356 858 2390 armis
875 2357 999 2390 coacti.
1037 2356 1119 2390 Non

128 2419 180 2446 est
205 2411 298 2444 enim
330 2418 453 2455 turpe,
489 2416 659 2454 cognatos
691 2408 850 2453 cognatis
879 2409 1024 2450 cedere,
1060 2415 1121 2441 aut

127 2463 341 2497 Doriensem
366 2462 556 2503 Doriensi,
584 2468 645 2495 aut
662 2459 931 2494 Chalcidensem
956 2466 1120 2504 cognato,

130 2529 208 2549 cum
235 2526 358 2547 omncs
387 2514 495 2546 vicini
526 2526 668 2554 sumus,
711 2512 884 2556 etqunius
906 2512 1042 2546 insulae
1069 2511 1121 2544 in-

130 2567 248 2607 colae,
292 2565 351 2611 qui
397 2565 579 2598 communi
617 2564 763 2597 nomine
807 2564 915 2597 Siculi
952 2563 1150 2601 diciinur;}

129 2619 193 2664 qui
216 2617 343 2657 etiam,
378 2617 407 2650 si
430 2618 593 2662 quaudo,
628 2623 667 2649 ut
692 2616 841 2660 opinor,
868 2616 1000 2649 bellum
1030 2615 1122 2648 inter
1148 2630 1150 2641 τ

127 2683 195 2704 nos
230 2681 412 2713 geremus,
449 2681 526 2701 cum
564 2668 610 2700 ita
655 2667 851 2708 videbitur,
885 2674 1003 2700 tamen
1045 2679 1121 2700 rur-

129 2734 188 2755 sus
220 2734 342 2766 pacem
374 2720 561 2760 faciemus,
597 2732 675 2752 cum
708 2720 744 2751 in
769 2719 946 2764 colloquia
976 2725 1120 2752 ventum

701 106 825 142 PHIL.
861 106 976 141 MEL.
1008 104 1210 140 SCRIPTA
1237 104 1575 141 PHILOLOGICA.

1148 2547 1150 2624 ζ

1148 2645 1151 2710 l

1147 2711 1152 2757 ι

2063 104 2162 139 1084

1169 192 1248 226 erit.
1301 191 1370 225 Sed
1393 191 1551 226 universi
1576 191 1756 225 coniuncti
1783 190 1813 225 si
1837 190 2016 236 sapimus,
2051 196 2164 224 exter·

1169 255 1234 277 nos
1251 241 1372 277 hostes
1391 243 1628 288 depellamus,
1657 243 1739 289 quia
1759 255 1948 276 commune
1966 242 2165 288 periculum

1169 301 1221 328 est
1244 294 1427 334 omnium,
1455 306 1534 327 cum
1559 307 1642 338 pars
1667 294 1787 340 aliqua
1812 295 1856 327 ab
1881 294 2035 328 externis
2053 291 2165 327 hosti-

1168 347 1233 380 bus
1260 358 1429 391 oppressa
1453 351 1522 385 est,
1548 357 1612 378 nec
1635 345 1749 379 socios
1773 358 1931 392 unquam
1954 358 2019 379 nec
2036 357 2162 378 recon-

1168 397 1346 431 ciliatores
1370 396 1578 442 peregrinos
1601 408 1834 431 accersamus.
1887 397 1983 431 Haec
2006 397 2036 431 si
2054 396 2161 430 facie-

1168 461 1246 483 mus
1264 449 1300 482 in
1314 448 1535 493 praesentia,
1563 448 1634 481 duo
1652 460 1779 492 magna
1797 449 1892 482 bona
1913 460 2161 494 assequemur:

1167 500 1400 534 liberabimus
1423 498 1579 533 Siciliam
1613 500 1657 532 ab
1677 497 1955 535 Atheniensibus
1986 506 2021 534 et
2053 511 2072 532 a
2097 500 2163 532 do-

1168 552 1314 585 mestico
1340 551 1446 585 bello.
1506 549 1546 583 In
1571 557 1753 595 posterum
1778 564 1862 584 vero
1887 559 1919 586 et
1944 564 2010 586 nos
2031 550 2165 595 singuli

1167 604 1330 637 fruemur
1348 609 1469 637 nostra
1486 602 1649 635 libertate
1661 629 1670 643 ‚
1699 608 1733 635 et
1750 608 1889 637 exterae
1910 604 2074 637 nationes
2096 601 2163 636 mi-

1168 667 1234 689 nus
1253 655 1435 689 audebunt
1452 653 1557 687 nobis
1574 654 1707 687 bellum
1726 653 1870 688 inferte.

1417 756 1585 790 Oratio
1612 755 1833 790 Brasidae
1850 755 1910 804 ⁴⁷).

1272 825 1381 871 Quod
1406 837 1471 870 ego
1502 837 1582 859 cum
1614 825 1770 858 exercitu
1790 822 1860 858 huc
1883 836 1902 857 a
1924 823 2165 857 Lacedaemo-

1167 875 1237 910 niis
1270 877 1398 910 missus
1429 890 1528 917 sum,
1562 883 1712 911 testatur
1747 888 1868 910 veram
1898 887 2041 910 causam
2075 887 2164 916 esse,

1169 940 1277 974 quam
1307 927 1411 961 initio
1435 929 1519 962 belli
1543 928 1784 969 ostendimus,
1825 927 1989 961 videlicet
2016 938 2166 960 movere

1167 992 1234 1014 nos
1264 979 1399 1013 bellum
1429 980 1636 1013 liberandae
1669 979 1841 1014 Graeciae
1871 991 1988 1013 causa.
2055 979 2166 1024 Quod

1168 1037 1287 1064 autem
1314 1043 1392 1066 sero
1417 1029 1487 1065 huc
1511 1031 1764 1071 transivimus,
1789 1043 1896 1064 nemo
1913 1028 2167 1075 reprehendat,

1169 1083 1253 1128 quia
1273 1082 1348 1117 sine
1366 1089 1485 1117 vestro
1502 1083 1660 1127 periculo
1678 1083 1755 1116 istic
1770 1083 1939 1127 perficere
1954 1083 2086 1116 bellum
2109 1094 2168 1115 co-

1168 1135 1244 1168 nati
1264 1146 1408 1174 sumus,
1443 1134 1551 1180 idque
1580 1134 1717 1168 tardius
1743 1133 1913 1179 opinione
1935 1141 2058 1168 nostra
2081 1146 2166 1179 pro-

1169 1186 1281 1220 cessit.
1328 1185 1434 1220 Nunc
1447 1198 1533 1219 vero
1551 1198 1631 1220 cum
1651 1192 1702 1220 est
1718 1186 1875 1226 occasio,
1901 1185 2084 1220 vobiscum
2103 1197 2165 1220 eos

1169 1244 1329 1271 evertere
1346 1238 1525 1271 volumus.

1271 1288 1388 1321 Miror
1405 1295 1523 1321 autem
1546 1286 1636 1320 mihi
1655 1294 1776 1332 portas
1794 1288 1929 1321 clausas
1944 1300 2036 1328 esse,
2062 1287 2166 1333 quasi

1169 1352 1243 1372 non
1260 1340 1419 1372 venerim
1435 1340 1539 1373 nobis
1557 1339 1793 1384 cupientibus.
1846 1338 1921 1373 Nos
1945 1339 2039 1372 enim
2056 1338 2167 1371 Lace-

1170 1391 1352 1424 daemonii
1386 1390 1687 1430 existimavimus,
1731 1390 1840 1423 etiam
1874 1389 2084 1435 priusquam
2120 1391 2167 1423 ad

1169 1442 1284 1476 socios
1301 1454 1339 1475 re
1357 1442 1432 1486 ipsa
1452 1442 1575 1475 venire
1593 1442 1770 1486 possimus
1782 1467 1791 1481 ,
1819 1441 1940 1475 venire
1960 1448 2082 1475 tamen
2099 1453 2166 1476 nos

1170 1494 1215 1526 ad
1239 1493 1387 1538 cupidos
1411 1494 1546 1534 nostri,
1586 1505 1699 1539 eoque
1724 1492 1880 1538 pericula
1903 1493 2003 1538 longi
2028 1493 2167 1527 itineris

1170 1545 1470 1589 contempsimus,
1492 1551 1526 1578 et
1543 1545 1717 1589 optimam
1747 1545 1966 1578 voluntatem
1993 1557 2076 1589 erga
2101 1557 2166 1579 vos

1170 1597 1403 1631 ostendimus.
1455 1596 1557 1631 Esset
1574 1603 1692 1630 autem
1713 1608 1767 1630 res
1786 1596 1951 1640 indigna,
1977 1597 2007 1630 si
2023 1609 2087 1630 vos
2105 1603 2167 1630 aut

1171 1649 1273 1682 aliter
1290 1661 1371 1693 erga
1390 1660 1456 1682 nos
1476 1648 1591 1682 affecti
1608 1649 1739 1688 essetis,
1756 1654 1818 1681 aut
1833 1655 1971 1681 vestrae
1987 1655 2049 1681 aut
2068 1660 2165 1681 com-

1170 1701 1272 1734 muni
1289 1700 1435 1733 utilitati
1453 1700 1626 1734 Graeciae
1647 1699 1939 1733 adversaremini.

1273 1751 1347 1786 Nec
1378 1758 1518 1785 tantum
1546 1764 1587 1784 eo
1620 1751 1817 1796 impedior,
1855 1752 1953 1797 quod
1981 1763 2045 1784 vos
2075 1748 2166 1783 mihi

1170 1803 1352 1843 resistitis,
1378 1804 1439 1837 sed
1458 1803 1564 1836 etiam
1583 1803 1783 1847 exemplum
1802 1809 1918 1836 nocet.
1971 1802 2064 1836 Nam
2092 1802 2166 1842 alii,

1172 1856 1216 1888 ad
1236 1868 1325 1901 quos
1342 1856 1506 1888 accedam
1518 1882 1528 1895 ,
1556 1855 1674 1888 minus
1692 1867 1727 1888 se
1745 1852 1834 1887 mihi
1859 1854 2074 1897 adiungent,
2102 1853 2165 1899 qui

1172 1907 1383 1940 iudicabunt
1415 1919 1490 1940 rem
1526 1907 1762 1950 periculosam
1801 1918 1873 1940 esse
1908 1917 1965 1938 me
1992 1905 2164 1949 recipere,

1172 1971 1252 1993 cum
1271 1971 1334 1992 vos
1350 1971 1407 1992 me
1423 1958 1658 1998 excluseritis,
1677 1959 1722 1990 ad
1739 1970 1828 2003 quos
1845 1957 2002 2001 primum
2022 1956 2165 1997 accessi,

1172 2010 1235 2056 qui
1253 2017 1288 2044 et
1305 2010 1496 2043 autoritate
1515 2009 1741 2049 antecellitis,
1769 2015 1801 2042 et
1818 2015 1998 2053 praestare
2016 2008 2166 2042 consilio

1172 2062 1437 2096 existimamini.
1490 2062 1563 2096 Nec
1585 2074 1729 2106 possum
1756 2060 1916 2093 invenire
1941 2059 2166 2104 probabilem

1173 2126 1315 2148 causam
1334 2112 1439 2148 huius
1458 2114 1566 2147 vestri
1591 2112 1749 2152 consilii,
1777 2112 1846 2146 nisi
1867 2113 1965 2157 quod
1988 2111 2166 2146 existima-

1173 2166 1236 2206 tis,
1263 2179 1320 2199 me
1341 2172 1402 2199 aut
1420 2165 1587 2199 iniustam
1609 2165 1809 2197 libertatem
1827 2164 1986 2204 adferre,
2014 2170 2076 2197 aut
2092 2175 2168 2197 non

1173 2230 1276 2262 posse
1295 2224 1456 2262 receptos
1468 2217 1572 2251 tueri.
1606 2217 1653 2250 At
1663 2229 1740 2249 cum
1754 2217 1796 2248 ad
1809 2214 2049 2262 Nisaeam‘fla)
2067 2213 2163 2249 hunc

1174 2269 1289 2314 ipsum
1307 2269 1499 2303 exercitum
1519 2267 1692 2302 haberent
1710 2265 1963 2308 Athenienses,
1991 2279 2069 2300 cum
2086 2267 2165 2312 plu-

1173 2334 1229 2355 res
1249 2327 1385 2361 essent,
1411 2333 1485 2354 non
1502 2326 1585 2354 sunt
1600 2319 1674 2353 ausi
1692 2320 1882 2359 dimicare,
1913 2331 1978 2352 nec
1996 2318 2164 2352 credibile

1175 2379 1244 2413 est,
1273 2385 1332 2406 eos
1348 2371 1416 2406 huc
1435 2378 1571 2405 tantam
1588 2371 1732 2405 classem
1750 2372 1920 2405 missuros
1937 2382 2028 2411 esse,
2052 2383 2166 2417 quan-

1174 2431 1248 2458 tam
1267 2431 1351 2458 tunc
1365 2422 1578 2457 habuerunt.

1276 2477 1418 2511 Adveni
1435 2482 1552 2510 autem
1569 2487 1643 2508 non
1662 2476 1705 2509 ad
1724 2474 1932 2520 cuiusquam
1956 2473 2164 2518 perniciem,

1175 2529 1236 2562 sed
1252 2529 1490 2562 restituendae
1511 2527 1684 2562 libertatis
1709 2540 1810 2560 causa
1823 2553 1831 2566 ,
1859 2526 2054 2559 maximum
2072 2526 2167 2559 iura-

1211 2621 1258 2652 47)
1285 2620 1404 2650 Thucyd.
1419 2619 1469 2643 IV,
1481 2618 1603 2642 85—87.
1631 2631 1663 2634 —
1705 2618 1745 2640 De
1774 2617 1822 2640 hac
1847 2615 1975 2640 oratione
2003 2622 2019 2640 a
2042 2617 2162 2642 Peucen,

1242 2657 1312 2679 libro
1321 2655 1413 2685 quinto
1423 2654 1587 2683 'rhum-ydidis
1597 2653 1668 2676 falso
1677 2652 1816 2681 adscripta
1830 2652 1854 2674 in
1865 2651 1993 2681 Proiegg.
2008 2659 2032 2681 p,
2045 2652 2109 2676 1019
2118 2660 2158 2683 sq.

1244 2691 1369 2713 diximus.

1212 2734 1275 2762 472)
1294 2733 1435 2762 Nisaeam]
1449 2732 1488 2755 sic
1500 2731 1660 2762 scripsimus
1672 2740 1699 2753 =
1713 2730 1848 2760 awanam
1866 2730 1914 2754 Ed.
1929 2730 2001 2754 1562.
2011 2730 2163 2756 Nissaeam.
