2351 2990
190 132 263 168 715

189 232 287 252 mum
322 219 351 251 ei
379 219 568 252 nocebunt.
621 217 828 260 Erumpcut
852 222 968 248 autem
993 214 1111 253 brevi,
1146 214 1173 248 si

192 271 250 303 Dii
278 270 417 307 volent,
453 277 483 302 el
512 282 573 302 vos
597 281 670 300 nou
691 267 873 300 cessabitis
890 266 949 312 ⁴¹¹³).
1010 265 1058 298 Ut
1084 265 1178 298 euim

189 322 225 353 in
243 321 452 364 corporibus
468 320 533 363 ⁴³),
568 320 595 352 si
620 320 717 363 quod
744 318 948 350 membrum
978 317 1069 349 male
1094 317 1178 349 3110-

189 379 283 405 ctum
302 378 370 408 est,
408 384 480 404 non
508 371 617 402 adfert
645 369 829 408 dolorem,
866 369 894 402 si
921 368 1056 413 alioqui
1083 374 1178 400 recle

188 424 363 457 valemus:
401 421 536 455 sminhi
568 420 712 453 morbus
739 420 868 465 aliquis
890 419 1051 458 accessit,
1085 418 1177 451 cien-

188 481 246 507 tur
266 475 371 506 etiam
393 474 470 505 illae
487 483 613 514 aegrae
631 478 765 514 partes,
796 471 956 503 videlicet
979 471 1088 502 fracta
1117 476 1178 502 aut

186 526 303 558 luxata
326 524 494 556 membra.
548 521 597 554 lta
617 523 730 554 donec
755 522 901 566 tyranni
928 527 989 554 aut
1019 521 1178 553 civitates

187 576 274 610 foris
294 588 366 607 rem
385 574 531 607 feliciter
551 579 696 615 gerunt,
725 573 919 606 domestica
941 571 1025 604 vitia
1050 572 1177 609 latent;

187 628 246 661 sed
263 639 341 659 cum
361 626 394 657 iu
412 625 482 658 suis
508 624 712 667 regionibus
739 624 870 656 bellum
896 624 1091 667 gerendum
1116 628 1178 662 est,

188 677 356 710 interiora
377 676 469 708 mala
486 676 606 708 onmia
623 687 658 708 se
676 676 874 718 proferunt.
909 674 945 707 Si
962 674 1041 719 quis
1059 679 1177 706 autem

186 729 389 761 felicitatem
408 725 565 770 Philippi
593 726 896 772 consideraus⁴⁴)‚
924 731 1072 769 propter
1088 722 1180 757 banc

186 779 450 812 formidabilem
491 790 563 811 esse
602 777 754 816 iudicat,
802 777 996 821 prudenter
1038 775 1180 819 cogitat.

186 831 278 865 Nam
296 831 439 863 fortuna
459 829 611 862 multum
628 830 741 861 adfert
756 828 930 861 momenti
950 828 986 860 in
1004 827 1181 867 omnibus,

186 883 298 915 immo
316 882 351 913 in
371 881 444 914 eius
461 886 632 924 potestate
651 885 733 913 suut
757 879 891 912 omnia.
953 879 1030 911 Hoc
1057 890 1180 924 quam-

187 946 294 979 quam
314 933 360 966 ita
380 945 415 966 se
438 930 563 971 babet,
597 938 735 969 tamen,
771 931 799 963 si
826 927 914 962 milii
944 930 988 963 sit
1010 929 1179 962 alterutra

186 986 331 1018 fortuna
350 984 525 1028 optanda,
552 995 625 1015 non
649 982 807 1015 dubitem
834 981 1014 1025 praeferre
1038 987 1180 1014 nostrae

186 1036 284 1070 urbis
302 1036 503 1075 fortunam,
537 1034 645 1066 inodo
664 1046 728 1066 nos
746 1032 776 1065 ei
792 1045 865 1065 non
885 1033 1002 1066 deesse
1020 1031 1181 1071 velimus,

187 1088 247 1122 sed
264 1087 408 1131 paulum
428 1087 535 1118 modo
557 1084 690 1124 anniti,
719 1090 752 1117 et
769 1085 882 1117 facere
901 1095 962 1123 ea,
988 1095 1079 1128 quae
1098 1095 1180 1115 000-

188 1138 296 1171 venit.
349 1137 474 1170 Plures
498 1136 591 1169 enim
613 1136 814 1168 occasiones
830 1135 880 1167 rei
899 1135 988 1167 bene
1005 1135 1180 1178 gerendae

186 1189 290 1222 nobis
312 1201 347 1221 se
372 1188 547 1227 offerunt,
576 1200 684 1232 quam
704 1184 873 1230 Philippo
884 1185 947 1232 ⁴⁵):
985 1197 1075 1230 quae
1099 1191 1182 1218 sunt

186 1239 461 1284 significationes
491 1238 761 1271 benevolentiae
796 1237 955 1269 Deorum
987 1248 1069 1279 erga
1103 1248 1180 1269 005.

186 1292 255 1324 Sed
288 1297 327 1324 ut
356 1290 479 1329 video,
520 1290 681 1323 sedemus
715 1288 839 1327 otiosi,
882 1285 972 1320 nibil
996 1299 1180 1321 conamur.

186 1342 390 1375 Ridiculum
409 1348 526 1374 autem
542 1340 670 1380 suerit,
697 1340 726 1373 si
746 1339 820 1383 ipse
845 1337 935 1371 nihil
960 1345 1060 1382 agat,
1093 1337 1181 1370 ami-

187 1394 235 1427 cis
252 1394 449 1437 imperare,
475 1398 515 1425 ut
537 1392 649 1436 probe
675 1392 805 1425 obeant
832 1402 891 1429 ea,
926 1401 1016 1434 quae
1041 1388 1109 1423 sibi
1130 1389 1181 1420 fa-

187 1445 309 1477 cienda
328 1450 449 1483 erant,
480 1450 621 1476 tantum
647 1443 763 1482 abest,
790 1447 830 1474 ut
844 1440 922 1474 Diis
944 1440 1054 1479 multa
1079 1451 1181 1471 man-

187 1497 273 1529 dare
300 1495 496 1539 possimus,
538 1494 567 1528 si
596 1494 663 1537 ipsi
684 1505 757 1526 non
782 1492 1021 1525 connitamur.
1082 1488 1180 1524 Nihil

188 1547 297 1591 igitur
314 1546 443 1578 mirum
463 1552 532 1585 est,
559 1542 764 1588 Philippum
782 1542 924 1575 vincere
934 1542 1004 1589 ⁴⁵³)
1017 1569 1025 1581 ,
1052 1541 1114 1586 qui
1131 1547 1181 1574 est

188 1598 330 1631 assiduo
348 1597 384 1628 in
400 1596 529 1636 armis,
557 1602 590 1629 et
607 1595 755 1628 militiae
779 1594 938 1627 laborem
962 1593 1113 1638 perfert,
1147 1598 1182 1625 et

188 1649 288 1681 adest
312 1648 385 1692 ipse
404 1647 569 1680 omnibus
587 1648 692 1680 rebus
716 1645 897 1689 gerendis,
933 1651 967 1677 et
992 1644 1029 1677 in
1058 1655 1181 1677 omnes

189 1699 391 1733 occasiones
409 1698 564 1731 intentus
585 1704 654 1737 est,
690 1697 791 1730 vobis
817 1696 958 1728 iuterim
985 1694 1182 1729 cunctanti-

186 1751 271 1790 bus,
300 1756 333 1782 et
349 1751 487 1781 decreta
504 1749 732 1785 facientibus,
759 1754 793 1780 et
809 1747 1017 1791 rogantibus
1041 1752 1181 1779 senten-

187 1802 266 1835 tias.
325 1800 446 1845 Quare
468 1798 558 1833 nibil
584 1800 697 1832 miror
723 1797 930 1843 Philippum
959 1797 1180 1841 superiorem

188 1852 337 1898 esse⁴⁶):
383 1851 494 1884 immo
525 1850 747 1884 eontrarium
778 1851 951 1890 mirarer,
994 1849 1022 1882 si
1048 1861 1114 1881 005
1143 1848 1179 1880 in

221 2003 270 2031 42)
291 2003 323 2026 Η.
343 2003 361 2025 l.
381 2002 408 2025 in
427 2002 475 2025 Ed.
495 2001 579 2025 Basil.
601 2003 666 2025 nota
686 2000 818 2029 margum:
849 2000 996 2030 Coniungit
1020 2000 1088 2024 haec
1113 2000 1180 2029 dno,

256 2038 395 2060 fortunam
415 2036 536 2066 seilicet,
557 2036 581 2058 id
602 2038 661 2065 est,
687 2036 806 2058 Deorum
825 2035 930 2058 auxilia
957 2036 983 2057 et
1008 2034 1177 2065 diligentiam

257 2071 413 2101 hominum3
434 2071 517 2101 vulgo
537 2070 607 2093 enim
627 2069 803 2100 diciturzngii
822 2069 954 2093 facientes
974 2069 1114 2093 adiuvant.

222 2123 269 2150 43)
293 2123 326 2147 H.
346 2123 364 2146 l.
385 2123 411 2145 in
436 2122 486 2147 Ed.
506 2121 589 2145 Basil.
617 2123 683 2145 nota
708 2120 840 2151 margin.:
871 2120 993 2151 Egregia
1016 2120 1177 2149 similitudo,

256 2157 390 2187 quomodo
411 2157 482 2179 mala
497 2155 644 2179 domestica
660 2158 821 2185 erumpant,
841 2155 868 2178 in
884 2155 967 2179 Editt.
984 2155 1070 2181 1559..
1093 2155 1178 2183 1564„

260 2191 346 2220 15r0.,
368 2191 441 2214 1587.
462 2191 487 2213 h.
507 2191 524 2214 1.
545 2190 572 2212 in
592 2189 716 2220 margine
735 2189 861 2220 apposita
886 2191 929 2212 est
947 2190 1104 2214 annotatio:
1134 2190 1180 2213 sti-

259 2225 322 2248 mile
342 2231 358 2248 a
377 2231 492 2254 corpore
511 2225 637 2249 humano.

223 2278 271 2303 44)
292 2277 323 2301 H.
350 2277 366 2300 1.
392 2276 419 2299 10
439 2276 488 2299 Ed.
515 2275 598 2299 Basil.
624 2276 689 2299 nota
714 2275 848 2305 margia:
875 2275 1034 2299 confutatio
1054 2274 1093 2300 lde
1118 2274 1180 2298 sor-

258 2313 339 2338 tnna,
377 2316 446 2340 quae
480 2310 591 2340 opponit
623 2310 761 2333 soi-tunam
795 2309 960 2338 reipublicae
987 2309 1180 2335 Atheniensis,

258 2344 385 2367 fortunae
406 2344 531 2374 Philippi.
569 2344 671 2367 Nostra
690 2344 847 2373 respublica
866 2345 909 2367 est
937 2344 1018 2367 etiam
1046 2343 1179 2373 illustris,

261 2381 286 2400 et
308 2379 391 2402 multo
412 2379 531 2402 maiores
551 2385 596 2402 res
615 2378 704 2409 gessit
723 2384 803 2408 quain
824 2378 879 2402 ille.

226 2429 274 2456 45)
295 2429 365 2454 u.1.
394 2430 420 2452 in
448 2430 495 2453 Ed.
522 2429 607 2453 Basil.
632 2430 698 2452 nota
722 2429 853 2459 margon:
891 2428 1005 2452 Confert
1032 2428 1181 2457 Philippum

263 2469 322 2485 euin
342 2464 560 2487 Atheniensibus.
596 2464 662 2490 llle,
682 2463 784 2492 inquit,
806 2469 859 2486 000
879 2463 1005 2487 fortuna.
1025 2463 1071 2485 sed
1091 2466 1181 2485 tamen

262 2496 405 2526 diligentia
424 2498 515 2527 valet:
542 2504 592 2521 vos
612 2500 701 2521 antem
723 2497 857 2520 excellitis
876 2498 1001 2520 fortuna:
1029 2497 1112 2524 iggitur
1130 2497 1180 2519 ad-

261 2530 316 2553 dite
343 2531 525 2561 diligentiam,
558 2534 585 2555 et
610 2532 703 2555 iuvate
727 2533 901 2561 fortunatus-4
915 2528 1077 2554 tuncYm-itis
1097 2531 1181 2554 multo

260 2571 424 2593 superiores

226 2615 398 2642 451¹)Editt.
423 2616 511 2640 1559..
540 2618 630 2643 ¹564..
658 2617 746 2648 ¹57⁰„

262 2650 391 2679 margia:
419 2650 533 2679 Philippi
555 2651 697 2675 industria.

781 2617 853 2641 15⁶0.
879 2618 905 2642 h.
924 2617 941 2640 l.
967 2617 1066 2639 hahent
1093 2618 1184 2640 nolani

225 2701 275 2728 46)
295 2701 325 2724 Η.
343 2701 358 2724 l.
381 2701 405 2723 in
427 2701 474 2723 1-311.
495 2701 575 2723 Basil.
596 2704 661 2724 nota
680 2702 811 2729 mai-:gina
834 2702 987 2732 {Philippus
1014 2702 1115 2725 nullam
1135 2708 1185 2725 ne-

262 2735 342 2765 gligit
362 2740 533 2758 occasionem
553 2736 591 2758 rvi
611 2736 677 2759 hene
697 2737 851 2765 gerendaes

768 130 890 165 PHlL.
925 129 1038 163 MEL.
1071 126 1273 162 SCRIPTA
1299 126 1634 161 PHILOLOGICA.

2147 126 2221 161 716

1229 219 1326 246 tanta
1353 213 1493 257 ignavia
1512 213 1582 260 ⁴⁶²¹)
1616 212 1816 257 superiores
1857 223 2010 245 essemus
2038 211 2120 252 illo,
2156 212 2219 257 qui

1228 276 1367 297 summa
1399 263 1570 298 industria
1605 271 1637 297 et
1660 263 1830 296 acerrima
1857 263 2084 296 contentione
2107 263 2217 295 animi

1229 315 1311 348 facit
1331 315 1473 355 omnia,
1505 328 1594 360 quae
1613 316 1649 348 in
1667 315 1759 348 hollo
1778 314 2021 360 requiruntur.
2081 313 2219 347 Deinde

1229 365 1296 399 boc
1314 366 1445 405 miror,
1473 367 1562 399 adeo
1581 379 1643 400 vos
1662 366 1848 399 dissimiles
1867 378 1939 399 esse
1958 364 2135 398 maiorum
2160 377 2219 398 ve-

1230 416 1463 463 strorum⁴⁷)‚
1499 417 1561 462 qui
1586 429 1650 460 pro
1676 418 1838 450 libertate
1863 417 2083 450 Graecorum
2109 415 2218 449 Lace-

1230 467 1428 501 daemoniis
1448 467 1577 500 bellum
1596 467 1810 507 intulerunt;
1835 475 1868 501 et
1887 481 1996 514 quum
2015 468 2147 500 multae
2166 479 2218 501 es-

1231 525 1308 552 sent
1343 518 1545 552 occasiones
1576 520 1757 562 augendae
1786 519 1967 563 potentiae
1997 516 2102 552 liuius
2123 517 2222 552 urbis

1231 582 1294 614 per
1326 570 1508 609 fraudem,
1549 575 1670 602 tamen
1703 571 1737 602 id
1763 571 1877 603 facere
1907 571 2119 608 noluerunt;
2159 569 2221 604 sed

1232 621 1368 653 alienae
1402 620 1575 653 libertatis
1607 633 1710 653 causa
1739 633 1803 654 suo
1826 628 1969 666 sumptu
1995 621 2084 654 bella
2109 633 2222 665 gesse—

1233 678 1336 711 runt,
1364 678 1397 704 et
1422 671 1529 715 primi
1553 671 1701 715 periculi
1725 671 1901 706 adierunt.
1962 673 2065 706 Nunc
2090 678 2222 712 autem,

1234 735 1312 755 cum
1342 729 1479 756 vestrae
1508 735 1562 756 res
1586 723 1622 755 in
1646 722 1850 756 discrimine
1873 729 1974 763 sunt,
2012 723 2166 757 militare
2188 729 2223 756 et

1234 774 1393 806 conferre
1416 773 1632 818 stipendium
1659 773 1810 807 cessatis.
1877 773 2038 819 Cumque
2061 774 2148 808 alios
2170 774 2224 807 in-

1233 826 1372 858 terdum
1389 825 1573 859 universos
1584 851 1593 865 ,
1620 825 1798 858 interdum
1814 825 1971 868 singulos
1988 825 2227 866 servaveritis,

1234 876 1371 910 amissis
1402 876 1526 910 vestris
1557 877 1662 909 rebus
1685 876 1812 910 sedetis
1835 875 1952 910 otiosi.
2019 875 2168 920 Insuper
2191 882 2225 909 et

1234 924 1302 960 hoc
1319 927 1451 967 miror,
1480 940 1542 961 vos
1565 940 1638 960 non
1664 928 1881 971 expendere,
1916 939 1996 960 cum
2020 927 2128 970 longo
2151 927 2225 960 iam

1234 984 1394 1022 tempore
1420 991 1499 1011 cum
1524 976 1692 1023 Philippo
1717 979 1850 1012 bellum
1875 978 2104 1022 gesserimus,
2146 978 2227 1012 uni-

1236 1041 1376 1062 versum
1396 1029 1482 1062 illud
1502 1036 1640 1073 tempus
1654 1029 1702 1062 ita
1720 1030 1867 1069 abiisse,
1901 1036 1941 1063 ut
1968 1041 1986 1062 a
2011 1029 2114 1062 nohis
2136 1027 2227 1062 nihil

1233 1087 1436 1114 memoratu
1454 1081 1599 1124 dignum
1620 1087 1736 1113 actum
1752 1081 1808 1114 sit.
1861 1079 1955 1113 Dum
1973 1080 2068 1113 enim
2085 1086 2228 1113 cuncta-

1234 1143 1335 1171 mur,
1363 1138 1396 1164 et
1409 1144 1593 1176 speramus
1613 1131 1701 1164 alios
1719 1137 1840 1165 nostra
1866 1143 1969 1165 causa
1992 1132 2124 1165 bellum
2151 1143 2228 1164 mo-

1235 1189 1333 1216 turos
1367 1195 1459 1223 esse,
1500 1189 1535 1215 et
1563 1189 1688 1216 mutuo
1722 1194 1788 1215 nos
1818 1182 1855 1214 in
1887 1182 2016 1215 iudicia
2043 1194 2224 1223 vocamus,

1234 1234 1362 1266 deinde
1391 1246 1513 1267 rursus
1545 1245 1748 1278 speramus,
1783 1239 1964 1277 postremo
1988 1235 2072 1266 dum
2095 1245 2225 1278 prope-

1234 1286 1381 1317 modum
1397 1285 1545 1318 sacimus
1564 1285 1646 1317 talia
1659 1311 1667 1323 ‚
1695 1284 1814 1329 qualia
1829 1296 1924 1317 nunc
1943 1285 2050 1325 fiunt,
2085 1290 2225 1328 tempus

1235 1347 1341 1368 omne
1365 1342 1525 1368 exactum
1551 1341 1612 1368 est.
1684 1335 1810 1368 Postea
1836 1336 1924 1367 adeo
1947 1335 2044 1368 stulti
2071 1334 2152 1369 estis
2164 1333 2225 1381 ¹¹⁸),

1234 1392 1273 1419 ut
1299 1386 1427 1431 quibus
1448 1386 1563 1420 modis
1589 1386 1787 1430 respublica
1815 1397 1856 1418 ex
1881 1386 2030 1419 meliore
2062 1392 2157 1419 statu
2187 1385 2226 1418 in

1234 1437 1447 1469 deteriorem
1467 1437 1564 1481 lapsa
1583 1443 1653 1476 est,
1680 1434 1734 1469 his
1753 1436 1836 1480 ipsis
1852 1436 1969 1470 modis
1993 1449 2035 1469 ex
2056 1434 2111 1469 his
2133 1436 2227 1469 cala-

1233 1488 1417 1521 mitatibus
1434 1488 1471 1520 in
1491 1488 1676 1520 meliorem
1697 1487 1938 1521 conditionem
1962 1487 2102 1521 restitui
2125 1499 2227 1531 posse

1234 1551 1426 1583 speremus.
1479 1539 1546 1572 Sed
1565 1551 1680 1584 neque
1704 1544 1981 1572 consentaneum
2007 1544 2077 1579 est,
2110 1550 2227 1584 neque

1233 1595 1361 1623 natura
1386 1587 1455 1623 boe
1479 1590 1625 1634 patitur.
1690 1589 1844 1623 Facilius
1874 1589 1970 1623 enim
1998 1596 2050 1624 est
2071 1589 2226 1622 retinere

1234 1647 1336 1685 parta
1365 1641 1480 1681 bona,
1525 1653 1631 1687 quam
1661 1642 1704 1674 de
1737 1653 1834 1674 novo
1870 1640 1990 1674 omnia
2024 1652 2153 1685 parare
2167 1639 2227 1687 ⁴⁹).

1234 1691 1308 1725 Iam
1326 1704 1412 1725 vero
1426 1692 1559 1725 bellum
1577 1690 1666 1725 nihil
1680 1692 1810 1738 reliqui
1826 1692 1927 1732 fecit,
1954 1693 2052 1737 quod
2075 1691 2228 1725 retinea-

1235 1756 1331 1777 mus:
1380 1755 1513 1787 magno
1539 1744 1662 1776 labore
1699 1743 1818 1777 omnia
1855 1744 1898 1776 de
1931 1756 2026 1776 novo
2064 1743 2225 1787 paranda

1234 1801 1328 1828 sunt.
1389 1794 1524 1828 Censeo
1548 1795 1655 1839 igitur
1666 1794 1731 1840 ⁵⁰),
1771 1807 1833 1828 vos
1859 1794 1987 1827 debere
2010 1793 2226 1838 stipendium

1234 1847 1414 1885 conferre,
1441 1858 1514 1878 000
1533 1846 1706 1890 gravatim
1725 1846 1820 1890 ipsos
1843 1845 2018 1885 militare,
2045 1844 2227 1877 neminem

1234 1909 1419 1937 accusare,
1462 1896 1669 1942 priusquam
1694 1897 1904 1930 debellatum
1931 1896 1993 1934 sit;
2033 1895 2161 1928 deinde
2186 1907 2229 1928 ex

1234 1948 1339 1981 rebus
1354 1948 1438 1992 ipsis
1458 1948 1628 1981 iudicium
1653 1948 1852 1981 faciendum
1877 1947 1964 1987 erit,
2000 1946 2228 1980 benemeritis

1234 2000 1414 2032 reddenda
1439 1999 1572 2043 gratia,
1607 1999 1732 2044 perfidi
1755 1998 1938 2043 puniendi.
1997 1996 2038 2030 In
2061 2009 2228 2042 praesen-

1233 2050 1282 2083 tia
1310 2063 1395 2084 vero
1421 2051 1555 2084 auferte
1579 2050 1821 2084 excusationes
1846 2056 1999 2089 vestras,
2037 2049 2074 2082 in
2098 2048 2227 2095 quibus

1268 2187 1335 2214 46³)
1355 2185 1404 2209 His
1424 2184 1516 2208 verbis
1534 2184 1560 2208 in
1579 2183 1664 2208 Editt.
1682 2184 1774 2211 ¹559„
1795 2184 1887 2214 1564„
1908 2183 2000 2211 1570..
2021 2181 2096 2206 1587.
2115 2180 2223 2205 adscri-

1304 2224 1350 2250 pta
1369 2222 1412 2244 cst
1431 2221 1497 2243 nota
1516 2219 1650 2249 marghn:
1677 2218 1819 2249 ignaviam
1838 2224 1950 2241 suorum
1972 2216 2155 2247 reprehendit.

1274 2263 1321 2292 47)
1341 2264 1373 2288 Η.
1396 2263 1413 2286 1.
1434 2262 1460 2285 10
1479 2262 1528 2287 Ed.
1542 2262 1624 2285 Basil.
1643 2262 1708 2284 nota
1725 2261 1856 2292 margon:
1881 2259 2079 2291 Amplificatm,
2098 2264 2168 2289 quae
2185 2259 2228 2282 est

1307 2297 1445 2329 generalis
1463 2296 1636 2325 adhortatio,
1669 2298 1777 2325 sumpta
1801 2297 1834 2319 ah
1860 2295 1990 2324 exemplis
2016 2293 2174 2317 domesticis
2199 2293 2227 2316 et

1304 2333 1386 2356 rebus
1405 2330 1619 2354 Atheniensium.
1657 2330 1743 2359 Olim,
1763 2330 1866 2360 inquit,
1887 2335 1937 2353 vos
1953 2328 2109 2358 sumpsistis
2128 2327 2228 2350 bellum

1306 2365 1467 2390 defendendi
1486 2365 1557 2389 alios
1577 2370 1676 2395 causa,
1706 2365 1754 2388 sed
1778 2365 1832 2388 iam
1851 2365 1890 2388 ita
1907 2362 2100 2394 degenerastis
2119 2362 2153 2385 ah
2171 2366 2224 2384 an-

1306 2401 1381 2430 tiqua
1399 2400 1447 2423 illa
1466 2400 1586 2429 virtute,
1618 2401 1647 2422 ut
1672 2406 1705 2422 ne
1731 2405 1779 2429 pro
1806 2399 1966 2422 defensione
1988 2397 2095 2427 quidem
2112 2396 2226 2420 vestro-

1304 2441 1364 2458 rum
1384 2434 1483 2458 civium
1503 2434 1603 2457 hellnin
1623 2434 1762 2463 suscipere
1781 2433 1914 2457 audeatis.

1271 2478 1318 2506 48)
1338 2478 1371 2501 Η.
1390 2477 1407 2500 1.
1434 2477 1461 2500 in
1486 2477 1535 2501 Ed.
1556 2477 1638 2501 Basil.
1665 2478 1730 2500 nota
1755 2476 1886 2506 inan-gith:
1913 2474 2079 2499 Antithesis:
2111 2473 2226 2501 Tempus

1306 2511 1449 2542 praeteriit
1467 2511 1560 2540 nohis,
1588 2511 1653 2534 nihil
1673 2511 1782 2541 insigne
1801 2510 1969 2540 gerentibus.

1271 2554 1318 2586 49)
1340 2555 1372 2578 li.
1392 2555 1410 2578 l.
1430 2554 1457 2576 in
1478 2554 1526 2578 Ed.
1548 2554 1632 2577 Basil.
1653 2555 1717 2577 nota
1737 2553 1867 2583 margins
1896 2554 1919 2576 A
1938 2551 2114 2575 difficultate:
2144 2548 2225 2572 Faci-

1306 2590 1360 2612 lius
1380 2590 1471 2614 esset,
1504 2595 1561 2611 cuni
1582 2589 1668 2611 adhuc
1687 2588 1773 2611 simus
1795 2587 1911 2617 integri,
1942 2586 2062 2609 retinere
2086 2585 2112 2607 et
2132 2583 2229 2606 defen-

1307 2624 1373 2646 dere
1400 2624 1493 2652 parta.
1526 2628 1604 2651 quain
1630 2623 1671 2645 his
1697 2621 1805 2645 amissis
1832 2627 1864 2644 ea
1885 2618 2057 2649 recuperari:
2092 2623 2153 2641 nam
2172 2623 2227 2641 non

1308 2658 1396 2680 minor
1416 2658 1458 2679 est
1480 2657 1585 2685 virtus,
1605 2663 1683 2686 quam
1703 2662 1852 2686 quaerere,
1877 2657 1957 2684 parta
1975 2653 2055 2676 tueri.

1271 2700 1320 2727 50)
1341 2701 1373 2723 11.
1393 2699 1409 2722 l.
1430 2698 1456 2721 in
1476 2699 1525 2722 Ed.
1546 2699 1629 2723 Basil.
1648 2701 1713 2722 nota
1732 2697 1863 2729 margon:
1890 2696 1971 2719 Addit
1991 2696 2129 2726 postremo
2149 2699 2226 2718 suam

1305 2733 1478 2759 sententiani.
