2294 2975
150 134 217 167 187
718 123 837 158 mai„
871 119 980 154 Mei„
1015 116 1214 152 semem
1247 114 1579 152 Pi-111,01,o(;1‹3.—x.
2085 117 2156 150 138

138 220 226 251 tium
245 221 489 260 argumentum
510 219 556 246 est
575 208 810 255 d'i'inhititczffl'k
839 207 907 238 Aut
929 211 985 236 tua
1005 214 1120 242 causa,

139 277 199 301 aut
223 269 281 300 iiiii
307 278 407 299 causa
434 265 541 297 doles.
603 262 681 295 Filii
708 270 808 292 mulsa
834 268 905 289 non
927 260 977 287 est
1001 254 1121 286 dolen-

139 322 243 353 dum,
271 318 423 361 primum
441 316 521 360 quia
549 316 583 346 in
606 317 717 344 morte
743 307 830 341 nibil
859 305 943 338 mali
969 311 1036 342 ‹=st;
1071 316 1121 336 se-

139 371 253 401 cundo
273 368 354 413 quia
375 367 457 399 talia
475 372 552 398 suut
573 371 752 404 tempora,
783 364 821 390 ut
846 368 941 389 mors
968 355 1120 398 optanda

138 434 152 451 x
165 421 311 451 idi-atur.
366 417 429 449 llic
446 415 540 447 addit
558 410 752 453 .7(21‘}o;⁵¹);
790 407 838 440 ait
854 420 888 440 se
908 406 1120 450 gratulatum

139 484 210 503 csse
228 476 377 501 innrtciu
400 466 594 510 plerisque,
622 461 680 505 qui
698 458 764 492 boc
787 465 947 501 tempore.
970 457 1122 489 decesse-

139 521 275 559 rint‘32').
347 517 478 549 Deinde
505 512 682 545 concludit
706 510 851 542 alteram
877 513 1035 552 partem,
1079 518 1122 538 ne

139 585 198 604 sua
219 582 319 601 causa
339 568 466 599 dolcat.
521 563 626 596 Ratio
649 560 799 594 sumitur
821 560 864 591 ab
883 558 1004 591 officiis
1024 556 1123 589 sorti-

140 620 336 659 tudinis⁵¹³¹).

242 674 271 704 ξ.
298 670 327 701 1.
370 669 442 700 Etsi
476 678 560 698 unus
585 676 630 696 er
655 658 822 707 ommibus]
864 657 1124 695 Consolatoria‚

140 707 275 763 generis
303 717 463 751 suasorii.
531 712 781 756 Exordium-52>
809 710 913 743 babet
935 706 1125 752 71630355)‚

141 772 220 816 quia
257 770 403 802 societas
434 768 546 799 luctus
576 771 626 798 est.
657 762 824 796 ollii-insa.
902 761 1027 793 Postea
1066 760 1125 790 ad-

142 823 190 854 dit
220 821 494 857 correctionem,
533 827 640 861 quare
667 821 783 847 tamen
809 812 940 845 scribat
968 810 1125 843 consola-

142 874 288 904 tionem.

243 921 272 958 ξ.
289 924 322 956 2.
355 923 411 953 Es!
434 924 541 953 aulem
560 912 757 960 consolatio]
784 911 1004 957 I'ropositio:
1034 910 1126 943 Con-

141 973 236 1006 sulor
254 979 297 1005 te.
376 972 534 1004 Homines
558 964 634 1012 nos]
662 966 918 1006 Argumentum
937 962 1090 1006 primum
1108 973 1125 992 a

143 1025 218 1056 Ιιιι·υ
240 1021 418 1054 communi
432 1047 439 1057 ,
467 1031 526 1052 seu
545 1031 561 1049 a
581 1015 793 1048 necessario:
830 1015 911 1058 quia
932 1012 1034 1044 vitari
1054 1023 1125 1043 uon

144 1080 287 1117 possunt
305 1085 342 1104 ea
356 1098 363 1109 ,
393 1082 482 1115 quae
502 1069 548 1101 sic
565 1073 689 1099 natura
708 1064 895 1097 constituta
911 1069 993 1096 suut
1007 1062 1064 1107 56).

248 1123 277 1166 ξ.
295 1123 328 1155 3.
358 1125 467 1166 Neque
484 1117 564 1164 liae]
591 1117 620 1149 A
638 1123 838 1159 temporum
857 1113 1018 1146 miseriis.

243 1176 271 1210 ξ.
290 1174 322 1206 4,
342 1173 478 1212 Quodsi
496 1165 606 1213 sociem]
623 1167 816 1199 Dileuuna:
844 1166 915 1197 Ant
933 1170 991 1196 tua
1013 1172 1127 1199 causa,

145 1231 202 1256 ant
220 1211 361 1255 illorum
380 1232 481 1253 causa
505 1219 612 1251 doles.
673 1216 717 1248 Et
741 1215 891 1258 opponit
915 1219 1053 1245 tantum
1079 1211 1127 1242 al-

145 1276 208 1307 teri
229 1273 318 1318 parti
343 1270 596 1304 correctionem
607 1267 664 1312 57).
745 1268 831 1307 Quid
852 1271 899 1299 esi
923 1261 1032 1308 enim]
1061 1261 1128 1293 Re-

146 1327 195 1358 dit
213 1327 255 1357 ad
274 1331 452 1367 tempora:
490 1320 634 1365 prodest
652 1316 719 1350 boe
736 1323 895 1360 tempore
913 1313 1002 1357 eripi
1020 1325 1059 1345 cx
1076 1310 1129 1344 his

145 1375 363 1409 tumultibus.
415 1405 419 1410 ,

250 1424 279 1465 ξ.
297 1424 330 1458 5.
355 1426 485 1465 Quare,
512 1424 543 1455 si
565 1417 647 1466 tibi]
684 1415 872 1452 Conclusio
899 1412 1129 1448 dilemmatis:

146 1478 181 1510 Si
201 1464 290 1509 niliil
309 1474 393 1508 mali
409 1473 535 1506 accidit
552 1471 644 1510 filio,
672 1470 764 1502 illius
786 1479 888 1501 eausa
911 1478 985 1499 non
1009 1464 1130 1497 dolen-

148 1530 231 1561 dum
253 1533 313 1560 est.
371 1525 433 1557 Sin
456 1530 514 1556 tua
539 1533 641 1555 eausa
667 1520 780 1553 doles:
816 1516 897 1551 huic
923 1516 1015 1561 parti
1039 1527 1131 1547 nunc

151 1577 299 1622 opponit
316 1580 562 1619 argumentum
579 1578 757 1615 sumptum
783 1569 826 1602 ab
849 1568 970 1601 officiis
993 1566 1131 1599 fortitu-

151 1629 242 1661 dinis
253 1628 310 1672 58).
395 1628 503 1665 Nam,
539 1625 621 1669 quod
645 1623 791 1656 allatura
802 1617 874 1666 5⁹)]
901 1618 953 1651 Ex
978 1617 1131 1650 maiore:

151 1680 185 1711 Si
208 1686 342 1721 tempus
358 1676 514 1718 mitigat,
543 1686 624 1717 ergo
642 1673 752 1715 magis
770 1670 860 1703 ratio
882 1668 1082 1713 mitiget‘ffl).

253 1728 282 1772 ᾗ.
300 1729 333 1761 6.
361 1730 424 1760 llis
440 1738 496 1768 eqo
515 1721 658 1770 litteris]
687 1721 887 1755 Conclusio.

187 1845 235 1871 50)
256 1841 392 1872 ὁϊλημμα]
414 1839 496 1864 Editt.
517 1839 602 1869 1545„
623 1838 707 1868 1546,
729 1837 817 1866 1565„
838 1836 930 1865 1569„
951 1835 1040 1862 1592..
1063 1834 1135 1857 1601.

221 1878 354 1900 dilemma.

188 1922 236 1948 51)
256 1916 361 1945 πάθος]
381 1916 464 1939 Editt.
486 1915 575 1939 15⁴5..
598 1914 687 1937 ¹546..
709 1913 780 1936 1601.
800 1913 907 1942 pathos.

191 1963 239 1990 52)
259 1959 442 1987 decesserint]
463 1958 501 1980 sic
515 1957 598 1980 Editt.
616 1956 814 1981 1537-1554..
836 1954 921 1983 1557..
941 1953 1024 1983 1560.,
1046 1953 1137 1981 1601.;

226 1996 308 2019 Editt.
325 1994 414 2023 1565,
436 1992 525 2021 1569.,
546 1991 618 2014 1592.
639 1990 825 2012 discesserint.

191 2039 238 2066 53)
258 2039 313 2061 Hoc
343 2035 530 2063 argumentum
561 2034 658 2056 habent
690 2032 772 2055 Editt.
800 2030 1019 2061 1537-1554.‚
1053 2029 1138 2059 1557„

228 2072 317 2102 1560.‚
338 2068 546 2093 1565-1596..
567 2067 642 2090 1601.

191 2117 238 2143 54)
259 2113 420 2139 Exordium]
447 2111 486 2133 sic
506 2110 588 2133 Editt.
611 2108 700 2135 1537„
721 2108 812 2135 15⁴5.,
833 2107 922 2136 1560.;
952 2105 1035 2130 Editt.
1056 2106 1139 2137 1540„

227 2149 316 2172 1544„
337 2147 427 2175 1554„
448 2144 522 2167 1557.
547 2143 694 2166 Exordium
713 2144 810 2165 antem.

193 2192 240 2221 55)
259 2188 360 2217 πάθος]
382 2187 465 2211 Editt.
489 2185 578 2215 1545„
600 2185 674 2208 1560.
693 2185 798 2213 pathos.

196 2236 242 2261 56)
263 2234 335 2256 Haec
359 2231 425 2253 nota
450 2229 476 2252 iu
501 2228 583 2251 Editt.
606 2228 696 2252 1545..
726 2227 798 2251 1560.
825 2232 883 2249 cum
907 2227 1089 2256 praecedente
1114 2224 1141 2248 in

232 2272 310 2291 unam
331 2265 369 2288 sic
389 2263 532 2286 coniuncta
552 2263 609 2284 est:
636 2261 772 2284 Homines
791 2262 857 2289 nos]
878 2261 1047 2290 Propositioz
1069 2261 1142 2283 Con-

232 2301 306 2323 sotor
327 2298 388 2327 (Ed.
413 2297 485 2320 1545.
505 2296 650 2324 corrupte:
682 2294 844 2322 consocior)
870 2296 904 2317 te.
947 2296 1142 2325 Argumentum

232 2334 344 2364 primum
362 2343 395 2348 —
413 2330 561 2354 constituta
580 2331 652 2353 sunt.

199 2377 246 2403 57)
266 2376 299 2398 Et
319 2371 697 2402 opponit—correctioncm.]
718 2370 783 2393 haec
802 2369 828 2392 iu
847 2369 928 2392 Editt.
948 2370 1038 2394 1545..
1058 2370 1144 2400 1560.,

234 2410 337 2432 desunt.

201 2453 248 2478 55«)
269 2451 339 2473 llaec
359 2449 423 2470 nota
442 2447 466 2469 in
489 2447 570 2470 Editt.
593 2447 684 2471 1545..
704 2445 778 2469 1560.
804 2445 937 2469 disiuncta
962 2447 1004 2469 est
1024 2446 1048 2469 in
1065 2447 1145 2469 hasce

237 2487 319 2507 duas:
353 2483 446 2511 Quae,
473 2482 498 2504 si
521 2481 587 2509 tihi]
613 2480 759 2503 conclusio
779 2492 812 2495 —
831 2480 872 2502 sin
893 2483 938 2503 tua
957 2486 1039 2503 eausa
1059 2481 1144 2504 doles,

237 2518 349 2543 Etenim
375 2521 434 2538 eum
458 2520 566 2543 semper
592 2515 632 2539 te]
663 2514 730 2536 Huic
755 2514 825 2542 parti
851 2514 913 2541 (Ed.
936 2514 1007 2537 1545.
1033 2514 1144 2545 partim)

236 2558 304 2575 mine
322 2561 355 2567 —
374 2550 406 2571 ab
426 2547 521 2571 officiis
541 2548 708 2570 fortitudinis
727 2548 789 2576 (Ed.
812 2548 884 2570 1560.
904 2547 1060 2578 fortunae).

203 2596 251 2623 59)
273 2593 323 2615 Pro
345 2591 385 2613 his
409 2590 462 2613 Cic.
482 2589 573 2611 verbis
593 2589 619 2611 in
639 2589 732 2612 iisdem
750 2590 766 2612 2
785 2589 867 2613 Editt.
888 2590 947 2613 huic
966 2592 1046 2613 notae
1064 2596 1145 2620 prae-

237 2631 288 2652 lixa
308 2628 370 2647 suut
390 2623 546 2653 sequentia:
572 2622 669 2652 Neque
688 2625 840 2652 expectare
859 2625 1003 2654 tenuioris.

201 2672 247 2697 ευ)
267 2668 384 2696 mitiget]
417 2666 455 2688 sic
482 2664 563 2687 Editt.
585 2664 674 2694 1532,
700 2666 794 2696 1540„
820 2666 910 2696 1544„
936 2666 1027 2697 ¹554„
1054 2666 1145 2697 ¹557.;

237 2703 316 2727 hditt.
340 2701 429 2729 15⁴5.,
452 2699 523 2722 1560.
548 2698 659 2728 mitigat.

1391 201 1523 235 Aliud
1560 200 1937 247 argumentumffl).

1275 267 1432 312 Epistola
1460 275 1511 301 cst
1535 267 1793 307 consolatoria,
1835 267 1972 311 generis
1995 266 2158 300 suasorii.

1175 319 1386 353 Consolatur
1411 319 1503 352 enim
1530 318 1684 358 Titium,
1719 318 1871 351 amicum
1896 324 1930 351 et
1952 318 2063 351 civem
2085 318 2158 350 Ro-

1176 382 1342 409 manum,
1370 370 1430 415 qui
1454 369 1595 413 gravius
1618 369 1753 402 serebat
1774 376 1925 402 mortem
1953 369 2159 403 liberorum.

1174 420 1368 453 Exordium
1388 426 1438 453 est
1456 426 1635 464 sumptum
1652 421 1695 451 ab
1718 419 1832 452 officio
1856 419 1942 453 boni
1967 419 2091 460 amici,
2126 425 2160 452 et

1176 484 1193 504 a
1210 471 1374 504 societate
1393 470 1526 510 luctus,
1553 482 1589 504 se
1612 468 1678 503 hoc
1697 470 1728 503 ei
1746 471 1872 503 debere
1885 497 1894 511 ,
1926 477 1965 504 ut
1982 482 2060 504 eum
2078 481 2161 502 con·

1176 523 1319 555 soletur.
1372 521 1539 566 Sequitur
1555 521 1771 566 propositio:
1807 521 1930 565 llogO,
1956 528 1996 554 ut
2014 520 2161 565 patiaris

1177 579 1209 605 te
1226 571 1423 610 consolari,
1466 578 1500 604 et
1525 578 1695 616 quantum
1721 578 1840 616 potes,
1883 571 2077 605 modereris
2106 571 2160 604 lu-

1178 630 1284 656 ctum.
1337 622 1458 655 Prima
1475 622 1566 654 ratio
1585 622 1839 666 propositionis
1864 623 2021 655 continet
2041 622 2160 655 locum

1178 685 1402 707 communem
1432 673 1474 704 de
1508 672 1710 705 conditione.
1739 673 1831 706 vitae.
1863 671 2069 713 bominum,
2108 670 2162 705 Ita

1179 724 1339 757 conditos
1356 735 1427 757 esse
1444 720 1627 763 homines,
1653 729 1692 756 ut
1709 724 1873 758 omuibus
1895 725 2058 757 fortunae
2076 722 2163 756 casi-

1178 777 1242 809 bus
1267 775 1337 809 sint
1362 773 1528 813 subiecti,
1562 774 1712 818 proinde
1737 786 1809 806 non
1828 775 1970 815 decere,
2003 780 2042 808 ut
2064 785 2162 807 recu-

1178 833 1229 860 set
1257 837 1480 859 communem
1508 825 1667 857 omnium
1693 822 1878 857 hominum
1911 825 2164 859 conditionem.

1179 879 1299 910 Potest
1314 882 1428 909 autem
1447 875 1571 908 referri
1588 881 1835 919 argumentum
1856 876 1897 908 ad
1915 877 2030 909 locum
2046 887 2164 909 neces-

1179 928 1302 962 sitatis.
1368 927 1486 959 Altera
1513 926 1606 959 ratio
1633 933 1770 970 sumpta
1797 932 1847 959 est
1870 927 1912 959 ab
1937 926 2035 966 utili,
2068 932 2164 970 post-

1180 991 1285 1024 quam
1305 977 1500 1021 respublica
1517 977 1564 1010 sic
1580 976 1624 1010 sit
1642 978 1809 1010 convulsa
1834 978 1877 1009 ab
1905 977 2095 1021 improbis,
2131 983 2165 1010 et

1181 1030 1330 1061 existant
1365 1027 1521 1060 infinitae
1558 1028 1791 1067 calamitates,
1841 1028 1973 1071 optime
2009 1040 2086 1060 cum
2123 1027 2163 1061 iis

1181 1086 1295 1111 actum
1316 1090 1405 1117 esse,
1433 1089 1522 1123 quos
1539 1090 1635 1110 mors
1658 1078 1941 1121 impendentibus
1958 1077 2166 1111 calamitati-

1180 1131 1244 1162 bus
1269 1128 1409 1170 eripuit.
1476 1127 1596 1159 Utitur
1624 1134 1741 1159 autem
1774 1128 1911 1171 integro
1944 1128 2163 1173 syllogismo:

1180 1179 1314 1211 Eorum
1332 1178 1442 1210 vicem
1462 1177 1638 1216 dolemus,
1667 1178 1793 1222 quibus
1816 1178 1950 1223 aliquid
1972 1178 2056 1211 mali
2080 1178 2168 1211 acci-

1181 1230 1251 1266 dit;
1293 1235 1327 1260 at
1354 1228 1414 1267 iis,
1457 1228 1517 1272 qni
1540 1229 1743 1261 moriuntur
1768 1226 1834 1261 boc
1858 1236 2034 1273 tempore,
2076 1227 2165 1262 nihil

1183 1280 1264 1312 mali
1291 1278 1432 1311 accidit:
1469 1290 1551 1321 ergo
1575 1290 1648 1311 uon
1674 1280 1778 1312 debes
1803 1280 1845 1311 de.
1872 1280 1990 1313 liberis
2017 1281 2168 1313 mortuis

1183 1331 1313 1363 dolere.
1383 1329 1559 1362 Minorem
1596 1330 1725 1372 probat
1758 1330 1976 1373 longiuscula
2013 1342 2167 1363 comme-

1183 1379 1383 1413 moratione
1411 1385 1519 1412 status
1543 1379 1776 1423 reipublicae,
1820 1382 1913 1426 quod
1947 1387 2044 1413 tanta
2073 1381 2166 1414 mala

1184 1432 1423 1475 impendeant,
1446 1436 1485 1463 ut
1501 1442 1637 1463 sumina
1656 1430 1802 1464 felicitas
1818 1432 1862 1465 sit
1879 1444 1919 1464 ex
1934 1431 1975 1464 iis
1992 1443 2055 1476 per
2073 1443 2168 1464 mor-

1185 1489 1254 1515 tem
1282 1481 1381 1525 eripi.
1435 1480 1567 1513 Verum
1593 1481 1675 1526 quia
1701 1483 1834 1525 opponi
1857 1488 1998 1526 poterat
2020 1494 2038 1515 a
2055 1482 2167 1522 Titio„

1185 1546 1219 1567 se
1235 1545 1308 1566 non
1327 1532 1445 1565 dolere
1461 1531 1653 1565 liberorum
1672 1532 1803 1572 vicem,
1835 1534 1895 1566 sed
1918 1545 2016 1566 suam
2030 1559 2038 1572 ,
2073 1534 2170 1578 quod

1186 1583 1440 1617 consuetudine
1465 1594 1586 1615 eorum
1618 1583 1776 1626 privatus
1808 1583 1872 1623 sit,
1912 1581 1969 1616 hic
2003 1585 2169 1617 admonet

1186 1635 1320 1668 'I'itium
1339 1633 1442 1665 officii
1459 1633 1502 1664 ab
1520 1631 1687 1672 honesto,
1715 1634 1809 1678 quod
1835 1633 1944 1665 animi
1972 1635 2168 1667 constantia

1188 1686 1244 1718 illa
1262 1686 1425 1717 fortunae
1445 1683 1668 1715 incommoda
1687 1695 1852 1726 superare
1868 1685 2003 1718 debeat.
2049 1684 2093 1718 Et
2109 1686 2168 1717 ad-

1188 1737 1239 1769 dit
1262 1740 1508 1778 argumentum
1534 1746 1573 1766 ex
1598 1734 1749 1766 maiore:
1798 1734 1833 1767 Si
1864 1741 2001 1779 tempus
2031 1736 2174 1780 mitigat

1188 1787 1367 1819 dolorem:
1397 1797 1479 1827 ergo
1497 1785 1607 1827 inagis
1622 1784 1783 1827 mitigare
1800 1786 1903 1818 debet
1923 1787 2025 1819 ratio.
2071 1785 2169 1826 Item,

1189 1836 1497 1881 amplificationem
1531 1847 1570 1867 ex
1603 1836 1807 1868 collatione:
1852 1836 2016 1869 Mulieres
2047 1837 2170 1869 oblivi-

1189 1894 1332 1921 scuntur
1350 1887 1491 1919 tandem
1511 1886 1658 1918 doloris:
1694 1892 1796 1930 turpe
1820 1886 1926 1929 igitur
1952 1894 2019 1925 cst,
2053 1888 2169 1921 virum

1190 1939 1341 1983 aliquem
1363 1937 1526 1976 existere,
1555 1936 1614 1981 qui
1632 1936 1818 1969 immodice
1841 1938 1968 1981 lugeat.
2021 1938 2169 1972 Conclu-

1191 1990 1241 2023 sio
1273 1988 1379 2021 liabet
1410 1989 1552 2021 brevem
1577 1987 1867 2030 significationem
1891 1989 1943 2021 sni
1968 1989 2103 2022 consilii
2130 2002 2168 2022 ac

1192 2039 1403 2078 voluntatis,
1445 2049 1553 2083 quare
1584 2037 1761 2081 scripserit
1792 2040 1835 2071 ad
1869 2051 1948 2072 eum
1974 2040 2170 2074 consolato-

1192 2091 1280 2124 riam
1304 2089 1499 2134 epistolam.

1442 2179 1577 2214 Aliud
1606 2187 1924 2223 argumentum.

1295 2248 1506 2282 Consolatur
1532 2244 1598 2279 hac
1622 2247 1766 2291 epistola
1792 2247 1914 2281 Cicero
1949 2261 2049 2282 suum
2085 2252 2172 2283 ami-

1196 2313 1271 2334 cum
1292 2300 1492 2332 existentem
1514 2297 1549 2329 in
1568 2298 1721 2330 maximo
1750 2299 1843 2331 luctu
1866 2306 2012 2343 propter
2037 2301 2171 2335 obitum

1196 2353 1401 2384 liberorum.
1452 2348 1573 2381 Utitur
1590 2355 1704 2381 autem
1726 2350 1879 2393 propriis
1902 2352 2117 2394 argumentis
2140 2359 2174 2386 et

1197 2413 1284 2447 quae
1301 2407 1381 2434 sunt
1396 2400 1509 2432 sontes
1533 2399 1691 2431 omnium
1714 2400 1879 2440 istorum,
1916 2414 2004 2446 quae
2027 2410 2174 2446 possunt

1197 2452 1265 2485 dici
1282 2453 1324 2484 ad
1345 2450 1596 2483 consolandum
1616 2450 1767 2495 aliquem
1785 2451 1821 2483 in
1837 2452 1897 2484 tali
1916 2464 2007 2485 casu.
2060 2452 2173 2487 Debet

1198 2503 1315 2547 itaque
1330 2500 1396 2534 lioc
1413 2500 1579 2544 scriptum
1599 2502 1793 2545 exemplum
1816 2514 1886 2535 esse
1902 2502 2069 2546 epistolae
2091 2516 2173 2538 con-

1197 2553 1405 2591 solatoriae,
1434 2563 1522 2596 quae
1541 2548 1647 2584 babet
1671 2564 1744 2584 non
1768 2553 1907 2585 aliunde
1929 2554 2094 2588 accersita
2119 2567 2173 2588 ar-

1229 2666 1277 2694 6¹)
1297 2666 1352 2689 Hoc
1369 2667 1557 2696 argumentum
1577 2668 1602 2691 et
1622 2667 1673 2692 duo
1693 2669 1835 2698 sequeutia
1852 2669 1885 2693 ab
1903 2668 1986 2693 Editt.
2006 2671 2089 2701 1556„
2107 2671 2171 2697 1565

1264 2699 1379 2724 -1596,
1399 2700 1564 2724 exhibeatur.
