2294 2975
106 123 180 159 201

98 221 178 242 rum
210 209 328 254 prima
367 215 507 253 sumpta
542 214 592 242 est
623 220 665 242 ex
706 208 970 243 circumstantia
1006 209 1092 243 loci:

99 259 192 305 Quia
219 260 356 294 Romae
379 261 491 293 multa
520 259 666 304 indigna
689 260 800 300 fiunt,
835 272 925 306 quae
953 259 1091 295 etiamsi

97 311 182 344 alibi
217 313 338 352 audis,
362 311 479 345 minus
503 316 621 344 tamen
647 316 729 344 sunt
750 312 899 352 acerba,
927 323 1035 357 quain
1061 312 1091 346 si

528 361 689 395 Secunda
711 361 804 395 ratio
829 369 971 407 sumpta
991 369 1089 407 est-a

96 374 264 406 praesens
289 368 475 407 spectares.

97 419 191 446 statu
215 426 336 447 rerum
359 412 632 447 domesticarum
654 412 842 458 Torquati.

100 464 262 508 exemplo
275 491 284 504 ,
311 465 407 510 quod
424 464 484 497 alii
507 464 628 497 eadem
647 463 897 509 patiantu1·¹3).

894 414 1017 448 Tertia
1045 415 1088 448 ab

951 465 1087 510 Quarta

98 527 117 547 a
134 527 195 558 spe
211 515 363 555 reditus,
392 527 499 560 quam
519 515 649 559 probat
664 527 705 547 ex
723 515 904 548 voluntate
916 515 1087 551 Caesaris.

97 565 341 598 Confutationi
363 565 481 599 brevis
497 565 693 599 confutatio
711 566 830 599 addita
857 573 908 600 est
923 567 965 600 de
983 567 1088 600 timo-

93 627 154 655 re,
195 614 285 649 nihil
307 628 399 656 esse,
433 617 529 662 quod
553 616 675 650 timeat
697 616 885 650 victoriam
912 617 1086 658 Caesaris,

969 668 1086 714 Atque

963 719 1086 752 Altera

96 677 185 711 quae
208 668 370 701 omnium
401 667 662 702 modestissima
691 668 811 701 sutura
842 668 897 702 sit.

93 714 182 751 haec
209 718 326 762 prima
362 724 415 752 est
443 731 527 763 pars
556 717 661 753 huius
692 719 873 764 epistolae.

92 779 176 812 pars
204 775 255 803 est
271 769 468 803 consolatio
486 770 638 810 doloris,
667 782 772 815 quem
791 783 831 803 ex
848 770 1030 804 communi
1040 770 1084 815 114)

90 819 306 864 reipublicae
325 826 418 855 statu
434 820 640 867 Torquatus
664 821 835 865 capiebat.

87 1226 168 1260 seri.

87 1278 148 1311 sed
171 1277 310 1310 ratione
331 1276 438 1310 officii
453 1276 668 1321 Pompeium
686 1277 796 1310 secuti
812 1276 893 1310 sint.
959 1278 1080 1311 Altera

86 1328 178 1361 ratio
193 1334 334 1373 sumpta
353 1334 404 1362 est
420 1327 464 1361 ab
490 1327 600 1372 ipsius
617 1327 799 1373 Torquati
815 1328 994 1372 exemplo:
1024 1329 1080 1362 Tu

86 1379 189 1412 initio
213 1391 338 1413 causae
361 1379 485 1413 solitus
503 1391 538 1413 es
562 1379 600 1412 in
622 1390 679 1412 me
701 1376 960 1423 reprehendere
981 1380 1077 1413 illam

86 1430 382 1475 desperationem.
446 1428 519 1463 Iam
545 1429 653 1474 igitur
676 1429 769 1463 idem
794 1437 954 1475 praesta,
982 1433 1078 1477 quod

85 1480 175 1514 mihi
196 1482 450 1526 praestandum
474 1493 546 1515 esse
569 1481 757 1515 sentiebas.
826 1481 918 1514 Huic
946 1483 1078 1515 rationi

86 1532 202 1565 obiter
231 1531 330 1565 addit
353 1531 611 1576 expositionem
643 1532 699 1566 sui
731 1532 889 1572 consilii,
924 1545 985 1567 cur
1007 1540 1078 1566 tar—

85 1583 164 1617 dius
190 1583 236 1616 ad
264 1583 396 1616 bellum
425 1583 626 1623 accesserit,
659 1596 734 1617 non
756 1584 839 1629 quia
864 1583 1077 1629 improbarit

87 1645 229 1667 causam
251 1633 436 1678 Pompeii,
467 1635 529 1667 sed
552 1635 649 1679 quod
672 1635 816 1668 videbat
836 1635 969 1668 bonam
995 1648 1076 1669 cau-

81 1696 158 1719 sam
183 1684 275 1717 male
299 1684 367 1728 agi.
435 1683 525 1717 Cum
548 1685 697 1718 Caesare
730 1685 826 1719 enim
855 1686 932 1719 iure
957 1688 1075 1731 potius

80 1736 351 1780 disceptandum
382 1734 507 1775 fuisse,
547 1747 655 1780 quam
687 1736 931 1771 dimicandum
954 1739 1074 1773 armis.

81 1785 270 1821 Conclusio
296 1783 403 1819 habet
428 1786 673 1826 occasionem,
702 1799 772 1833 qua
795 1788 967 1823 adductus
989 1790 1074 1823 scri-

80 1838 191 1884 pserit
211 1835 304 1870 hanc
326 1837 628 1875 consolationem
656 1838 743 1871 item
770 1837 1072 1882 adhortationem,

78 1896 119 1924 ut
134 1889 275 1922 sortiter
298 1889 389 1921 serat
407 1888 550 1922 exilium
567 1895 601 1922 et
617 1889 737 1922 omnia
757 1890 893 1936 reliqua
912 1891 1072 1932 adversa,

75 1940 231 1974 maxime
251 1952 330 1973 cum
346 1938 495 1973 Athenis
510 1940 554 1973 sit
570 1946 603 1973 et
618 1937 746 1974 habeat
763 1941 974 1974 familiarem
993 1942 1072 1976 Ser-

75 1992 173 2026 vium
192 1991 388 2035 Sulpicium
407 1990 651 2025 doctissimum
674 1991 805 2027 virum.
858 1991 898 2025 In
922 1993 990 2026 fine
1008 2006 1071 2038 po-

75 2043 174 2077 nitur
197 2042 372 2082 clausula,
415 2042 453 2075 in
477 2054 547 2087 qua
570 2042 758 2088 Torquato
787 2056 891 2077 suum
915 2045 1069 2078 officium

74 2095 197 2128 defert.
232 2093 430 2127 Exordium
447 2099 585 2127 constat
603 2092 882 2139 enthymemate:
911 2094 1070 2129 Miserri-

75 2158 173 2180 mum
190 2151 241 2179 est
257 2144 394 2178 Romae
408 2144 547 2178 vivere:
576 2144 685 2189 igitur
702 2152 741 2179 tu
758 2158 831 2179 non
849 2147 954 2180 debes
973 2147 1069 2180 dole-

75 2209 132 2238 re,
160 2197 257 2242 quod
279 2196 383 2230 absis.
435 2195 657 2230 Antecedens
682 2198 812 2241 probat
829 2209 893 2241 per
909 2198 1068 2231 collatio-

72 2260 155 2282 nem
177 2248 338 2281 locorum
354 2253 388 2281 et
405 2259 591 2281 sensuum:
619 2246 700 2289 Illa,
729 2248 874 2295 quaem)
894 2249 1066 2294 videmus,

71 2299 184 2343 magis
210 2297 366 2331 afficiunt
387 2310 452 2332 nos
478 2304 511 2331 et
527 2305 695 2339 movent,
722 2312 830 2345 quam
857 2312 947 2345 quae
967 2301 1066 2334 audi-

70 2362 162 2384 mus.
226 2348 312 2382 Inde
345 2355 395 2383 est
420 2349 506 2383 illud
537 2351 632 2394 apud
659 2350 847 2392 Plautum,
884 2352 980 2397 quod
1013 2352 1065 2385 di-

70 2402 135 2442 cit,
162 2413 197 2434 se
218 2400 324 2433 malle
348 2412 458 2434 unum
484 2401 664 2435 oculatum
686 2408 831 2444 testem,
867 2414 974 2449 quam
1005 2404 1063 2436 de-

102 2535 323 2595 13t)·pattiantur]
341 2535 381 2560 sic
398 2536 447 2560 Ed.
466 2537 556 2569 1556.;
582 2538 665 2564 Editt.
688 2539 780 2572 1565„
802 2540 895 2573 1569„
915 2541 989 2566 1592.
1009 2547 1058 2572 pa-

148 2579 192 2595 11111
208 2578 249 2596 ur.

98 2623 146 2652 14)
164 2623 313 2651 communi]
332 2622 380 2646 Ed.
398 2622 471 2646 1569.
490 2628 588 2647 errore
608 2624 735 2655 typogr.:
754 2631 904 2651 commune.

96 2672 143 2701 15)
162 2672 314 2702 republica]
332 2672 383 2698 Ed.
400 2672 474 2695 1569.
494 2678 590 2696 errore
609 2674 739 2705 typogr.:
759 2676 932 2706 reipublicae.

94 2723 140 2752 16)
160 2723 243 2754 quae]
263 2723 311 2747 Ed.
332 2723 406 2747 1569.
427 2728 523 2747 errore
542 2724 669 2754 typogn:
690 2725 745 2755 qui.

291 122 412 160 XXIII.
463 121 772 157 ARGUMENTA
797 121 862 157 ET
889 121 1093 159 SCHOLIA
1118 125 1168 162 IN
1193 125 1342 166 EPIST.
1368 130 1482 168 FAM.
1512 133 1596 170 CIC.
1621 135 1709 172 LIB.
1738 138 1796 175 VI.
1822 138 1894 175 ΕΡ.
1922 142 1955 176 1.

886 820 971 855 Ε1115
999 820 1085 854 haec

93 876 145 904 est
168 872 386 916 propositio:
415 871 535 905 Etiam
561 884 636 905 non
662 872 767 905 debes
785 872 904 905 dolere
921 873 964 905 de
992 878 1086 906 statu

90 920 318 966 reipublicae.
352 922 513 968 Suntque
530 923 670 956 additae
689 923 779 955 duae
797 923 966 958 rationes.
1005 923 1084 957 Pri-

90 984 149 1004 ma
175 973 267 1006 ratio
292 979 343 1007 est
367 979 508 1017 sumpta
536 986 577 1006 ex
602 974 680 1007 loco
705 971 919 1015 honestatis,
955 980 989 1008 et
1020 987 1085 1020 po-

89 1023 189 1056 nitur
212 1023 349 1068 integer
373 1024 614 1069 syllogismus:
657 1024 728 1070 Qui
749 1025 839 1059 bene
865 1025 1023 1059 sentiunt
1051 1032 1084 1059 et

89 1080 182 1107 recte
200 1075 334 1108 faciunt
361 1074 399 1108 in
419 1076 602 1119 republica
612 1075 658 1121 ¹⁵)
673 1101 682 1116 ,
708 1088 782 1108 11011
800 1076 929 1110 debent
951 1078 1083 1117 dolere,

88 1136 154 1157 nec
169 1125 406 1169 suntsmiserh
435 1137 500 1157 nos
523 1126 613 1157 bene
633 1126 814 1169 sensimus}
824 1133 858 1160 et
881 1134 975 1160 recte
1001 1128 1082 1161 seci-

87 1187 184 1209 mus:
215 1187 298 1219 ergo
324 1187 398 1208 non
422 1175 591 1209 debemus
615 1175 756 1215 dolere,
783 1188 847 1208 nec
873 1188 994 1210 sumus
1017 1179 1083 1209 mi-

221 1226 402 1259 Minorem
420 1226 577 1270 exponit,
605 1227 701 1271 quod
718 1238 791 1259 non
812 1238 872 1269 spe
890 1228 1082 1268 commodi,

2057 145 2133 178 202

1146 225 1221 247 cem
1245 216 1379 252 auritos
1389 218 1447 265 ¹⁷).

1145 265 1246 299 dicit:

1228 327 1352 365 Segnius
1375 329 1490 360 irritant
1512 332 1622 361 animos
1649 333 1772 362 demissa
1796 345 1850 372 per
1872 345 1956 364 aures
1967 335 2030 374 ¹⁰),

1227 370 1322 403 Quam
1344 381 1420 410 quae
1441 380 1509 403 sunt
1532 375 1620 403 oculis
1639 376 1766 405 subiecta
1788 378 1939 414 fidelibus,
1963 386 2019 408 etc.

1141 418 1301 453 Pertinet
1326 428 1444 456 autem
1477 430 1510 457 et
1541 422 1628 458 haec
1653 426 1918 461 circumstantia
1943 430 1986 461 ad
2011 440 2135 462 conso-

1141 470 1332 512 lationem,
1359 485 1403 506 ne
1425 473 1631 520 Torquatus
1654 477 1760 512 nimis
1785 491 1888 523 aegre
1906 480 1995 512 serat
2015 480 2133 513 abesse

1140 533 1175 555 se
1193 533 1213 554 a
1230 522 1359 566 patria.

1498 217 1586 253 Item
1603 220 1771 258 Horatius
1794 224 1832 258 in
1847 232 1922 259 arte
1939 227 2077 270 poetica
2090 227 2134 272 18)

1387 615 1524 650 Aliud
1559 629 1889 664 argumentum.

1243 679 1283 713 In
1318 679 1386 714 hoc
1410 682 1502 716 libro
1528 686 1660 719 multae
1687 695 1768 721 sunt
1792 689 1967 733 elegantes
1992 697 2025 723 et
2051 702 2133 724 vere

1139 727 1339 765 rhetoricae
1359 733 1547 777 epistolae,
1577 749 1668 781 quae
1694 751 1878 784 nunquam
1905 741 1979 775 sine
2004 753 2133 785 magna

1138 781 1309 823 utilitate,
1337 790 1399 816 aut
1426 785 1608 830 voluptate
1638 788 1705 832 legi
1729 797 1895 834 possunt,
1923 792 2131 837 suntqueffl)

1140 844 1262 867 omnes
1281 845 1411 878 magna
1433 848 1475 869 ex
1496 844 1597 881 parte
1620 841 1878 875 consolatoriae
1893 848 1925 875 et
1941 843 2130 877 officiosae.

1139 883 1304 929 Quatuor
1331 885 1470 930 priores
1499 889 1543 921 ad
1567 889 1792 935 Torquatum
1824 893 1974 937 scriptae
2005 895 2129 927 eodem

1138 941 1301 969 constant
1316 945 1538 981 argumento.
1571 940 1719 975 Occasio
1732 943 1908 977 scribendi
1923 951 2062 988 sumpta
2080 951 2132 978 est

1137 986 1181 1019 ab
1212 987 1316 1020 exilio
1342 988 1538 1034 Torquati,
1572 991 1609 1024 in
1634 1006 1704 1038 quo
1737 1001 1832 1034 erat,
1869 996 1965 1040 quod
1989 1007 2130 1028 causam

1136 1037 1302 1083 Pompeii
1326 1040 1495 1075 adversus
1521 1042 1707 1077 Caesarem
1739 1046 1941 1089 probasset,
1977 1059 2130 1091 eumque

1136 1095 1274 1123 secutus
1302 1090 1442 1131 fuisset,
1471 1093 1676 1135 existimans
1703 1094 1770 1129 hoc
1798 1103 1958 1141 tempore
1982 1104 2062 1141 post
2080 1096 2132 1128 vi-

1137 1140 1287 1173 ctoriam
1305 1142 1410 1185 plane
1429 1144 1666 1187 periculosum
1693 1159 1765 1181 esse
1785 1148 1906 1180 venire
1922 1147 1958 1180 in
1974 1154 2129 1192 potesta-

1136 1196 1207 1222 tem
1232 1191 1403 1226 Caesaris.
1464 1194 1660 1238 Dispositio
1688 1198 1824 1240 primae
1849 1199 2018 1242 epistolae
2040 1197 2126 1232 haec

1136 1245 1198 1272 est.
1252 1240 1403 1275 Orditur
1424 1255 1441 1275 a
1469 1245 1657 1279 collatione
1682 1248 1861 1289 locorum,
1889 1251 1986 1294 quod
2000 1249 2128 1283 nullibi

1134 1289 1291 1332 gentium
1315 1298 1387 1325 tam
1416 1294 1461 1327 sit
1492 1296 1682 1338 miserum,
1728 1311 1835 1344 quam
1867 1298 1934 1333 1100
1965 1307 2126 1344 tempore

1133 1339 1271 1373 Romae
1296 1354 1379 1376 esse.
1449 1344 1617 1391 Sequitur
1649 1350 1871 1394 propositio:
1906 1351 1988 1385 Non
2019 1352 2125 1385 debes

1133 1390 1252 1424 dolere
1271 1398 1304 1425 te
1323 1399 1404 1426 tunc
1429 1396 1547 1431 abesse
1565 1398 1696 1434 Roma.
1748 1401 1939 1435 Adduntur
1965 1402 2122 1436 rationes

1133 1448 1298 1486 quatuor.
1349 1445 1471 1480 Prima
1499 1460 1518 1480 a
1541 1462 1644 1484 5011511
1669 1452 1874 1493 oculorum,
1902 1465 1964 1487 seu
1986 1454 2029 1486 ab
2048 1454 2124 1498 ipso

1131 1492 1276 1534 dolore,
1302 1496 1363 1540 qui
1380 1504 1469 1531 esset
1484 1499 1622 1535 futurus
1639 1502 1743 1546 longe
1758 1504 1931 1538 maximus
1943 1531 1951 1545 ,
1980 1505 2007 1538 si
2024 1516 2126 1549 prae·

1132 1555 1211 1577 sens
1229 1552 1328 1580 esset.
1382 1548 1540 1583 Secunda
1560 1552 1602 1584 de
1627 1559 1719 1586 statu
1742 1554 1964 1598 privatarum
1990 1568 2124 1596 rerum,

1130 1600 1250 1640 estque
1271 1598 1477 1634 confutatio.
1522 1601 1643 1636 Tertia
1661 1605 1813 1638 sumitur
1830 1607 1873 1639 ab
1894 1607 2054 1651 exemplo
2065 1606 2123 1652 21).

1129 1645 1264 1703 Quarta
1291 1660 1309 1680 a
1326 1661 1386 1693 spe
1402 1652 1556 1693 reditus,
1584 1654 1641 1687 cui
1657 1656 1800 1690 additur
1815 1657 2120 1690 confutatiuncula

1127 1698 1298 1731 victoriae
1315 1700 1493 1743 Caesaris,
1522 1706 1618 1750 quod
1638 1717 1677 1739 ea
1701 1708 1821 1741 futura
1840 1708 1885 1742 sit
1906 1715 2049 1752 praeter
2065 1721 2122 1742 ex-

1126 1749 1363 1807 pecta-tionem
1382 1755 1678 1791 moderatissima.
1715 1758 1843 1792 Postea
1864 1765 1914 1793 est
1931 1771 2024 1793 nova
2041 1772 2124 1804 pro-

1126 1806 1257 1842 posmo
1283 1804 1538 1839 consolationis
1561 1808 1604 1840 de
1629 1809 1831 1852 republica,
1859 1822 1950 1855 quae
1972 1817 2121 1855 propter

1125 1849 1259 1884 bellum
1285 1853 1386 1887 civile
1405 1861 1455 1888 est
1478 1856 1691 1893 miserrima.
1743 1860 1906 1894 Primum
1932 1873 2120 1905 argumen-

1125 1906 1200 1933 tum
1217 1910 1399 1948 sumptum
1416 1913 1467 1939 est
1483 1919 1524 1940 ex
1538 1908 1617 1942 loco
1633 1907 1829 1945 honestatis
1844 1913 1886 1945 de
1901 1912 2015 1945 officio
2032 1912 2119 1945 boni

1125 1951 1205 1992 viri,
1234 1954 1296 1998 qui
1313 1955 1416 1989 debet
1433 1957 1469 1990 in
1485 1960 1666 2002 republica
1685 1962 1804 1994 omnia
1821 1969 1914 1996 recte
1932 1963 2063 1997 sentire
2084 1969 2119 1996 et

1123 2002 1249 2037 facere.
1275 2003 1420 2039 Interim
1440 2020 1524 2041 vero
1541 2010 1682 2044 fortiter
1696 2013 1788 2045 ferre
1805 2013 1937 2046 exitum
1958 2014 2116 2058 qualem-

1124 2064 1273 2109 cunque.
1326 2056 1403 2090 Hoc
1420 2067 1669 2102 argumentum
1686 2062 1824 2107 integro
1840 2064 2044 2109 syllogismo
2062 2076 2117 2098 re-

1123 2110 1219 2138 cltat.
1272 2105 1474 2142 Secundum
1491 2111 1685 2146 admodum
1703 2114 1809 2147 breve
1827 2121 1878 2149 est
1900 2127 1919 2148 a
1944 2128 2005 2160 spe
2020 2128 2115 2149 sum-

1120 2161 1233 2212 ptum.
1287 2157 1450 2193 Tertium
1476 2161 1520 2194 ab
1542 2164 1703 2208 exemplo
1730 2164 1925 2211 Torquati,
1961 2166 2023 2212 qui
2046 2166 2114 2199 ini-

1120 2212 1170 2239 110
1190 2219 1316 2242 causae
1334 2210 1441 2245 suerit
1465 2213 1757 2250 animosissimus.
1810 2217 1902 2250 Hinc
1925 2217 2030 2250 tertio
2057 2229 2113 2251 ar-

1119 2266 1288 2301 gumento
1312 2262 1498 2297 subiicitur
1517 2266 1688 2309 expositio
1712 2267 1765 2301 sui
1788 2268 1925 2301 consilii
1944 2269 1986 2301 de
2010 2279 2114 2303 causa

1116 2309 1282 2354 Pompeii
1306 2313 1474 2348 adversus
1499 2315 1706 2357 Caesarem,
1733 2318 1770 2350 in
1793 2330 1863 2364 qua
1886 2319 2111 2364 improbave-

1150 2424 1195 2456 17)
1219 2426 1305 2450 Plaut.
1325 2428 1434 2453 Trucul.
1453 2429 1480 2456 2.
1499 2430 1525 2457 6,
1543 2430 1577 2454 8:

1198 2459 1289 2484 Pluris
1307 2464 1350 2486 est
1369 2463 1494 2487 oculatus
1514 2464 1594 2488 testis
1614 2471 1701 2498 unus,
1721 2472 1799 2498 quam
1817 2467 1901 2493 auriti
1920 2469 2019 2497 decem.

1150 2508 1195 2541 18)
1217 2511 1314 2538 uorat.
1333 2518 1382 2537 ars
1403 2517 1473 2543 poet.
1494 2515 1552 2539 180.
1573 2516 1632 2540 181.

1147 2560 1193 2589 19)
1211 2563 1311 2601 aures]
1331 2563 1371 2588 sic
1388 2565 1472 2589 Editt.
1493 2567 1578 2598 1556.‚
1600 2568 1684 2600 1565.7
1705 2569 1792 2602 1569.,
1813 2571 1904 2604 1592.;
1922 2575 1993 2604 apud
2012 2575 2108 2599 norat.

1179 2596 1198 2619 1.
1216 2597 1234 2620 1.
1254 2597 1373 2627 legitur:
1393 2605 1496 2623 aurem.

1140 2646 1189 2675 20)
1208 2649 1340 2679 suntque]
1359 2649 1400 2674 sic
1417 2651 1466 2674 Ed.
1485 2652 1578 2683 1556.;
1598 2654 1681 2680 Editt.
1697 2656 1784 2686 1565„
1807 2658 1894 2689 1569.,
1915 2659 1990 2684 1592.
2009 2661 2081 2683 sunt.

1141 2697 1398 2756 mgffggffioffxemmo]
1416 2701 1455 2725 sie
1473 2702 1555 2728 Editt.
1577 2704 1662 2735 1565..
1684 2706 1769 2737 1569„
1791 2707 1881 2738 1592.;
1912 2709 2050 2734 Ed.1556.
2070 2711 2104 2734 al>
