2351 2990
85 129 162 164 789
217 127 374 164 XXXIV.
414 127 639 164 INTERPR.
664 127 926 163 ORATIONIS
942 127 967 163 1.
991 126 1333 162 DEMOSTHENIS
1357 124 1556 160 CONTRA
1579 122 1994 158 ARISTOGITONEM.
2049 120 2124 156 790

80 227 145 260 ego
163 215 234 248 iam
248 216 419 249 adversus
434 214 523 249 alios
538 214 676 249 institui
692 214 907 248 orationem.
933 214 1077 248 Postre-

78 279 160 306 mo,
203 266 310 300 etiam
335 266 441 301 unius
464 267 666 307 mentione,
702 266 831 312 reliqui
856 279 892 300 se
917 278 1076 299 commo-

77 318 201 351 nefieri
216 318 383 353 sentiant.
435 318 560 364 Neque
576 330 661 351 vero
680 315 736 351 hic
759 318 955 357 excutiam,
990 329 1076 363 qua-

76 369 169 403 libus
192 370 354 404 moribus
377 381 450 403 esse
476 376 641 414 oporteat
673 382 751 410 eos,
793 369 855 415 qui
888 375 1076 414 tantopere

78 421 301 455 delectantur
318 420 575 465 Aristogitone.
621 421 736 466 Cupio
755 421 850 454 enim
869 433 889 453 a
906 420 1076 453 conviciis

77 472 275 511 abstinere;
315 473 377 507 sed
401 470 469 505 hoc
493 472 718 507 dissimulare
742 485 818 505 non
841 484 1008 517 possum,
1047 471 1075 505 si

77 523 287 569 simpliciter
305 535 461 569 nequam
488 522 598 557 homo
624 531 675 558 est
691 524 933 568 Aristogiton,
968 530 1001 557 et
1026 523 1077 555 vi-

76 575 238 609 rulentus
278 575 534 616 calumniator,
576 576 754 622 planeque
792 576 892 615 talis,
934 575 1075 621 qualem

76 624 258 671 perhiberi
275 639 311 660 se
329 627 467 667 studet,
495 628 664 671 permitto
684 628 769 668 tibi,
799 634 835 661 ut
855 626 906 660 tui
923 626 1076 660 similem

75 678 244 711 defendas
260 676 502 718 Philocrates,
530 691 595 712 nec
619 686 656 713 tu
669 706 678 720 ‚
710 679 739 713 si
759 678 890 724 reliqui
905 678 998 712 cives
1016 689 1077 710 vo-

76 728 150 762 lent
173 730 267 774 leges
292 742 524 770 conservare,
560 731 713 764 multum
739 729 977 775 promoveris.
1030 727 1076 761 At

75 792 155 814 cum
182 781 279 814 velut
304 793 418 826 caupo
451 781 693 827 improbitatis
721 787 907 827 quaestum
941 793 983 814 ex
1011 779 1077 813 im-

76 837 307 876 posturarum
326 832 534 866 venditione
558 833 684 873 faciat,
719 839 754 866 et
776 839 948 878 tanquam
970 844 1077 864 vena-

73 882 177 917 licius
202 884 345 924 omnia,
384 896 476 929 quae
503 883 596 929 agit,
635 883 774 917 venalia
806 884 902 917 ultro
933 881 1077 923 habeat,

76 934 164 980 quid
182 947 263 969 eum
280 935 377 969 acuis
387 935 403 968 Ρ
431 947 515 968 nam
535 942 574 969 ut
599 947 715 981 coquo
725 935 772 981 ⁵³)
797 933 887 968 nihil
910 941 962 968 est
987 947 1077 979 opus

75 986 191 1020 cultro
215 991 357 1026 retuso,
399 986 447 1019 ita
474 998 538 1019 nec
559 986 625 1020 tibi
647 986 870 1030 Aristogiton
897 985 977 1020 usui
1003 998 1076 1019 esse

74 1042 212 1082 potest,
239 1037 375 1070 volenti
388 1049 454 1082 per
470 1050 551 1071 eum
570 1038 659 1073 alios
674 1039 836 1078 laedere,
868 1050 948 1071 cum
972 1050 1076 1082 pecu-

74 1088 134 1122 nia
151 1087 280 1122 abduci
299 1100 319 1122 a
337 1095 371 1122 te
389 1090 432 1122 ad
449 1090 770 1134 praevaricandum
791 1089 914 1134 possit.
966 1088 1078 1134 Atqui

74 1137 165 1173 nihil
183 1140 311 1174 attinet
327 1141 487 1185 exempla
505 1141 569 1174 tibi
587 1141 756 1180 recitare;
783 1147 866 1175 sunt
893 1140 989 1174 enim
1012 1140 1076 1173 tibi

74 1197 173 1225 nota.
241 1191 441 1225 Meministi
463 1192 737 1239 Hegemonisffi)
764 1192 962 1232 actionem,
998 1191 1077 1232 scis,

72 1248 113 1276 ut
127 1242 176 1276 ibi
194 1243 343 1287 pecunia
363 1250 584 1288 expugnatus
610 1243 784 1277 destiterit
807 1244 851 1276 ab
877 1244 1077 1277 accusando

74 1293 255 1333 Demade;
302 1300 424 1338 postea
453 1301 494 1328 ut
526 1295 729 1339 prodiderit
764 1295 944 1340 quendam
983 1295 1077 1328 olea-

74 1344 183 1380 rium.
235 1344 308 1379 Has
326 1358 449 1380 causas
467 1345 571 1379 initio
595 1346 734 1391 magnis
756 1346 973 1379 clamoribus
996 1358 1077 1390 age-

73 1397 154 1437 bat,
197 1402 232 1429 et
263 1395 491 1442 triumphans
514 1397 583 1431 sibi
604 1398 792 1431 victoriam
818 1397 1078 1442 gratulabatur,

75 1454 109 1482 et
125 1447 246 1481 omnia
265 1460 405 1482 sursum
423 1460 463 1481 ac
486 1450 653 1483 deorsum
677 1449 714 1482 in
743 1448 976 1483 concionibus
1002 1461 1078 1482 mo-

75 1511 180 1539 vens,
234 1498 440 1533 minabatur
472 1512 534 1533 reo
572 1500 786 1545 supplicium
820 1506 855 1533 et
890 1501 1077 1534 cruciatus.

77 1551 205 1585 Postea
226 1563 306 1584 curn
322 1551 380 1584 ille
408 1551 673 1591 absolveretur,
708 1558 827 1585 mutus
853 1558 946 1590 erat;
982 1564 1078 1585 acce-

77 1608 179 1648 perat
194 1602 289 1636 enim
310 1604 514 1647 pecuniam.
573 1602 614 1636 ln
639 1603 865 1637 accusatione
885 1603 1078 1644 Democlis,

78 1666 188 1700 quam
212 1654 337 1687 callide
364 1654 630 1699 praevaricatus
654 1655 720 1688 est!
756 1655 949 1688 Praeterea
970 1655 1079 1688 innu-

77 1717 177 1739 mera
193 1705 261 1738 alia
274 1732 284 1746 ,
312 1717 404 1752 quae
421 1704 509 1739 mihi
525 1706 665 1739 difficile
683 1712 735 1740 est
750 1706 954 1740 meminisse
968 1733 977 1746 ,
1013 1706 1079 1739 tibi

77 1757 221 1790 notiora
238 1763 339 1797 sunt,
368 1758 431 1803 qui
448 1761 578 1791 'earum
599 1758 780 1791 actionum
800 1759 959 1803 exempla
979 1758 1079 1791 domi

80 1809 294 1853 transcripta
320 1807 452 1849 habes,
488 1809 613 1843 solitus
639 1810 671 1842 ei
696 1822 842 1854 operam
870 1816 969 1842 tuam
996 1822 1079 1843 ven-

79 1860 176 1895 dere.
227 1860 407 1901 Proinde,
434 1860 463 1894 si
485 1860 563 1906 quis
585 1861 693 1894 talem
717 1861 863 1906 suscipit
885 1862 1079 1894 defenden-

79 1912 186 1952 dum,
220 1912 248 1946 is
267 1918 301 1945 et
317 1925 399 1946 suos
415 1912 536 1957 prodit
553 1919 587 1945 et
606 1918 734 1945 natura
760 1925 840 1946 cum
864 1913 968 1946 bonis
993 1913 1079 1946 viris

80 1963 305 1997 inimicitiam
323 1970 481 2004 exercet,
508 1963 576 1997 nisi
592 1970 694 2008 putat
710 1964 747 1997 in
763 1965 851 1997 urbe
870 1965 966 1998 velut
984 1965 1079 2009 agri-

81 2015 158 2048 cola
190 2027 310 2049 semen
342 2022 375 2049 et
403 2016 561 2048 radicem
588 2015 746 2061 aliquam
772 2013 1078 2061 sycophantarum

81 2066 355 2112 relinquendam
376 2079 462 2101 esse.
515 2067 651 2100 Verum
671 2067 707 2100 id
727 2080 791 2100 nec
809 2065 998 2101 honestum
1017 2074 1079 2107 est,

81 2129 145 2151 nec
167 2118 287 2162 pium;
323 2130 439 2164 neque
463 2118 557 2151 enim
582 2119 736 2152 maiores
760 2119 923 2152 existimo
947 2119 1078 2152 iudicia

82 2170 326 2211 constituisse,
361 2176 401 2203 ut
421 2170 503 2203 talia
527 2176 692 2215 portenta
722 2170 770 2203 ibi
793 2171 979 2214 saginetis;
1018 2171 1079 2204 sed

81 2227 248 2262 econtra,
276 2228 315 2255 ut
331 2219 549 2256 coherceatis
564 2234 604 2255 ac
623 2222 798 2267 puniatis,
826 2229 857 2256 et
875 2234 919 2255 ne
945 2222 1079 2267 impro-

80 2272 173 2307 bitas
214 2273 277 2306 ulli
311 2273 410 2307 lucro
447 2273 492 2307 sit
510 2299 519 2313 ,
573 2280 635 2307 aut
670 2275 866 2319 expetenda
903 2274 1079 2307 videatur.

80 2324 219 2366 Porro,
245 2337 353 2370 quam
372 2325 560 2358 difficulter
577 2325 734 2371 improbi
753 2324 1011 2360 coherceantur
1020 2325 1080 2371 ⁵⁶),

80 2382 198 2421 potest
220 2374 302 2409 hinc
326 2377 527 2410 coniectura
553 2377 649 2418 fieri,
685 2379 782 2424 quod
808 2391 886 2412 cum
906 2377 1080 2421 Aristogi-

82 2434 166 2461 tone
193 2425 310 2461 adhuc
335 2429 370 2461 in
394 2428 526 2462 iudicio
553 2431 832 2464 concertandum
855 2436 925 2469 est,
955 2442 1080 2475 quam-

117 2549 166 2577 54)
186 2549 288 2579 coquo]
308 2548 374 2571 illae
393 2548 477 2572 Editt.
497 2554 572 2572 coco.

119 2600 168 2627 55)
188 2601 228 2624 De
254 2601 303 2624 hoc
329 2601 442 2623 oratore
461 2599 550 2623 Attico
578 2599 699 2624 eiusdem
725 2601 857 2631 temporis
883 2602 954 2626 conf.
974 2602 1080 2632 Pauly:

155 2635 367 2664 Real-Encycl.
388 2635 416 2658 T.
428 2635 472 2657 111.
492 2642 516 2664 p.
534 2634 607 2658 1092.
628 2641 670 2659 nr.
685 2635 710 2660 2.
725 2649 757 2654 -—
778 2637 835 2659 Hoc
850 2642 946 2660 nomen
963 2636 1079 2661 inEditt.

158 2670 249 2700 1559..
273 2669 465 2693 1564—1587.
488 2669 513 2692 in
532 2669 656 2700 margine
676 2671 820 2700 repetitum
840 2672 889 2695 est.

121 2720 169 2747 5⁶)
189 2721 262 2744 Haec
283 2720 310 2744 in
327 2721 411 2745 Editt.
429 2721 514 2749 1559„
537 2721 729 2746 1564-1587.
750 2721 777 2745 iu
799 2723 923 2754 margine
943 2723 983 2746 sie
1003 2730 1082 2754 repe-

158 2755 208 2778 tita
227 2756 304 2780 sunt:
332 2756 450 2787 Improbi
470 2756 618 2779 difficulter
637 2756 824 2781 coherceatur,

1130 226 1237 259 quam
1262 212 1375 246 multo
1402 218 1483 245 ante
1508 211 1766 244 condemnatus
1790 210 1850 250 sit,
1885 215 1919 243 et
1945 209 2014 242 iam
2039 208 2125 240 olim

1130 277 1283 310 poenam
1304 264 1506 309 persolvere
1526 262 1699 296 debuerit.
1753 262 1846 307 Quid
1874 261 2019 294 tandem
2045 271 2126 303 age-

1130 316 1234 351 mus?
1271 322 1331 349 aut
1355 314 1537 349 dicemus?
1572 327 1614 348 eo
1641 319 1787 347 ventum
1813 319 1863 346 est
1889 310 2128 358 audaciaeffl),

1129 374 1169 401 ut
1188 367 1348 401 aerarius
1367 367 1516 412 aliquis,
1545 366 1601 400 cui
1618 366 1696 399 soro
1715 364 1942 398 interdictum
1963 369 2013 397 est
2032 362 2127 395 voci-

1129 419 1238 452 serari
1255 419 1291 451 in
1308 418 1466 459 iudiciis,
1499 417 1730 457 calumniari,
1760 416 1891 449 minari
1915 427 1988 449 non
2009 420 2129 448 cesset.

1131 470 1219 504 Cum
1247 476 1434 514 argentum
1460 470 1492 502 ei
1518 471 1642 509 duces,
1684 469 1813 514 quibus
1836 467 1872 500 id
1900 467 2127 501 commenda—

1131 521 1281 561 veratis,
1308 534 1383 554 non
1401 521 1657 559 reddidissent,
1684 520 1948 553 vociferabatur
1971 530 2050 558 eos,
2084 528 2129 550 ne

1131 573 1275 619 quidem
1299 573 1426 616 dignos
1450 585 1542 612 esse,
1589 572 1651 617 qui
1677 571 1806 605 cloacis
1831 572 2127 616 praeficerentur;

1130 637 1195 657 nec
1212 636 1296 657 vero
1316 624 1413 668 ipsos
1428 623 1643 657 contumelia
1661 623 1806 661 adfecit3
1835 635 1917 656 narn
1937 633 2047 667 parva
2068 632 2128 665 pe-

1131 675 1234 709 cunia
1259 675 1418 715 obiecta,
1450 681 1619 719 poterant
1641 675 1673 707 ei
1698 687 1736 707 os
1762 675 1964 712 obstruere,
1998 673 2058 707 sed
2083 672 2128 705 ad

1131 733 1247 760 vestra
1273 726 1441 770 suffragia
1468 726 1684 759 contumelia
1710 725 1881 770 pertinet,
1916 725 1954 758 in
1981 736 2049 770 qua
2076 723 2129 756 in-

1130 778 1228 823 signe
1245 778 1425 823 specimen
1442 777 1682 822 improbitatis
1697 789 1780 810 suae
1798 777 1926 817 edidit,
1951 776 2131 820 legitimos

1131 829 1359 873 magistratus
1382 829 1563 870 lacerans,
1601 829 1743 873 exigens
1768 829 1977 872 pecuniam,
2012 829 2131 864 multi-

1130 881 1270 926 pliciter
1286 881 1449 921 laedens,
1476 881 1631 926 denique
1656 880 1828 921 annixus,
1855 887 1895 913 ut
1917 879 2131 918 seditionem

1131 933 1345 973 concitaret,
1374 932 1532 967 confictis
1550 932 1646 966 falsis
1671 931 1818 972 litteris,
1854 938 1888 965 et
1910 938 2022 965 totam
2046 933 2132 968 civi-

1131 990 1240 1018 tatem
1266 985 1514 1029 perturbaret,
1541 982 1652 1017 homo
1680 984 1726 1016 ad
1752 980 1820 1016 hoc
1848 984 1960 1017 factus
1986 990 2019 1017 et
2041 987 2131 1020 scul-

1131 1042 1232 1080 ptus,
1259 1036 1352 1069 utin
1371 1036 1470 1069 omni
1494 1035 1566 1068 vita
1593 1035 1669 1069 aliis
1693 1035 1950 1070 incommodet.
2004 1035 2131 1072 Videte

1132 1087 1246 1128 enim,
1274 1100 1354 1121 cum
1375 1088 1447 1122 sint
1470 1087 1611 1120 circiter
1627 1086 1690 1120 XX
1707 1086 1819 1120 millia
1838 1086 1989 1129 civium,
2018 1090 2132 1123 nemi-

1131 1150 1212 1172 nem
1239 1151 1312 1173 esse
1336 1145 1424 1184 puto
1452 1138 1488 1171 in
1512 1137 1588 1179 his,
1629 1138 1691 1184 qui
1721 1150 1793 1171 non
1824 1145 1959 1173 certum
1983 1140 2132 1187 aliquod

1131 1190 1315 1235 negotium
1340 1189 1490 1230 habeat,
1525 1197 1587 1224 aut
1607 1190 1811 1235 publicum,
1848 1197 1909 1225 aut
1936 1191 2132 1236 privatum.

1130 1242 1178 1275 At
1209 1240 1323 1288 hic⁵⁸)
1356 1255 1430 1275 non
1461 1248 1578 1286 potest
1609 1242 1818 1283 nominare,
1863 1256 1971 1288 quam
2003 1250 2132 1287 artem,

1132 1294 1229 1339 quod
1246 1294 1430 1338 negotium
1447 1294 1594 1337 dignum
1613 1294 1666 1326 vel
1684 1293 1856 1327 mediocri
1873 1294 1966 1336 cive,
1995 1296 2050 1329 vel
2068 1309 2131 1331 no-

1131 1344 1195 1377 bili
1212 1352 1391 1385 exerceat,
1425 1357 1490 1378 nec
1507 1351 1671 1379 versatur
1688 1345 1761 1379 ullo
1781 1345 1817 1378 in
1835 1358 1963 1390 genere
1982 1360 2131 1394 occupa-

1132 1395 1271 1429 tionum
1286 1423 1295 1437 ,
1324 1408 1417 1441 quac
1436 1397 1507 1430 sint
1526 1396 1655 1441 dignae
1671 1397 1765 1438 cive,
1794 1409 1867 1430 non
1893 1406 2032 1433 exercet
2055 1400 2132 1446 opi-

1131 1447 1272 1488 ficium,
1312 1460 1387 1480 non
1413 1448 1690 1492 agriculturam,
1726 1461 1800 1482 non
1826 1449 1922 1483 aliud
1947 1452 2131 1495 negotium

1132 1499 1244 1532 ullum
1262 1497 1381 1533 habet.
1434 1500 1579 1534 Nullam
1599 1500 1913 1542 consuetudinem,
1940 1508 2003 1536 aut
2024 1504 2133 1538 socie-

1132 1557 1241 1584 tatem
1260 1551 1376 1591 vitae,
1404 1551 1459 1584 vel
1485 1551 1684 1585 officiorum
1712 1564 1792 1585 cum
1812 1552 1885 1585 ullo
1904 1566 2132 1589 communem

1132 1600 1257 1640 haben
1301 1603 1362 1636 sed
1385 1602 1518 1636 incedit
1544 1616 1607 1648 per
1633 1604 1750 1636 sorum
1779 1615 1842 1637 ceu
1870 1604 1991 1649 vipera
2003 1606 2049 1653 59)
2073 1614 2133 1640 aut

1132 1654 1294 1698 scorpius
1312 1661 1432 1687 exerto
1448 1655 1592 1695 aculeo,
1621 1668 1727 1701 quem
1752 1653 1821 1689 huc
1846 1662 1953 1702 atque
1977 1658 2059 1691 illuc
2082 1659 2132 1691 vi-

1132 1705 1233 1745 brat,
1268 1711 1302 1738 et
1329 1705 1619 1751 circumspectat,
1654 1706 1711 1740 cui
1734 1707 1868 1740 malum
1895 1707 2134 1752 machinetur,

1133 1769 1240 1802 quem
1258 1757 1347 1790 falso
1364 1758 1513 1790 crimine
1532 1757 1731 1803 opprimat,
1761 1758 1816 1792 cui
1835 1764 2011 1794 terrorem
2035 1762 2133 1796 incu-

1133 1809 1218 1849 tiat,
1245 1816 1284 1842 ut
1301 1808 1383 1842 inde
1401 1809 1588 1854 pecuniam
1608 1810 1803 1854 exprimat,
1831 1822 1896 1843 nec
1922 1813 1997 1845 adit
2021 1813 2134 1847 ullam

1133 1860 1170 1893 in
1184 1861 1272 1893 urbe
1291 1861 1526 1901 tonstrinam,
1555 1868 1617 1895 aut
1634 1860 1877 1906 myropolium
1898 1869 1959 1896 aut
1976 1863 2064 1898 alias
2082 1866 2133 1899 of—

1133 1912 1276 1953 ficinas,
1313 1913 1430 1946 nullas
1462 1913 1760 1953 necessitudines,
1804 1925 1877 1946 non
1902 1914 2008 1948 fidem
2032 1917 2133 1961 pensi

1133 1962 1260 2003 habet,
1288 1976 1362 1997 non
1380 1964 1622 1998 communicat
1639 1965 1822 2005 beneficia,
1850 1978 1924 1999 non
1943 1967 2027 2000 colit
2046 1969 2134 2001 aini—

1133 2015 1288 2062 citiasffl)
1303 2042 1312 2056 ,
1344 2028 1418 2049 non
1437 2023 1573 2049 caetera
1591 2018 1770 2050 bonorum
1789 2017 1949 2050 virorum
1968 2020 2038 2052 ulla
2058 2021 2133 2053 offi-

1133 2067 1185 2100 cia
1204 2074 1374 2112 praestat.
1428 2068 1496 2101 Sed
1516 2081 1594 2101 cum
1614 2066 1668 2102 his
1689 2075 1871 2110 versatur,
1899 2082 1978 2103 cum
2004 2072 2134 2117 quibus

1133 2119 1287 2163 pictores
1304 2120 1443 2163 fingunt
1460 2120 1579 2164 impiis
1595 2133 1634 2153 ac
1652 2120 1832 2154 sceleratis
1858 2133 1930 2154 esse
1960 2134 2134 2157 commer-

1134 2171 1226 2203 cium
1246 2172 1341 2216 apud
1359 2172 1510 2213 inferos,
1539 2184 1616 2205 cum
1635 2172 1743 2212 diris,
1772 2185 1850 2205 cum
1871 2172 2135 2216 criminatione,

1133 2222 1288 2262 invidia,
1325 2223 1518 2265 seditione,
1555 2225 1796 2257 contentione.
1866 2223 1911 2257 Et
1936 2237 2015 2258 cum
2043 2228 2134 2259 veri-

1132 2273 1247 2308 simile
1271 2274 1389 2321 sit⁶¹)‚
1423 2288 1466 2309 ne
1494 2275 1638 2321 quidem
1667 2276 1763 2320 apud
1786 2275 1918 2309 inferos
1932 2276 2028 2311 Deos
2050 2290 2134 2323 pro-

1133 2326 1240 2371 pitios
1259 2324 1467 2361 habiturum
1494 2340 1585 2367 esse,
1618 2329 1677 2361 sed
1704 2328 1746 2361 ad
1770 2327 1959 2362 sceleratos
1984 2337 2134 2375 propter

1167 2447 1216 2474 57)
1233 2446 1380 2474 audaciae]
1405 2445 1444 2469 sic
1471 2445 1553 2469 Editt.
1576 2444 1667 2472 1547„
1696 2444 1768 2468 1562.
1799 2446 1847 2473 (=
1866 2445 1943 2471 Deni.
1970 2448 2135 2481 πονηρίιις);

1203 2482 1288 2506 Editt.
1312 2481 1404 2511 1522,
1427 2480 1517 2510 1559„
1541 2479 1733 2503 1564—1587.
1753 2480 1876 2504 audacia.

1168 2525 1217 2553 58)
1237 2526 1269 2549 fl.
1291 2525 1307 2548 1.
1335 2524 1361 2547 in
1383 2523 1466 2548 Editt.
1489 2523 1582 2553 1522,
1611 2523 1685 2547 15⁴7.
1705 2524 1772 2547 uota
1791 2524 1923 2555 margia:

1204 2560 1262 2583 vita
1280 2558 1489 2589 Aristogitonis

1169 2603 1216 2631 59)
1238 2603 1270 2627 Η.
1288 2602 1307 2626 1.
1334 2602 1360 2624 in
1386 2601 1469 2624 Editt.
1491 2600 1583 2631 1559.,
1613 2600 1803 2626 1564—1587.
1824 2603 1890 2625 nota
1909 2602 2041 2634 margia:
2068 2604 2134 2629 Ari-

1204 2637 1309 2667 stogito
1329 2637 1433 2666 vipera.

1169 2681 1216 2708 60)
1238 2681 1270 2704 fl.
1290 2680 1308 2704 1.
1329 2680 1356 2702 in
1377 2679 1459 2702 Editt.
1482 2678 1574 2706 1559..
1597 2678 1690 2706 1564„
1712 2679 1786 2703 1587.
1812 2681 1878 2703 nota
1897 2680 2029 2711 margila:

1205 2715 1357 2739 familiares
1377 2714 1440 2742 (Ed.
1464 2713 1538 2738 1557.
1558 2713 1730 2740 familiaris).

1170 2757 1218 2785 61)
1240 2759 1271 2781 Η.
1292 2758 1308 2782 1.
1327 2757 1354 2780 iu
1374 2756 1458 2780 Editt.
1485 2755 1570 2824 15257..
1592 2756 1666 2806 ξεῖ-17.
1685 2758 1749 2781 nota
1771 2757 1903 2788 margin.:
1930 2754 2029 2784 πάθος.

1961 2525 2001 2550 De
2024 2526 2135 2557 privata

2067 2683 2133 2707 Eius
