2351 2990
182 127 258 165 735

183 219 254 251 bet.
306 215 381 258 Ego
407 225 513 254 vero,
540 223 615 246 non
634 210 720 256 quid
737 210 779 243 de
798 207 1044 253 praesentibus
1070 208 1176 241 rebus

185 272 349 313 oporteat
365 264 584 303 consultare,
608 261 854 295 difficillimum
873 265 978 304 puto;
1005 259 1066 293 sed
1082 259 1176 292 istud

183 317 412 353 vehementer
437 327 566 358 anceps
591 324 689 352 sum,
717 323 788 356 quo
815 317 941 356 pacto,
974 310 1044 343 viri
1066 308 1176 343 Athe-

183 372 342 407 nienses,
371 368 486 400 dicere
503 367 545 398 de
564 363 647 407 ipsis
665 362 760 407 apud
777 375 840 396 vos
857 367 1033 407 oporteat.
1082 361 1175 396 Nam

183 431 371 467 persuasus
395 418 499 462 plane
528 427 627 454 sum,
662 425 815 459 quarum
845 425 966 446 rerum
994 419 1028 445 et
1051 412 1176 446 videns

184 480 218 507 et
237 471 384 505 audiens
408 466 566 500 conscius
587 478 686 505 sum,
715 465 903 510 plerasque
922 464 1083 508 effugisse
1101 476 1176 502 vos,

184 525 268 558 dnm
284 533 356 555 non
375 519 499 557 vultis,
526 517 622 563 quod
640 522 775 549 rectum
793 522 856 555 est,
885 516 1054 561 quodque
1070 526 1177 559 opor-

184 581 233 608 tet
257 575 391 609 facere,
425 582 499 602 non
523 568 585 614 qui
609 567 645 600 id
662 579 735 600 non
756 566 965 611 intelligitis.
1018 565 1176 600 Obsecro

185 632 303 659 autem
329 635 392 655 vos
408 620 475 667 ⁹⁰),
508 620 536 654 si
560 619 668 652 libere
695 618 853 651 dicturus
880 617 967 658 sim,
1002 629 1116 663 aequo
1138 623 1178 651 ut

184 678 276 710 serre
304 673 425 707 animo
452 671 586 711 velitis,
614 668 681 703 hoc
706 669 992 708 considerantes,
1027 681 1072 702 an
1094 680 1176 701 vera

184 728 321 766 dicam,
355 731 388 757 et
406 736 469 767 per
485 721 575 762 hoc,
602 728 661 762 ut,
691 733 781 766 qnae
797 726 880 755 sunt
898 720 1057 765 reliqua,
1091 721 1179 753 fiant

183 778 324 812 rectius.
377 774 514 808 Videtis
539 773 655 813 enim,
683 773 779 818 quod
804 784 844 805 ex
871 784 933 811 eo,
963 771 1047 817 quia
1072 771 1179 816 pleri-

185 842 253 875 que
271 829 315 861 ad
327 826 476 871 gratiam
496 831 635 858 tantum
653 824 913 857 concionantur
930 823 966 855 in
984 822 1179 867 republica,

185 882 230 914 ad
259 886 455 913 extremum
482 877 663 910 malorum
691 888 746 909 res
776 875 813 907 in
839 873 1040 919 praesentia
1073 885 1178 907 vene-

184 938 280 965 runt.
341 928 586 964 Necessarium
612 933 731 960 autem
759 926 937 965 arbitror,
970 925 1092 969 paucis
1118 926 1179 958 ad-

184 994 332 1016 monere
356 981 456 1025 prius
481 992 544 1013 vos
567 991 713 1017 eorum,
741 989 832 1022 quae
848 978 939 1009 facta
956 982 1049 1010 sunt.
1103 976 1179 1009 Me-

184 1033 337 1067 ministis
363 1033 477 1071 enim,
505 1030 573 1061 viri
590 1027 844 1068 Athenienses,
871 1040 951 1060 curn
973 1027 1178 1061 nuntiatum

184 1085 285 1118 vobis
312 1088 421 1123 esset,
460 1079 669 1125 Philippum
701 1092 773 1113 esse
798 1079 835 1112 in
859 1076 1037 1119 Thracia,
1072 1079 1178 1112 tertio

185 1143 246 1169 aut
268 1140 395 1180 quarto
423 1131 552 1166 abhinc
579 1143 695 1172 anno,
723 1137 757 1164 et
773 1142 981 1175 oppugnare
998 1130 1176 1163 Heraeum

183 1185 415 1231 praesidium.
476 1184 580 1217 Tunc
615 1183 723 1226 igitur
757 1182 888 1215 mensis
923 1181 1068 1225 quidem
1103 1187 1180 1213 erat

184 1236 466 1271 Maemacterion
491 1235 550 1279 92).
603 1233 726 1266 Multis
751 1244 836 1265 vero
862 1231 1108 1272 sermonibus,
1146 1238 1180 1265 et

182 1289 337 1323 tumultu
353 1287 447 1331 apud
465 1298 527 1319 vos
544 1283 666 1317 habito
678 1311 687 1324 ‚
718 1283 922 1317 decrevistis
941 1283 1178 1328 quadraginta

184 1341 347 1373 triremes
359 1337 543 1371 demittere
553 1336 631 1380 ⁹2³),
650 1341 684 1368 et
699 1333 862 1368 homines
880 1346 1058 1368 annorum
1075 1335 1179 1380 quin-

183 1403 251 1436 que
275 1397 309 1423 et
330 1389 566 1435 quadraginta
585 1386 633 1432 ⁹3)
658 1387 752 1431 ipsas
772 1386 1009 1420 conscendere
1025 1412 1034 1425 ,
1063 1392 1097 1418 et
1126 1391 1178 1418 ta-

184 1443 279 1475 lenta
300 1440 481 1484 sexaginta
501 1440 537 1472 in
554 1438 736 1483 publicum
765 1438 939 1470 conferre.
1002 1436 1179 1481 Deinceps

184 1506 270 1526 vero
298 1498 477 1525 transacto
496 1489 563 1523 hoc
582 1502 697 1528 anno,
725 1489 857 1522 labitur
874 1488 1178 1528 Hecatombaeon‚

186 1543 445 1587 Metageitnion
468 1542 536 1588 θ’),
579 1540 827 1575 Boedromion
851 1539 917 1585 ⁹⁵),
953 1537 1022 1573 hoc
1056 1552 1178 1573 mense

185 1596 244 1628 vix
276 1596 420 1627 tandem
455 1600 535 1637 post
560 1592 725 1638 mysteria
748 1589 1004 1625 Charidemum
1033 1591 1178 1625 misistis

185 1659 264 1679 curn
289 1647 408 1678 decem
436 1644 607 1683 navibus,
643 1643 756 1688 iisque
785 1642 924 1682 vacuis,
961 1648 994 1675 et
1019 1643 1178 1688 quinque

186 1697 322 1740 argenti
360 1696 511 1729 talentis.
579 1694 667 1728 Cum
705 1694 800 1726 enim
835 1694 1041 1727 nuntiatum
1077 1701 1178 1734 esset,

184 1747 390 1791 Philippum
426 1758 498 1779 non
527 1747 618 1778 bene
646 1746 786 1785 valere,
827 1751 862 1777 et
891 1752 1074 1779 mortuum
1105 1758 1178 1780 esse

184 1800 348 1844 (allatum
370 1798 462 1830 enim
483 1803 533 1830 est
550 1796 759 1843 utrumque)
772 1822 780 1836 ‚
808 1808 883 1828 non
899 1797 1052 1841 amplius
1067 1798 1177 1830 ullam

184 1850 319 1883 serendi
353 1848 474 1882 auxilii
507 1848 727 1881 occasionem
755 1854 939 1891 putantes,
983 1848 1178 1888 dimisistis,

185 1915 206 1934 o
224 1902 292 1933 viri
308 1898 560 1939 Athenienses,
589 1899 706 1933 classis
726 1900 957 1943 praefectum.
1011 1899 1099 1933 Erat
1117 1913 1178 1933 au-

185 1960 254 1985 tem
282 1951 367 1984 haec
396 1958 470 1984 tuni
497 1951 634 1984 occasio
661 1951 748 1995 ipsa.
816 1950 853 1983 Si
878 1951 972 1983 enim
999 1957 1083 1984 tunc
1107 1952 1178 1985 illic

183 2005 496 2042 succurrissennis,
533 2004 838 2047 quemadmodum
866 2002 1031 2036 alacriter
1059 2004 1179 2037 decre-

185 2068 369 2093 veramus,
396 2067 470 2086 non
497 2061 585 2086 esset
613 2066 707 2086 nunc
729 2054 899 2087 molestus
923 2054 1026 2088 nobis
1042 2053 1178 2099 Philip-

184 2119 269 2150 pus,
293 2113 376 2137 tnnc
393 2105 596 2137 valetudiue
617 2105 809 2138 restitutus.
850 2104 952 2149 Quae
971 2105 1078 2149 igitur
1094 2113 1177 2140 tunc

216 2209 264 2236 90)
293 2208 322 2229 Η,
343 2207 360 2229 1.
386 2206 411 2228 in
432 2205 480 2228 Ed.
502 2205 584 2229 Basti.
611 2206 676 2227 nota
698 2204 874 2234 marginalis:
904 2206 1022 2229 Causam
1049 2207 1178 2238 ostendit,

253 2247 338 2271 quare
367 2247 418 2263 uon
446 2239 593 2262 succedant
620 2246 683 2266 res:
711 2241 737 2261 et
756 2238 896 2271 πυῤῥησίᾳ
916 2246 1034 2272 usurus,
1054 2242 1175 2265 benevo-

255 2277 366 2298 lentiam
388 2274 462 2303 prins
483 2276 589 2303 captat,
610 2274 818 2303 libertatemque
838 2275 960 2298 excusat.

217 2319 265 2344 91)
293 2319 324 2341 Η.
346 2318 362 2340 1.
390 2317 414 2339 in
438 2317 483 2339 Ed.
505 2316 589 2341 Basil.
616 2317 680 2339 nota
707 2316 839 2347 margin.:
867 2317 999 2347 Exemplo
1024 2318 1179 2349 neglectam

255 2358 318 2374 esse
337 2351 508 2374 occasionem
528 2351 616 2373 docet.

217 2394 265 2421 92)
287 2396 318 2416 li.
339 2395 355 2416 1.
377 2394 400 2415 in
420 2395 466 2417 Ed.
490 2393 573 2417 Basil.
594 2394 659 2416 nota
678 2393 812 2423 margin.:
831 2393 973 2423 Temporis
995 2394 1178 2419 circumstan-

253 2428 292 2450 tia
310 2429 343 2450 ad
364 2427 499 2451 δείνωσιν,

217 2469 284 2496 92³)
311 2470 469 2498 dennttere]
495 2469 534 2493 sic
554 2469 603 2492 Ed.
623 2469 723 2499 Basil.;

253 2505 322 2527 tere.

217 2546 266 2572 93)
288 2547 317 2568 Η,
336 2546 353 2567 l.
375 2546 400 2567 in
421 2546 468 2568 Ed.
490 2546 570 2568 [iasii.
592 2547 656 2569 nota
675 2545 809 2576 margia:
829 2546 868 2569 Ea
887 2545 958 2570 enim
976 2548 1056 2570 aetas
1085 2547 1176 2570 virilis

254 2582 314 2609 est,
336 2581 362 2601 et
382 2580 452 2601 bello
473 2581 587 2602 maxime
607 2580 715 2604 idonea.

217 2623 265 2649 94)
290 2622 502 2650 Metaeeitnion]
538 2623 600 2645 illae
630 2623 711 2647 leuitt.
739 2623 929 2653 Metagitniou.
962 2623 1048 2652 (conf.
1076 2623 1109 2647 de
1135 2624 1176 2647 liis

252 2656 384 2679 mensium
407 2658 559 2678 nominihus
582 2657 776 2681 Waclisuiuth:
799 2658 972 2681 Hellenisclie
987 2658 1176 2682 Alterthums-

253 2690 345 2713 kunde
365 2690 412 2712 Bul.
429 2691 453 2713 2.
475 2691 547 2713 Toni.
564 2691 595 2713 ll.
617 2698 639 2718 ι).
655 2690 739 2715 nst).

216 2732 264 2759 95)
280 2733 310 2755 fl.
325 2733 343 2756 l.
360 2732 384 2755 in
401 2733 446 2756 Ed.
458 2732 539 2755 Basii.
555 2734 618 2755 nuta
628 2733 758 2763 margum:
783 2734 852 2757 Vide
865 2734 969 2759 Gazam
984 2735 1016 2758 de
1025 2735 1174 2760 mensibus.

759 2469 843 2493 Editt.
867 2469 1058 2495 ¹559—1587.
1084 2471 1176 2495 dimit-

765 123 888 159 PHIL.
923 121 1037 156 MEL.
1073 120 1277 156 SCRIPTA
1309 119 1647 155 PHILOLOGICA.

2148 120 2224 156 736

1229 212 1305 240 acta
1323 213 1424 247 sunt,
1451 219 1525 240 non
1540 205 1674 240 habent
1688 206 1803 240 aliter.
1855 204 1960 240 Nunc
1976 216 2062 239 vero
2078 204 2224 240 alterius

1227 258 1311 292 belli
1327 258 1464 292 occasio
1482 259 1659 303 quaedam
1678 259 1776 291 adest
1792 256 1839 304 ⁹⁶)
1850 284 1860 297 ,
1886 269 1950 301 per
1967 268 2076 302 quam
2093 262 2128 289 et
2143 256 2223 290 illo-

1228 321 1309 343 rum
1326 321 1389 343 vos
1405 310 1598 343 admonere
1616 309 1714 343 volui
1726 336 1735 350 ,
1762 315 1802 342 ut
1819 321 1863 342 ne
1881 309 1989 349 idem,
2017 308 2114 353 quod
2131 313 2223 348 tum,

1229 360 1330 394 vobis
1354 360 1501 395 accidat.
1554 361 1671 406 Quam
1696 360 1805 405 igitur
1829 360 1874 393 ad
1897 372 1995 400 rem,
2021 358 2092 392 viri
2114 356 2225 393 Athe-

1229 411 1388 452 nienses,
1412 418 1556 445 utemur
1573 412 1757 446 occasione
1776 411 1868 446 ista?
1907 411 1985 446 Nisi
2003 410 2098 444 enim
2125 410 2225 443 auxi-

1229 463 1317 496 lium
1342 462 1493 496 tuleritis
1521 463 1621 495 omni
1638 464 1768 496 robore
1784 475 1851 508 pro
1868 462 2024 502 viribus,
2051 460 2226 501 videritis,

1231 526 1302 559 quo
1322 519 1426 558 pacto
1445 513 1640 547 militaturi
1657 514 1731 548 sitis
1751 527 1824 547 non
1842 526 1907 558 pro
1928 514 2003 558 ipsa
2026 513 2135 552 urbe,
2162 511 2226 545 sed

1230 563 1412 609 Philippo.
1447 564 1637 598 Habebant
1652 565 1725 598 vim
1741 566 1921 611 quandam
1939 571 1973 598 et
1989 561 2226 610 Olynthii97),

1231 622 1266 649 et
1285 616 1333 650 sic
1356 628 1412 649 res
1434 616 1483 650 eis
1510 622 1612 649 erant
1634 617 1872 661 compositae,
1898 628 2013 662 neque
2034 613 2226 659 Philippus

1231 679 1291 701 eos
1314 668 1585 708 contemnebat,
1612 679 1728 713 neque
1756 665 1965 712 Philippum
1990 666 2070 711 ipsi.
2121 665 2226 699 Feci·

1231 731 1310 752 mus
1326 731 1412 759 nos,
1438 725 1473 752 et
1490 719 1543 751 illi
1559 719 1745 753 nobiscum
1770 731 1916 763 pacem;
1944 724 2021 752 erat
2043 716 2112 751 hoe
2127 716 2227 750 velut

1232 770 1455 803 obstaculum
1496 770 1678 815 quoddam
1719 768 1909 814 Philippo,
1949 781 1990 802 ac
2023 769 2228 808 molestum,

1231 822 1356 855 urbem
1373 833 1543 865 magnam
1566 822 1757 855 concedere
1784 822 1829 854 ad
1848 833 1933 861 nos,
1960 819 2032 854 suis
2053 819 2226 864 tempori-

1231 873 1297 906 bus
1331 873 1375 906 ab
1409 873 1486 917 ipso
1523 873 1734 913 alienatam,
1769 872 1926 906 infensos
1960 871 2110 904 reddere
2145 870 2226 904 illos

1233 930 1399 969 oportere
1417 922 1587 968 Philippo
1610 924 1815 968 putavimus
1841 923 2006 957 omnibus
2029 921 2166 962 modis,
2193 926 2230 954 et

1233 976 1331 1020 quod
1349 987 1473 1008 omnes
1489 975 1670 1008 iactabant
1689 974 1879 1015 hactenus,
1905 974 1943 1008 id
1966 974 2084 1018 ipsum
2108 979 2229 1006 actum

1233 1027 1305 1059 iam
1331 1032 1383 1059 est
1412 1027 1751 1073 quomodocunque.
1818 1026 1916 1072 Quid
1942 1026 2051 1070 igitur
2074 1025 2119 1059 sit
2144 1023 2228 1057 reli-

1233 1090 1365 1123 quum,
1400 1077 1470 1110 viri
1492 1076 1747 1118 Athenienses,
1774 1078 1843 1111 nisi
1864 1084 1904 1110 ut
1920 1077 2133 1110 auxiliemur
2153 1075 2227 1108 for-

1234 1129 1316 1161 titer
1346 1135 1514 1173 prompte
1531 1156 1540 1170 ‚
1584 1141 1649 1173 ego
1674 1135 1767 1162 certe
1794 1140 1870 1161 non
1892 1128 2010 1162 video.
2076 1126 2228 1160 Praeter

1234 1179 1327 1212 enim
1343 1179 1580 1224 ignominiam
1593 1207 1601 1221 ‚
1630 1193 1721 1226 quae
1739 1180 1985 1213 circumstaret
1999 1191 2084 1219 nos,
2111 1177 2142 1212 si
2162 1175 2227 1211 ha-

1234 1243 1314 1264 rum
1338 1243 1461 1265 rerum
1486 1232 1679 1278 quicquam
1704 1231 1983 1275 neglexerimus,
2016 1241 2133 1276 neque
2154 1240 2228 1262 me-

1234 1288 1309 1315 tum
1340 1282 1426 1327 (viri
1448 1282 1700 1329 Athenienses)
1732 1295 1885 1327 parvum
1915 1282 2040 1322 video,
2075 1281 2138 1327 qui
2167 1280 2226 1313 in-

1234 1333 1369 1366 cumbit
1392 1340 1473 1377 post
1498 1332 1585 1367 haec
1601 1334 1724 1374 nobis,
1750 1335 1834 1367 dum
1859 1335 1957 1379 quod
1980 1333 2031 1366 ita
2054 1344 2136 1378 erga
2157 1344 2225 1366 nos

1232 1384 1303 1417 sint
1327 1384 1444 1417 affecti
1469 1382 1655 1425 Thebani,
1698 1391 1737 1418 ut
1764 1391 1867 1425 sunt,
1910 1386 2067 1430 dumque
2098 1384 2226 1428 opibus

1233 1436 1424 1479 desperant
1439 1434 1660 1476 Phocenses,
1691 1448 1808 1481 neque
1825 1435 2017 1482 quicquam
2040 1441 2227 1481 praeterea

1232 1485 1402 1531 Philippo
1421 1494 1471 1521 est
1488 1488 1683 1528 obstaculo,
1710 1494 1932 1531 praesentem
1953 1499 2075 1521 rerum
2093 1493 2226 1521 statum

1232 1539 1504 1582 perturbatum:
1541 1551 1605 1580 eo,
1634 1539 1803 1585 inquam,
1831 1551 1886 1573 res
1910 1540 2083 1573 inclinare
2107 1539 2226 1573 video.

1232 1589 1366 1623 Verum
1395 1591 1491 1624 enim
1517 1603 1603 1624 vero
1629 1591 1658 1625 si
1680 1591 1759 1637 quis
1781 1597 1937 1624 vestrum
1958 1591 1997 1625 in
2018 1589 2106 1633 hoc,
2135 1602 2227 1637 quae

1234 1654 1322 1686 opus
1344 1649 1395 1676 est
1418 1644 1512 1676 facto
1539 1643 1674 1684 reiicit,
1702 1643 1730 1676 is
1752 1642 1873 1676 videre
1896 1644 2095 1687 periculum
2112 1655 2228 1690 prope

1233 1693 1348 1737 cupit,
1390 1696 1488 1740 quod
1517 1695 1684 1728 accidisse
1714 1694 1841 1739 procul
1876 1695 1999 1729 audire
2028 1697 2158 1742 possit,
2193 1702 2229 1731 et

1232 1745 1364 1778 auxilia
1388 1747 1455 1780 sibi
1481 1759 1653 1792 quaerere
1677 1747 1771 1786 vult,
1799 1758 1878 1779 cum
1900 1747 1974 1791 ipse
2002 1761 2098 1783 nunc
2114 1748 2228 1794 possit

1232 1797 1398 1830 auxiliari
1422 1798 1512 1833 aliis.
1577 1798 1685 1844 Quod
1713 1798 1808 1831 enim
1825 1798 1872 1845 98)
1903 1811 1944 1832 eo
1972 1801 2133 1835 recident
2157 1813 2226 1842 res,

1231 1848 1260 1881 si
1283 1850 1485 1892 praesentia
1505 1850 1745 1894 negligamus,
1772 1850 1945 1885 nimirum
1965 1852 2094 1887 scimus
2112 1854 2225 1886 ferme

1233 1911 1368 1934 omnes.
1422 1900 1491 1934 Sed
1515 1903 1613 1948 quod
1637 1908 1729 1935 certe
1753 1902 1926 1935 auxilium
1948 1903 2039 1937 ferre
2058 1910 2226 1950 oporteat

1233 1950 1379 1996 (dixerit
1395 1952 1560 1999 aliquis),
1589 1966 1712 1988 omnes
1735 1953 1922 1994 novimus,
1951 1961 1985 1988 et
2009 1957 2226 1990 auxiliamur

1231 2015 1334 2043 sane;
1362 2016 1487 2038 verum
1505 2005 1568 2050 qui
1581 2006 1617 2038 id
1632 2006 1757 2038 debeat
1773 2005 1868 2045 fieri,
1896 2005 1985 2040 istuc
2000 2020 2085 2042 vero
2103 2008 2225 2043 dicito-

1231 2054 1304 2089 Nec
1335 2055 1463 2099 igitur,
1503 2056 1572 2089 viri
1600 2055 1854 2097 Athenienses,
1892 2058 2075 2093 miremini
2095 2060 2162 2108 ⁹⁹),
2193 2059 2226 2093 si

1233 2106 1318 2151 quid
1339 2108 1463 2141 dixero
1486 2108 1712 2152 inopinatum
1736 2109 1928 2154 plerisque.
1986 2110 2226 2156 Legislatores

1233 2159 1456 2200 constituite,
1483 2159 1535 2201 ‚in
1566 2157 1631 2193 hos
1655 2172 1740 2192 vero
1769 2172 1812 2192 ne
1847 2160 1961 2204 legem
1993 2164 2136 2207 ponatis
2169 2164 2224 2197 ul-

1231 2209 1304 2242 lam
1331 2210 1409 2257 ¹⁰⁰);
1437 2217 1520 2244 sunt
1543 2211 1638 2243 enim
1663 2211 1764 2245 vobis
1789 2212 1935 2246 multae.
1994 2213 2129 2250 Verum
2154 2227 2225 2257 eas,

1233 2273 1323 2306 quae
1355 2262 1393 2294 'm
1418 2274 1586 2307 praesens
1613 2262 1714 2296 vobis
1747 2269 1896 2303 nocent,
1929 2265 2067 2302 solvite.
2133 2266 2224 2300 Dico

1265 2384 1314 2412 96)
1334 2383 1368 2409 Η.
1387 2384 1405 2407 l.
1425 2383 1452 2406 in
1471 2382 1522 2408 Ed.
1542 2382 1626 2406 Basil.
1646 2384 1712 2407 nota
1730 2383 1862 2414 margin.:
1885 2384 1999 2409 Occasio
2017 2391 2161 2416 praesens.

1265 2427 1313 2455 97)
1340 2428 1371 2451 H.
1397 2427 1414 2450 1.
1441 2426 1468 2449 in
1488 2426 1537 2451 Ed.
1557 2426 1641 2449 Basil.
1669 2429 1735 2450 nota
1759 2427 1889 2458 margini:
1915 2428 2067 2460 Eleganter
2090 2428 2220 2454 membris

1300 2463 1328 2485 et
1347 2461 1442 2485 incisis
1464 2467 1521 2484 rem
1541 2461 1606 2484 facit
1623 2462 1791 2485 atrociorem
1809 2462 1951 2493 magisque
1970 2464 2151 2494 conspicuam.

1265 2505 1313 2532 98)
1340 2505 1372 2529 Η,
1392 2504 1408 2527 l.
1437 2503 1463 2526 in
1483 2503 1533 2528 Ed.
1553 2503 1636 2527 Basil.
1656 2505 1721 2527 nota
1740 2505 1871 2534 margin.:
1906 2505 2045 2530 Hactenus
2066 2504 2216 2537 epitimesis

1299 2538 1421 2568 sequitur
1440 2538 1530 2561 altera
1550 2544 1633 2569 pars,
1653 2544 1704 2568 quo
1725 2540 1804 2567 pacto
1823 2539 1922 2569 possit.

1264 2581 1312 2609 99)
1337 2582 1369 2603 Η.
1389 2581 1406 2604 l.
1427 2581 1454 2604 in
1474 2581 1522 2604 Ed.
1542 2581 1626 2605 Basil.
1645 2583 1709 2604 nota
1728 2581 1860 2612 margum
1891 2582 2038 2607 Exordium
2059 2588 2160 2607 novum
2185 2583 2220 2608 de

1297 2615 1458 2673 :li-,gaggada
1492 2616 1554 2646 lege
1588 2617 1615 2638 et
1646 2615 1770 2644 pecuniis
1801 2616 1836 2639 ad
1866 2616 1980 2640 militiae
2010 2623 2089 2641 usum
2121 2618 2220 2642 conre-

1266 2700 1329 2727 ¹00)
1350 2701 1381 2723 H.
1401 2700 1419 2723 1.
1438 2699 1466 2723 in
1485 2699 1569 2723 Editt.
1585 2700 1671 2732 1559„
1692 2700 1778 2732 1564„
1799 2700 1891 2733 15⁷0„
1912 2701 1987 2726 1587.
2006 2701 2073 2726 nota
2086 2702 2219 2735 margia:

1298 2735 1389 2765 Leges
1407 2734 1567 2758 abolendae.
