2351 2990
146 110 242 146 1039

143 209 161 228 a
180 195 374 228 maioribus
398 201 536 238 partam
563 206 606 227 ne
631 194 773 239 quidem
804 193 907 226 nobis
935 193 1019 237 ipsis
1046 193 1140 225 inter

143 260 208 281 nos
226 246 378 279 retinere
397 245 441 291 18)
459 258 656 290 possumus.

246 297 318 330 Cur
345 309 428 329 vero
455 297 665 341 negligimus
691 294 870 327 cix-itatem
901 300 1138 339 occupantem

144 349 371 393 tyrannidem
407 348 496 380 inter
526 360 608 385 nos,
650 358 728 378 cum
758 352 944 390 tantopere
974 346 1139 378 laborare

143 402 339 439 soleamus,
366 406 421 438 ut,
451 399 478 432 si
498 399 575 443 quis
593 398 630 430 in
649 410 719 430 uua
743 397 884 430 civitate
910 397 1138 442 tyrannidem

144 452 309 490 invadat,
336 451 363 483 is
382 448 552 483 tollatur?
595 450 651 481 An
668 448 863 489 nescimus,
893 449 1076 494 quomodo
1096 449 1139 480 ab

143 503 198 538 his
227 503 338 536 tribus
361 501 523 534 maximis
548 501 650 534 malis
679 500 895 540 liberemur,
936 512 952 532 a
978 499 1140 539 stultitia,

144 554 256 589 animi
273 553 441 592 mollitie,
470 558 503 584 et
525 550 691 595 ignavia?
746 551 869 596 Neque
888 551 1056 585 excusetis
1077 563 1140 584 vos

145 606 212 641 hoc
241 610 446 649 praetextu,
483 604 579 648 quod
612 602 800 636 nolueritis
837 602 973 648 aliquid
1007 609 1139 635 temere

146 669 261 702 agere.
314 655 405 689 Nam
423 654 502 688 talis
520 653 788 698 circumspectio
801 681 810 694 ,
838 654 922 699 quia
941 654 1061 687 multis
1077 666 1140 686 no-

146 709 236 748 cuit,
264 706 446 740 contrario
465 706 611 738 nomine
630 705 777 739 stultitia
796 705 925 738 rectius
942 711 1101 738 vocatur.

246 759 314 792 Sed
349 757 435 803 qnid
461 769 550 801 opus
575 763 626 791 est
660 756 781 801 priora
813 763 930 789 errata
967 754 1033 789 hoc
1061 757 1139 789 loco

144 810 282 857 prolixe
300 808 504 853 exagitare?
548 807 588 841 In
605 806 673 841 hoc
689 808 801 852 magis
819 808 986 840 convenit
1002 807 1140 841 incum-

142 864 246 901 bere,
275 861 457 907 quomodo
476 859 722 905 praesentibus
743 860 848 893 rebus
867 872 972 904 opem
988 859 1140 892 ferentes

145 912 337 948 consulatis
347 912 487 945 futuris.
514 911 677 944 Patrium
688 910 751 956 ¹⁸²¹)
769 911 864 944 enim
876 911 977 944 vobis
989 917 1051 951 est,
1069 910 1140 943 vir-

145 972 256 999 tutem
283 963 466 996 laboribus
491 974 720 1006 comparare,
747 974 812 995 nec
835 968 974 995 mutare
995 974 1141 996 consue-

145 1016 328 1055 tudinem,
365 1014 503 1047 etiamsi
538 1026 633 1047 nunc
662 1014 789 1057 opibus
829 1019 863 1047 et
889 1013 1049 1058 potentia
1078 1013 1141 1046 ali-

146 1067 359 1114 quantulum
380 1064 600 1099 antecellitis.
653 1064 737 1099 Non
755 1065 924 1098 convenit
943 1064 1059 1104 enim,
1087 1076 1141 1104 ea,

147 1131 237 1165 quae
264 1116 470 1162 peperistis,
499 1128 578 1149 cum
606 1115 731 1160 inopes
758 1116 886 1157 eratis,
913 1128 1009 1149 nunc
1031 1115 1068 1147 in
1092 1116 1141 1148 af-

145 1169 290 1204 fluentia
310 1168 470 1213 perdere.
500 1167 568 1200 Sed
583 1168 684 1200 decet
702 1180 765 1201 vos
783 1179 914 1212 magno
934 1167 1054 1200 animo
1069 1167 1142 1200 bel-

145 1223 219 1256 lum
249 1219 413 1264 aggredi,
441 1219 649 1263 praesertim
675 1231 754 1252 cum
773 1218 870 1252 Deus
894 1216 1060 1252 hortator
1085 1217 1141 1258 sit,

146 1286 226 1307 cum
243 1271 429 1305 victoriam
448 1270 653 1314 promittat,
680 1276 715 1303 et
740 1282 819 1303 cum
843 1270 1010 1304 universa
1031 1270 1142 1303 Grae-

147 1324 200 1358 cia
219 1336 299 1358 suas
318 1322 409 1356 vires
426 1321 609 1355 vobiscum
629 1322 843 1366 coniungat,
870 1321 1002 1366 partim
1031 1327 1142 1360 metu,

146 1375 280 1421 partim
301 1374 408 1407 etiam
428 1385 512 1407 snae
534 1372 696 1407 utilitatis
716 1384 833 1406 causa.

224 1426 299 1461 Nec
319 1430 509 1470 propterea
527 1424 666 1468 priores
690 1424 835 1457 foedera
858 1421 1023 1462 solvetis,
1051 1432 1142 1467 quae

147 1485 246 1512 utros
263 1476 360 1510 Deus
378 1481 520 1509 censeat
536 1475 671 1508 violare
683 1502 693 1515 ,
728 1475 801 1520 ipse
822 1474 973 1514 indicat,
1002 1472 1064 1518 qui
1081 1484 1143 1506 vos

146 1530 281 1563 bellum
306 1539 451 1561 movere
474 1526 583 1561 iubet.
636 1526 729 1560 Nam
750 1538 854 1571 opem
872 1525 991 1558 seretis
1011 1523 1142 1556 iniuria

148 1580 294 1614 affectis.
347 1578 394 1611 At
416 1578 559 1611 foedera
583 1577 740 1617 violant,
767 1590 843 1610 non
862 1576 924 1622 qui
950 1575 1144 1620 depellunt,

148 1633 209 1667 sed
228 1631 289 1676 qui
306 1630 444 1675 priores
464 1629 622 1662 inferunt
643 1629 824 1662 iniuriam.
877 1627 966 1661 Cum
987 1639 1070 1671 ergo
1092 1632 1146 1659 tot

147 1681 318 1717 honestae
338 1692 461 1714 causae
487 1692 550 1713 vos
574 1680 762 1724 impellant
783 1681 827 1713 ad
851 1679 983 1712 bellum
997 1705 1006 1719 ,
1034 1684 1069 1711 et
1091 1689 1145 1717 ea,

150 1746 240 1781 quae
258 1746 323 1766 nos
342 1732 378 1765 in
395 1730 463 1765 hoc
485 1743 649 1765 consessu
668 1730 1042 1770 commemoravimus,
1070 1741 1145 1762 cer-

147 1793 224 1820 tum
242 1785 288 1819 sit
304 1783 443 1828 publice
462 1789 495 1815 et
514 1783 684 1827 privatim
702 1784 837 1817 cunctis
853 1782 1041 1827 profutura
1059 1792 1145 1821 esse,

147 1850 223 1871 non
254 1835 389 1869 debetis
421 1835 586 1874 contari,
626 1835 687 1868 sed
713 1847 821 1880 quam
856 1833 1015 1879 primum
1045 1844 1144 1864 arma

149 1900 307 1927 sumere,
344 1892 377 1919 et
411 1898 490 1918 cum
525 1886 679 1920 aliorum
709 1887 911 1920 libertatern
944 1884 1146 1923 defendere,

148 1947 224 1974 tum
242 1939 349 1972 etiam
369 1937 664 1971 Potidaeensibus
683 1938 866 1982 opitulari,
884 1936 958 1983 qui,
975 1948 1055 1969 cum
1073 1934 1145 1968 ori-

150 1992 230 2037 gine
245 1988 536 2028 sintDorienses,
564 1996 685 2022 tamen
703 1990 746 2023 ab
762 1988 907 2023 Ionibus
924 1987 1145 2027 obsidentur,

151 2056 229 2077 cum
248 2047 351 2074 antea
373 2040 593 2073 contrarium
611 2041 722 2074 fieret.

252 2092 376 2138 Neque
400 2089 467 2124 hae
492 2091 767 2126 deliberationes
794 2091 903 2125 ullam
928 2101 1067 2123 moram
1085 2089 1146 2122 ad-

151 2145 311 2179 mittunt.
374 2143 463 2177 Cum
490 2144 583 2176 enim
612 2143 759 2187 plurimi
787 2156 828 2177 ex
850 2141 982 2176 nostris
1006 2141 1076 2174 iam
1101 2141 1146 2174 ab

150 2195 426 2231 Atheniensibus
450 2195 536 2229 laesi
566 2195 655 2235 sint,
691 2195 752 2227 alii
777 2206 919 2241 quoque
944 2205 1027 2226 mox
1050 2192 1145 2225 idem

152 2247 399 2293 experientur,
425 2245 486 2279 ubi
502 2246 710 2280 resciverint
724 2245 979 2284 Athenienses,
1005 2250 1146 2278 nostras

152 2299 427 2333 deliberationes
450 2298 492 2330 de
516 2298 609 2331 bello
635 2298 741 2332 fuisse
770 2298 913 2337 irritas;
941 2308 1025 2329 nam
1048 2301 1146 2329 metu

152 2363 218 2384 nos
240 2349 413 2383 deterreri
435 2348 699 2383 existimabunt⁴

254 2400 349 2444 Ergo
374 2400 443 2432 viri
458 2399 735 2434 Lacedaemonii
757 2400 800 2433 de
824 2397 1004 2444 praesenti
1026 2409 1145 2431 neces-

153 2451 255 2486 sitate
280 2451 474 2494 cogitantes
488 2453 622 2486 bellum
646 2451 843 2491 decernite,
871 2457 905 2484 et
926 2449 1052 2483 vestris
1074 2449 1145 2482 suf-

152 2502 275 2546 fragiis
302 2502 495 2543 ostendite,
530 2516 595 2537 nos
632 2504 766 2548 optime
793 2502 1009 2536 consuluisse
1034 2501 1145 2534 Grae-

154 2554 240 2587 ciae.
293 2553 366 2587 Nec
391 2556 569 2597 praesenti
594 2555 753 2599 periculo
782 2552 1055 2592 deterreamini,
1083 2552 1144 2585 sed

190 2642 236 2670 18)
256 2642 394 2670 retinere]
412 2641 462 2667 Ed.
481 2642 554 2666 ¹562.
573 2649 669 2667 errore
689 2645 817 2675 typogr.:
837 2643 990 2668 retitinere.

190 2685 252 2712 18³)
273 2684 409 2713 Patrium]
429 2684 468 2709 sic
487 2685 660 2710 scribendum
680 2688 723 2711 est
742 2695 775 2709 .-·
794 2687 915 2718 Thucyd.
934 2684 1070 2718 πτὶτριονς
1095 2688 1144 2712 Ed.

224 2719 301 2745 1562.
318 2719 458 2745 Patruum.

725 107 847 142 PHlL.
880 107 993 141 MEL.
1029 105 1230 141 SCRIPTA
1270 106 1606 143 PHILOLOGICA.

2094 108 2193 144 1040

1195 193 1306 236 magis
1323 193 1461 225 firmam
1489 206 1527 227 ac
1543 194 1740 227 durabilem
1758 206 1881 238 pacem
1900 194 1992 227 bello
2011 195 2186 239 quaerite.

1195 244 1269 277 Pax
1293 244 1387 276 enim
1413 245 1506 277 bello
1534 245 1647 289 magis
1673 247 1925 283 confirmatum
1962 245 2074 278 otium
2102 257 2187 279 vero

1193 307 1334 339 semper
1367 295 1451 327 belli
1483 302 1617 329 metum
1653 303 1688 329 et
1721 297 1917 341 periculum
1955 296 2185 330 coniunctum

1193 344 1311 380 babet.
1363 345 1571 379 Existiniate
1598 347 1774 381 civitatem
1800 348 1917 387 illam,
1951 360 2041 393 quae
2066 354 2189 392 tyran-

1194 397 1314 431 nidem
1332 398 1367 429 in
1387 397 1536 430 Graecia
1555 398 1712 438 affectat,
1741 401 1889 433 eandem
1908 399 2056 443 singulis
2071 399 2188 432 inten-

1195 455 1288 488 tare,
1331 461 1485 494 quorum
1519 448 1695 494 aliquibus
1726 450 1796 483 iam
1831 451 2003 496 imperat,
2039 449 2187 495 reliquis

1193 499 1293 532 brevi
1327 512 1400 533 sese
1430 500 1688 544 imperaturam
1724 502 1880 536 confidit.
1933 502 2034 534 Hanc
2059 501 2188 535 iunctis

1193 551 1328 585 viribus
1347 563 1514 595 cogamus
1536 552 1580 584 ad
1606 551 1846 593 deditionem,
1880 559 1920 586 ut
1946 552 1984 585 in
2006 558 2190 597 posterum

1193 602 1299 636 soluti
1318 608 1434 642 metu,
1461 608 1602 636 nostras
1617 602 1776 637 civitates
1791 609 1868 637 tuto
1885 601 2086 637 inhabitare
2109 615 2192 648 pos-

1194 654 1322 694 simus,
1350 660 1384 686 et
1401 659 1440 686 ut
1457 654 1613 687 Graecos
1634 653 1704 686 iarn
1731 655 1768 688 in
1791 654 1996 688 servitutem
2028 656 2192 689 redactos

1194 705 1231 738 in
1250 705 1451 739 libertatem
1469 705 1700 739 vindicemus.

1335 782 1603 827 Descriptio
1638 780 1974 816 Themistoclis
1998 781 2056 829 ¹⁹).

1294 850 1383 884 Erat
1399 849 1658 884 Themistocles
1675 850 1878 884 firmissimo
1893 856 2043 884 naturae
2060 850 2191 884 robore

1194 902 1396 947 praeditus,
1442 909 1590 947 propter
1616 903 1713 948 quod
1739 902 1866 935 eximia
1899 901 1974 935 eius
1998 901 2190 935 admiratio

1194 954 1271 988 suit.
1327 954 1399 988 Suo
1421 953 1565 998 ingenio
1588 954 1695 986 etiam
1722 965 1795 987 non
1819 953 2065 998 praemonitus
2088 965 2192 998 prae-

1194 1006 1347 1039 sentium
1372 1011 1405 1038 et
1432 1005 1711 1050 improvisarum
1737 1017 1857 1038 rerum
1881 1004 2088 1038 brevissima
2107 1004 2194 1039 deli-

1193 1057 1379 1091 beratione
1409 1057 1569 1101 egregius
1589 1062 1665 1089 erat
1682 1057 1909 1095 aestimator;
1936 1056 2056 1090 sutura
2073 1062 2194 1090 autem

1195 1121 1301 1142 nemo
1334 1108 1391 1141 vel
1415 1108 1556 1152 longius
1582 1108 1639 1141 vel
1664 1107 1793 1141 certius
1827 1107 2022 1152 prospexit.
2091 1107 2194 1153 Quae

1195 1161 1339 1193 tenebat
1361 1166 1395 1193 et
1420 1159 1457 1192 in
1481 1159 1648 1193 manibus
1672 1157 1846 1199 habebat,
1874 1158 2031 1203 graviter
2047 1159 2193 1203 agebat3

1196 1212 1330 1244 incerta
1365 1223 1451 1244 vero
1487 1217 1521 1244 et
1558 1212 1706 1245 obscura
1743 1211 1857 1244 donec
1886 1207 2192 1254 deprehendisset,

1195 1275 1270 1296 non
1287 1262 1544 1308 acquiescebat.
1596 1260 1636 1295 In
1653 1274 1773 1295 rerum
1794 1262 1931 1295 delectu
1950 1262 2037 1307 quid
2061 1262 2192 1302 facere,

1197 1320 1231 1347 et
1256 1314 1341 1359 quid
1365 1313 1526 1346 amittere
1546 1319 1747 1357 oporteret,
1776 1312 1928 1346 maxime
1946 1312 2191 1357 praevidebat.

1195 1365 1319 1410 Neque
1339 1362 1435 1398 hunc
1460 1364 1649 1410 quisquam
1682 1364 1799 1399 subito
1833 1363 1982 1398 consilio
2007 1364 2051 1406 ,in
2086 1364 2192 1398 rebus

1196 1416 1403 1450 necessariis
1420 1415 1516 1449 vicit.

1459 1491 1624 1526 Oratio
1658 1491 1935 1538 Periclisw).

1301 1561 1351 1595 Ut
1378 1558 1550 1595 hactenus
1583 1573 1723 1605 semper
1757 1560 1794 1593 in
1828 1558 1895 1595 hac
1920 1560 1971 1594 fui
2003 1560 2193 1601 sententia,

1197 1624 1272 1646 non
1298 1613 1495 1646 cedendum
1521 1624 1593 1646 esse
1612 1612 1944 1657 Peloponnesiacis‚
1973 1625 2194 1660 quamquam

1197 1664 1269 1698 scio
1285 1662 1450 1699 homines
1468 1677 1544 1698 non
1562 1665 1687 1698 eodem
1715 1664 1844 1697 ardore
1869 1677 2014 1699 movere
2040 1665 2133 1698 bella
2159 1670 2194 1698 et

1198 1728 1319 1761 gerere
1333 1743 1342 1757 ,
1370 1717 1430 1750 sed
1448 1716 1605 1750 adversis
1622 1716 1759 1750 casibu's
1776 1716 2001 1761 languefieri:
2031 1716 2080 1750 ita
2097 1728 2194 1750 nunc

1198 1768 1302 1802 video
1325 1769 1447 1801 eadem
1464 1769 1646 1802 suadenda
1667 1779 1759 1808 esse,
1787 1774 1822 1801 et
1841 1780 1904 1802 vos
1929 1768 2194 1802 confirmandos

1199 1832 1291 1860 esse,
1316 1826 1443 1853 utnon
1459 1819 1648 1860 deficiatis,
1675 1819 1704 1853 si
1720 1818 1806 1865 quid
1825 1820 1965 1854 adversi
1981 1819 2133 1860 accidet,
2160 1826 2195 1854 et

1199 1871 1228 1904 si
1251 1883 1326 1905 non
1342 1871 1475 1905 fuerint
1489 1884 1667 1906 successus
1685 1871 1867 1916 prosperi,
1895 1877 2015 1905 tamen
2038 1871 2194 1905 retinere

1199 1921 1292 1956 hanc
1313 1924 1478 1964 laudem,
1506 1924 1603 1969 quod
1628 1929 1722 1957 recte
1747 1922 1937 1957 senseritis.
1992 1922 2193 1969 Utrumque

1200 1974 1294 2008 enim
1320 1975 1397 2008 fieri
1421 1981 1558 2019 potest,
1585 1981 1625 2009 ut
1650 1981 1684 2008 et
1707 1980 1800 2008 recte
1825 1974 2018 2007 deliberata
2036 1973 2194 2009 fortuitis

1200 2026 1336 2060 casibus
1360 2026 1624 2071 impediantur,
1667 2033 1701 2059 et
1721 2026 1758 2058 in
1783 2026 1868 2070 ipsis
1891 2025 2048 2060 consiliis
2072 2033 2193 2061 errent

1199 2076 1380 2112 homines:
1409 2078 1490 2111 ideo
1514 2079 1716 2118 fortunam,
1743 2078 1771 2111 si
1797 2077 1883 2123 quid
1904 2077 2032 2110 accidit
2048 2084 2192 2122 praeter

1200 2129 1427 2175 opinionem,
1456 2142 1597 2164 causam
1615 2141 1686 2163 esse
1705 2129 1866 2163 dicimus.

1301 2181 1531 2216 Manifestum
1563 2187 1614 2215 est
1645 2187 1783 2221 autem,
1822 2180 2127 2215 Lacedaemonios
2156 2187 2191 2215 et

1199 2239 1302 2266 antea
1324 2233 1429 2267 nobis
1452 2233 1637 2267 insidiatos
1671 2245 1762 2273 esse,
1800 2239 1834 2265 et
1858 2244 1953 2266 nunc
1977 2232 2082 2266 nobis
2103 2232 2189 2267 insi-

1199 2285 1302 2319 diari.
1360 2284 1449 2319 Cum
1475 2284 1569 2318 enim
1592 2283 1630 2316 in
1650 2283 1853 2318 foederibus
1875 2283 2106 2318 constitutum
2131 2284 2190 2326 sit,

1197 2342 1255 2377 ut,
1284 2349 1362 2370 cum
1381 2336 1544 2369 incidunt
1559 2336 1835 2377 controversiae,
1860 2335 1999 2369 iudiciis
2015 2335 2189 2369 diriman-

1197 2394 1275 2429 tur,
1302 2400 1368 2421 nec
1387 2394 1468 2421 ante
1488 2387 1659 2421 iudicium
1675 2388 1864 2433 quisquam
1882 2387 2105 2432 possessione
2129 2399 2187 2421 ex-

1197 2439 1369 2473 cutiatur:
1413 2439 1465 2472 illi
1488 2451 1552 2472 nec
1576 2439 1805 2483 postularunt
1827 2438 2086 2484 cognitionem,
2121 2450 2187 2472 nec

1195 2491 1299 2525 nobis
1336 2490 1565 2524 offerentibus
1600 2490 1789 2535 recipiunt.
1860 2490 1930 2524 Sed
1962 2490 2077 2530 bello,
2111 2502 2186 2523 non

1196 2542 1379 2582 oratione,
1415 2542 1675 2576 controversias
1699 2542 1867 2575 dirimere
1893 2541 2039 2581 volunt,
2068 2547 2102 2574 et
2123 2542 2185 2575 ad-

1194 2600 1295 2634 sunt,
1323 2606 1397 2626 non
1419 2600 1458 2627 ut
1483 2600 1667 2634 accusent,
1695 2594 1754 2627 sed
1776 2600 1815 2627 nt
1841 2593 1986 2627 iubeant
2009 2592 2183 2637 imperata

1229 2679 1276 2706 13)
1297 2678 1418 2709 Tliucyd.
1434 2678 1455 2709 1,
1477 2678 1534 2703 138.

1226 2722 1274 2749 20)
1295 2721 1414 2752 Thucy-d.
1430 2721 1451 2748 1,
1469 2722 1518 2745 1⁴0
1529 2723 1627 2747 -144.
