2351 2990
79 113 155 151 805

74 201 237 247 partibus
263 200 452 245 diligenter
483 198 716 233 consideratis
745 198 1000 232 animadvertit
1025 200 1073 232 le-

76 260 154 287 ctor
178 252 300 286 omnia
323 251 504 297 aptissime
528 251 679 295 cogitata
709 263 804 291 esse,
832 257 866 284 et
891 263 966 284 non
990 263 1073 296 pro-

77 305 132 339 cul
149 304 337 342 accersita3
366 304 426 337 sed
444 303 541 336 velut
557 303 675 336 oblata
697 315 770 337 esse
787 303 831 335 ab
851 302 1072 342 adversario,

76 363 111 390 et
128 354 216 389 haec
231 355 386 388 maxime
407 354 606 399 oportuisse
622 361 657 388 et
681 354 838 388 decuisse
862 354 899 386 in
923 354 1071 387 exordio

76 407 366 441 commemorari.
430 405 482 439 [ta
508 406 747 440 consideratio
775 404 914 439 consilii
939 406 1072 450 gratio-

77 471 154 493 rem
183 458 289 492 efficit
315 457 517 492 lectionem.
585 458 714 491 Postea
741 470 851 502 genus
878 458 1070 491 verborum

75 511 265 556 proprium
287 516 322 543 et
343 510 585 543 verecundum
610 510 869 554 adspiciamus,
898 515 932 542 et
960 522 1069 555 quam

74 569 157 607 apte
173 562 244 596 sint
259 561 495 606 interspersae
513 561 710 596 sententiae
730 568 763 595 et
780 567 960 596 noemata.

143 679 467 715 Demosthenis
496 680 651 713 oratio
680 681 729 714 de
758 692 928 714 corona
947 679 990 725 2).

178 757 364 798 Primum,
393 757 462 790 viri
479 755 735 797 Athenienses,
777 756 872 790 Deos
897 769 982 796 oro,
1019 762 1070 796 ut,

75 816 210 857 quanta
236 821 315 842 mea
342 821 483 854 semper
503 821 585 853 erga
613 808 793 842 civitatem
814 815 848 841 et
865 821 927 841 vos
946 820 1070 841 omnes

72 861 321 896 benevolentia
340 861 425 901 fuit,
451 867 551 893 tanta
568 859 722 894 vicissim
738 859 776 892 in
793 857 862 892 hoc
879 859 1010 893 iudicio
1026 859 1070 893 sit

71 912 323 948 benevolentia
349 918 466 945 vestra
493 924 574 956 erga
598 924 675 949 me;
710 911 838 944 deinde
866 918 905 944 ut
928 912 1069 944 animos

73 971 211 999 vestros
237 964 283 996 ad
304 961 393 1003 hoc,
421 964 520 1008 quod
543 963 699 997 maxime
716 963 802 996 utile
819 969 870 997 est
886 963 1007 1003 vobis,
1036 969 1070 996 et

72 1014 289 1050 conveniens
311 1014 479 1059 religioni
497 1021 531 1048 et
557 1015 692 1059 gloriae
715 1020 873 1055 vestrae,
905 1015 1069 1055 excitent,

69 1079 114 1101 ne
137 1066 383 1100 adversarium
412 1079 534 1100 meum
567 1066 606 1099 in
635 1066 823 1100 consilium
860 1064 1070 1107 adhibeatis,

72 1130 120 1153 an
142 1117 342 1152 audiendus
367 1117 434 1151 sim
471 1117 524 1163 (id
555 1118 651 1151 enim
676 1117 964 1162 indignissimum
989 1118 1070 1164 est),

70 1170 133 1205 sed
148 1170 242 1213 leges
260 1175 295 1202 et
313 1169 535 1209 iuramenta,
562 1169 600 1202 in
617 1169 746 1215 quibus
765 1176 907 1214 praeter
931 1176 1068 1203 caetera

70 1221 186 1266 capita
205 1219 273 1254 hoc
289 1221 461 1264 scriptum
482 1227 550 1254 est:
586 1220 636 1254 Ut
652 1233 734 1265 pars
758 1227 909 1266 utraque
934 1222 1070 1266 pariter

70 1272 250 1306 audiatur.
304 1273 387 1316 Quo
412 1272 507 1305 dicto
530 1283 605 1305 non
623 1272 739 1305 solum
757 1272 998 1317 praecipitur,
1024 1285 1068 1306 ne

69 1323 326 1369 pronuntietur
348 1335 386 1356 re
410 1324 572 1357 nondum
599 1323 760 1367 cognita,
786 1336 875 1356 neve
901 1324 984 1357 odio
1009 1330 1070 1357 aut

69 1377 195 1409 favore
217 1387 300 1419 erga
325 1375 475 1408 alteram
501 1381 640 1419 partem
664 1375 775 1408 altera
797 1382 1069 1419 praegravetur,

71 1427 134 1461 sed
156 1426 264 1459 etiam
289 1432 329 1459 ut
355 1427 557 1461 concedatis
583 1426 728 1460 cuilibet
751 1426 877 1460 ordine
902 1433 935 1460 et
950 1428 1067 1460 forma

71 1477 289 1512 defensionis
305 1478 358 1511 uti
369 1505 378 1518 ,
405 1490 514 1523 quam
531 1490 596 1512 suo
612 1478 761 1512 consilio
779 1478 945 1512 instituit.

175 1529 423 1573 Praegravant
447 1536 567 1563 autem
594 1542 651 1562 me
677 1529 716 1562 in
736 1527 805 1562 hoc
830 1530 962 1563 iudicio
987 1543 1067 1563 cum

72 1580 141 1614 alia
166 1581 298 1621 multa,
327 1587 403 1614 tuni
427 1594 512 1614 xero
538 1579 625 1614 haec
651 1582 723 1614 (luo
745 1580 975 1615 incommoda
994 1594 1068 1614 ma-

70 1643 162 1677 gna,
195 1632 375 1677 primum,
410 1634 508 1678 quod
541 1645 615 1666 non
640 1632 749 1667 simili
774 1633 932 1677 periculo
957 1640 1068 1666 certa-

69 1696 162 1717 mus.
230 1683 314 1718 Non
338 1684 433 1717 enim
467 1691 551 1719 sunt
580 1684 895 1718 similes-iacturae
923 1685 1067 1719 amissio

69 1735 342 1769 benevolentiae
369 1743 527 1776 vestrae,
569 1742 603 1769 et
630 1734 726 1770 hunc
753 1748 828 1769 non
851 1737 992 1770 vincere
1015 1738 1067 1770 di-

69 1787 196 1821 cendo-
251 1787 348 1832 Quid
373 1788 467 1821 enim
491 1785 582 1820 mihi
599 1788 734 1822 tristius
752 1788 910 1821 accidere
926 1795 1043 1833 potest
1052 1790 1067 1823 ἶ.)

69 1839 141 1873 Sed
164 1838 250 1872 nolo
276 1836 366 1872 mihi
393 1839 496 1873 initio
529 1839 744 1874 defensionis
773 1841 866 1873 male
899 1842 1066 1876 ominari.

70 1889 137 1924 Iste
156 1902 242 1923 vero
262 1903 341 1924 cum
360 1891 575 1935 petulanter,
594 1897 670 1925 tum
687 1904 772 1925 vero
791 1894 898 1926 etiam
917 1899 994 1927 tuto
1009 1906 1066 1927 me

69 1948 223 1975 accusat.
287 1942 490 1976 Secundum
517 1945 615 1989 quod
639 1956 718 1977 cum
748 1952 875 1978 natura
900 1946 1066 1979 omnibus

68 1993 175 2033 insit,
202 1999 242 2026 ut
265 1993 418 2027 libenter
443 1995 593 2028 audiant
618 1996 860 2030 accusationes
884 2003 918 2030 et
946 1998 1066 2031 convi-

70 2044 123 2078 cia
135 2070 145 2085 ,
172 2051 206 2077 et
224 2052 368 2079 econtra
386 2046 635 2088 offendantur,
663 2047 692 2081 si
709 2048 787 2093 quis
802 2061 837 2082 se
856 2048 970 2093 ipsum
990 2050 1065 2082 lau-

70 2096 151 2136 det,
193 2095 257 2129 iste
283 2098 470 2142 occupavit
498 2097 586 2140 hoc,
639 2101 733 2145 quod
763 2100 932 2139 delectat;
976 2099 1065 2134 mihi

72 2159 158 2181 vero
182 2147 397 2194 relinquitur
421 2150 595 2191 alterum,
624 2152 720 2196 quod
739 2152 810 2185 fere
830 2153 996 2186 omnibus
1013 2153 1066 2186 in-

70 2205 212 2244 gratum
230 2206 292 2233 est.
347 2200 454 2245 Quod
473 2208 586 2236 astute
606 2203 708 2243 fecit,
736 2210 775 2237 ut
798 2216 877 2237 cum
899 2205 1066 2238 vitandae

73 2251 281 2285 offensionis
300 2264 403 2286 causa
422 2251 513 2286 nihil
534 2255 577 2288 de
599 2254 688 2289 meis
712 2256 817 2289 rebus
841 2256 946 2300 gestis
970 2257 1066 2290 dixe-

71 2315 134 2343 ro,
173 2303 271 2336 nulla
299 2304 361 2336 fiat
384 2304 576 2339 criminum
602 2306 743 2347 citatio,
778 2319 896 2353 neque
920 2308 1065 2342 merito-

71 2367 151 2388 rum
176 2356 484 2390 commemoratio.
537 2356 626 2391 Eam
654 2371 739 2391 vero
764 2360 1008 2394 narrationem
1036 2360 1065 2394 si

70 2406 255 2440 instituam
269 2433 278 2447 ,
304 2419 409 2451 saepe
428 2408 470 2441 de
486 2421 542 2442 me
558 2409 636 2454 ipso
652 2411 842 2444 dicendum
861 2412 939 2452 erit,
968 2413 1065 2458 quod

71 2458 217 2505 quidem
234 2459 493 2492 modestissime
510 2461 650 2496 faciam.
703 2462 772 2496 Sed
794 2463 855 2496 uhi
878 2464 929 2497 rei
946 2477 1065 2498 neces-

69 2510 154 2545 sitas
171 2510 278 2543 talem
298 2513 678 2547 commemorationem
696 2514 882 2560 flagitabit,
911 2516 974 2550 iste
993 2517 1064 2550 cul-

105 2661 136 2694 2)
156 2664 231 2687 Haec
249 2663 441 2694 interpretatio
461 2667 488 2690 iu
507 2667 556 2692 Ed.
576 2668 649 2694 1562.
673 2670 713 2694 sic
732 2671 865 2702 iuscripta
885 2675 945 2697 est:
966 2673 1063 2698 Oratio

141 2697 334 2722 Demosthenis
359 2700 421 2733 περὶ
441 2698 599 2733 στεφάνου,
627 2703 653 2727 in
673 2705 800 2730 Latinum
819 2713 975 2732 sermonem
995 2715 1064 2733 con-

139 2738 224 2756 versa
242 2739 258 2757 a
277 2734 399 2766 Philippo
418 2737 602 2762 Melanthone.

315 113 453 148 XXXV.
494 111 897 148 INTERPRETATIO
926 111 1188 148 ORATIONIS
1213 112 1559 149 DEMOSTHENIS
1588 114 1651 148 DE
1681 116 1892 153 CORONA.

2050 121 2124 156 806

1126 201 1266 244 pandus
1292 201 1381 242 erit,
1415 202 1478 248 qui
1504 215 1583 236 cum
1607 201 1652 236 sit
1675 210 1878 245 accusator,
1914 203 2018 239 huius
2041 218 2124 240 con-

1127 252 1296 287 tentionis
1313 253 1455 287 initium
1467 254 1560 288 fecit.
1593 253 1768 287 Existimo
1783 262 1901 289 autem
1921 270 1983 291 vos
2000 270 2124 292 omnes

1125 298 1249 344 fateri,
1277 304 1314 337 in
1343 306 1467 339 eodem
1494 318 1566 340 esse
1592 305 1751 350 periculo
1775 319 1831 339 me
1858 314 1892 340 et
1913 307 2124 354 Ctesiphon-

1126 362 1220 395 tem,
1249 362 1282 389 et
1303 354 1394 389 mihi
1410 370 1485 390 non
1503 358 1621 391 minus
1645 358 1880 391 necessarIam
1907 372 1978 393 esse
2004 361 2124 394 defen-

1125 406 1263 440 sionem
1297 420 1404 453 quam
1435 406 1672 454 Ctesiphonti.
1747 409 1918 443 Miserum
1944 418 1996 445 est
2027 413 2124 446 enim

1125 470 1205 491 cum
1227 459 1305 492 aliis
1328 460 1422 493 vitae
1448 461 1669 495 ornamentis
1684 461 1832 505 spoliari
1849 462 2058 506 praesertim
2079 465 2123 497 ab

1126 509 1292 551 inimico,
1318 518 1394 544 tum
1418 518 1534 545 vestra
1555 512 1803 545 benevolentia
1817 540 1826 554 ‚
1849 525 1958 559 quam
1976 514 2126 559 adipisci

1125 573 1307 595 summum
1335 563 1441 596 decus
1464 570 1526 597 est.
1579 563 1633 596 De
1656 570 1755 596 tanta
1779 576 1816 597 re
1845 577 1925 598 curn
1950 565 1995 599 sit
2012 573 2124 600 certa-

1125 624 1228 652 men,
1255 613 1385 647 iterum
1411 626 1497 654 oro,
1525 621 1565 648 ut
1587 627 1704 647 meam
1729 616 1972 650 defensionem
1992 617 2123 652 iustam

1125 663 1298 704 audiatis,
1327 664 1418 698 sicut
1434 665 1527 710 leges
1545 666 1783 711 praecipiunt,
1808 680 1895 713 quas
1913 668 2023 702 Solon
2042 682 2123 704 cum

1124 715 1349 759 singulorum
1383 716 1513 750 civium
1543 718 1693 751 salutem
1718 719 1859 752 munire
1883 720 2007 760 vellet,
2048 734 2122 755 non

1125 767 1234 799 modo
1260 768 1570 812 promulgatione,
1596 769 1657 802 sed
1680 769 1787 802 etiam
1807 770 2038 805 iureiurando
2064 785 2122 806 ve-

1124 824 1198 852 stro
1230 825 1370 853 sanctas
1396 826 1430 852 et
1454 827 1549 854 ratas
1583 833 1656 854 esse
1690 821 1823 861 voluit,
1860 835 1935 855 non
1959 824 2122 859 diffidens

1124 869 1245 910 vobis,
1271 876 1312 904 ut
1335 868 1424 903 mihi
1441 871 1586 917 quidem
1612 871 1771 913 videtur,
1806 874 1867 906 sed
1891 874 2122 910 considerans

1125 928 1264 954 tantam
1288 923 1361 955 vim
1389 935 1461 956 esse
1486 923 1778 957 criminationum
1800 931 1833 957 et
1849 925 2124 968 calumniarum,

1125 985 1216 1018 quae
1246 974 1347 1018 prius
1383 981 1557 1019 occupant
1586 975 1745 1017 animos,
1788 982 1828 1009 ut
1857 989 1938 1011 reus
1965 978 2123 1022 primam

1125 1024 1335 1069 opinionem
1356 1026 1481 1059 tollere
1507 1039 1548 1059 ex
1572 1027 1702 1061 animis
1726 1039 1801 1060 11011
1821 1028 1951 1073 possit,
1979 1029 2047 1063 nisi
2069 1030 2122 1064 iu-

1124 1077 1192 1109 dex
1215 1076 1337 1110 divina
1361 1078 1535 1122 religione
1558 1091 1594 1112 se
1616 1079 1795 1123 integrum
1822 1087 1958 1121 servet,
1986 1088 2020 1114 et
2043 1082 2124 1126 pari

1123 1128 1372 1161 benevolentia
1387 1141 1450 1162 reo
1467 1130 1590 1163 audito
1606 1137 1689 1164 tunc
1705 1132 1850 1165 demum
1872 1133 2096 1176 pronuntiet.

1227 1179 1317 1214 Cum
1336 1187 1455 1214 autem
1473 1179 1580 1215 hodie
1598 1183 1691 1215 ratio
1710 1183 1890 1216 reddenda
1906 1184 1952 1217 sit
1967 1196 2042 1218 non
2065 1197 2122 1219 so-

1123 1231 1198 1264 lum
1223 1232 1265 1264 de
1289 1229 1365 1272 his,
1392 1245 1484 1278 quae
1508 1233 1544 1265 in
1561 1234 1742 1278 republica
1761 1234 1836 1279 egi,
1863 1236 1924 1269 sed
1943 1236 2049 1269 etiam
2078 1237 2121 1270 de

1123 1282 1218 1315 vitae
1234 1283 1397 1327 privatae
1422 1285 1583 1319 moribus
1612 1292 1646 1318 et
1677 1287 1952 1327 consuetudine,
1986 1300 2122 1329 rursus,

1123 1340 1163 1366 ut
1187 1333 1311 1374 initio,
1341 1336 1489 1369 coeleste
1511 1349 1645 1371 numen
1670 1337 1798 1371 invoco
1824 1338 1925 1373 vobis
1945 1340 2122 1373 audienti-

1122 1384 1207 1426 bus,
1236 1398 1276 1418 ae
1294 1393 1400 1430 opto,
1428 1394 1486 1428 ut,
1515 1395 1647 1433 quanta
1664 1402 1742 1422 mea
1761 1402 1902 1434 semper
1929 1403 2011 1435 erga
2036 1391 2121 1424 civi-

1123 1442 1232 1470 tatem
1257 1437 1505 1472 benevolentia
1534 1440 1620 1480 fuit,
1660 1447 1758 1474 tanta
1783 1441 1828 1474 sit
1857 1441 2011 1476 vicissim
2038 1455 2122 1488 erga

1122 1500 1179 1520 me
1199 1489 1450 1523 benevolentia
1470 1497 1605 1530 vestr-”¹3
1634 1492 1762 1525 deinde
1782 1499 1821 1525 ut
1841 1493 1994 1535 faciant,
2022 1501 2061 1529 ut
2083 1495 2121 1528 in

1122 1537 1188 1572 hac
1205 1541 1430 1575 accusatione
1457 1541 1505 1575 ita
1526 1543 1743 1584 decernatis,
1771 1544 1861 1578 sicut
1881 1547 2121 1580 communiter

1122 1591 1310 1626 universae
1330 1593 1482 1627 civitatis
1501 1594 1635 1638 gloriae
1653 1602 1687 1628 et
1703 1596 1927 1640 singulorum
1952 1598 2120 1642 religioni

1123 1644 1299 1687 congruit.
1334 1644 1383 1677 At
1399 1645 1429 1678 si
1442 1644 1637 1681 Aeschines
1652 1654 1794 1682 tantum
1814 1648 1857 1681 de
1877 1651 2120 1684 controversia

1121 1692 1227 1729 huius
1244 1695 1366 1729 iudicii
1384 1696 1539 1737 dixisset,
1568 1711 1652 1732 mox
1671 1700 1714 1732 de
1734 1700 1794 1733 illo
1812 1700 1954 1734 decreto
1972 1714 2120 1747 respon-

1121 1747 1255 1781 derem.
1308 1747 1506 1793 Postquam
1525 1756 1643 1783 autem
1663 1751 1777 1784 multo
1793 1751 1896 1796 plura
1916 1760 2013 1786 extra
2036 1767 2119 1787 con-

1122 1798 1334 1832 troversiam
1360 1799 1465 1840 dicit,
1493 1807 1527 1833 et
1549 1814 1606 1833 me
1629 1802 1723 1835 salsis
1748 1803 1958 1838 criminibus
1981 1812 2120 1847 onerat,

1121 1850 1252 1883 iustum
1282 1856 1316 1883 et
1339 1852 1576 1885 necessarium
1602 1859 1672 1893 est,
1700 1853 1803 1887 initio
1834 1867 2018 1900 opponere
2040 1858 2120 1891 bre-

1122 1913 1202 1934 vem
1219 1902 1488 1944 refutationem,
1517 1916 1562 1937 ne
1582 1905 1783 1939 voluntates
1798 1913 1937 1940 vestrae
1953 1909 2040 1943 falsa
2057 1909 2121 1943 illa

1121 1954 1465 1988 commemoratione
1497 1962 1530 1988 et
1562 1956 1678 1989 aliena
1710 1970 1728 1989 a
1760 1957 1950 2003 principali
1973 1961 2118 2005 negotio

1120 2004 1317 2045 alienatae,
1353 2006 1528 2052 reliquam
1555 2008 1799 2042 defensionem
1824 2010 1943 2045 minus
1963 2012 2117 2057 benigne

1120 2056 1280 2091 audiant.
1348 2056 1473 2104 Itaque
1499 2060 1542 2092 de
1572 2060 1734 2104 privatae
1761 2060 1855 2095 vitae
1884 2064 2054 2099 conviciis
2083 2072 2118 2099 et

1120 2108 1371 2142 criminatione
1407 2110 1544 2150 videte,
1579 2124 1687 2157 quam
1716 2112 1866 2157 simplex
1893 2121 1926 2148 et
1955 2115 2046 2150 iusta
2072 2117 2117 2150 sit

1120 2172 1198 2192 mea
1226 2161 1424 2204 responsio.
1478 2161 1515 2195 Si
1548 2175 1604 2196 me
1631 2163 1738 2196 talem
1765 2177 1839 2198 esse
1871 2166 1985 2208 scitis,
2028 2180 2115 2214 qua—

1119 2211 1188 2244 lem
1206 2225 1261 2245 me
1276 2212 1342 2246 iste
1360 2213 1397 2246 in
1416 2214 1642 2265 accusatione
1657 2228 1718 2248 sua
1738 2217 1899 2261 depingit
1920 2216 2115 2265 (nusquam

1120 2263 1215 2296 enirn
1232 2263 1304 2297 vixi
1320 2265 1389 2299 nisi
1404 2266 1500 2310 apud
1519 2267 1621 2313 vos),
1649 2279 1694 2299 ne
1714 2280 1782 2301 vox
1799 2269 1944 2314 quidem
1968 2283 2048 2304 mea
2066 2272 2115 2305 fe-

1118 2316 1229 2348 renda
1247 2322 1317 2356 est,
1343 2317 1483 2350 etiamsi
1500 2318 1647 2352 consilia
1664 2331 1743 2351 mea
1762 2319 1800 2352 in
1823 2321 2006 2365 republica
2030 2335 2114 2368 pro-

1118 2367 1228 2408 batis,
1255 2368 1317 2401 sed
1341 2375 1524 2413 surgentes
1549 2370 1620 2403 iam
1644 2383 1700 2403 me
1719 2371 1839 2405 statim
1864 2374 2115 2411 condemnate.

1118 2418 1181 2453 Sin
1206 2426 1326 2453 autem
1349 2421 1443 2455 scitis
1471 2434 1528 2455 me
1552 2429 1585 2455 et
1607 2420 1851 2457 honestiorem
1874 2437 1968 2467 esse,
2011 2434 2045 2461 et
2069 2429 2114 2462 ab

1117 2468 1383 2507 honestioribus
1401 2480 1541 2514 ortum,
1564 2481 1597 2508 et
1612 2474 1711 2507 nullo
1730 2475 1965 2511 mediocrium
1982 2480 2112 2515 civium

1116 2522 1173 2568 (ut
1191 2521 1282 2557 nihil
1297 2524 1413 2558 odiosi
1431 2525 1565 2573 dicam)
1590 2527 1805 2561 deteriorem
1818 2555 1827 2569 ,
1862 2542 1927 2564 nec
1951 2531 2112 2578 reliquae

1115 2574 1360 2609 criminationi
1382 2577 1466 2610 fides
1497 2574 1692 2617 haheatum
1734 2579 1843 2614 simili
1872 2582 1967 2616 enim
1995 2584 2111 2629 impu-

1114 2626 1233 2659 dentia
1250 2628 1351 2661 finxit
1368 2634 1525 2667 caetera;
1554 2642 1610 2663 me
1627 2642 1733 2673 vero,
1761 2639 1801 2665 ut
1827 2640 1931 2667 antea
1958 2635 1996 2668 in
2020 2636 2112 2669 mul-

1113 2677 1157 2711 tis
1175 2677 1314 2713 iudiciis
1330 2679 1478 2720 fecistis,
1506 2693 1601 2715 nunc
1616 2695 1760 2729 quoque
1776 2684 1928 2729 benigne
1946 2686 2111 2723 audiatis.

1112 2727 1186 2763 Etsi
1207 2737 1325 2763 autem
1344 2731 1542 2767 malitiosus
1561 2746 1615 2774 es,
1650 2741 1770 2768 tamen
1795 2733 1862 2770 hoc
1888 2738 1991 2771 stulte
2016 2738 2110 2783 cogi-

1607 2783 1691 2819 51*
