2351 2990
177 127 245 162 471
753 117 874 152 PHlL.
908 114 1019 150 MEL.
1057 111 1256 148 SCRIPTA
1292 110 1627 146 PfflLOLOGlCA.

337 207 518 242 Scholia
555 207 597 239 in
628 205 869 249 epistolam
899 198 1019 234 XVIII.

292 276 322 315 ξ.
356 279 386 310 1.
422 279 496 310 Non
530 273 719 315 concedam]
749 268 973 313 propositio:
1019 266 1177 299 Litterae

190 336 267 361 tuae
294 316 436 361 l'uerunt
459 326 561 359 nobis
583 330 714 367 gratae.
791 323 915 354 Tamen
940 316 1054 364 89083]
1073 317 1178 350 Com-

193 379 350 423 paratio:
382 376 470 410 Mihi
498 376 608 417 magis
627 386 731 418 quam
749 370 866 402 Attico
885 376 1006 412 gratae
1024 369 1178 401 suerunt.

196 431 294 463 Nihil
308 426 467 474 etoirn⁸⁸)]
492 424 685 459 Cori-ectio.
738 423 806 456 Sed
823 433 863 454 ue
877 417 1086 466 yraiias⁹⁰)]
1112 418 1181 451 Oc-

195 481 353 524 cupatio:
381 479 472 523 Quia
492 478 584 509 ultro
601 472 733 511 fecisti,
762 478 795 504 et
812 471 948 510 Attico,
977 470 1064 516 et⁰¹)
1092 466 1182 502 mihi

198 543 269 563 non
293 531 370 563 licet
387 540 489 571 agere
507 526 657 569 gratias,
682 524 740 556 sed
757 522 804 568 9‘·'·)
833 534 899 566 ago
920 528 1052 554 tamen.

300 588 328 633 ᾗ.
344 591 378 623 2.
406 590 495 622 Nam
516 591 548 620 et
570 587 614 619 ad
635 581 688 631 id]
718 582 896 627 Repetitio
917 579 1158 614 correctionis.

484 671 515 704 A
524 682 541 702 r
551 681 646 713 gum
658 680 675 700 e
684 674 807 700 ntum
823 665 882 712 ⁹³).

303 739 456 784 Obliqua
477 735 739 771 commendatio
759 741 821 773 est,
847 744 937 779 quae
952 730 1059 765 habet
1079 730 1187 763 inser-

206 798 277 823 tam
309 790 504 834 gratiarum
547 789 736 821 actionem.
803 785 891 818 Cum
923 783 1017 816 enim
1047 780 1188 815 Serxius

205 842 322 875 Attico
346 854 445 875 suam
471 852 617 884 operam
644 837 821 882 pollicitus
847 841 953 873 esset,
982 834 1105 867 Cicero
1132 829 1188 863 hic

208 892 363 925 ostendit
387 892 422 924 id
449 904 591 937 quoque
625 889 691 922 sibi
720 887 873 921 maxime
904 891 1042 929 gratum
1073 882 1191 920 fuisse,

207 949 239 976 et
263 943 367 977 simul
391 942 531 985 negotia
557 941 665 975 Attici
693 938 929 971 commendat.
993 932 1190 968 Exordium

209 1001 260 1027 est
274 991 409 1039 ἠθικὸν
427 1005 489 1037 per
506 992 748 1025 collationem:
777 988 961 1021 Gratiores
970 983 1070 1023 mihi,
1085 996 1190 1029 quam

210 1045 325 1078 Attico
344 1071 352 1083 ,
395 1051 474 1077 tuae
507 1044 647 1075 suerunt
679 1041 828 1072 litterae.
895 1037 1050 1070 Additur
1081 1034 1191 1067 ratio:

211 1096 302 1140 Quia
339 1102 435 1127 tuam
455 1094 633 1126 liberalem
661 1091 879 1124 voluntatem
900 1088 1017 1121 Attico
1036 1086 1191 1119 oblatam

210 1147 322 1189 magis
340 1146 553 1178 admirabar.
608 1143 698 1176 Hinc
723 1141 883 1187 sequitur
909 1137 1106 1183 propositio
1132 1147 1194 1180 per

211 1196 512 1241 praeteritionem.
565 1193 686 1240 ltaque
710 1205 772 1225 nec
792 1189 1102 1224 commendatione
1121 1198 1195 1219 ma-

215 1249 288 1281 iore
314 1260 402 1291 opus
430 1253 499 1286 est,
534 1258 597 1278 nec
623 1244 817 1289 gratiarum
841 1242 992 1274 actione.
1047 1237 1195 1271 Subiici-

214 1306 270 1332 tur
292 1298 408 1331 literis
428 1297 618 1330 correctio:
646 1295 752 1339 Quod
770 1300 886 1326 tamen
905 1298 1044 1336 gratum
1062 1290 1107 1322 sit
1123 1288 1196 1320 eins

215 1349 381 1383 studium.
443 1348 538 1381 Loco
562 1345 692 1391 epilogi
715 1344 829 1389 posita
855 1350 906 1376 est
929 1343 996 1374 alia
1024 1338 1196 1373 correctio

215 1401 322 1433 totius
346 1399 621 1443 propositionis,
664 1408 733 1442 qua
759 1401 792 1428 et
814 1393 1040 1428 commendat
1067 1397 1100 1423 et
1121 1402 1198 1434 gra-

217 1451 282 1485 tias
311 1450 393 1494 agit.

461 1523 596 1557 Aliud
627 1526 951 1565 argumentum.

320 1592 479 1637 Epistola
504 1596 641 1624 constat
665 1588 765 1622 brevi
790 1587 985 1631 gratiarum
1009 1583 1147 1617 actione
1168 1588 1201 1615 et

219 1643 544 1677 commendatione:
588 1641 730 1675 Gratias
763 1639 842 1671 ideo
876 1637 973 1681 agit,
1010 1635 1106 1680 quod
1138 1646 1199 1666 sua

219 1701 343 1739 sponte
356 1694 475 1727 omnia
495 1693 605 1726 officia
623 1691 740 1724 Attico
758 1689 863 1723 fuerit
881 1687 1068 1733 pollicitus.
1097 1685 1201 1718 Com—

220 1747 364 1779 mendat
380 1757 484 1784 vero,
512 1750 551 1777 ut
568 1743 729 1776 ostendat
747 1754 781 1774 se
799 1741 991 1773 admodum
1012 1736 1199 1771 sollicitum

221 1809 292 1830 esse
310 1808 374 1840 pro
391 1795 542 1839 negotiis
558 1792 686 1827 summi
703 1791 818 1824 amici.
872 1790 968 1821 Loco
988 1787 1122 1821 exordii
1140 1798 1203 1829 po-

221 1848 318 1881 nitur
341 1846 536 1891 propositio
563 1846 604 1877 de
627 1856 688 1877 sua
713 1849 746 1875 et
761 1840 868 1874 Attici
890 1839 1022 1873 laetitia
1040 1851 1078 1870 ac
1098 1835 1204 1881 grati-

222 1898 363 1936 tudine,
390 1910 496 1943 quam
528 1895 718 1939 amplificat
743 1891 1022 1936 comparatione.
1065 1887 1203 1921 Deinde

223 1956 273 1982 est
296 1949 418 1993 petitio
447 1960 508 1981 seu
540 1944 820 1983 commendatio,
856 1942 974 1975 addita
1009 1939 1203 1984 gratiarum

225 2000 379 2040 actione,
405 2006 439 2032 et
459 1997 714 2042 significatione
732 2000 924 2040 perpetuae
947 1989 1184 2036 gratitudinis.

472 2081 608 2115 Aliud
637 2084 961 2123 argumentum.

326 2142 529 2187 Propositio
553 2147 618 2173 est:
646 2139 803 2171 Litterae
830 2144 912 2169 tuae
937 2137 1081 2168 fuerunt
1104 2132 1207 2166 nobis

226 2194 455 2238 gratissimae.
506 2191 635 2225 Addita
680 2196 731 2223 est
768 2185 1102 2232 amplificatiuncula
1144 2196 1208 2228 per

260 2330 306 2355 ΒΩ]
326 2329 378 2351 Pro
402 2328 443 2351 liis
469 2327 523 2349 (Ἲς.
548 2324 640 2348 verbis
664 2323 690 2346 in
715 2322 798 2346 Editt.
825 2321 915 2351 1545„
943 2320 1017 2343 1560.
1040 2319 1101 2342 huic
1128 2320 1209 2341 notae

297 2363 415 2391 praefixa
439 2363 501 2383 sunt
526 2358 682 2389 sequentia:
722 2357 898 2380 Liberaliter
920 2354 1034 2384 Attico,
1060 2353 1154 2383 quilius
1180 2352 1207 2375 in

300 2396 344 2419 ild.
362 2396 434 2419 1537.
454 2396 478 2417 in
500 2394 621 2423 margine
641 2394 682 2415 est
700 2391 833 2420 apposita.

262 2438 308 2463 89)
329 2437 356 2459 ln
376 2437 457 2459 Editt.
480 2436 565 2459 1545..
585 2434 660 2457 1560.
679 2433 739 2455 huic
758 2433 838 2454 uotae
857 2436 906 2460 pro
925 2430 966 2452 his
986 2429 1125 2459 adscripta
1145 2431 1208 2452 sunt

298 2469 485 2493 antecedentia
504 2469 559 2492 Cic.
577 2468 675 2491 verba:
708 2468 747 2490 De
766 2473 820 2496 ιμκι
839 2471 895 2488 non
915 2464 1003 2488 modo.

262 2515 309 2542 90)
330 2513 444 2536 Eaedem
463 2513 479 2536 2
493 2512 575 2536 Editt.
595 2512 619 2534 h.
639 2511 656 2535 1.
675 2511 773 2533 habent
791 2508 933 2539 sequentia
948 2507 1004 2532 Cic.
1019 2507 1118 2531 verba:
1141 2508 1209 2532 Tale

297 2549 371 2572 enim
389 2548 477 2570 tuum.

261 2592 308 2618 91)
327 2590 369 2618 et]
388 2589 414 2612 in
434 2588 481 2611 Ed.
504 2588 575 2611 1515.
597 2587 689 2610 omiss.

259 2633 306 2660 92]
326 2631 389 2659 sed]
409 2630 434 2653 in
453 2630 502 2653 Ed.
524 2630 596 2652 1545.
617 2629 702 2652 deest.

259 2674 306 2701 93)
326 2673 383 2696 Hoc
400 2672 586 2701 argumentum
606 2672 632 2692 et
651 2669 702 2692 duo
721 2667 862 2698 sequentia
880 2668 912 2691 ab
931 2667 1013 2691 Editt.
1030 2667 1120 2697 1556„
1142 2667 1208 2691 1565

292 2706 408 2730 -1596.
433 2705 598 2728 exhibentur.

2139 109 2213 145 472

1227 197 1550 241 comparationem:
1594 195 1683 230 Mihi
1716 196 1889 240 gratiores
1914 195 2077 235 suerunt,
2107 206 2215 240 quam

1229 248 1358 281 Attico.
1386 248 1749 293 Sequituroccupatio
1762 245 2099 281 commendationis:
2128 245 2216 279 Cum

1230 305 1332 331 antea
1358 311 1420 343 per
1452 299 1587 333 litteras
1616 299 1808 332 liberaliter
1836 298 1955 331 omnia
1982 296 2159 341 pollicitus
2183 308 2218 329 es

1231 349 1368 389 Attico,
1403 361 1477 382 non
1499 350 1626 390 video,
1655 350 1739 395 qnid
1767 350 1859 383 ultra
1883 355 2021 393 petam,
2049 353 2110 380 aut
2133 358 2220 392 quo-

1233 401 1340 432 modo
1369 399 1432 432 tibi
1459 401 1590 444 gratias
1616 414 1730 445 agam.
1784 400 1937 433 Additur
1961 398 2132 432 correctio
2161 409 2218 430 oc—

1235 450 1451 494 cupationis:
1495 451 1634 484 Tamen
1663 452 1727 484 tibi
1756 452 1886 495 gratias
1919 462 2040 494 agam,
2076 455 2109 482 et
2140 460 2221 481 eum

1236 502 1506 535 commendabo.
1559 501 1599 535 ln
1620 503 1688 535 fme
1717 509 1767 536 est
1795 502 1908 547 posita
1932 501 2099 534 clausula.

1446 583 1580 617 Aliud
1615 592 1932 628 argumentum
1948 585 2008 631 9²).

1338 643 1421 687 Agit
1439 643 1594 688 Sulpicio
1611 644 1755 687 gratias,
1783 645 1878 689 quod
1894 644 2011 677 Attico
2029 656 2130 677 suum
2148 643 2222 676 offi-

1241 694 1332 728 cium
1355 695 1480 728 litteris
1502 695 1686 734 detulerit,
1715 701 1749 727 et
1772 694 1875 728 simul
1890 694 2046 728 Atticum
2071 694 2103 727 ei
2129 706 2224 727 com-

1241 746 1397 779 mendat.
1449 745 1555 778 Initio
1580 745 1767 790 proponit:
1796 745 1951 778 Litterae
1977 751 2057 778 tuae
2081 746 2227 778 suerunt

1243 795 1330 829 mihi
1345 803 1476 840 gratae.
1530 797 1667 829 Deinde
1688 796 1788 829 addit
1803 797 1847 829 ad
1865 795 2108 829 collationem:
2135 793 2228 828 Mihi

1243 854 1362 880 tamen
1385 848 1557 890 gratiores
1591 860 1699 892 quam
1721 847 1852 881 Attico.
1916 847 2044 880 Postea
2068 846 2228 891 sequitur

1245 899 1447 942 occupatio:
1476 899 1568 943 Quia
1592 899 1686 931 ultro
1711 898 1867 932 detulisti
1891 909 2037 942 operam
2053 903 2151 930 tuam
2166 896 2229 929 At-

1245 949 1326 989 tico,
1355 961 1419 982 nec
1438 951 1572 993 rogaho
1590 956 1635 989 te,
1664 950 1745 994 quia
1764 947 1853 982 nihil
1870 955 1985 993 potest
2001 948 2084 981 addi
2102 947 2228 992 adffia)

1245 1001 1300 1039 id,
1329 1002 1425 1045 quod
1450 1000 1627 1040 obtulisti,
1656 1007 1689 1033 et
1706 1001 1818 1034 fecisti
1835 1001 1871 1033 id
1898 1006 2023 1044 sponte
2038 1006 2110 1033 tua.
2145 998 2231 1032 Cor-

1246 1051 1329 1094 rigit
1346 1057 1465 1084 tamen
1487 1051 1770 1095 occupationem.

1495 1134 1634 1168 Aliud
1662 1140 1986 1178 argumentum.

1349 1202 1412 1236 Est
1436 1202 1631 1246 gratiarum
1663 1203 1775 1241 actio,
1809 1203 1903 1247 quod
1932 1201 2085 1235 officium
2112 1213 2153 1234 ac
2175 1202 2234 1234 be—

1248 1254 1393 1297 nignam
1418 1254 1636 1286 xoluntatem
1662 1265 1726 1297 per
1754 1253 1889 1286 litteras
1914 1252 2081 1286 obtulerit
2104 1252 2234 1292 Attico,

1249 1305 1356 1349 idque
1382 1305 1565 1347 magnifice
1594 1305 1794 1348 praedicat,
1828 1315 1868 1336 ac
1897 1303 1963 1336 sibi
1994 1303 2232 1346 gratissimum

1251 1368 1322 1388 esse
1342 1361 1499 1388 testatur.
1553 1354 1689 1387 Deinde
1706 1353 1890 1387 subiicitur
1907 1354 2030 1398 petitio
2054 1354 2126 1387 sive
2141 1366 2235 1386 com-

1252 1406 1444 1438 mendatio.
1507 1406 1656 1438 Orditur
1678 1406 1721 1438 ab
1748 1405 1895 1445 affectu,
1938 1411 2070 1450 quanta
2101 1405 2234 1437 laetitia

1253 1457 1397 1490 affectus
1421 1457 1465 1490 sit
1488 1457 1585 1489 lectis
1610 1456 1705 1489 illius
1727 1456 1872 1494 litteris,
1907 1468 1994 1500 quas
2018 1457 2062 1488 ad
2078 1455 2235 1488 Atticum

1254 1508 1402 1547 dederit,
1430 1514 1463 1540 et
1480 1514 1531 1540 est
1548 1508 1644 1540 locus
1664 1507 1898 1551 amplificatus
1914 1518 1978 1550 per
1995 1507 2233 1540 collationem.

2081 1555 2090 1566 Ι

1419 1590 1603 1625 Scholia
1631 1591 1677 1623 in
1703 1590 1950 1634 epistolam
1976 1588 2065 1623 XIX.

1357 1658 1386 1703 {-
1407 1660 1437 1692 1.
1475 1662 1555 1693 Cum
1581 1655 1733 1702 Lysone]
1769 1656 1956 1689 Narratio:
2000 1657 2237 1690 Commenda-

1256 1711 1369 1744 tiones
1393 1723 1434 1742 ex
1459 1721 1585 1753 genere
1609 1706 1911 1752 deliberativum).

1359 1769 1388 1813 ξ.
1406 1772 1440 1804 2.
1471 1772 1569 1803 Nunc
1591 1780 1655 1801 non
1676 1764 1788 1813 modo]
1825 1766 1954 1799 Petitio
1986 1778 2027 1798 ex
2050 1766 2238 1800 collatione

1256 1821 1486 1863 amplificata:
1521 1821 1633 1852 Antea
1657 1817 1905 1850 commendavi
1937 1817 1974 1849 in
1999 1817 2105 1849 dubia
2127 1818 2238 1850 fortu-

1256 1883 1301 1902 na
1328 1871 1498 1915 Lysonss,
1541 1882 1635 1902 nunc
1660 1868 1861 1913 sortasse⁹⁶)
1890 1867 2006 1900 minus
2028 1880 2116 1911 opus
2142 1868 2237 1901 vide-

1258 1928 1314 1954 tur
1336 1922 1367 1954 ei
1392 1920 1721 1959 connnendatione,
1749 1931 1812 1962 ego
1837 1925 1956 1951 tamen
1975 1920 2197 1952 commendo.

1555 2005 1880 2046 Argumentum
1898 2001 1957 2047 97).

1361 2071 1498 2105 Usitata
1517 2072 1630 2103 forma
1642 2069 1816 2114 Lysonem
1828 2068 1983 2112 Sulpicio
2003 2071 2237 2105 commendat.

1260 2124 1327 2156 Sed
1343 2123 1425 2168 quia
1443 2121 1536 2166 Lyso
1549 2120 1789 2164 Pompeianus
1804 2126 1890 2158 erat,
1910 2122 2089 2153 metuebat
2103 2120 2239 2162 Cicero,

1261 2187 1304 2207 ne
1333 2173 1506 2217 Sulpicius
1539 2179 1685 2216 propter
1719 2171 1904 2203 Caesarem
1940 2171 2057 2205 minus
2087 2172 2238 2216 benigne

1261 2239 1339 2259 eum
1364 2225 1512 2258 iuvaret.
1565 2222 1685 2267 ltaque
1703 2219 1796 2254 hunc
1814 2228 1945 2254 metum
1964 2223 2088 2255 adimit
2102 2223 2238 2264 Serxio,

1293 2327 1342 2353 94)
1363 2327 1419 2348 Hoc
1437 2324 1624 2353 argumentum
1645 2325 1671 2345 et
1691 2328 1809 2351 sequeus
1829 2321 1854 2344 in
1874 2321 1957 2346 Editt.
1974 2322 2165 2348 1565—1596.
2186 2325 2239 2348 tri..

1330 2362 1378 2383 bus
1396 2359 1533 2389 prioribus
1552 2359 1616 2379 sunt
1634 2357 1734 2380 addita.

1293 2404 1359 2430 94²¹)
1379 2401 1439 2424 addi
1459 2400 1506 2426 ad}
1527 2399 1567 2422 sic
1586 2400 1659 2422 reete
1687 2399 1734 2422 Ed.
1756 2399 1847 2427 1590.;

1327 2436 1400 2459 1571.
1420 2435 1519 2457 additu.

1294 2481 1341 2507 95)
1362 2480 1435 2502 Haec
1461 2479 1525 2499 nota
1550 2476 1575 2499 in
1596 2476 1678 2499 Editt.
1708 2476 1800 2500 1545..
1828 2476 1902 2499 1560.
1921 2475 2056 2498 disiuncta
2082 2478 2124 2499 est
2143 2476 2167 2499 in
2189 2478 2237 2500 has

1329 2514 1413 2536 duas:
1456 2512 1526 2535 Cum
1550 2511 1673 2538 Lysone]
1706 2510 1843 2533 Narratio.
1916 2511 2002 2536 Nullo
2028 2517 2090 2533 cum
2115 2512 2239 2542 hospite]

1329 2545 1583 2570 commendationes
1603 2552 1633 2566 ex
1654 2551 1756 2574 genere
1775 2545 1960 2570 deliberativo.

1293 2590 1340 2616 96)
1359 2588 1494 2614 sortasse]
1513 2587 1554 2608 sic
1574 2586 1647 2609 Editt
1678 2587 1741 2610 15:37
1759 2600 1787 2603 —-
1808 2588 1898 2617 ¹5⁴4..
1919 2589 2007 2615 1554..
2030 2589 2118 2615 1552:

1330 2622 1415 2645 1545..
1436 2622 1508 2644 156⁰.
1526 2621 1665 2645 fortassis,

1884 2398 1933 2424 Ed.
1957 2399 2030 2422 1565.
2048 2399 2156 2429 addita3
2190 2402 2238 2424 Ed.

2156 2592 2240 2617 hunt.

1292 2666 1338 2695 97)
1360 2665 1415 2687 Hoc
1432 2665 1618 2688 aruum-“utum
1641 2666 1666 2686 et
1686 2664 1737 2687 duo
1757 2664 1898 2693 sequentia
1916 2664 1942 2688 in
1960 2665 2043 2688 Editt.
2065 2667 2157 2698 1556.,
2177 2669 2242 2692 1565

1329 2712 1358 2716 —-
1374 2698 1447 2721 15:16.
1467 2700 1583 2720 exstant.

2336 1204 2342 1227 .-
2334 1140 2340 1195 u
2333 849 2341 1133 -ὒς--ῇ--ᾥᾼ-ι
2332 633 2339 844 -zm
2336 705 2337 711 ⁴
