2294 2975
83 125 161 162 277
213 123 335 159 XXIII.
375 123 685 158 ARGUMENTA
699 123 764 157 ΕΤ
778 122 982 158 SCHOLIA
997 123 1045 159 IN
1060 123 1208 159 EPIST.
1225 123 1338 159 FAM.
1357 123 1441 159 CIC.
1459 123 1547 159 LIB.
1558 124 1632 159 VII.
1649 126 1720 161 ΕΡ.
1730 127 1789 161 30.
1801 128 1860 162 31.
1871 128 1930 163 32.
1941 129 2000 162 33.

335 209 475 244 Aliud
502 215 829 254 argumentum.

182 277 380 311 Exordium
406 278 513 310 breve
539 283 590 311 est
615 277 658 310 ab
687 277 835 317 affectu,
876 277 932 310 cui
957 277 1077 310 statim

82 329 309 373 subiungitur
333 328 494 362 narratio
521 341 665 369 eorum,
707 340 798 374 quae
821 328 960 361 Romae
986 328 1076 360 facta

82 387 166 414 sunt
197 380 235 412 in
266 392 392 424 campo
419 379 553 412 Martio
577 386 702 412 contra
727 392 865 413 morem
892 379 1078 412 Romano-

81 444 176 465 rum.
228 431 438 465 Narrationi
462 430 648 464 interserta
673 437 724 464 est
745 431 919 475 generalis
937 437 1077 463 senten-

82 482 152 522 tia,
180 482 339 516 acerbius
358 494 430 515 esse
448 482 568 515 videre
584 483 677 514 mala
690 509 698 521 ,
728 495 836 527 quam
856 488 995 515 tantum
1015 494 1077 515 au-

81 533 169 567 dire.
222 533 361 566 Deinde
378 533 498 566 addita
518 540 569 567 est
585 533 757 578 praecisio
774 535 816 566 de
833 534 936 566 malis
960 533 997 565 in
1021 545 1076 565 re-

80 584 223 628 publica
264 597 344 618 cum
386 584 644 628 significatione
679 597 827 618 suorum
862 585 1075 623 studiorum,

81 635 209 680 quibus
224 648 259 669 se
276 636 312 668 in
331 633 385 669 his
411 635 514 669 malis
540 636 761 673 consoletur;
799 636 883 669 item
906 648 940 669 se
965 634 1075 679 pluri-

78 699 179 719 mum
196 687 364 720 delectari
380 699 502 720 amore
516 687 626 721 Curii.
680 687 765 719 Vice
781 687 911 731 epilogi
928 686 1075 730 ponitur

79 737 263 782 diligentia
280 738 317 771 in
332 739 619 772 commendando
637 738 759 772 Curio.

296 830 435 864 Aliud
463 829 854 876 argumentum⁷⁰).

184 897 335 931 Orditur
369 911 387 931 a
420 898 647 932 conclusione
679 898 905 942 superiorum
938 897 1073 930 littera-

78 960 158 982 rum
172 975 181 989 ,
214 955 248 982 et
264 949 522 994 simplicissime
539 949 730 994 proponit,
765 947 959 982 dehortans
981 947 1074 981 redi—

78 1006 166 1034 tum.
219 1000 348 1033 Postea
364 1000 506 1033 subiicit
529 1013 671 1039 causas,
709 1001 792 1046 quia
811 1000 940 1034 Caesar
963 999 1075 1043 magi-

76 1056 207 1084 stratus
224 1051 318 1094 leges
334 1051 518 1096 impediat.
571 1051 733 1084 Pertinet
750 1058 869 1085 autem
891 1049 978 1084 haec
1002 1051 1074 1095 epi-

75 1102 165 1135 stola
184 1103 229 1135 ad
246 1114 356 1146 genus
375 1102 709 1136 demonstrativum.

163 1210 485 1254 Argumentum
518 1211 743 1255 epistolae
772 1211 977 1259 XXXII.⁷¹).

178 1286 294 1319 Breve
313 1293 348 1320 et
368 1287 508 1331 elegans
533 1288 720 1322 exordium
739 1300 758 1321 a
777 1290 1072 1333 comprobatione

74 1337 345 1370 benevolentiae
356 1338 475 1378 Curii,
504 1339 560 1372 cui
579 1339 678 1372 addit
697 1337 1007 1381 adhortationem,
1035 1348 1074 1374 ut

76 1400 154 1422 eam
170 1389 456 1422 benevolentiam
474 1390 597 1424 officiis
614 1391 781 1424 cumulet.

295 1472 431 1506 Aliud
459 1481 775 1518 argumentum
789 1475 848 1522 72).

179 1540 343 1585 Epistola
361 1548 412 1575 est
430 1540 690 1577 adhortatoria.
743 1543 941 1577 Exordium
965 1545 1072 1577 breve

76 1598 147 1632 est,
175 1599 356 1636 sumptum
375 1605 392 1625 a
412 1594 707 1638 comprobatione
723 1595 994 1629 benevolentiae
1006 1596 1074 1629 Cu-

73 1643 120 1676 rii
144 1654 226 1686 erga
251 1655 299 1677 se.
353 1644 521 1689 Sequitur
547 1643 771 1686 adhortatio,
803 1653 843 1680 ut
867 1659 944 1680 eam
968 1648 1074 1680 bene·

74 1694 271 1727 volentiam
304 1695 427 1728 officiis
458 1696 624 1730 cumulet.
696 1697 835 1730 Deinde
875 1706 1073 1744 sequuntur

75 1746 167 1778 duae
185 1745 429 1785 narrationes,
458 1747 586 1791 quibus
610 1748 754 1781 additur
778 1749 888 1783 iocus.
939 1749 979 1782 In
1004 1751 1072 1783 fine

76 1802 128 1830 est
146 1796 214 1829 alia
231 1797 348 1830 brevis
367 1795 592 1838 adhortatio,
620 1805 659 1832 ut
677 1799 746 1832 cito
769 1801 917 1834 domum
939 1802 1072 1835 redeat.

74 1848 222 1881 Summa
240 1848 377 1881 exordii
395 1855 460 1882 est:
490 1849 722 1883 Delectarunt
737 1864 793 1883 me
815 1858 895 1884 tuae
920 1852 1072 1893 litterae,

76 1911 167 1945 quae
177 1899 222 1945 ¹¹3)
240 1900 488 1944 significabant
505 1908 663 1935 nostram
683 1902 877 1935 amicitiam
900 1916 975 1936 non
1000 1916 1072 1938 esse

76 1951 300 1992 simulatam,
327 1952 388 1985 sed
406 1952 554 1985 omnino
572 1953 759 1997 integram.

324 2044 460 2079 Aliud
495 2054 825 2091 argumentum.

178 2111 338 2156 Epistola
365 2120 417 2147 est
440 2115 688 2158 responsoria,
728 2116 764 2148 in
792 2128 860 2162 qua
890 2117 1073 2161 praedicat

75 2176 197 2198 veram
215 2163 438 2210 amicitiam„
454 2178 546 2211 quae
562 2173 701 2200 constat
716 2174 839 2201 mutua
857 2168 1071 2202 benevolen-

75 2216 124 2249 tia
150 2221 184 2248 et
206 2216 488 2261 quodaquuasi
511 2218 706 2251 certamine
732 2219 943 2253 officiorum.
1003 2220 1072 2254 Ex-

76 2266 218 2300 ordium
252 2266 405 2300 sumitur
430 2280 449 2301 a
475 2269 770 2313 comprobatione
799 2271 1070 2306 benevolentiae

108 2390 157 2419 70)
178 2390 237 2415 Hoc
255 2390 444 2421 argumentum
462 2390 589 2415 exhibent
609 2391 694 2415 Editt.
715 2392 904 2418 1565-1596.

108 2434 157 2462 71)
178 2433 309 2462 XXXII]
328 2433 368 2456 sic
386 2433 468 2457 Editt.
491 2434 613 2465 (1537.),
640 2435 730 2466 1540.,
757 2436 849 2465 1544.,
875 2436 942 2460 1554
955 2437 1070 2463 —1596.

144 2468 243 2497 (Eunt.
263 2468 354 2499 154³,
383 2467 473 2497 15⁴6„
494 2469 583 2493 leot:
612 2469 702 2497 132.):
739 2471 786 2494 Ed.
808 2471 895 2495 Orell.
914 2471 1017 2495 XXXI.
1037 2485 1072 2489 —-

144 2503 205 2526 1100
232 2503 424 2531 argumentum
456 2501 484 2525 in
509 2503 593 2527 Editt.
616 2504 680 2528 1537
699 2505 837 2533 -1545,
868 2506 958 2534 1554.ς
986 2506 1070 2537 1552,

146 2537 223 2560 1560.
243 2536 401 2565 invenitur,
428 2536 558 2565 praefixis
579 2536 706 2568 (excepta
724 2539 773 2562 Ed.
792 2538 881 2571 1537.)
902 2540 956 2564 Cic.
977 2541 1071 2565 verbis

144 2569 185 2602 (§.
202 2572 257 2599 1.):
285 2571 388 2595 Facile
404 2572 540 2601 perspexi
559 2573 609 2595 etc.

107 2613 155 2644 72)
177 2615 445 2672 qggssargu?e¹tnum
465 2616 492 2637 et
511 2614 563 2638 duo
582 2616 726 2646 sequentia
744 2617 771 2641 in
790 2618 875 2644 Editt.
892 2619 984 2650 1556.,
1005 2619 1072 2644 1565

147 2659 175 2664 -
272 2655 321 2672 exs
338 2655 372 2672 an
388 2668 392 2672 .

110 2689 159 2719 7³)
177 2693 262 2721 quae]
283 2692 324 2717 sic
342 2693 420 2716 recte
438 2691 631 2724 Editt.1556.,
653 2694 743 2727 1592.;
774 2696 860 2722 Editt.
882 2697 975 2728 1565.,
997 2697 1070 2722 1569.

143 2730 204 2755 qua.

2054 128 2127 163 278

1132 217 1288 244 mutuae.
1338 211 1468 244 Postea
1488 218 1686 257 sequuntur
1702 213 1792 245 duae
1808 214 1932 247 breves
1950 215 2128 247 narratio-

1131 273 1193 294 nes
1212 263 1254 295 de
1271 262 1397 296 litteris
1413 263 1729 297 commendaticiis.
1780 263 1821 296 In
1843 266 1910 298 fine
1929 272 1979 299 est
1997 263 2127 299 adhor-

1132 313 1218 345 tatio
1231 340 1240 353 ,
1268 320 1306 346 ut
1327 326 1434 358 quam
1450 314 1607 358 primum
1623 315 1770 347 domum
1788 317 1920 349 redeat.

1383 395 1517 430 Aliud
1542 404 1869 442 argumentum.

1232 464 1530 498 Narratiunculae
1562 472 1652 505 tres,
1703 467 1830 513 quibus
1861 467 2036 503 subiectus
2072 477 2124 503 est

1130 514 1228 548 iocus
1247 528 1325 548 cum
1342 516 1443 548 brevi
1459 514 1710 551 adhortatione
1722 545 1731 558 ,
1759 525 1798 552 ut
1816 520 1964 553 domum
1988 521 2121 555 redeat.

1346 598 1484 632 Aliud
1511 603 1898 650 argumentumn).

1233 666 1329 699 Haec
1354 666 1502 710 epistola
1534 668 1692 701 eontinet
1726 672 1898 715 quasdam
1933 673 2058 707 breves
2089 681 2123 708 et

1129 717 1287 750 concisas
1303 717 1551 757 narrationes,
1578 725 1611 751 et
1628 719 1696 752 illis
1720 721 1756 752 in
1781 722 1848 754 fine
1873 723 2037 757 adiicitur
2061 726 2122 758 ad-

1129 766 1307 808 hortatio,
1338 774 1378 801 ut
1405 768 1533 801 Curius
1553 770 1675 803 redeat
1697 770 1864 807 Romam.
1924 773 2125 810 Exordium

1129 819 1318 863 epistolare
1335 825 1386 852 est
1401 831 1420 852 a
1439 821 1782 854 commemoratione
1800 823 2070 861 benevolentiae
2091 835 2125 862 et

1130 870 1340 904 officiorum.

1371 955 1515 989 Aliud
1543 964 1871 1000 argumentum.

1231 1024 1348 1057 Habet
1367 1025 1475 1057 breve
1501 1024 1686 1058 exordium
1711 1037 1730 1058 a
1754 1028 2048 1071 comprobatione
2064 1032 2124 1065 be-

1128 1076 1354 1109 nevolentiae
1378 1075 1477 1109 Curii
1500 1087 1581 1120 erga
1605 1088 1653 1110 se.
1713 1075 1811 1120 Ego,
1847 1078 1984 1124 inquit,
2020 1081 2126 1117 vehe-

1128 1134 1266 1160 menter
1282 1127 1396 1171 probo
1414 1127 1511 1159 illam
1530 1127 1805 1171 gratitudinem,
1839 1142 1945 1175 quam
1972 1137 2125 1177 cognovi

1130 1191 1170 1212 ex
1186 1179 1254 1212 tuis
1271 1179 1410 1218 litteris,
1438 1178 1494 1211 cui
1511 1178 1652 1211 subiicit
1670 1177 1972 1223 adhortationem,
1991 1190 2030 1217 ut
2047 1198 2126 1221 eam

1127 1230 1415 1264 benevolentiam
1438 1229 1561 1263 officiis
1579 1230 1754 1270 cumulet,
1783 1237 1816 1264 et
1833 1232 1902 1265 cito
1920 1235 2052 1270 redeat.

1232 1337 1415 1373 Scholia
1452 1339 1495 1372 in
1528 1339 1773 1384 epistolam
1802 1341 2023 1393 XXXIII.⁷⁵).

1232 1415 1262 1460 ἓ.
1280 1417 1312 1450 1.
1339 1418 1432 1457 Quod
1450 1418 1524 1450 sine
1537 1415 1776 1464 praenomine]
1795 1418 1908 1452 Breve
1926 1424 2123 1461 exordium.

1128 1469 1256 1509 Quibus
1272 1470 1310 1501 in
1324 1465 1469 1514 litteris]
1499 1467 1667 1500 Narratio
1680 1494 1688 1507 ,
1724 1468 1761 1500 in
1781 1482 1849 1514 qua
1868 1472 2123 1517 stomachatur,

1127 1519 1165 1551 in
1183 1532 1218 1552 se
1237 1519 1392 1552 conferri
1407 1518 1652 1564 quorumlibet
1669 1519 1801 1553 insulsa
1812 1520 1857 1567 76)
1874 1522 1965 1557 dicta
1976 1551 1985 1565 ‚
2014 1533 2047 1560 et
2062 1540 2127 1562 no-

1130 1576 1180 1604 tas
1201 1570 1311 1603 addit.

1231 1621 1262 1666 ἓ.
1281 1621 1316 1656 3.
1348 1623 1415 1661 Tu,
1441 1622 1488 1654 mi
1509 1618 1683 1668 Volumni]
1710 1619 1938 1660 Adhortatio.

1425 1703 1751 1747 Argumentum
1764 1705 1823 1752 ⁷⁷).

1230 1772 1391 1817 Epistola
1416 1778 1466 1806 est
1489 1773 1752 1813 admonitoria,
1796 1774 1833 1807 in
1859 1788 1928 1822 qua
1956 1779 2126 1814 admonet

1126 1823 1361 1857 Volumnium
1396 1824 1438 1856 de
1472 1824 1660 1866 generibus
1686 1838 1833 1859 suorum
1857 1828 2056 1871 dictorum,
2092 1839 2127 1866 et

1126 1875 1232 1908 simul
1253 1881 1375 1919 rogat,
1403 1882 1442 1908 ut
1464 1875 1696 1909 insulsissima
1721 1877 1811 1910 dicta
1828 1879 2025 1913 multorum
2042 1894 2126 1926 pro—

1125 1927 1184 1959 bet
1201 1939 1275 1959 non
1292 1938 1365 1960 esse
1383 1925 1575 1959 Ciceronis.
1628 1926 1826 1961 Exordium
1845 1927 1952 1963 habet
1976 1932 2123 1967 brevem

1126 1978 1432 2021 praedicationem
1463 1976 1664 2011 festivitatis
1693 1978 1893 2014 litterarum
1926 1981 2125 2020 Volumnii.

1125 2028 1314 2069 Narratio,
1350 2028 1388 2060 in
1416 2039 1485 2072 qua
1511 2029 1669 2072 primum
1694 2031 1866 2071 ostendit,
1894 2045 2001 2078 quam
2020 2046 2124 2080 aegre

1125 2080 1216 2112 serat
1231 2081 1269 2112 in
1294 2092 1330 2113 se
1355 2079 1510 2112 conferri
1523 2079 1566 2124 78)
1591 2081 1834 2125 quorumlibet
1856 2083 1990 2118 insulsa
2016 2087 2123 2123 dicta.

1125 2131 1263 2164 Deinde
1280 2130 1422 2164 subiicit
1439 2131 1611 2175 quasdam
1630 2139 1733 2166 notas
1760 2140 1793 2166 et
1817 2146 1946 2177 genera
1972 2149 2122 2172 suorum

1125 2183 1316 2216 dictorum.
1370 2181 1581 2216 Narrationi
1599 2183 1719 2216 addita
1748 2191 1800 2218 est
1821 2186 1967 2229 petitio,
1994 2195 2034 2221 ut
2050 2188 2123 2223 Vo-

1158 2319 1208 2347 74)
1229 2318 1286 2357 nec
1297 2318 1496 2375 targumentum
1522 2318 1549 2341 et
1575 2324 1695 2348 sequens
1713 2317 1742 2341 in
1760 2318 1844 2345 Editt.
1862 2320 2056 2347 1565—1596.
2077 2322 2122 2349 in..

1193 2359 1294 2377 vemun
1309 2358 1350 2377 ΗΓ.

1158 2403 1208 2432 75)
1227 2402 1372 2431 ΧΧΧΙΠ.]
1392 2401 1432 2425 sic
1450 2401 1532 2425 Editt.
1554 2400 1679 2430 (1537.)·,
1701 2402 1793 2433 1540„
1814 2404 1907 2435 1544„
1929 2405 2121 2431 1554—1596,

1196 2438 1296 2466 (Editt.
1318 2437 1410 2467 1545.,
1433 2437 1521 2464 1546.,
1543 2436 1632 2460 1601.:
1660 2436 1750 2467 133.);
1773 2437 1823 2461 Ed.
1844 2439 1931 2463 orell.
1951 2439 2068 2466 XXXll.
2088 2454 2122 2459 —-

1192 2472 1439 2530 Ξῖιέυῗτςιιηιειηο
1457 2471 1542 2495 Editt.
1566 2470 1773 2504 1537—1554.‚
1801 2473 2017 2506 1557.„⁴,1560.‚
2048 2476 2123 2500 1601.

1158 2557 1207 2586 76)
1227 2557 1351 2585 insulsa]
1369 2556 1418 2579 Ed.
1441 2555 1515 2579 1545.
1534 2558 1679 2587 corrupte:
1705 2557 1732 2580 in
1751 2563 1810 2582 sua.

1157 2608 1206 2637 77)
1229 2609 1287 2632 Hoc
1304 2609 1495 2639 argumentum
1514 2609 1541 2632 et
1559 2609 1612 2633 duo
1631 2610 1777 2640 sequentia
1794 2610 1822 2634 in
1842 2611 1928 2638 Editt.
1944 2612 2035 2643 1556.,
2057 2612 2124 2638 1565

1192 2656 1227 2660 —
1240 2643 1314 2667 1596.
1333 2643 1518 2672 reperiuntur.

1158 2695 1207 2722 78)
1227 2695 1363 2723 conferri]
1383 2695 1425 2718 sic
1443 2695 1492 2718 Ed.
1513 2696 1604 2726 1556.;
1629 2696 1678 2720 Ed.
1695 2697 1769 2720 1565.
1789 2703 1886 2721 errore
1905 2699 2034 2729 typogr.:
2052 2705 2123 2726 uon-

1196 2730 1281 2761 serri;
1306 2730 1355 2754 Ed.
1378 2729 1452 2753 1569.
1473 2735 1528 2754 non
1547 2731 1631 2762 t‘erri3
1659 2731 1709 2757 Ed.
1732 2732 1805 2757 1592.
1826 2733 1983 2758 transferri.

1412 2763 1498 2799 18*
