2294 2975
93 137 166 172 283
664 132 785 168 PHIL.
820 130 931 166 MEL.
968 128 1169 165 SCRJPTA
1203 131 1538 167 PHILOLOGICA.
2043 130 2119 167 284

94 223 255 267 imperio,
310 220 476 253 Continet
494 226 608 253 autem
631 219 727 251 initia
747 224 908 250 motuum
926 217 1008 249 belli
1033 216 1080 249 ci-

93 275 171 305 vilis
191 274 280 304 iuter
298 272 483 305 Caesarem
504 277 534 302 et
551 270 758 313 Pompeium
772 295 780 306 ‚
809 268 990 312 quomodo
1015 267 1081 300 sci-

95 325 174 357 licct
205 324 241 355 in
273 329 397 355 senatu
432 335 448 353 a
476 320 675 354 consulibus
701 325 733 351 ct
758 318 932 362 Pompeio
958 317 1078 350 omnia

95 382 169 407 acta
194 375 265 407 sint
298 379 419 405 contra
444 372 641 405 Caesarem.
711 369 799 401 Cnin
830 369 925 401 euim
949 368 1079 402 Caesar

93 431 265 470 praeesset
286 424 436 458 Galliae,
469 422 590 453 absens
608 420 846 459 consulatum,
878 431 982 465 quem
1010 419 1078 451 iam

91 477 227 522 aliquot
247 476 356 507 tribus
373 473 436 506 sibi
461 472 681 509 detulerunt,
715 471 827 514 petiit.
886 470 1078 514 Pompeius

92 540 176 560 vero
209 526 390 558 consulum
416 522 605 555 autoritate
631 528 663 554 et
688 534 749 554 sua
776 521 934 566 potentia
958 522 1078 559 fretus,

90 590 163 611 non
183 576 293 609 voluit
310 574 433 607 haberi
451 572 626 605 rationem
645 573 797 606 absentis
812 572 990 609 Caesari&
1018 571 1078 604 sed

91 630 120 663 si
137 628 238 659 vellet
255 625 376 658 consul
391 624 479 663 fieri,
496 624 648 657 demisso
667 624 834 662 exercitu,
862 623 1022 667 privatus
1035 622 1079 654 ad

90 679 212 712 urbem
231 677 430 714 accederet,
459 681 492 707 et
508 676 550 707 de
569 687 666 707 more
686 680 820 718 peteret
845 674 1078 706 consulatum.

90 730 157 763 Sed
177 729 260 761 illud
279 739 350 759 non
371 732 485 759 tutum
504 725 732 759 eratCaesari
750 726 785 757 in
805 731 901 757 tanta
914 723 1077 767 Pompeii

89 779 260 825 potentia.
321 778 414 810 Tum
441 776 577 822 enim⁷)
603 776 754 814 sciebat,
792 787 826 808 se
850 773 1079 808 vehementer

89 829 270 875 gravaris)
295 828 427 861 invidia
452 833 485 859 et
511 827 593 859 odio
615 827 722 859 totius
744 832 896 860 senatus.
957 826 1078 870 Quare

89 882 232 914 tandem
251 892 329 912 cum
347 879 377 912 ei
394 891 467 911 non
493 879 763 917 concederetur,
800 883 838 909 ut
860 889 937 909 cuin
965 876 1077 920 gratia

90 933 316 976 impetraret,
345 929 451 963 arinis
468 927 535 962 hoc
554 928 719 961 obtinuit.
780 927 896 972 Atque
917 925 1005 959 haec
1029 932 1080 958 est

88 983 279 1028 praecipua
297 994 378 1025 pars
399 978 503 1013 huius
527 980 619 1012 libri.
680 979 810 1011 Addita
833 984 915 1011 sunt
939 983 1080 1022 praeter

88 1033 175 1068 haec
198 1034 337 1078 privata
364 1033 537 1077 quaedam
562 1029 711 1069 iudicia,
749 1041 838 1074 quae
863 1029 1005 1062 absente
1024 1027 1080 1060 Ci-

89 1097 217 1119 cerone
243 1090 324 1117 sunt
350 1081 468 1115 habita
495 1082 530 1113 in
553 1082 659 1119 url›e;
701 1080 785 1112 item
811 1079 877 1112 alia
905 1080 1078 1124 quaedam

89 1143 187 1176 acta,
222 1147 312 1181 quae
337 1133 457 1167 omnia
480 1139 649 1177 tanquam
678 1143 771 1163 nova
793 1130 931 1163 Caelius
957 1131 999 1162 ad
1024 1129 1080 1161 Ci-

90 1199 254 1220 ceronem
274 1186 453 1218 absentem
472 1182 687 1228 perscripsit.
732 1180 793 1214 Illa
810 1193 895 1213 vero
915 1193 993 1213 cum
1010 1180 1080 1213 sint

89 1245 228 1271 tanturn
247 1239 406 1281 privata,
434 1247 498 1267 nec
515 1240 632 1267 extent
652 1233 688 1265 in
713 1232 792 1265 ullis
814 1230 990 1270 historiis,
1019 1231 1079 1263 ob-

89 1289 225 1322 scurior
244 1294 294 1321 est
311 1299 438 1330 magna
466 1298 506 1318 ex
523 1291 623 1329 parte
642 1285 731 1316 liber
752 1289 914 1322 octavus,
950 1289 983 1315 et
1007 1283 1078 1314 sere

89 1341 126 1372 in
143 1338 270 1374 scholis
289 1338 476 1371 omittitur.
530 1336 645 1369 Porro
670 1334 778 1367 dictio
804 1333 977 1366 orationis
1002 1332 1080 1365 talis

91 1398 162 1430 est,
190 1397 229 1423 ut
255 1390 336 1422 inde
361 1387 549 1432 singularis
574 1386 693 1431 aliqua
715 1385 868 1424 utilitas,
906 1389 1078 1428 quantum

91 1443 135 1474 ad
150 1441 386 1474 imitationem
405 1439 550 1477 attinet,
585 1438 630 1469 ad
655 1448 784 1480 pueros
802 1435 989 1480 pervenire
1007 1446 1080 1466 non

90 1499 208 1539 queat.

388 1562 523 1594 Aliud
550 1559 783 1594 iudicium.

197 1632 385 1666 Caelianae
418 1629 607 1674 epistolae,
657 1639 747 1673 quae
785 1625 1014 1659 continentur
1046 1624 1082 1656 in

95 1692 220 1719 octavo
250 1684 360 1721 libro,
395 1694 468 1714 nou
493 1686 574 1714 sunt
602 1679 649 1711 ita
667 1679 857 1716 obscurae,
884 1683 922 1709 ut
938 1688 1082 1720 prorsus

95 1735 243 1779 intelligi
269 1739 459 1779 nequeant.
527 1731 635 1763 Fiunt
660 1730 752 1762 enim
780 1728 917 1767 faciles,
953 1727 981 1761 si
1006 1726 1084 1772 quis

94 1787 237 1831 respicit
271 1785 458 1828 diligenter
491 1783 535 1814 ad
571 1787 781 1826 perpetuam
816 1777 1002 1812 historiam
1041 1779 1083 1810 de

95 1837 286 1883 praeludiis
303 1835 384 1868 belli
400 1833 530 1873 civilis,
565 1845 656 1878 quae
674 1838 724 1865 est
741 1831 834 1875 apud
850 1827 1081 1863 Plutarchum

94 1890 282 1933 diligenter
298 1887 426 1930 scripta
437 1886 480 1931 9).
520 1884 627 1929 Quod
645 1890 763 1916 autem
783 1894 910 1925 magna
929 1894 969 1914 ex
983 1887 1083 1925 parte

93 1939 151 1974 hic
183 1940 271 1972 liber
301 1938 440 1970 videtur
470 1935 673 1975 obscurior,
712 1935 750 1967 fit
774 1939 921 1978 propter
943 1933 1081 1976 privata

129 2058 161 2086 7)
181 2056 264 2084 enim]
284 2053 323 2077 sic
342 2052 425 2076 Editt.
446 2050 532 2081 1565„
553 2049 639 2079 1569.,
661 2048 752 2078 ¹552.;
780 2048 829 2072 Ed.
853 2049 926 2072 1556.
946 2048 1036 2072 etiam.

130 2111 161 2138 8)
180 2106 308 2147 grayari]
328 2104 368 2129 sic
386 2104 460 2128 recte
474 2103 556 2127 Editt.
575 2102 660 2133 ¹556.,
683 2102 773 2131 1592.;
799 2101 883 2126 Editt.
901 2101 987 2131 ¹565„
1010 2101 1083 2126 1569.

163 2148 254 2174 gravi.

130 2194 162 2223 9)
182 2194 244 2217 Vid.
265 2191 388 2223 inprimis
407 2189 549 2215 Plutarchi
568 2188 642 2212 vitae
660 2187 791 2212 Caesaris
811 2189 839 2210 et
858 2186 987 2217 Pompeii.

1132 219 1306 262 quaedam
1341 218 1467 251 iudicia
1504 224 1537 251 et
1572 218 1731 261 negotia,
1772 229 1861 261 quae
1898 227 1971 248 non
2002 221 2123 248 extant

1132 269 1223 301 clarc
1248 269 1283 301 in
1300 266 1469 302 historiis.
1530 269 1620 302 Sunt
1643 269 1760 313 itaque
1785 265 1851 300 hae
1876 266 2044 310 epistolae
2070 266 2118 299 le-

1131 320 1264 361 gendae
1298 331 1371 352 non
1397 326 1544 364 propter
1578 319 1834 358 imitationem,
1882 323 1944 350 aut
1973 323 2121 361 propter

1131 370 1390 415 eloquentiam,
1417 371 1476 404 sed
1498 371 1652 415 primum
1678 376 1825 414 propter
1851 367 2018 402 historias
2042 367 2121 400 illo-

1131 433 1209 453 rum
1236 427 1437 465 temporum
1464 423 1528 455 sul)
1555 422 1695 454 initium
1721 421 1803 453 belli
1829 419 1957 457 civilis;
1992 418 2120 451 deinde

1130 478 1169 504 ut
1195 471 1435 515 intelligantur
1457 473 1583 506 melius
1607 472 1788 505 Ciceronis
1814 470 1982 515 epistolae
2007 469 2043 502 in
2068 481 2121 503 se-

1130 523 1246 555 cundo
1267 523 1357 555 libro
1382 523 1425 555 ad
1444 523 1600 556 Caelium
1626 529 1660 556 et
1685 523 1821 568 aliquot
1844 523 1886 555 ad
1903 520 2059 565 Appium
2083 519 2121 552 in

1130 574 1234 607 tertio
1255 573 1346 606 libro
1358 572 1414 619 ¹⁰).

1283 664 1458 699 Scholia
1495 667 1539 698 in
1573 666 1813 710 epistolam
1842 665 1967 712 IV.¹¹).

1235 732 1264 777 ἓ.
1285 734 1318 768 1.
1345 735 1480 768 Invideo
1500 732 1582 780 tibi]
1610 733 1778 768 Narratio
1790 733 1847 779 ¹²).

1317 824 1506 859 Scholia
1542 827 1586 858 in
1615 826 1858 870 epistularu
1886 824 1929 859 V.

1233 892 1263 937 ἓ.
1282 894 1314 927 1.
1343 895 1414 934 Qua
1430 899 1466 927 {u
1484 907 1566 928 cura
1581 892 1649 941 sis]
1677 893 1875 927 Exordium
1900 899 2082 937 sumptum
2102 904 2122 926 a

1131 956 1213 978 cura
1232 951 1266 977 et
1282 944 1531 978 sollicitudine.

1235 993 1266 1039 ἓ.
1287 997 1322 1030 2.
1363 997 1502 1029 Accedit
1522 993 1605 1042 leuc]
1639 995 1759 1028 Altera
1784 1008 1886 1040 pars,
1920 996 1962 1028 de
1989 1007 2125 1029 succes-

1131 1046 1230 1079 sione
1264 1045 1545 1090 provinciarum.
1637 1048 1690 1080 De
1722 1048 1846 1082 Galliis
1881 1045 2121 1094 constituetur]

1129 1094 1282 1141 μίμησις
1290 1097 1347 1142 ¹³).

1290 1179 1474 1214 Scholia
1511 1181 1557 1214 in
1594 1180 1841 1225 epistolam
1868 1179 1957 1214 VIII.

1235 1246 1265 1290 ἓ.
1285 1247 1317 1281 1.
1356 1250 1430 1281 Etsi
1454 1250 1493 1281 de
1516 1245 1703 1294 republica]
1732 1247 1862 1280 Variae
1885 1247 2122 1282 narrationes.

1131 1300 1218 1381 ξομε
1236 1296 1366 1345 Plotia]
1395 1298 1468 1332 Lex
1483 1299 1599 1331 Plotia
1610 1298 1655 1344 ¹⁴)
1677 1298 1744 1331 suit
1766 1299 1808 1332 de
1833 1299 2122 1343 oppugnantibus

1158 1361 1269 1383 omos.

1169 1467 1213 1494 10)
1240 1466 1323 1489 Editt.
1349 1465 1415 1488 1565
1432 1464 1560 1489 —1596.
1594 1465 1705 1494 praeter
1735 1464 1801 1487 haec
1830 1463 1885 1487 tria
1914 1463 2014 1487 iudicia
2043 1463 2122 1489 initio

1201 1501 1280 1523 huius
1310 1499 1370 1522 iibri
1398 1499 1538 1528 proposita
1560 1498 1699 1522 continent
1724 1500 1887 1528 argumenta
1911 1500 1938 1521 et.
1964 1499 2070 1522 scholia
2092 1499 2121 1523 in

1202 1535 1326 1564 singulas
1341 1534 1399 1556 eius
1412 1533 1545 1562 epistolas
1556 1549 1563 1560 ,
1583 1533 1678 1562 quibus
1697 1534 1787 1555 autem
1801 1532 1955 1562 praemissa
1968 1534 2011 1555 est
2023 1533 2123 1557 haecce

1203 1568 1359 1592 annotatio:
1393 1568 1590 1597 „Argumenta
1616 1568 1643 1589 et
1663 1567 1774 1590 scholia
1791 1567 1880 1589 octavi
1900 1566 1959 1589 libri
1979 1573 2036 1590 non
2054 1568 2123 1591 sunt

1203 1604 1237 1628 D.
1251 1603 1341 1630 Plan,
1361 1602 1410 1625 sed
1430 1608 1462 1624 ex
1481 1602 1545 1624 aliis
1564 1601 1679 1625 collecta
1698 1601 1723 1623 in
1743 1607 1821 1623 nsum
1835 1597 2008 1629 puerorum.”
2046 1601 2122 1624 Hauc

1203 1638 1238 1660 ob
1257 1642 1368 1660 causam
1388 1636 1429 1658 his
1449 1636 1559 1658 omissis
1587 1636 1650 1658 ilias
1676 1640 1826 1664 perpaucas
1853 1636 1957 1658 tantum
1981 1634 2122 1658 afferimus

1204 1671 1399 1694 annotationes
1426 1669 1625 1698 Melanthonis,
1658 1674 1727 1698 quae
1754 1669 1780 1691 in
1806 1669 1889 1692 Editt.
1912 1668 2006 1698 1537.‚
2035 1669 2122 1699 1540„

1203 1707 1291 1735 1544„
1313 1705 1397 1733 1545.,
1422 1705 1507 1731 ¹554.,
1529 1703 1613 1731 1557„
1635 1703 1707 1727 1560.
1727 1703 1813 1726 tribus
1832 1703 1957 1733 epistolis
1973 1703 2022 1728 lv,
2041 1704 2075 1728 V.
2096 1704 2124 1727 et

1204 1740 1276 1763 vni.
1294 1739 1450 1768 adscriptae
1467 1738 1652 1762 inveniuntur.

1171 1783 1217 1810 11)
1237 1782 1300 1809 IV]
1320 1781 1360 1805 sic
1378 1781 1404 1804 in
1424 1781 1507 1804 Editt.
1527 1778 1650 1809 (1537),
1678 1780 1768 1809 1540„
1796 1780 1886 1809 ¹544„
1913 1780 2122 1811 1554—1596‚;

1204 1818 1230 1840 in
1253 1818 1337 1840 Editt.
1359 1816 1447 1845 15⁴5„
1471 1815 1560 1841 15⁴6„
1583 1815 1674 1842 1601.,
1705 1815 1824 1838 numeris
1842 1815 2020 1843 epistolarum
2040 1821 2124 1845 prae-

1203 1851 1325 1875 cedentis
1351 1849 1413 1873 iibri
1439 1849 1622 1876 continuatis,
1654 1848 1713 1871 huic
1741 1849 1876 1878 epistotae
1898 1849 2053 1878 adscriptus
2080 1851 2123 1874 est

1203 1891 1332 1909 numerus
1355 1884 1427 1913 138„
1451 1883 1625 1913 subsequenti
1645 1888 1775 1906 numerus
1798 1883 1852 1906 139.
1872 1884 1923 1907 etc.

1171 1929 1215 1958 12)
1238 1929 1311 1951 naec
1332 1928 1397 1950 nota
1415 1927 1448 1949 ab
1467 1926 1549 1949 Editt.
1572 1924 1662 1952 1537.‚
1692 1926 1780 1953 1545»,
1808 1925 1880 1950 ¹550.
1907 1926 2063 1959 exhibetur,
2093 1926 2123 1950 in

1203 1963 1286 1986 Editt.
1305 1962 1395 1991 1540„
1417 1962 1507 1990 1544„
1526 1960 1617 1987 155⁴.,
1640 1959 1710 1983 1557.
1730 1962 1772 1983 est
1791 1960 1899 1984 omissa.

1171 2007 1216 2033 13)
1236 2006 1363 2037 μίμησις]
1388 2004 1429 2027 sie
1453 2003 1536 2026 Editt.
1558 2002 1647 2032 1537.‚
1674 2002 1761 2034 1540„
1792 2002 1884 2033 1544„
1912 2003 2003 2034 1554,
2030 2004 2122 2036 ¹557.;

1203 2041 1287 2063 Editt.
1309 2040 1399 2067 1525„
1420 2038 1493 2061 1560.
1514 2037 1645 2060 Mimesis.

1171 2082 1216 2114 ¹4)
1239 2084 1311 2106 {iaec
1329 2083 1374 2105 est
1392 2082 1436 2104 lex
1456 2080 1545 2104 Pintia
1566 2080 1599 2103 de
1618 2079 1662 2108 vi,
1685 2080 1755 2105 conf.
1775 2080 1804 2104 C.
1826 2081 1857 2105 G.
1878 2081 2039 2106 Waechteri
2057 2082 2122 2106 inu-

1203 2117 1303 2140 stratio
1334 2117 1391 2139 eius
1423 2116 1450 2138 in
1484 2115 1523 2138 1.:
1557 2115 1648 2138 Neues
1682 2115 1783 2137 Archiv
1814 2115 1862 2138 des
1893 2116 2121 2140 Criminairechts

1203 2152 1267 2176 vol.
1280 2151 1351 2175 thi.
1373 2158 1396 2180 p.
1409 2150 1428 2173 8
1440 2156 1500 2178 sqq.
1519 2149 1546 2171 et
1565 2149 1593 2172 in
1613 2149 1710 2172 orcini
1729 2152 1755 2172 et
1774 2149 1877 2174 Baiteri
1897 2150 2037 2175 onomast.
2053 2152 2120 2176 Tui-

1201 2186 1266 2209 liau.
1287 2186 1314 2210 1’.
1328 2185 1371 2208 lu.
1392 2191 1417 2214 ιι.
1431 2184 1482 2208 233
1495 2189 1554 2212 sqq.
