2294 2975
76 118 151 157 273
206 116 327 153 XXIII.
373 115 683 151 ARGUMENTA
698 114 762 149 ET
781 114 984 149 SCHOLIA
1000 113 1046 149 IN
1064 113 1212 150 EPIST.
1229 114 1342 151 FAM.
1360 116 1443 151 CIC.
1470 116 1556 151 LIB.
1578 117 1651 153 VH.
1676 119 1749 156 ΕΡ.
1765 122 1824 156 27.
1839 122 1899 157 28.
1917 123 1977 157 29.

314 203 454 236 Aliud
480 207 808 247 argumentum.

175 270 415 315 Responsoria
444 276 495 304 est
518 270 563 303 ad
589 269 704 314 capita
730 268 964 303 accusationis
980 268 1063 302 Gal-

71 322 172 369 li‘ss)‚
201 323 388 356 ostendens
405 321 442 354 in
458 333 596 355 summa
614 321 680 355 sibi
706 320 744 353 in
767 332 807 354 ea
833 332 872 353 re
895 331 1064 364 magnam

74 375 204 407 factam
228 374 408 407 iniuriam.
474 372 607 418 Estque
634 372 802 406 continua
831 371 991 405 narratio
1021 372 1065 405 de

76 425 205 459 iniusta
225 424 467 464 accusatione,
495 425 594 457 cuius
612 424 727 469 capita
746 423 871 456 ordine
895 424 1065 458 confutat.

75 476 283 510 Narrationi
318 475 461 509 additur
494 475 670 509 excusatio
703 475 905 508 acerbitatis
938 475 976 508 in
1012 486 1067 507 re-

75 528 285 571 spondendo
300 539 364 572 per
379 527 662 564 translationem,
687 527 784 572 quod
802 526 977 566 videlicet,
1004 537 1067 559 sua

74 578 263 623 iniquitate
285 585 318 612 et
339 578 548 612 morositate
564 578 695 612 Fabius
719 578 941 611 occasionem
966 588 1067 622 prae-

72 629 201 663 buerit.

327 713 463 747 Aliud
491 721 817 758 argumentum.

177 781 337 826 Epistola
370 783 474 826 plena
504 789 555 816 est
579 782 713 816 acerbis
737 781 867 815 salibus
893 785 927 811 et
950 791 1070 823 repre-

76 830 321 867 hensionibus.
391 831 637 878 Reprehendit
663 839 781 865 autem
806 837 954 875 propter
986 831 1070 869 duo,

76 884 254 927 primum,
283 885 379 930 quod
399 884 528 918 iniuste
553 883 787 921 accusaverit3
822 882 949 915 deinde
973 882 1071 926 quod

76 935 287 969 iudicaverit
303 936 511 969 Ciceronem
527 947 599 968 esse
626 934 812 973 timidum,
847 939 887 966 ut
912 933 973 978 qui
998 933 1069 965 iam

75 998 150 1019 non
168 988 297 1020 audeat
314 993 393 1031 post
412 986 672 1020 restitutionem
690 986 799 1018 libere
816 984 946 1023 dicere,
975 984 1071 1029 quod

77 1037 217 1072 sentiat.

291 1113 426 1147 Aliud
462 1111 850 1158 argumentumffl).

180 1181 340 1226 Epistola
365 1187 415 1215 est
435 1180 664 1225 responsoria
687 1180 793 1224 plena
815 1180 950 1213 acerbis
976 1179 1072 1213 iocis.

76 1232 212 1265 Probat
227 1239 345 1266 autem
365 1232 625 1266 accusationem
642 1244 714 1264 esse
733 1231 992 1276 iniquissimam
1004 1257 1012 1271 ,
1040 1237 1074 1263 et

77 1290 305 1327 argumenta,
334 1283 461 1328 quibus
484 1295 568 1316 usus
593 1289 688 1321 erat,
726 1282 874 1314 omnino
900 1280 991 1314 nihil
1014 1293 1074 1314 va-

75 1334 160 1368 lere.
194 1334 311 1367 Habet
325 1341 444 1367 autem
459 1333 545 1367 haec
562 1333 709 1377 epistola
729 1333 816 1366 duas
833 1339 963 1376 partes.
996 1332 1075 1365 Pri-

76 1398 176 1419 mum
194 1392 246 1419 est
260 1386 434 1419 narratio.
486 1384 626 1418 Deinde
641 1384 802 1429 sequitur
819 1384 991 1427 epilogus,
1014 1384 1074 1428 qui

76 1434 184 1470 habet
203 1437 465 1470 excusationem
490 1436 613 1480 scripti
638 1435 786 1468 omnino
807 1436 937 1469 acerbi.
990 1435 1076 1467 Per-

77 1487 166 1521 tinet
183 1486 270 1521 haec
288 1488 434 1532 epistola
455 1488 499 1520 ad
517 1499 627 1530 genus
644 1486 820 1519 iudiciale.

193 1587 377 1622 Scholia
411 1589 455 1621 in
491 1588 738 1632 epistolam
766 1585 960 1631 XXIX.5⁵).

182 1664 212 1710 ἓ.
233 1667 265 1700 1.
301 1667 468 1705 ΝΙθῖηὶνιὶ,
504 1667 589 1710 quod
604 1664 649 1710 56)
675 1666 759 1698 mihi
783 1667 952 1707 desipere,
990 1661 1075 1710 etc.]

77 1718 231 1764 Querela
259 1716 475 1760 reipublicae
498 1716 747 1759 perturbatae,
790 1715 827 1746 in
852 1726 921 1759 qua
947 1715 1076 1758 prohat

76 1770 170 1803 illius
186 1768 395 1807 consilium,
423 1767 519 1812 quod
535 1766 704 1799 maluerit
723 1766 842 1799 abesse
861 1765 898 1798 in
907 1766 1075 1803 Graecia;

77 1828 198 1867 estque
216 1826 341 1853 ornata
352 1819 398 1864 ⁵⁷)
418 1815 596 1851 antithesi.

180 1870 209 1915 ἓ.
225 1872 260 1905 3.
285 1872 373 1910 Sed,
402 1866 644 1915 meherclefflss
672 1866 862 1900 Excusatio
880 1879 944 1911 per
961 1874 1075 1900 trans-

77 1923 262 1956 lationem.

114 2057 163 2086 53)
185 2057 259 2080 Galli
279 2056 310 2084 (i.
326 2063 348 2081 e.
368 2057 403 2080 M.
423 2056 503 2079 Fadii
521 2057 630 2085 Galim]
651 2056 689 2079 sic
708 2057 756 2079 Ed.
779 2055 870 2083 155ss.;
891 2053 1075 2091 E¹¹³ttz¹5⁶5·’

149 2092 244 2122 1569„
264 2091 338 2115 1592.
359 2091 432 2114 Gaui
453 2093 574 2121 Sangae.
601 2091 688 2119 (conf.
709 2089 807 2114 Orellii
828 2090 854 2112 et
874 2089 978 2112 Baiteri
998 2088 1075 2111 Ono-

149 2126 231 2150 mast.
251 2125 368 2149 Tulliau.
389 2125 417 2148 P.
436 2125 466 2148 Π.
486 2133 511 2155 p.
526 2126 586 2149 249.
607 2126 640 2149 de
660 2127 694 2149 M.
711 2125 795 2148 Fadio
811 2124 908 2153 Gallo,
930 2124 957 2145 et
976 2129 1000 2151 p.
1016 2122 1075 2160 236.

149 2161 182 2183 de
203 2161 235 2189 Q.
256 2160 340 2183 Fabio
362 2162 473 2190 Sauga;
506 2166 608 2183 nomen
634 2159 708 2184 Galli
728 2162 839 2189 sangae
866 2158 891 2181 h.
906 2158 923 2181 I.
950 2162 1005 2179 non
1032 2162 1076 2178 m-

147 2195 284 2222 venitur).

111 2247 159 2275 54)
179 2247 236 2270 Hoc
255 2246 443 2277 argumentum
462 2246 560 2270 habent
580 2245 664 2270 Editt.
686 2243 880 2269 1565—1596.

115 2298 164 2326 55)
184 2297 303 2325 XXIX]
328 2297 367 2320 sie
385 2297 468 2322 Editt.
490 2296 613 2328 (1532),
641 2297 732 2325 1540.,
764 2296 854 2321 15⁴4.,
885 2292 1075 2317 1554—1596.

151 2331 351 2360 (Editt.1545..
374 2332 464 2359 ¹546..
486 2332 575 2355 1601.;
605 2332 692 2361 129.);
718 2331 768 2354 Ed.
789 2329 876 2354 orell.
896 2327 1024 2351 xxvlll.
1042 2340 1076 2344 —

149 2367 215 2390 Mel.
234 2367 426 2396 argumentum
453 2366 482 2389 in
501 2366 583 2390 Editt.
613 2365 680 2389 1537
692 2378 724 2382 --
743 2366 817 2388 1554.
829 2380 836 2393 ,
871 2363 963 2391 1557.,
991 2362 1075 2393 1560,

152 2401 229 2426 1601.
248 2406 302 2423 non
322 2399 446 2423 affertur.

113 2451 161 2480 56)
181 2451 272 2482 quod]
293 2449 333 2473 sic
348 2449 397 2472 Ed.
411 2448 487 2472 1537.
504 2448 532 2471 iu
552 2451 627 2472 textu
641 2450 667 2472 et
680 2448 763 2472 Editt.
776 2448 861 2478 1540„
882 2446 967 2476 1544„
988 2444 1076 2483 1545,

151 2486 238 2513 1554.,
259 2484 344 2511 1557.,
366 2483 438 2507 1560.
457 2483 484 2506 in
509 2483 566 2507 Cic.
594 2484 688 2507 verbis
713 2483 772 2506 huic
797 2484 879 2506 notae
909 2480 1074 2508 adsc1·1pus;

152 2521 180 2543 in
203 2521 281 2543 textu
301 2520 392 2542 autem
412 2517 494 2541 Editt.
517 2518 716 2547 1544-1554.,
739 2517 824 2548 1557„
847 2516 932 2546 1560„
954 2514 1028 2538 1601.
1048 2515 1074 2536 et

147 2555 200 2579 Ed.
219 2554 305 2578 Orell.
325 2554 425 2576 hahent
444 2558 540 2582 quum.

115 2607 163 2635 57)
181 2607 296 2634 ornata]
312 2605 354 2628 sic
368 2604 450 2627 Editt.
466 2603 551 2634 1537„
567 2604 651 2635 1510„
668 2604 754 2634 1544,
770 2604 855 2633 1554„
877 2602 970 2632 1557.;
990 2599 1074 2624 Editt.

151 2641 244 2671 1545„
265 2640 340 2663 1560.
360 2639 496 2662 ornatum.

115 2692 164 2720 58)
183 2692 237 2715 Pro
262 2691 305 2715 his
333 2690 389 2715 Cic.
415 2689 509 2713 verbis
534 2688 562 2712 in
580 2687 664 2712 Editt.
685 2689 777 2719 1545„
807 2689 881 2712 1560.
907 2688 966 2711 huie
985 2686 1074 2718 gnotae

149 2726 276 2755 apposita
295 2726 357 2748 suut
377 2724 535 2756 sequeutia:
561 2722 621 2747 Nec
639 2729 708 2747 vero
727 2729 804 2748 nunc
824 2723 944 2754 quidem.

84 2766 267 2798 MELANTH.
294 2766 400 2796 Ormi.
425 2766 509 2794 Vox..
533 2764 640 2793 XVII.

2038 124 2113 160 274

1411 204 1806 252 Argumentumffl’).

1219 268 1394 315 Deplorat
1415 271 1453 305 in
1474 270 1541 306 hac
1564 273 1712 318 epistola
1737 281 1867 309 statum
1893 276 2109 322 reipublicae

1118 326 1152 352 et
1175 320 1297 354 laudat
1321 323 1507 357 consilium
1535 325 1651 366 Curii,
1688 327 1785 372 quod
1808 329 1933 371 procul
1957 329 2001 362 ab
2023 330 2111 363 urbe

1118 369 1186 405 hoe
1209 379 1372 418 tempore
1395 375 1505 416 absit,
1539 388 1584 409 ne
1609 383 1756 421 cogatur
1776 378 1897 412 videre
1923 380 2035 413 multa
2057 380 2113 414 in-

1119 424 1225 468 digna
1238 451 1247 465 ,
1270 437 1362 470 quae
1378 426 1415 458 in
1432 427 1506 461 dies
1523 428 1731 463 accidebant
1755 431 1925 464 convulso
1941 431 2113 476 reipubli-

1120 487 1180 508 cae
1196 475 1347 520 pristino
1364 483 1469 512 statu.
1522 478 1599 512 Hoc
1616 480 1696 514 ideo
1712 481 1798 514 facit
1812 482 1935 516 Cicero
1946 509 1954 522 ‚
1988 489 2028 516 ut
2043 482 2112 516 Cu—

1121 526 1215 559 rium
1239 528 1460 569 consoletur,
1494 542 1539 562 ne
1565 531 1708 565 exilium
1735 545 1841 577 aegro
1864 533 1985 566 animo
2011 534 2114 568 ferat.

1119 576 1183 611 Est
1199 584 1317 611 autem
1334 585 1504 623 perpetua
1523 584 1697 626 quaedam
1715 584 1888 625 narratio,
1913 585 2010 618 cuius
2027 583 2115 618 haec

1122 634 1173 661 est
1191 641 1347 662 summa:
1375 629 1483 663 Recte
1498 632 1630 673 fecisti,
1658 635 1754 679 quod
1776 641 1809 668 te
1834 636 1904 668 alio
1922 636 2115 670 contulisti.

1121 678 1227 723 Apud
1244 691 1310 713 nos
1329 680 1423 713 enim
1440 679 1530 714 nihil
1546 690 1614 723 est,
1643 686 1738 729 quod
1754 687 1865 729 possit
1881 693 1913 720 te
1929 687 2116 721 delectare.

1122 729 1198 773 Ego
1217 742 1300 762 vero
1313 757 1322 770 ‚
1351 732 1415 764 etsi
1433 730 1548 766 adhuc
1563 734 1700 768 Romae
1725 737 1875 771 subsisto
1887 765 1896 778 ,
1923 744 2045 771 tamen
2060 751 2117 772 me

1124 781 1216 813 abdo
1238 781 1275 813 in
1291 781 1545 817 bibliothecam
1558 811 1567 823 ,
1594 791 1627 818 et
1645 788 1769 819 eodem
1788 788 1892 832 plane
1913 789 1985 821 otio
2003 790 2116 830 fruor,

1125 838 1269 876 quotu,
1297 839 1329 864 et
1346 834 1525 877 publicam
1552 835 1650 869 illam
1674 850 1794 871 curam
1821 839 1937 872 studio
1962 838 2119 884 philoso-

1124 881 1228 927 phiae
1247 883 1353 918 lenio.

1377 961 1511 994 Aliud
1538 971 1868 1006 argumentum.

1229 1027 1487 1071 Comprobatio
1507 1037 1557 1063 est
1574 1031 1713 1065 consilii
1734 1033 1838 1065 amici
1864 1034 1907 1066 de
1932 1035 2122 1078 profectio-

1127 1090 1171 1111 ne
1188 1079 1225 1111 in
1247 1080 1454 1120 Graeciam,
1486 1081 1606 1115 relicta
1630 1083 1736 1123 urbe,
1773 1085 1809 1116 in
1837 1097 1906 1130 qua
1929 1086 2041 1118 multa
2068 1086 2121 1118 in-

1127 1130 1233 1173 digna
1259 1132 1395 1164 fierent.
1463 1131 1573 1165 Addit
1597 1140 1714 1167 autem
1738 1134 1913 1179 integram
1939 1137 2121 1182 querelam

1128 1182 1170 1213 de
1194 1188 1288 1215 statu
1311 1182 1545 1226 reipublicae,
1589 1191 1628 1218 ut
1652 1186 1855 1219 consoletur
1880 1193 1913 1219 et
1938 1189 2124 1221 confirmet

1129 1232 1298 1273 Curium,
1326 1246 1397 1279 quo
1421 1235 1505 1267 forti
1532 1235 1653 1268 animo
1678 1238 1768 1270 ferat
1792 1238 1947 1272 exilium.
2007 1240 2123 1272 Porro

1129 1290 1267 1317 constat
1307 1284 1456 1329 epistola
1494 1293 1664 1330 perpetua
1708 1289 1862 1333 quadam
1904 1291 2125 1330 narratione,

1129 1347 1221 1379 quae
1239 1336 1396 1379 primum
1414 1335 1519 1369 habet
1538 1339 1869 1382 comprobationem
1888 1341 2038 1382 consilii,
2066 1343 2125 1374 de-

1130 1386 1212 1418 inde
1245 1388 1426 1431 querelam
1460 1389 1689 1431 perturbatae
1721 1391 1955 1434 reipublicae,
1999 1399 2122 1437 postea

1130 1437 1306 1470 rationem
1332 1451 1415 1472 suae
1438 1440 1550 1478 vitae,
1588 1441 1707 1474 addita
1733 1442 1957 1475 excusatione
1982 1444 2125 1478 moesti-

1130 1488 1199 1520 tiae
1218 1495 1251 1521 et
1271 1490 1540 1533 desperationis.
1594 1490 1633 1523 In
1650 1494 1719 1525 fme
1739 1493 1856 1526 brevis
1883 1500 1934 1527 est
1959 1496 2124 1539 repetitio

1131 1541 1435 1584 comprobationis
1453 1541 1603 1575 consilii.

1374 1625 1511 1658 Aliud
1547 1633 1869 1669 argumentum.

1232 1692 1437 1736 Propositio
1474 1706 1539 1738 per
1573 1694 1857 1729 contentionem:
1902 1696 2017 1729 Antea
2052 1710 2125 1730 non

1130 1743 1301 1787 probavi,
1344 1756 1439 1777 nunc
1474 1746 1622 1778 omnino
1657 1747 1770 1789 probo
1797 1747 1984 1781 consilium
2011 1755 2125 1787 tuum,

1131 1796 1227 1840 quod
1249 1794 1370 1827 relicta
1394 1797 1510 1839 patria
1536 1797 1571 1829 in
1589 1798 1832 1845 Gracci-amm)
1859 1799 1999 1833 abieris.
2065 1800 2125 1833 Se·

1131 1846 1253 1891 quitur
1278 1848 1438 1879 narratio
1465 1849 1507 1880 de
1533 1860 1594 1881 sua
1620 1848 1713 1888 vita,
1756 1862 1791 1882 se
1815 1863 1958 1895 quoque
1987 1851 2125 1884 omissis

1130 1897 1281 1939 negotiis
1296 1898 1446 1940 publicis
1464 1900 1548 1931 dare
1572 1911 1716 1943 operam
1732 1898 1995 1945 philosophiae.
2036 1902 2126 1935 Nar-

1130 1948 1263 1980 rationi
1293 1949 1478 1983 subiicitur
1511 1951 1708 1990 excusatio,
1748 1964 1812 1995 per
1841 1953 2125 1993 translationem,

1131 2012 1241 2044 quare
1267 1999 1491 2033 imbecilliori
1515 2002 1621 2033 suerit
1645 2001 1788 2041 animo,
1830 2014 1895 2035 nec
1929 2003 2037 2035 ullam
2064 2006 2124 2037 ad-

1131 2050 1267 2082 miserit
1285 2051 1578 2084 consolationem.
1616 2051 1755 2085 Deinde
1773 2060 1915 2087 excusat
1925 2053 2123 2089 Caesarem.

1130 2100 1169 2133 In
1196 2102 1264 2134 fine
1288 2101 1436 2144 ponitur
1470 2103 1623 2136 clausula
1657 2104 1842 2138 continens
1874 2106 2122 2149 repetitionem

1131 2152 1399 2197 propositionis.

1344 2238 1485 2271 Aliud
1514 2246 1831 2283 argumentum
1848 2240 1907 2287 ⁶¹).

1233 2306 1388 2351 Querela
1404 2295 1620 2351 reipublicae
1638 2307 1877 2351 perturbatae,
1902 2308 1939 2340 in
1957 2321 2027 2354 qua
2042 2321 2125 2354 pro-

1130 2358 1190 2390 bat
1223 2357 1410 2391 consilium
1441 2358 1553 2398 illius,
1596 2359 1693 2403 qnod
1728 2359 1894 2392 maluerit
1930 2360 2050 2394 abesse
2087 2362 2124 2393 in

1130 2409 1300 2449 Graecia,
1328 2416 1362 2442 et
1381 2421 1455 2442 non
1471 2421 1543 2443 esse
1565 2416 1743 2454 spectator
1766 2410 1909 2444 illarum
1937 2422 2125 2446 aerumna-

1162 2546 1209 2577 59)
1231 2547 1287 2569 Ηοο
1306 2545 1496 2601 argignentum
1515 2546 1541 2567 et
1558 2544 1610 2568 duo
1626 2545 1770 2575 sequentia
1784 2546 1893 2570 exstant
1909 2546 1936 2570 iu
1950 2546 2115 2572 Editt.1556.

1199 2580 1364 2604 1565-159
1385 2598 1390 2603 .

1161 2632 1208 2663 60)
1228 2631 1389 2659 Graeciam]
1409 2629 1448 2653 sie
1468 2631 1543 2654 recte
1556 2630 1641 2655 Editt.
1657 2631 1743 2663 1556„
1764 2631 1851 2662 1565.‚
1870 2631 1963 2663 1592.;
1981 2634 2030 2658 Ed.
2048 2634 2124 2659 1569·

1197 2668 1283 2690 male:
1310 2665 1436 2696 gratiam.

1160 2718 1209 2746 61)
1226 2719 1282 2742 Hoc
1296 2717 1489 2748 argumentum
1503 2716 1603 2740 habent
1620 2716 1703 2740 Editt.
1719 2716 1826 2740 1565—
1838 2716 1914 2744 1598.

1560 2752 1604 2785 18
