2294 2975
95 125 168 164 299
653 117 773 153 Pau..

225 209 549 253 Argumentum
580 205 806 250 epistolae
835 201 959 248 X1.⁰²).

200 287 299 320 Hanc
329 283 513 329 epistolam
541 288 687 326 apparet
715 292 785 313 osse
812 278 979 323 scriptam
1005 284 1085 322 post

99 346 249 373 mortem
263 337 422 373 Tulliae,
450 334 540 367 filiae
557 332 736 365 Ciceronis
748 357 755 368 ,
785 342 874 375 quae
889 336 999 373 nupta
1019 330 1085 362 suit

98 389 317 424 Dolabellae.
386 385 447 418 Est
482 391 596 416 autem
634 380 863 414 excusatoria.
933 380 1085 413 Excusat

100 442 194 475 cuim
210 438 387 474 silentium
403 447 525 473 suum,
551 434 645 478 quod
665 432 828 465 xidelicet
846 437 993 475 propter
1011 443 1085 463 ma-

100 492 319 537 gnitudimm
336 486 490 523 doloris,
517 496 622 528 quem
642 496 683 516 ex
706 482 804 515 obitu
827 482 886 514 fili
889 494 917 514 ie
940 481 1085 526 accepit,

101 556 173 577 non
197 538 351 586 potmrit
375 535 543 568 lumentis
569 535 711 580 quicqu
704 546 759 566 ani
785 533 948 566 scribom
1008 532 1085 565 Mo-

100 601 160 628 int
180 593 261 625 item
281 591 322 621 de
339 599 401 621 suo
419 587 584 619 adventu.
637 586 727 618 Sunt
751 585 868 629 itaque
892 585 949 616 du
944 595 982 616 ie
1005 595 1085 627 par-

101 653 149 678 tes
166 641 269 675 liuius
288 637 466 683 epistolae.
513 636 694 680 Principio
711 635 855 680 exponit
870 647 971 667 suum
990 646 1086 666 moe-

100 706 216 728 rorem
229 718 238 731 ‚
266 697 299 723 et
317 689 422 723 simul
438 695 559 721 monet
577 700 612 721 se
629 687 727 720 brevi
746 692 935 720 venturum
953 685 995 717 ad
1014 684 1085 717 Do-

99 745 276 779 labellam.
327 740 464 773 Deinde
480 739 653 783 siguificat
669 750 732 782 per
756 737 935 782 quandam
957 735 1086 780 gratia-

100 809 178 830 rum
197 793 391 830 actionem,
417 789 485 823 sibi
511 789 703 823 admodum
729 800 800 821 esse
825 793 961 831 gratam
988 787 1085 820 illam

101 845 343 881 defensionem
368 847 490 874 contra
517 839 810 879 obtrectationes,
843 845 878 871 et
898 843 1019 882 rogat,
1047 843 1087 870 ut

101 903 223 943 pergat
242 895 279 927 in
296 894 356 926 illo
373 904 506 926 amore.

347 977 483 1011 Aliud
517 980 843 1019 argumentum.

203 1045 356 1093 Querela
381 1050 433 1077 est
456 1043 497 1075 de
520 1040 765 1099 magnitudine
787 1039 941 1078 doloris,
980 1051 1085 1096 quem

101 1101 195 1146 cepit
212 1111 252 1132 ex
271 1097 369 1130 obitu
387 1095 478 1127 filiae
496 1092 717 1131 carissimae,
752 1091 807 1124 cui
832 1091 974 1123 additur
997 1089 1086 1122 invi-

100 1153 208 1190 tatio,
235 1155 274 1182 ut
291 1158 397 1192 quam
417 1145 572 1189 primum
588 1154 658 1176 una
682 1154 753 1175 esse
779 1141 925 1186 possint.
978 1141 1087 1173 Addi-

103 1211 159 1237 tur
176 1208 210 1234 et
224 1196 397 1234 sententia
415 1197 458 1229 de
474 1195 591 1229 studio
614 1206 676 1227 seu
694 1193 808 1225 officio
827 1193 906 1225 Dol
901 1191 1058 1224 ibellz‘ie
1050 1203 1087 1223 1n

102 1250 322 1287 defendendo
348 1246 530 1281 Cicerone.
596 1245 686 1278 Sunt
707 1250 824 1277 autem
850 1245 939 1276 duae
964 1254 1088 1275 πιπτο-

104 1306 229 1338 tiones.
281 1300 402 1333 Altera
427 1299 469 1330 de
492 1303 641 1341 paterno
668 1295 810 1332 dolore;
845 1294 928 1327 item
954 1295 998 1326 de
1027 1294 1086 1325 ad-

105 1361 213 1389 ventu
230 1351 427 1395 utriusque,
453 1355 494 1381 ut
508 1360 578 1381 una
596 1346 751 1391 colloqui
766 1344 990 1378 familiariter
1006 1356 1087 1388 pos-

102 1407 192 1445 sint,
226 1409 260 1436 et
284 1402 374 1435 alter
396 1399 547 1432 alterum
575 1396 763 1431 consolari.
830 1396 950 1429 Altera
970 1401 1021 1428 est
1044 1395 1086 1427 de

102 1455 305 1491 defensione
315 1451 521 1485 Dolabellae
537 1455 662 1482 contra
678 1449 944 1486 obtrectatores,
967 1445 1087 1479 addita

102 1503 411 1542 commendatione
426 1500 542 1534 mutui
563 1499 707 1533 amoris.

348 1587 482 1621 Aliud
509 1590 835 1630 argumentum.

202 1656 428 1702 Propositio,
471 1666 562 1700 quae
587 1653 743 1686 continet
765 1649 889 1689 πάθος
912 1652 955 1684 de
979 1651 1088 1684 maxi-

105 1713 172 1746 mis
195 1710 266 1744 suis
289 1708 380 1741 curis
402 1713 436 1740 et
461 1705 660 1743 doloribus,
701 1704 797 1748 quod
822 1703 978 1735 exclusus
1002 1709 1088 1743 erat,

105 1776 148 1796 ne
166 1763 314 1794 intraret
334 1759 471 1792 urbem.
523 1755 569 1788 Et
593 1754 691 1786 addit
715 1766 748 1786 se
772 1753 963 1797 plurimum
987 1766 1088 1796 posse

105 1811 281 1847 consolari
311 1807 510 1854 praeseutia
537 1805 754 1838 Dolabellae.
819 1804 985 1849 Sequitur
1013 1817 1088 1837 cor-

104 1864 237 1902 rectio,
263 1874 297 1895 se
324 1872 397 1893 non
422 1859 459 1892 in
484 1864 598 1890 totum
623 1857 772 1888 fractum
799 1866 870 1888 esse
895 1855 1088 1888 doloribus.

105 1915 143 1948 In
179 1915 247 1947 sine
279 1912 424 1956 ponitur
460 1908 602 1952 obliqua
638 1906 782 1950 petitio,
824 1912 863 1938 ut
896 1913 1020 1949 pergat
1052 1907 1088 1939 in

105 1976 224 1999 amore
247 1969 383 1996 mutuo.
436 1959 523 1992 Item
548 1957 830 1991 excusatiuncula
855 1957 897 1989 de
917 1957 1088 1990 brevitate

103 2018 313 2050 litterarum.

224 2113 551 2157 Argumentum
581 2106 800 2151 epistolae
828 2104 966 2151 X11.⁶⁵).

205 2189 301 2223 Haec
316 2186 462 2232 epistola
487 2184 615 2228 scripta
643 2189 694 2216 est
719 2189 799 2227 post
820 2183 951 2215 bellum
974 2182 1089 2223 civile,

105 2255 181 2276 cum
206 2243 276 2273 iam
293 2239 422 2273 Caesar
444 2248 562 2269 rerum
587 2235 720 2278 potitus
744 2233 862 2265 onmia
887 2245 970 2266 suae
990 2239 1088 2277 pote-

104 2293 202 2326 statis
225 2291 371 2324 fecisset.
430 2286 639 2321 Gratulatur
663 2290 780 2317 autem
807 2284 842 2315 in
864 2295 903 2315 ea
923 2283 1088 2317 Dolabel-

104 2344 178 2381 lae,
217 2342 311 2386 quod
334 2345 414 2384 post.
436 2338 580 2371 balneas
606 2335 729 2368 melius
750 2333 881 2367 habere
907 2334 1087 2382 coepit⁶⁶).

105 2392 345 2427 Gratulationi
377 2390 475 2422 addit
503 2389 646 2420 brevem
671 2386 913 2418 narrationem
941 2387 983 2417 de
1009 2397 1086 2418 ora-

103 2445 199 2477 tione
222 2453 284 2475 sua
309 2453 373 2484 pro
398 2452 479 2483 rege
498 2438 689 2477 Deiotaro,
734 2448 841 2483 quain
868 2448 931 2482 per
952 2436 1086 2470 litteras

136 2561 184 2588 gg)
205 2559 260 2582 nnc
278 2557 467 2583 argumentum
485 2556 512 2578 et
530 2553 582 2577 duo
602 2553 744 2584 sequentia
762 2552 788 2576 in
804 2552 886 2577 Editt.
906 2552 995 2584 ¹558„
1020 2553 1086 2577 ¹565

170 2592 286 2616 -1596,
304 2590 485 2613 inveniuntur.

135 2635 184 2667 65)
204 2636 260 2659 Hoc
279 2633 359 2656 ettam
377 2631 566 2661 argumentum
584 2630 611 2653 et
629 2629 680 2653 duo
700 2629 841 2661 sequentia
853 2630 886 2653 ab
899 2628 981 2654 Edite.
998 2628 1084 2659 1556„

171 2669 276 2694 1565—
290 2667 363 2690 1596.
383 2665 551 2689 exhibentur.

134 2713 182 2741 ss)
201 2709 304 2742 coepit]
323 2708 370 2732 Ed.
392 2707 465 2732 1566.
484 2705 562 2736 capa.

808 115 919 151 MEL.
954 113 1154 151 SCRIPTA
1188 118 1522 155 PHILOLOGICA.

2045 122 2119 158 300

1136 203 1322 250 aliquoties
1340 207 1489 251 petierat
1506 206 1704 240 Dolabella.
1764 205 1915 240 Excusat
1938 207 2056 254 itaque
2082 208 2119 241 in

1136 257 1354 297 narratione,
1381 270 1489 303 quare
1507 270 1580 291 non
1598 259 1658 291 diu
1676 271 1751 291 eam
1771 258 1925 297 miserit,
1953 264 1987 291 et
2003 258 2121 298 simul.

1136 312 1175 338 ut
1198 307 1283 340 vitet
1308 309 1567 352 arrogantiam,
1603 307 1670 342 hoc
1693 322 1794 342 suum
1820 309 1988 353 scriptum
2010 310 2120 342 maxi-

1137 369 1281 401 mopere
1297 365 1473 392 extenuat.
1523 359 1710 393 Conclusio
1729 360 1885 392 contiuet
1901 360 2042 392 brevem
2061 361 2122 392 ad»

1138 405 1379 442 hortationem
1397 411 1439 442 ad
1457 411 1693 444 constantiam
1711 411 1822 443 animi
1840 410 2062 444 retinendam
2084 411 2122 445 in

1137 459 1241 492 rebus
1262 460 1437 494 omnibus.

1379 550 1515 585 Aliud
1550 559 1880 597 argumentum.

1240 616 1481 661 Responsoria
1507 625 1558 651 est
1582 620 1627 652 ad
1651 620 1835 664 epistolam
1855 620 2062 654 Dolabellae
2080 622 2122 654 do

1138 666 1233 699 Baiis
1260 674 1293 700 et
1315 670 1357 701 de
1381 680 1442 701 sua
1469 669 1630 702 oratioue
1655 683 1720 714 pro
1740 671 1922 705 Deiotaro.
1977 672 2124 705 Constat

1139 718 1256 763 itaque
1289 719 1426 752 duabus
1456 720 1622 753 brevibus
1656 722 1932 755 narrationibus.
2002 722 2125 755 Altera

1138 766 1243 802 habet
1260 769 1421 802 festivam
1438 771 1711 814 gratulationem
1730 773 1772 804 de
1797 773 2002 805 salubritate
2019 773 2124 806 Baia-

1140 832 1239 860 rum,
1282 832 1371 867 quae
1397 821 1428 853 ei
1453 821 1646 865 plurimum
1671 823 1881 866 profuerint.
1940 823 2058 856 Altera
2082 825 2124 857 de

1139 883 1199 903 sua
1219 871 1381 904 oratione
1404 871 1473 904 iam
1501 872 1627 912 missa,
1664 885 1770 918 quam
1797 874 2023 906 commendat
2047 875 2126 907 bre-

1139 921 1229 954 viter
1252 934 1314 965 per
1340 922 1639 956 extenuationem.
1692 923 1754 957 His
1777 924 2043 959 narrationibus
2067 926 2128 957 ad-

1139 972 1234 1005 ditur
1259 971 1462 1006 adhortatio
1498 974 1542 1007 ad
1573 974 1808 1008 constantiam
1841 982 2015 1019 perpetuo
2043 975 2126 1008 reti-

1139 1024 1304 1057 nendauu

1386 1098 1526 1132 Aliud
1555 1106 1880 1142 argumentum.

1239 1165 1444 1210 Propositio
1479 1166 1724 1210 gratulatoria.
1803 1166 1970 1211 Sequitur
2005 1178 2128 1199 narra-

1140 1215 1296 1248 tiuncula
1332 1217 1374 1249 de
1408 1217 1570 1249 oratione
1594 1228 1659 1261 pro
1684 1229 1764 1260 rege
1787 1216 1980 1256 Deiotaro,
2019 1229 2126 1262 quam

1139 1266 1248 1298 mittit
1271 1266 1488 1300 Dolabellae.
1553 1266 1739 1300 Interserta
1769 1273 1819 1300 est
1842 1268 2042 1300 extenuatio
2065 1269 2126 1301 ad-

1139 1317 1214 1349 dito
1242 1317 1341 1357 ioco,
1385 1318 1583 1350 orationem
1617 1330 1693 1350 eam
1718 1330 1791 1349 non
1813 1329 1884 1350 esse
1911 1329 2126 1362 magnopere

1140 1367 1401 1402 admirandam.
1451 1366 1491 1401 In
1507 1368 1574 1401 fine
1592 1374 1642 1401 est
1664 1366 1985 1402 adhortatiuncula.

1246 1468 1567 1512 Argumentum
1596 1468 1824 1512 epistolae
1851 1467 2014 1514 XHI.⁶⁷).

1242 1542 1465 1588 Narratioffi)
1489 1548 1557 1582 est,
1591 1554 1699 1587 quam
1724 1541 1884 1587 sequitur
1902 1545 2127 1577 commenda-

1142 1593 1191 1626 tio
1203 1619 1212 1634 ,
1240 1600 1280 1626 ut
1300 1593 1511 1639 quibusdam
1528 1593 1740 1626 calamitosis
1758 1593 1911 1626 reditum
1930 1594 2102 1629 conficiat.

1361 1685 1494 1718 Aliud
1531 1691 1837 1729 argumentum
1853 1684 1910 1731 6⁵³).

1242 1752 1403 1797 Epistola
1421 1759 1471 1786 est
1493 1752 1807 1792 commendaticia,
1841 1752 1878 1784 in
1901 1765 1971 1798 qua
1995 1755 2082 1798 petit
2106 1767 2126 1788 a

1141 1803 1325 1837 Dolabella
1345 1816 1494 1847 genero,
1521 1810 1595 1836 uta
1615 1804 1762 1836 Caesare
1787 1803 1940 1836 reditum
1962 1803 2128 1848 impetret

1142 1856 1279 1888 duobus
1311 1854 1468 1895 Calenis,
1513 1854 1573 1899 qui
1606 1855 1770 1898 Pompeii
1796 1854 1925 1887 liberos
1944 1853 1989 1899 ⁷⁰)
2017 1857 2126 1890 secuti

1142 1912 1262 1945 erant,
1304 1918 1323 1938 a
1353 1906 1480 1951 quibus
1505 1912 1584 1949 post
1608 1906 1739 1938 bellum
1767 1905 1921 1948 sopitum
1947 1905 2063 1939 denuo
2088 1908 2125 1940 in

1142 1956 1311 2001 Hispania
1329 1969 1428 1989 arma
1449 1955 1602 2001 mota⁷¹)
1627 1961 1719 1989 sunt.
1781 1955 1903 1988 Potest
1928 1962 2046 1989 autem
2069 1970 2127 1992 ex-

1142 2009 1260 2052 emplo
1287 2019 1359 2041 esse
1382 2005 1467 2040 haec
1494 2006 1660 2050 epistola,
1704 2018 1781 2039 cum
1806 2018 1909 2049 saepe
1936 2007 1979 2038 ab
2004 2009 2125 2044 amicis

1142 2059 1277 2104 aliquid
1292 2058 1462 2102 petimus,
1488 2057 1524 2089 in
1540 2069 1628 2102 quos
1646 2057 1748 2089 nobis
1764 2056 1897 2102 aliquid
1914 2056 2000 2090 iuris
2018 2060 2126 2096 deest.

1142 2111 1232 2144 Nam
1251 2110 1343 2143 siah
1363 2109 1503 2153 ignoto,
1538 2115 1598 2140 aut
1624 2108 1683 2152 qui
1706 2108 1770 2140 tibi
1792 2106 1881 2141 nihil
1907 2109 2029 2149 debet,
2063 2111 2127 2144 ali-

1142 2161 1227 2207 quid
1246 2167 1365 2204 petas‚
1400 2160 1468 2192 alia
1487 2159 1624 2193 ratione
1648 2160 1818 2191 utendum
1837 2159 1915 2192 erit.
1967 2160 2052 2194 Vice
2068 2174 2126 2195 ex—

1142 2213 1234 2246 ordii
1258 2211 1404 2256 ponitur
1426 2210 1585 2244 narratio
1611 2211 1653 2242 de
1678 2210 1815 2243 duobus
1841 2209 2002 2252 Calenis,
2037 2225 2126 2258 quo-

1174 2329 1223 2357 67)
1242 2329 1300 2352 Hoc
1319 2326 1507 2357 argumentum
1534 2324 1561 2347 in
1580 2324 1664 2349 Editt.
1689 2324 1895 2355 15³7—1545.,
1923 2326 2013 2358 ¹554„
2040 2327 2125 2359 1557„

1211 2364 1282 2386 1560.
1305 2361 1450 2385 invenitur.

1173 2407 1222 2434 68)
1241 2405 1309 2429 Ηιιίο
1329 2404 1388 2427 voci
1407 2402 1435 2425 in
1456 2401 1540 2425 Editt.
1560 2401 1626 2424 ¹540
1638 2402 1781 2433 —15⁴5,‚
1807 2402 1900 2431 1554.,
1929 2403 2001 2427 1557.
2014 2419 2023 2433 ‚
2038 2404 2123 2429 11560.

1210 2440 1357 2470 praefixum
1381 2439 1424 2460 est
1448 2441 1545 2460 nomen
1571 2435 1682 2466 (S.1.):

1207 2471 1389 2502 Subernius).

1171 2514 1219 2547 69)
1238 2516 1295 2538 Hoc
1313 2514 1500 2543 argumentum
1519 2513 1547 2536 et
1565 2512 1616 2536 duo
1636 2512 1780 2542 sequentia
1798 2512 1833 2536 ab
1845 2512 1929 2538 Editt.
1946 2511 2037 2544 1556„
2058 2513 2125 2538 1585

1205 2549 1322 2572 —1596.
1342 2547 1510 2571 exhibentur.

1171 2591 1219 2619 70)
1238 2590 1354 2617 liberos]
1373 2589 1413 2612 sic
1432 2590 1506 2612 reete
1526 2588 1608 2612 Editt.

1206 2630 1302 2649 errore
1320 2625 1448 2654 typogr.:
1467 2623 1560 2646 libros.

1169 2668 1219 2696 ⁴71)
1237 2667 1325 2695 mota]
1345 2665 1386 2689 sic
1406 2665 1483 2689 recte
1502 2666 1585 2690 Editt.
1604 2666 1696 2695 1556..
1716 2664 1807 2695 1592,;
1831 2664 1914 2689 Editt.
1936 2665 2028 2698 ¹565.,
2048 2665 2123 2691 ¹5⁶⁰.

1204 2707 1302 2726 erroro
1320 2701 1449 2730 expugna:
1474 2702 1547 2724 nota.

1719 2437 1749 2461 C.
1769 2436 1928 2461 subet-inus
1951 2438 2014 2468 (Ed.
2035 2438 2122 2464 Oreu-

1622 2589 1706 2617 1556..
1728 2587 1818 2619 ²592.;
1840 2587 1924 2614 ratu.
1941 2588 2028 2619 1565..
2047 2589 2124 2615 1³00.
