2294 2975
132 113 205 149 315

129 198 275 242 Papirii.
337 193 503 240 Sequitur
535 190 748 236 propositio,
791 188 885 233 qnod
918 187 1111 219 admodum

130 250 320 282 ‹lelectetnr
335 244 401 278 liar
418 243 592 289 praesenti
611 240 829 278 conditione,
858 238 954 282 quod
975 235 1112 270 scholas

131 299 276 335 babeat,
304 296 430 329 additis
449 301 600 339 quatuor
618 289 813 324 rationibus
833 288 876 320 ab
893 288 982 322 utili.
1035 287 1112 320 Pri-

132 363 187 383 1na
201 376 209 385 .
238 349 333 394 quod
349 347 414 380 sibi
432 344 593 377 conciliet
607 340 796 374 familiares
809 339 980 377 Caesaris,
1008 339 1113 371 adeo-

132 413 198 446 que
215 400 329 443 ipsum
348 398 531 430 Caesarem
544 420 553 433 ,
581 392 675 437 qnod
694 390 753 423 alii
775 389 989 433 negligentes
1011 389 1113 421 foede.

131 451 323 495 perierunt.
389 446 565 483 Secunda,
601 443 696 487 quod
723 441 918 474 valetudini
942 440 1114 474 consulat.

132 502 252 534 Tertia
289 498 398 537 ratio,
438 496 533 540 quod
569 491 767 537 eloquentia
804 504 864 524 seu
897 490 1011 524 studia
1047 489 1114 523 hoc

133 553 239 585 modo
258 546 479 589 crescantffl).
534 544 668 589 Quarta
682 569 691 583 ,
719 543 814 588 quod
834 542 971 574 facilem
991 547 1024 574 et
1040 542 1114 574 lau-

133 610 205 636 tum
225 601 354 632 xictum
373 596 512 630 babeat.
571 594 662 626 Hinc
687 593 794 627 sumit
817 593 1037 625 occasionem
1064 592 1115 623 io-

131 652 233 686 candi
255 662 332 683 cum
356 647 502 691 Papirio
529 647 571 678 de
602 644 672 678 suis
706 643 823 676 coenis
852 643 1116 687 frugalioribus,

132 710 162 735 et
184 699 356 734 imitandi
376 710 455 731 eum
474 698 518 729 ad
538 696 687 730 similem
716 694 956 727 conditionem
980 691 1116 727 schola-

133 753 253 786 sticam
270 749 540 794 suscipiendam.

375 833 509 867 Aliud
537 836 863 875 argumentum.

234 901 401 937 Narratio
422 901 463 934 de
483 899 632 944 acceptis
649 898 774 931 litteris
792 904 826 930 et
847 897 888 929 de
913 908 976 930 suo
1004 895 1118 928 consi-

133 955 180 988 lio
197 953 343 986 omnino
362 951 547 996 prudenti,
577 961 646 994 quo
674 962 692 981 a
720 950 797 980 foro
824 960 858 980 se
882 947 918 979 in
943 952 1058 979 totum
1081 946 1118 978 in

134 1005 248 1039 studia
265 1003 463 1036 litterarum
481 1000 665 1034 abdiderit.
711 998 820 1031 Addit
838 996 1118 1036 commoditates,

135 1068 221 1101 quas
244 1055 324 1087 inde
351 1054 475 1097 capiet.
534 1051 671 1083 Deinde
698 1049 834 1081 iocatur
857 1061 936 1081 cuin
960 1047 1118 1091 Papirio,

132 1108 290 1139 futurum
310 1105 470 1142 tandem,
496 1108 535 1134 ut
551 1102 624 1145 ipse
649 1112 791 1144 quoqne
818 1099 940 1131 ludum
964 1098 1118 1142 aliquem

135 1156 290 1200 aperiat,
319 1167 396 1188 cum
418 1152 589 1197 paulatim
609 1151 728 1183 omnia
749 1162 810 1183 sua
827 1149 921 1182 bona
937 1148 1093 1192 dissipet.

183 1265 507 1308 Argumentum
544 1266 585 1291 et
620 1256 796 1292 scholia
824 1257 865 1289 in
895 1256 1069 1300 episto-

517 1311 556 1342 la
568 1322 602 1342 m
630 1308 720 1342 XIX.

239 1389 436 1432 Scripserat
458 1387 587 1420 Paetus
610 1383 772 1418 Ciceroni
802 1381 1021 1427 praedicanti
1045 1381 1120 1414 lau-

136 1448 187 1474 tas
212 1439 441 1472 familiarium
474 1449 619 1471 suornm
650 1446 808 1473 mensas,
842 1433 995 1465 Balbum
1022 1431 1120 1465 tenui

135 1497 339 1525 contentum
357 1489 473 1522 fuisse.
526 1486 563 1519 Id
583 1486 705 1519 Cicero
723 1485 799 1516 ioco
824 1484 872 1516 sic
901 1482 1052 1526 accepit,
1081 1494 1120 1514 ac

134 1543 163 1576 si
178 1542 306 1575 Paetus
325 1540 403 1572 ideo
421 1537 617 1581 scripserit,
653 1548 696 1568 ne
715 1535 798 1580 quid
816 1534 952 1567 lantum
971 1545 990 1566 a
1009 1546 1042 1567 se
1064 1545 1120 1565 ex-

135 1598 269 1636 peteret
287 1590 409 1623 Cicero
423 1589 481 1634 32).
968 1634 975 1640 .

239 1640 268 1685 ξ.
287 1642 318 1674 1.
350 1643 472 1674 Tamen
489 1651 508 1671 a
524 1634 674 1683 malitia]
703 1636 822 1668 locosa
841 1634 1120 1667 narratiuncula.

239 1692 269 1735 ξ’.
292 1694 326 1726 2.
368 1692 418 1723 Ne
441 1691 550 1732 pluris
573 1700 642 1722 esse
665 1684 795 1732 balbos]
838 1685 972 1718 Allusio
996 1685 1032 1717 in
1056 1696 1121 1717 no-

139 1744 234 1776 mine
258 1741 373 1775 Balbi.

352 1822 484 1856 Aliud
513 1833 664 1864 argum
677 1819 892 1865 entum³³).

237 1892 357 1925 Iocosa
374 1897 423 1924 est
439 1889 605 1933 epistola,
632 1888 668 1920 in
693 1899 761 1932 qua
787 1885 1007 1919 festivissime
1031 1884 1122 1917 ludit

139 1956 217 1977 cum
234 1943 378 1986 Papirio
393 1968 401 1981 ,
427 1948 461 1973 et
477 1945 572 1972 taxat
590 1939 681 1971 illins
700 1938 922 1971 tenacitatem
948 1942 981 1968 et
1001 1936 1122 1968 sordes

140 1995 175 2026 in
198 1992 409 2037 excipiendis
426 1988 687 2034 11051)itibus³²).
747 1988 861 2021 Sumit
881 1992 998 2020 antem
1025 1998 1122 2018 occa-

139 2045 274 2078 sionem
300 2044 401 2082 inde,
431 2042 527 2086 quod
549 2040 735 2083 scripserat
750 2038 934 2081 Papirius,
963 2049 1041 2069 cum
1062 2048 1122 2069 an-

140 2102 195 2128 tea
212 2094 314 2127 inulti
334 2090 632 2136 expetivissentffi)
650 2090 745 2121 lauta
763 2089 943 2127 convivia,
970 2087 1121 2120 Balbum

139 2146 255 2178 virum
271 2156 438 2188 magnum
455 2149 487 2174 et
504 2141 647 2173 divitem
665 2140 763 2172 tenui
786 2145 960 2183 apparatu
981 2145 1123 2170 conten-

141 2203 214 2229 tum
251 2195 366 2228 fuisse.
444 2193 518 2225 Hoc
551 2191 674 2224 Cicero
708 2190 960 2233 interpretatur
996 2189 1123 2229 iocose,

141 2248 236 2290 quod
260 2245 421 2278 videlicet
444 2241 511 2276 boc
534 2242 613 2274 ideo
637 2242 678 2273 de
701 2240 813 2273 Balbo
845 2240 1043 2284 scripserit,
1080 2252 1123 2273 ne

176 2379 222 2408 31)
242 2378 380 2405 crescant]
401 2376 440 2399 sic
460 2376 506 2399 Ed.
529 2375 618 2404 1556.;
644 2374 726 2397 Editt.
747 2372 839 2403 1565.,
859 2371 948 2401 1569.,
970 2371 1044 2395 1592.
1065 2377 1126 2394 cre-

211 2414 299 2435 scunt.

174 2453 222 2480 32)
243 2454 299 2476 Hoc
312 2454 498 2481 argumentum
511 2452 608 2474 habent
621 2448 914 2477 Editt.1537—-155⁴.,
937 2447 1019 2475 1552,
1041 2448 1125 2478 1560.,

213 2487 286 2510 1601.

175 2529 222 2557 ³3)
243 2529 301 2552 Hoc
317 2530 503 2557 argumentum
523 2529 548 2550 et
567 2527 618 2550 duo
637 2526 779 2556 sequentia
796 2526 829 2548 ab
847 2524 929 2548 Editt.
950 2523 1034 2552 1556„
1062 2524 1127 2547 1505

211 2562 327 2585 -1596,
348 2561 513 2585 exhibentur.

178 2605 226 2632 3⁴)
245 2604 411 2634 hospitibus]
432 2603 477 2625 Ed.
498 2602 571 2625 1569.
591 2608 686 2625 errore
706 2604 835 2632 typogr.:
854 2600 989 2629 hospibus.

179 2647 228 2673 35)
249 2645 460 2675 expetivissent]
481 2644 519 2667 εἰς
538 2643 619 2667 Editt.
638 2645 730 2675 1565.,
753 2644 842 2672 1569.Ἶ
865 2643 954 2673 1592.;
985 2643 1033 2666 Ed.
1053 2643 1126 2667 1556,

218 2680 428 2709 expedivissent.

708 103 828 138 PHIL.
865 101 976 137 MEL.
1009 99 1209 135 SCRIPTA
1243 102 1578 140 PHILOLOGICA.

2078 110 2151 145 316

1166 187 1249 232 quid
1268 188 1403 222 lautum
1421 195 1482 222 ant
1500 189 1677 234 singulare
1697 196 1875 235 expeteret
1900 199 1934 226 et
1957 195 2152 237 postularet

1166 238 1301 273 Cicero.
1354 240 1469 273 Porro
1488 246 1561 273 tota
1578 241 1726 285 epistola
1745 249 1884 276 constat
1900 245 2118 281 narratione.

1368 328 1373 334 '
1420 323 1556 358 Aliud
1584 332 1906 369 argumentum.

1267 388 1387 423 Iocosa
1409 397 1459 424 est
1481 391 1650 435 epistola,
1677 393 1714 426 in
1737 405 1806 439 qua
1827 395 1872 427 ad
1894 395 2029 430 litteras
2046 397 2152 442 Papi-

1167 438 1211 472 rii
1227 439 1269 473 de
1286 438 1424 485 hospite
1442 441 1555 476 Balbo
1567 469 1576 483 ,
1610 444 1672 488 qui
1689 445 1786 478 tenui
1811 452 1985 490 apparatu
2009 454 2154 481 conten-

1167 496 1222 523 tus
1238 490 1377 531 fuisset,
1403 492 1636 527 urbanissime
1654 497 1856 539 respondet,
1881 497 2043 531 videlicet
2058 500 2152 544 quod

1168 541 1247 573 ideo
1277 543 1534 586 praedicaverit
1564 544 1729 588 Papirius
1756 546 1859 579 Balbi
1891 548 2153 589 abstinentiam,

1167 597 1207 625 ut
1223 599 1428 626 moneretur
1444 593 1586 634 Cicero,
1614 607 1657 628 ne
1677 597 1761 641 quid
1778 597 1914 630 lautum
1931 597 2077 642 posthac
2097 612 2154 633 ex-

1168 649 1322 686 peteret,
1349 644 1409 676 sed
1426 644 1597 677 mediocri
1619 645 1679 679 illo
1702 654 1875 691 apparatu
1897 656 2081 684 contentus
2103 663 2154 685 es-

1169 700 1231 727 set.
1284 693 1434 728 Orditur
1455 701 1572 728 autem
1597 707 1615 727 a
1634 696 1751 730 iocosa
1771 697 2045 742 reprehensione
2063 701 2154 734 litte—

1170 756 1291 777 rarum
1308 746 1350 778 de
1366 743 1505 789 hospite
1523 745 1635 779 Balbo
1648 772 1657 787 ,
1685 747 1740 780 cui
1757 748 1898 782 subiicit
1913 751 2075 784 festivam
2098 763 2154 784 ca-

1170 795 1342 828 lumniam
1369 797 1562 829 verborum
1578 796 1735 841 Papirii,
1772 799 1892 832 addita
1914 802 2155 836 confutatione

1171 846 1277 879 totius
1302 847 1518 880 narrationis
1536 848 1578 880 de
1595 847 1728 888 Balb0,
1755 848 1954 892 significans
1975 852 2075 885 illum
2099 864 2155 886 ac-

1171 903 1310 940 ceptum
1344 897 1556 937 lautissime,
1595 910 1659 931 nec
1693 905 1899 933 contentum
1929 901 2034 935 fuisse
2056 904 2155 937 tenui

1171 954 1357 991 apparatu.
1411 948 1597 981 Concludit
1617 949 1802 993 epistolam
1819 958 1965 986 venusta
1983 953 2154 987 allusione

1171 999 1213 1030 de
1230 998 1402 1031 vocabulo
1415 998 1530 1039 Balbi,
1558 1012 1720 1040 monens,
1737 1007 1776 1033 ut
1793 1002 1900 1034 simili
1916 1004 2023 1036 modo
2041 1002 2156 1037 homi-

1170 1060 1252 1081 nem
1269 1049 1439 1082 disertum
1459 1049 1622 1082 convivio
1645 1051 1806 1095 excipiat.
1859 1051 1898 1085 In
1920 1054 1987 1087 fine
2010 1055 2156 1098 ponitur

1170 1099 1287 1133 brevis
1305 1099 1515 1143 significatio
1533 1100 1586 1133 sui
1604 1101 1788 1135 adventus.

1418 1184 1553 1218 Aliud
1580 1192 1906 1229 argumentum.

1273 1250 1441 1284 Narratio
1467 1259 1516 1285 est
1539 1253 1687 1296 figurata
1710 1253 1789 1286 ioco
1814 1254 1856 1286 de
1880 1252 2017 1298 hospite
2043 1256 2155 1291 Balbo

1173 1301 1265 1333 laute
1284 1308 1427 1345 excepto
1442 1328 1450 1342 ‚
1477 1303 1520 1334 ad
1538 1303 1634 1336 cuius
1650 1304 1849 1347 exemplum
1868 1304 1991 1339 Cicero
2015 1318 2050 1340 se
2067 1320 2157 1352 quo-

1174 1363 1240 1396 que
1266 1352 1378 1395 excipi
1402 1353 1576 1396 postulat,
1607 1360 1646 1386 ut
1675 1354 1735 1399 qui
1759 1355 1857 1387 nullo
1882 1357 1989 1390 modo
2011 1355 2159 1402 posthac

1174 1408 1357 1435 contentus
1374 1415 1445 1436 esse
1462 1404 1546 1436 velit
1562 1404 1660 1437 tenui
1677 1411 1862 1448 apparatu.

1387 1483 1522 1518 Aliud
1553 1493 1867 1529 argumentum
1883 1487 1940 1533 36).

1275 1549 1416 1583 locatur
1434 1564 1512 1584 cum
1528 1552 1658 1592 Paeto,
1692 1565 1726 1586 se
1751 1565 1825 1585 non
1851 1554 1927 1586 fore
1952 1561 2154 1589 contentum

1175 1601 1271 1634 tenui
1290 1608 1483 1645 apparatu,
1512 1614 1552 1635 ac
1568 1603 1658 1635 ludit
1683 1604 1720 1635 in
1742 1603 1887 1636 nomine
1902 1604 2023 1644 Balbi,
2052 1619 2158 1651 quem

1175 1663 1254 1684 cum
1278 1652 1470 1685 lautissime
1494 1653 1675 1692 tractavit,
1710 1654 1871 1698 iniquum
1895 1666 1966 1689 esse
1993 1655 2096 1697 dicit,
2130 1657 2158 1690 si

1175 1714 1209 1735 se
1226 1702 1395 1735 disertum
1417 1715 1489 1735 non
1506 1704 1630 1736 eodem
1648 1705 1755 1736 modo
1771 1710 1906 1738 tractet.

1425 1785 1560 1819 Aliud
1585 1794 1905 1830 argumentum.

1279 1853 1372 1886 Tota
1396 1860 1446 1887 est
1470 1853 1588 1887 iocosa
1614 1867 1761 1899 sequens
1787 1854 1952 1899 epistola,
1979 1855 2067 1889 sicut
2082 1868 2157 1889 ma-

1176 1916 1243 1950 gna
1263 1917 1303 1937 ex
1319 1911 1418 1948 parte
1439 1911 1520 1938 sunt
1538 1905 1706 1949 epistolae
1725 1906 1769 1938 ad
1786 1906 1935 1939 Paetum
1954 1906 2115 1950 scriptae.

1226 2013 1551 2057 Argumentum
1581 2020 1621 2046 et
1648 2011 1822 2047 scholia
1860 2015 1903 2047 in
1939 2016 2107 2059 episto-

1574 2065 1657 2096 lam
1686 2065 1758 2098 XX.

1279 2137 1394 2183 Est³⁷)
1412 2144 1445 2170 et
1460 2135 1545 2170 haee
1563 2138 1697 2175 iocosa;
1733 2138 1782 2170 ait
1799 2151 1834 2172 se
1851 2146 2038 2174 venturum
2056 2144 2157 2177 valde

1176 2189 1376 2221 famelicum
1387 2214 1395 2228 ,
1424 2195 1456 2220 et
1473 2189 1647 2221 facturum
1662 2188 1728 2232 ipsi
1745 2190 1926 2232 negotium
1937 2190 1996 2238 38).

1280 2238 1309 2282 ξ.
1327 2239 1360 2272 3.
1396 2241 1551 2272 Patrium
1571 2237 1685 2286 eluxi]
1720 2239 2028 2283 Elegantissimum
2051 2240 2156 2288 ἦθος.

1177 2292 1246 2324 Sed
1262 2302 1343 2323 cura
1353 2287 1426 2336 3⁹)]
1454 2289 1633 2333 Repetitio
1649 2291 1840 2334 superioris
1859 2292 1939 2327 ioci.

1211 2415 1259 2441 36)
1280 2416 1336 2438 Hoc
1349 2416 1547 2470 targumentum
1573 2415 1599 2437 et
1626 2420 1741 2444 sequens
1761 2415 1787 2438 in
1807 2416 1888 2439 Editt.
1909 2417 2095 2444 1065—1596.
2114 2419 2157 2444 in-

1247 2455 1344 2471 vetlllln
1361 2454 1400 2470 ur.

1211 2491 1260 2518 37)
1279 2490 1345 2513 Huic
1363 2489 1422 2513 voci
1450 2489 1476 2512 in
1496 2489 1576 2512 Editt.
1608 2491 1698 2519 154⁰„
1720 2492 1809 2517 154⁴..
1831 2492 1920 2521 1554,
1949 2493 2021 2516 1557.
2040 2496 2160 2523 praefixa

1248 2526 1311 2547 sunt
1330 2524 1384 2548 Cic.
1406 2525 1489 2547 verba
1509 2524 1548 2552 (S.
1569 2524 1621 2551 1.):
1648 2525 1813 2555 Dupliciter
1831 2527 1997 2551 delectatus.

1211 2566 1336 2623 38)5161(())ο
1350 2568 1535 2597 argumentum
1550 2567 1648 2589 hahent
1660 2567 1744 2590 Editt.
1758 2567 1956 2596 1537-1545.,
1972 2571 2055 2595 1554..
2078 2572 2160 2599 1557..

1249 2603 1259 2623 1
1317 2617 1323 2623 .

1212 2643 1259 2671 39)
1280 2642 1332 2665 Pro
1351 2641 1391 2664 his
1411 2641 1465 2665 Cic.
1484 2642 1577 2665 verbis
1596 2642 1622 2665 in
1639 2642 1722 2666 Editt.
1739 2642 1822 2671 1545.,
1843 2644 1916 2668 1560.
1934 2645 1993 2669 huic
2011 2649 2092 2672 uotae
2109 2655 2158 2680 ap-

1247 2676 1339 2706 posita
1357 2676 1420 2699 sunt
1438 2676 1594 2705 sequentia:
1619 2676 1703 2701 Boua
1721 2678 1772 2701 tua
1790 2678 1939 2702 comedam.
