<?xml version="1.0" encoding="UTF-8"?>
<!DOCTYPE html PUBLIC "-//W3C//DTD XHTML 1.0 Transitional//EN"
    "http://www.w3.org/TR/xhtml1/DTD/xhtml1-transitional.dtd">
<html xmlns="http://www.w3.org/1999/xhtml" xml:lang="en" lang="en">
 <head>
  <title>
</title>
<meta http-equiv="Content-Type" content="text/html;charset=utf-8" />
  <meta name='ocr-system' content='tesseract 3.04.00' />
  <meta name='ocr-capabilities' content='ocr_page ocr_carea ocr_par ocr_line ocrx_word'/>
</head>
<body>
  <div class='ocr_page' id='page_1' title='image "./operaquaesupersu17melauoft/operaquaesupersu17melauoft_0108.png"; bbox 0 0 2294 2975; ppageno 0'>
   <div class='ocr_carea' id='block_1_1' title="bbox 134 114 971 156">
    <p class='ocr_par' dir='ltr' id='par_1_1' title="bbox 134 114 971 156">
     <span class='ocr_line' id='line_1_1' title="bbox 134 114 971 156; baseline -0.01 -1"><span class='ocrx_word' id='word_1_1' title='bbox 134 120 202 156; x_wconf 83' lang='lat'>191</span> <span class='ocrx_word' id='word_1_2' title='bbox 706 115 826 151; x_wconf 85' lang='lat' dir='ltr'>PHIL.</span> <span class='ocrx_word' id='word_1_3' title='bbox 861 114 971 149; x_wconf 76' lang='lat' dir='ltr'>MEL.</span> 
     </span>
    </p>
   </div>
   <div class='ocr_carea' id='block_1_2' title="bbox 345 200 888 246">
    <p class='ocr_par' dir='ltr' id='par_1_2' title="bbox 345 200 888 246">
     <span class='ocr_line' id='line_1_2' title="bbox 345 200 888 246; baseline -0.006 -11"><span class='ocrx_word' id='word_1_4' title='bbox 345 202 476 236; x_wconf 80' lang='lat' dir='ltr'>Aliud</span> <span class='ocrx_word' id='word_1_5' title='bbox 506 208 813 246; x_wconf 73' lang='lat' dir='ltr'>argumentum</span> <span class='ocrx_word' id='word_1_6' title='bbox 831 200 888 245; x_wconf 76' lang='lat'>⁷⁸).</span> 
     </span>
    </p>
   </div>
   <div class='ocr_carea' id='block_1_3' title="bbox 127 265 1118 2178">
    <p class='ocr_par' dir='ltr' id='par_1_3' title="bbox 127 265 1118 2178">
     <span class='ocr_line' id='line_1_3' title="bbox 226 265 1111 315; baseline -0.007 -12"><span class='ocrx_word' id='word_1_7' title='bbox 226 270 291 303; x_wconf 79' lang='lat' dir='ltr'>Hie</span> <span class='ocrx_word' id='word_1_8' title='bbox 316 277 366 303; x_wconf 87' lang='lat' dir='ltr'>est</span> <span class='ocrx_word' id='word_1_9' title='bbox 385 270 424 303; x_wconf 90' lang='lat' dir='ltr'>P.</span> <span class='ocrx_word' id='word_1_10' title='bbox 443 270 648 315; x_wconf 60' lang='lat' dir='ltr'>Sestiusw),</span> <span class='ocrx_word' id='word_1_11' title='bbox 685 281 748 312; x_wconf 85' lang='lat' dir='ltr'>pro</span> <span class='ocrx_word' id='word_1_12' title='bbox 776 279 846 312; x_wconf 85' lang='lat' dir='ltr'>quo</span> <span class='ocrx_word' id='word_1_13' title='bbox 875 272 968 299; x_wconf 78' lang='lat' dir='ltr'>extat</span> <span class='ocrx_word' id='word_1_14' title='bbox 996 265 1111 298; x_wconf 87' lang='lat' dir='ltr'>oratio</span> 
     </span>
     <span class='ocr_line' id='line_1_4' title="bbox 127 317 1112 362; baseline -0.008 -7"><span class='ocrx_word' id='word_1_15' title='bbox 127 321 317 355; x_wconf 81' lang='lat' dir='ltr'>Ciceronis.</span> <span class='ocrx_word' id='word_1_16' title='bbox 385 320 414 353; x_wconf 94' lang='lat' dir='ltr'>Is</span> <span class='ocrx_word' id='word_1_17' title='bbox 448 321 608 353; x_wconf 81' lang='lat' dir='ltr'>tribunus</span> <span class='ocrx_word' id='word_1_18' title='bbox 638 319 747 362; x_wconf 81' lang='lat' dir='ltr'>plebis</span> <span class='ocrx_word' id='word_1_19' title='bbox 777 317 842 350; x_wconf 87' lang='lat' dir='ltr'>suit</span> <span class='ocrx_word' id='word_1_20' title='bbox 872 329 912 349; x_wconf 88' lang='lat' dir='ltr'>eo</span> <span class='ocrx_word' id='word_1_21' title='bbox 940 323 1112 360; x_wconf 82' lang='lat' dir='ltr'>tempore,</span> 
     </span>
     <span class='ocr_line' id='line_1_5' title="bbox 129 368 1114 418; baseline -0.007 -13"><span class='ocrx_word' id='word_1_22' title='bbox 129 385 199 418; x_wconf 85' lang='lat' dir='ltr'>quo</span> <span class='ocrx_word' id='word_1_23' title='bbox 220 372 342 405; x_wconf 88' lang='lat' dir='ltr'>Cicero</span> <span class='ocrx_word' id='word_1_24' title='bbox 359 372 401 403; x_wconf 83' lang='lat' dir='ltr'>ab</span> <span class='ocrx_word' id='word_1_25' title='bbox 422 372 524 404; x_wconf 84' lang='lat' dir='ltr'>exilio</span> <span class='ocrx_word' id='word_1_26' title='bbox 544 376 726 402; x_wconf 69' lang='lat' dir='ltr'>revocatus</span> <span class='ocrx_word' id='word_1_27' title='bbox 744 375 814 407; x_wconf 87' lang='lat' dir='ltr'>est,</span> <span class='ocrx_word' id='word_1_28' title='bbox 843 374 876 399; x_wconf 90' lang='lat' dir='ltr'>et</span> <span class='ocrx_word' id='word_1_29' title='bbox 892 373 1038 411; x_wconf 80' lang='lat' dir='ltr'>propter</span> <span class='ocrx_word' id='word_1_30' title='bbox 1055 368 1114 399; x_wconf 82' lang='lat' dir='ltr'>de—</span> 
     </span>
     <span class='ocr_line' id='line_1_6' title="bbox 129 417 1114 464; baseline -0.008 -8"><span class='ocrx_word' id='word_1_31' title='bbox 129 424 324 457; x_wconf 77' lang='lat' dir='ltr'>fensionem</span> <span class='ocrx_word' id='word_1_32' title='bbox 344 422 521 455; x_wconf 81' lang='lat' dir='ltr'>Ciceronis</span> <span class='ocrx_word' id='word_1_33' title='bbox 541 433 557 451; x_wconf 93' lang='lat' dir='ltr'>a</span> <span class='ocrx_word' id='word_1_34' title='bbox 577 420 746 452; x_wconf 87' lang='lat' dir='ltr'>Clodiana</span> <span class='ocrx_word' id='word_1_35' title='bbox 757 418 802 464; x_wconf 78' lang='lat'>⁸⁰)</span> <span class='ocrx_word' id='word_1_36' title='bbox 820 419 972 451; x_wconf 75' lang='lat' dir='ltr'>factione,</span> <span class='ocrx_word' id='word_1_37' title='bbox 999 417 1114 461; x_wconf 72' lang='lat' dir='ltr'>gravi-</span> 
     </span>
     <span class='ocr_line' id='line_1_7' title="bbox 133 469 1115 514; baseline -0.006 -8"><span class='ocrx_word' id='word_1_38' title='bbox 133 483 183 507; x_wconf 77' lang='lat' dir='ltr'>ter</span> <span class='ocrx_word' id='word_1_39' title='bbox 202 475 236 506; x_wconf 92' lang='lat' dir='ltr'>in</span> <span class='ocrx_word' id='word_1_40' title='bbox 254 475 330 506; x_wconf 83' lang='lat' dir='ltr'>soro</span> <span class='ocrx_word' id='word_1_41' title='bbox 350 473 554 507; x_wconf 72' lang='lat' dir='ltr'>mulctatus,</span> <span class='ocrx_word' id='word_1_42' title='bbox 583 476 687 514; x_wconf 80' lang='lat' dir='ltr'>atque</span> <span class='ocrx_word' id='word_1_43' title='bbox 705 469 921 502; x_wconf 80' lang='lat' dir='ltr'>semianimis</span> <span class='ocrx_word' id='word_1_44' title='bbox 937 481 1002 512; x_wconf 87' lang='lat' dir='ltr'>pro</span> <span class='ocrx_word' id='word_1_45' title='bbox 1020 480 1115 500; x_wconf 88' lang='lat' dir='ltr'>mor-</span> 
     </span>
     <span class='ocr_line' id='line_1_8' title="bbox 135 521 1115 564; baseline -0.007 -7"><span class='ocrx_word' id='word_1_46' title='bbox 135 533 194 557; x_wconf 86' lang='lat' dir='ltr'>tuo</span> <span class='ocrx_word' id='word_1_47' title='bbox 219 525 357 557; x_wconf 74' lang='lat' dir='ltr'>relictus</span> <span class='ocrx_word' id='word_1_48' title='bbox 384 529 443 554; x_wconf 78' lang='lat' dir='ltr'>est.</span> <span class='ocrx_word' id='word_1_49' title='bbox 503 521 638 552; x_wconf 80' lang='lat' dir='ltr'>Deinde</span> <span class='ocrx_word' id='word_1_50' title='bbox 660 526 865 564; x_wconf 81' lang='lat' dir='ltr'>comparato</span> <span class='ocrx_word' id='word_1_51' title='bbox 891 521 991 552; x_wconf 78' lang='lat' dir='ltr'>firmo</span> <span class='ocrx_word' id='word_1_52' title='bbox 1015 530 1115 562; x_wconf 91' lang='lat' dir='ltr'>prae-</span> 
     </span>
     <span class='ocr_line' id='line_1_9' title="bbox 134 569 1116 614; baseline -0.006 -7"><span class='ocrx_word' id='word_1_53' title='bbox 134 575 242 611; x_wconf 76' lang='lat' dir='ltr'>sidio,</span> <span class='ocrx_word' id='word_1_54' title='bbox 267 580 347 606; x_wconf 77' lang='lat' dir='ltr'>etse</span> <span class='ocrx_word' id='word_1_55' title='bbox 366 579 397 603; x_wconf 89' lang='lat' dir='ltr'>et</span> <span class='ocrx_word' id='word_1_56' title='bbox 415 584 552 604; x_wconf 87' lang='lat' dir='ltr'>causam</span> <span class='ocrx_word' id='word_1_57' title='bbox 572 571 751 604; x_wconf 76' lang='lat' dir='ltr'>Ciceronis</span> <span class='ocrx_word' id='word_1_58' title='bbox 765 576 960 614; x_wconf 87' lang='lat' dir='ltr'>susceptam</span> <span class='ocrx_word' id='word_1_59' title='bbox 978 569 1116 602; x_wconf 84' lang='lat' dir='ltr'>sortiter</span> 
     </span>
     <span class='ocr_line' id='line_1_10' title="bbox 134 621 1114 664; baseline -0.006 -7"><span class='ocrx_word' id='word_1_60' title='bbox 134 625 298 657; x_wconf 71' lang='lat' dir='ltr'>defendit.</span> <span class='ocrx_word' id='word_1_61' title='bbox 338 623 463 655; x_wconf 80' lang='lat' dir='ltr'>Postea</span> <span class='ocrx_word' id='word_1_62' title='bbox 484 622 513 653; x_wconf 84' lang='lat' dir='ltr'>ei</span> <span class='ocrx_word' id='word_1_63' title='bbox 532 628 578 653; x_wconf 83' lang='lat' dir='ltr'>est</span> <span class='ocrx_word' id='word_1_64' title='bbox 598 621 687 653; x_wconf 84' lang='lat' dir='ltr'>dicta</span> <span class='ocrx_word' id='word_1_65' title='bbox 706 622 778 654; x_wconf 87' lang='lat' dir='ltr'>dies</span> <span class='ocrx_word' id='word_1_66' title='bbox 795 623 836 653; x_wconf 83' lang='lat' dir='ltr'>de</span> <span class='ocrx_word' id='word_1_67' title='bbox 855 621 900 659; x_wconf 62' lang='lat' dir='ltr'>vi,</span> <span class='ocrx_word' id='word_1_68' title='bbox 926 627 1114 664; x_wconf 85' lang='lat' dir='ltr'>propterea</span> 
     </span>
     <span class='ocr_line' id='line_1_11' title="bbox 134 671 1114 720; baseline -0.005 -13"><span class='ocrx_word' id='word_1_69' title='bbox 134 676 227 720; x_wconf 78' lang='lat' dir='ltr'>quod</span> <span class='ocrx_word' id='word_1_70' title='bbox 245 673 349 706; x_wconf 86' lang='lat' dir='ltr'>nimis</span> <span class='ocrx_word' id='word_1_71' title='bbox 368 685 496 715; x_wconf 77' lang='lat' dir='ltr'>magno</span> <span class='ocrx_word' id='word_1_72' title='bbox 515 685 591 705; x_wconf 85' lang='lat' dir='ltr'>cum</span> <span class='ocrx_word' id='word_1_73' title='bbox 612 673 788 716; x_wconf 85' lang='lat' dir='ltr'>pracsidio</span> <span class='ocrx_word' id='word_1_74' title='bbox 812 672 950 711; x_wconf 76' lang='lat' dir='ltr'>suisset,</span> <span class='ocrx_word' id='word_1_75' title='bbox 985 678 1017 703; x_wconf 90' lang='lat' dir='ltr'>et</span> <span class='ocrx_word' id='word_1_76' title='bbox 1045 671 1114 702; x_wconf 74' lang='lat' dir='ltr'>vim</span> 
     </span>
     <span class='ocr_line' id='line_1_12' title="bbox 133 721 1116 766; baseline -0.005 -9"><span class='ocrx_word' id='word_1_77' title='bbox 133 725 264 757; x_wconf 74' lang='lat' dir='ltr'>civibus</span> <span class='ocrx_word' id='word_1_78' title='bbox 298 723 332 755; x_wconf 92' lang='lat' dir='ltr'>in</span> <span class='ocrx_word' id='word_1_79' title='bbox 364 724 472 755; x_wconf 83' lang='lat' dir='ltr'>libera</span> <span class='ocrx_word' id='word_1_80' title='bbox 504 723 680 766; x_wconf 73' lang='lat' dir='ltr'><strong>republica</strong></span> <span class='ocrx_word' id='word_1_81' title='bbox 723 723 938 756; x_wconf 82' lang='lat' dir='ltr'>intentasset.</span> <span class='ocrx_word' id='word_1_82' title='bbox 1022 721 1116 753; x_wconf 79' lang='lat' dir='ltr'>Haec</span> 
     </span>
     <span class='ocr_line' id='line_1_13' title="bbox 135 772 1117 808; baseline -0.005 0"><span class='ocrx_word' id='word_1_83' title='bbox 135 776 226 808; x_wconf 83' lang='lat' dir='ltr'>enim</span> <span class='ocrx_word' id='word_1_84' title='bbox 254 776 296 807; x_wconf 84' lang='lat' dir='ltr'>de</span> <span class='ocrx_word' id='word_1_85' title='bbox 320 786 360 806; x_wconf 90' lang='lat' dir='ltr'>eo</span> <span class='ocrx_word' id='word_1_86' title='bbox 384 781 464 807; x_wconf 88' lang='lat' dir='ltr'>sunt</span> <span class='ocrx_word' id='word_1_87' title='bbox 489 774 522 806; x_wconf 93' lang='lat' dir='ltr'>in</span> <span class='ocrx_word' id='word_1_88' title='bbox 541 774 701 806; x_wconf 81' lang='lat' dir='ltr'>oratione</span> <span class='ocrx_word' id='word_1_89' title='bbox 719 773 912 807; x_wconf 73' lang='lat' dir='ltr'>Ciceronis:</span> <span class='ocrx_word' id='word_1_90' title='bbox 948 772 1117 804; x_wconf 80' lang='lat' dir='ltr'>Homines</span> 
     </span>
     <span class='ocr_line' id='line_1_14' title="bbox 133 823 1117 869; baseline -0.005 -11"><span class='ocrx_word' id='word_1_91' title='bbox 133 826 266 865; x_wconf 85' lang='lat' dir='ltr'>emisti,</span> <span class='ocrx_word' id='word_1_92' title='bbox 293 824 491 869; x_wconf 60' lang='lat' dir='ltr'>parastiffl).</span> <span class='ocrx_word' id='word_1_93' title='bbox 542 823 626 856; x_wconf 84' lang='lat' dir='ltr'>Item</span> <span class='ocrx_word' id='word_1_94' title='bbox 639 851 647 863; x_wconf 93' lang='lat'>,</span> <span class='ocrx_word' id='word_1_95' title='bbox 675 825 779 868; x_wconf 93' lang='lat' dir='ltr'>paulo</span> <span class='ocrx_word' id='word_1_96' title='bbox 798 831 877 856; x_wconf 82' lang='lat' dir='ltr'>ante</span> <span class='ocrx_word' id='word_1_97' title='bbox 888 824 1018 857; x_wconf 87' lang='lat' dir='ltr'>Sestius</span> <span class='ocrx_word' id='word_1_98' title='bbox 1034 823 1117 855; x_wconf 81' lang='lat' dir='ltr'>dicit</span> 
     </span>
     <span class='ocr_line' id='line_1_15' title="bbox 133 874 1117 920; baseline -0.004 -11"><span class='ocrx_word' id='word_1_99' title='bbox 133 890 271 910; x_wconf 84' lang='lat' dir='ltr'>causam</span> <span class='ocrx_word' id='word_1_100' title='bbox 297 877 339 908; x_wconf 89' lang='lat' dir='ltr'>de</span> <span class='ocrx_word' id='word_1_101' title='bbox 367 875 420 914; x_wconf 75' lang='lat' dir='ltr'>vi,</span> <span class='ocrx_word' id='word_1_102' title='bbox 455 875 535 920; x_wconf 87' lang='lat' dir='ltr'>quia</span> <span class='ocrx_word' id='word_1_103' title='bbox 561 876 656 908; x_wconf 67' lang='lat' dir='ltr'>vivit.</span> <span class='ocrx_word' id='word_1_104' title='bbox 718 875 986 908; x_wconf 71' lang='lat' dir='ltr'>Circumventns</span> <span class='ocrx_word' id='word_1_105' title='bbox 1012 874 1117 917; x_wconf 81' lang='lat' dir='ltr'>igitur</span> 
     </span>
     <span class='ocr_line' id='line_1_16' title="bbox 134 924 1113 970; baseline -0.005 -9"><span class='ocrx_word' id='word_1_106' title='bbox 134 928 265 961; x_wconf 80' lang='lat' dir='ltr'>Sestius</span> <span class='ocrx_word' id='word_1_107' title='bbox 291 939 331 959; x_wconf 88' lang='lat' dir='ltr'>eo</span> <span class='ocrx_word' id='word_1_108' title='bbox 360 926 508 963; x_wconf 86' lang='lat' dir='ltr'>iudicio,</span> <span class='ocrx_word' id='word_1_109' title='bbox 551 926 632 958; x_wconf 92' lang='lat' dir='ltr'>odio</span> <span class='ocrx_word' id='word_1_110' title='bbox 662 932 693 957; x_wconf 81' lang='lat' dir='ltr'>et</span> <span class='ocrx_word' id='word_1_111' title='bbox 719 926 903 970; x_wconf 84' lang='lat' dir='ltr'>iniquitate</span> <span class='ocrx_word' id='word_1_112' title='bbox 929 924 1113 957; x_wconf 80' lang='lat' dir='ltr'>hominum</span> 
     </span>
     <span class='ocr_line' id='line_1_17' title="bbox 135 976 1114 1022; baseline -0.004 -12"><span class='ocrx_word' id='word_1_113' title='bbox 135 978 393 1022; x_wconf 87' lang='lat' dir='ltr'>improborum,</span> <span class='ocrx_word' id='word_1_114' title='bbox 420 989 496 1009; x_wconf 87' lang='lat' dir='ltr'>cum</span> <span class='ocrx_word' id='word_1_115' title='bbox 515 977 701 1020; x_wconf 83' lang='lat' dir='ltr'>praecipue</span> <span class='ocrx_word' id='word_1_116' title='bbox 714 977 842 1009; x_wconf 77' lang='lat' dir='ltr'>Caesar</span> <span class='ocrx_word' id='word_1_117' title='bbox 858 976 1020 1008; x_wconf 84' lang='lat' dir='ltr'>inimicus</span> <span class='ocrx_word' id='word_1_118' title='bbox 1037 988 1114 1007; x_wconf 86' lang='lat' dir='ltr'>eum</span> 
     </span>
     <span class='ocr_line' id='line_1_18' title="bbox 134 1027 1117 1072; baseline -0.003 -11"><span class='ocrx_word' id='word_1_119' title='bbox 134 1035 293 1072; x_wconf 82' lang='lat' dir='ltr'>urgeret,</span> <span class='ocrx_word' id='word_1_120' title='bbox 327 1029 513 1060; x_wconf 87' lang='lat' dir='ltr'>damnatus</span> <span class='ocrx_word' id='word_1_121' title='bbox 537 1034 641 1072; x_wconf 82' lang='lat' dir='ltr'>atque</span> <span class='ocrx_word' id='word_1_122' title='bbox 667 1027 701 1058; x_wconf 92' lang='lat' dir='ltr'>in</span> <span class='ocrx_word' id='word_1_123' title='bbox 727 1027 867 1059; x_wconf 77' lang='lat' dir='ltr'>exilium</span> <span class='ocrx_word' id='word_1_124' title='bbox 892 1033 1030 1059; x_wconf 74' lang='lat' dir='ltr'>exactus</span> <span class='ocrx_word' id='word_1_125' title='bbox 1056 1032 1117 1058; x_wconf 85' lang='lat' dir='ltr'>est.</span> 
     </span>
     <span class='ocr_line' id='line_1_19' title="bbox 135 1074 1117 1121; baseline -0.005 -9"><span class='ocrx_word' id='word_1_126' title='bbox 135 1080 256 1113; x_wconf 86' lang='lat' dir='ltr'>Cicero</span> <span class='ocrx_word' id='word_1_127' title='bbox 276 1091 357 1121; x_wconf 81' lang='lat' dir='ltr'>ergo</span> <span class='ocrx_word' id='word_1_128' title='bbox 377 1079 579 1110; x_wconf 83' lang='lat' dir='ltr'>consolatur</span> <span class='ocrx_word' id='word_1_129' title='bbox 597 1091 675 1109; x_wconf 88' lang='lat' dir='ltr'>eum</span> <span class='ocrx_word' id='word_1_130' title='bbox 697 1075 761 1109; x_wconf 74' lang='lat' dir='ltr'>liae</span> <span class='ocrx_word' id='word_1_131' title='bbox 782 1078 949 1121; x_wconf 77' lang='lat' dir='ltr'>epistola,</span> <span class='ocrx_word' id='word_1_132' title='bbox 978 1083 1008 1108; x_wconf 88' lang='lat' dir='ltr'>et</span> <span class='ocrx_word' id='word_1_133' title='bbox 1036 1074 1117 1108; x_wconf 78' lang='lat' dir='ltr'>llor—</span> 
     </span>
     <span class='ocr_line' id='line_1_20' title="bbox 134 1126 1115 1173; baseline -0.006 -10"><span class='ocrx_word' id='word_1_134' title='bbox 134 1137 239 1169; x_wconf 86' lang='lat' dir='ltr'>tatnr,</span> <span class='ocrx_word' id='word_1_135' title='bbox 266 1136 303 1162; x_wconf 92' lang='lat' dir='ltr'>ut</span> <span class='ocrx_word' id='word_1_136' title='bbox 320 1130 423 1162; x_wconf 87' lang='lat' dir='ltr'>istum</span> <span class='ocrx_word' id='word_1_137' title='bbox 433 1128 478 1173; x_wconf 67' lang='lat'>⁸⁸²)</span> <span class='ocrx_word' id='word_1_138' title='bbox 495 1130 679 1161; x_wconf 82' lang='lat' dir='ltr'>adversum</span> <span class='ocrx_word' id='word_1_139' title='bbox 698 1141 814 1161; x_wconf 85' lang='lat' dir='ltr'>casum</span> <span class='ocrx_word' id='word_1_140' title='bbox 834 1140 962 1171; x_wconf 79' lang='lat' dir='ltr'>magno</span> <span class='ocrx_word' id='word_1_141' title='bbox 980 1140 1018 1159; x_wconf 87' lang='lat' dir='ltr'>ac</span> <span class='ocrx_word' id='word_1_142' title='bbox 1034 1126 1115 1158; x_wconf 82' lang='lat' dir='ltr'>sorti</span> 
     </span>
     <span class='ocr_line' id='line_1_21' title="bbox 135 1176 1117 1222; baseline -0.005 -10"><span class='ocrx_word' id='word_1_143' title='bbox 135 1181 252 1213; x_wconf 88' lang='lat' dir='ltr'>animo</span> <span class='ocrx_word' id='word_1_144' title='bbox 273 1180 372 1212; x_wconf 82' lang='lat' dir='ltr'>serat.</span> <span class='ocrx_word' id='word_1_145' title='bbox 425 1178 487 1211; x_wconf 87' lang='lat' dir='ltr'>Est</span> <span class='ocrx_word' id='word_1_146' title='bbox 505 1185 620 1210; x_wconf 89' lang='lat' dir='ltr'>antem</span> <span class='ocrx_word' id='word_1_147' title='bbox 639 1176 723 1210; x_wconf 82' lang='lat' dir='ltr'>haec</span> <span class='ocrx_word' id='word_1_148' title='bbox 749 1179 894 1222; x_wconf 87' lang='lat' dir='ltr'>epistola</span> <span class='ocrx_word' id='word_1_149' title='bbox 920 1178 1117 1209; x_wconf 81' lang='lat' dir='ltr'>consolato-</span> 
     </span>
     <span class='ocr_line' id='line_1_22' title="bbox 135 1227 1118 1274; baseline -0.005 -11"><span class='ocrx_word' id='word_1_150' title='bbox 135 1232 206 1270; x_wconf 83' lang='lat' dir='ltr'>ria,</span> <span class='ocrx_word' id='word_1_151' title='bbox 250 1237 282 1263; x_wconf 88' lang='lat' dir='ltr'>et</span> <span class='ocrx_word' id='word_1_152' title='bbox 312 1229 463 1274; x_wconf 75' lang='lat' dir='ltr'>pertinet</span> <span class='ocrx_word' id='word_1_153' title='bbox 495 1230 536 1261; x_wconf 86' lang='lat' dir='ltr'>ad</span> <span class='ocrx_word' id='word_1_154' title='bbox 563 1241 670 1272; x_wconf 84' lang='lat' dir='ltr'>genus</span> <span class='ocrx_word' id='word_1_155' title='bbox 693 1228 902 1261; x_wconf 86' lang='lat' dir='ltr'>suasorium.</span> <span class='ocrx_word' id='word_1_156' title='bbox 969 1227 1118 1259; x_wconf 76' lang='lat' dir='ltr'>Videtur</span> 
     </span>
     <span class='ocr_line' id='line_1_23' title="bbox 135 1278 1117 1324; baseline -0.005 -10"><span class='ocrx_word' id='word_1_157' title='bbox 135 1282 239 1315; x_wconf 85' lang='lat' dir='ltr'>etiam</span> <span class='ocrx_word' id='word_1_158' title='bbox 257 1281 385 1324; x_wconf 87' lang='lat' dir='ltr'>scripta</span> <span class='ocrx_word' id='word_1_159' title='bbox 404 1292 476 1313; x_wconf 90' lang='lat' dir='ltr'>esse</span> <span class='ocrx_word' id='word_1_160' title='bbox 492 1280 596 1323; x_wconf 86' lang='lat' dir='ltr'>paulo</span> <span class='ocrx_word' id='word_1_161' title='bbox 614 1286 693 1323; x_wconf 88' lang='lat' dir='ltr'>post</span> <span class='ocrx_word' id='word_1_162' title='bbox 709 1280 860 1312; x_wconf 84' lang='lat' dir='ltr'>reditum</span> <span class='ocrx_word' id='word_1_163' title='bbox 880 1278 1058 1311; x_wconf 75' lang='lat' dir='ltr'>Ciceronis</span> <span class='ocrx_word' id='word_1_164' title='bbox 1075 1278 1117 1309; x_wconf 80' lang='lat' dir='ltr'>al)</span> 
     </span>
     <span class='ocr_line' id='line_1_24' title="bbox 135 1330 1118 1368; baseline -0.005 -3"><span class='ocrx_word' id='word_1_165' title='bbox 135 1332 249 1366; x_wconf 80' lang='lat' dir='ltr'>exilio.</span> <span class='ocrx_word' id='word_1_166' title='bbox 317 1330 356 1364; x_wconf 90' lang='lat' dir='ltr'>ln</span> <span class='ocrx_word' id='word_1_167' title='bbox 382 1331 526 1364; x_wconf 89' lang='lat' dir='ltr'>exordio</span> <span class='ocrx_word' id='word_1_168' title='bbox 552 1337 692 1363; x_wconf 83' lang='lat' dir='ltr'>excusat</span> <span class='ocrx_word' id='word_1_169' title='bbox 714 1330 891 1363; x_wconf 84' lang='lat' dir='ltr'>silentium</span> <span class='ocrx_word' id='word_1_170' title='bbox 917 1342 1038 1368; x_wconf 85' lang='lat' dir='ltr'>suum,</span> <span class='ocrx_word' id='word_1_171' title='bbox 1073 1334 1118 1367; x_wconf 86' lang='lat' dir='ltr'>et,</span> 
     </span>
     <span class='ocr_line' id='line_1_25' title="bbox 134 1380 1116 1422; baseline -0.006 -6"><span class='ocrx_word' id='word_1_172' title='bbox 134 1395 196 1416; x_wconf 89' lang='lat' dir='ltr'>cur</span> <span class='ocrx_word' id='word_1_173' title='bbox 212 1394 307 1415; x_wconf 83' lang='lat' dir='ltr'>nunc</span> <span class='ocrx_word' id='word_1_174' title='bbox 324 1382 472 1422; x_wconf 85' lang='lat' dir='ltr'>scribat,</span> <span class='ocrx_word' id='word_1_175' title='bbox 499 1381 663 1415; x_wconf 81' lang='lat' dir='ltr'>ostendit.</span> <span class='ocrx_word' id='word_1_176' title='bbox 717 1381 855 1414; x_wconf 79' lang='lat' dir='ltr'><strong>Deinde</strong></span> <span class='ocrx_word' id='word_1_177' title='bbox 874 1380 1116 1413; x_wconf 74' lang='lat' dir='ltr'>narrationem</span> 
     </span>
     <span class='ocr_line' id='line_1_26' title="bbox 134 1431 1117 1478; baseline -0.004 -12"><span class='ocrx_word' id='word_1_178' title='bbox 134 1433 285 1473; x_wconf 85' lang='lat' dir='ltr'>subiicit,</span> <span class='ocrx_word' id='word_1_179' title='bbox 312 1433 348 1466; x_wconf 92' lang='lat' dir='ltr'>in</span> <span class='ocrx_word' id='word_1_180' title='bbox 366 1445 434 1478; x_wconf 90' lang='lat' dir='ltr'>qua</span> <span class='ocrx_word' id='word_1_181' title='bbox 452 1445 551 1466; x_wconf 91' lang='lat' dir='ltr'>suam</span> <span class='ocrx_word' id='word_1_182' title='bbox 570 1433 606 1465; x_wconf 84' lang='lat' dir='ltr'>in</span> <span class='ocrx_word' id='word_1_183' title='bbox 617 1433 720 1466; x_wconf 87' lang='lat' dir='ltr'>Sestii</span> <span class='ocrx_word' id='word_1_184' title='bbox 737 1432 879 1476; x_wconf 89' lang='lat' dir='ltr'>negotio</span> <span class='ocrx_word' id='word_1_185' title='bbox 897 1431 1117 1474; x_wconf 73' lang='lat' dir='ltr'>diligentiam</span> 
     </span>
     <span class='ocr_line' id='line_1_27' title="bbox 134 1482 1118 1525; baseline -0.004 -8"><span class='ocrx_word' id='word_1_186' title='bbox 134 1491 168 1518; x_wconf 90' lang='lat' dir='ltr'>et</span> <span class='ocrx_word' id='word_1_187' title='bbox 183 1485 286 1517; x_wconf 86' lang='lat' dir='ltr'>fidem</span> <span class='ocrx_word' id='word_1_188' title='bbox 311 1490 579 1517; x_wconf 84' lang='lat' dir='ltr'>commemorat.</span> <span class='ocrx_word' id='word_1_189' title='bbox 638 1483 847 1517; x_wconf 84' lang='lat' dir='ltr'>Narrationi</span> <span class='ocrx_word' id='word_1_190' title='bbox 869 1482 1011 1515; x_wconf 81' lang='lat' dir='ltr'>additur</span> <span class='ocrx_word' id='word_1_191' title='bbox 1036 1494 1118 1525; x_wconf 90' lang='lat' dir='ltr'>pro-</span> 
     </span>
     <span class='ocr_line' id='line_1_28' title="bbox 133 1533 1118 1580; baseline -0.004 -12"><span class='ocrx_word' id='word_1_192' title='bbox 133 1535 261 1580; x_wconf 84' lang='lat' dir='ltr'>positio</span> <span class='ocrx_word' id='word_1_193' title='bbox 279 1535 548 1569; x_wconf 69' lang='lat' dir='ltr'>consolationis:</span> <span class='ocrx_word' id='word_1_194' title='bbox 582 1534 762 1568; x_wconf 81' lang='lat' dir='ltr'>Memento</span> <span class='ocrx_word' id='word_1_195' title='bbox 781 1541 813 1567; x_wconf 87' lang='lat' dir='ltr'>te</span> <span class='ocrx_word' id='word_1_196' title='bbox 832 1546 904 1567; x_wconf 84' lang='lat' dir='ltr'>esse</span> <span class='ocrx_word' id='word_1_197' title='bbox 924 1533 1058 1571; x_wconf 82' lang='lat' dir='ltr'>virum,</span> <span class='ocrx_word' id='word_1_198' title='bbox 1085 1539 1118 1565; x_wconf 86' lang='lat' dir='ltr'>et</span> 
     </span>
     <span class='ocr_line' id='line_1_29' title="bbox 133 1584 1117 1627; baseline -0.002 -9"><span class='ocrx_word' id='word_1_199' title='bbox 133 1586 231 1619; x_wconf 88' lang='lat' dir='ltr'>illum</span> <span class='ocrx_word' id='word_1_200' title='bbox 248 1598 366 1620; x_wconf 82' lang='lat' dir='ltr'>casum</span> <span class='ocrx_word' id='word_1_201' title='bbox 384 1586 483 1618; x_wconf 82' lang='lat' dir='ltr'>vince</span> <span class='ocrx_word' id='word_1_202' title='bbox 503 1586 585 1618; x_wconf 84' lang='lat' dir='ltr'>sorti</span> <span class='ocrx_word' id='word_1_203' title='bbox 603 1585 734 1619; x_wconf 88' lang='lat' dir='ltr'>animo.</span> <span class='ocrx_word' id='word_1_204' title='bbox 788 1585 908 1618; x_wconf 88' lang='lat' dir='ltr'>Prima</span> <span class='ocrx_word' id='word_1_205' title='bbox 927 1584 1017 1616; x_wconf 87' lang='lat' dir='ltr'>ratio</span> <span class='ocrx_word' id='word_1_206' title='bbox 1037 1596 1117 1627; x_wconf 84' lang='lat' dir='ltr'>pro-</span> 
     </span>
     <span class='ocr_line' id='line_1_30' title="bbox 132 1635 1118 1681; baseline -0.003 -11"><span class='ocrx_word' id='word_1_207' title='bbox 132 1637 318 1681; x_wconf 82' lang='lat' dir='ltr'>positionis</span> <span class='ocrx_word' id='word_1_208' title='bbox 342 1643 479 1680; x_wconf 90' lang='lat' dir='ltr'>sumpta</span> <span class='ocrx_word' id='word_1_209' title='bbox 507 1643 558 1670; x_wconf 86' lang='lat' dir='ltr'>est</span> <span class='ocrx_word' id='word_1_210' title='bbox 583 1637 625 1669; x_wconf 87' lang='lat' dir='ltr'>al)</span> <span class='ocrx_word' id='word_1_211' title='bbox 649 1636 808 1680; x_wconf 76' lang='lat' dir='ltr'>exemplo</span> <span class='ocrx_word' id='word_1_212' title='bbox 833 1636 983 1668; x_wconf 89' lang='lat' dir='ltr'>aliorum</span> <span class='ocrx_word' id='word_1_213' title='bbox 1006 1635 1118 1667; x_wconf 82' lang='lat' dir='ltr'>bono-</span> 
     </span>
     <span class='ocr_line' id='line_1_31' title="bbox 133 1686 1117 1732; baseline -0.003 -12"><span class='ocrx_word' id='word_1_214' title='bbox 133 1700 211 1720; x_wconf 90' lang='lat' dir='ltr'>rum</span> <span class='ocrx_word' id='word_1_215' title='bbox 236 1688 385 1725; x_wconf 65' lang='lat' dir='ltr'>civium,</span> <span class='ocrx_word' id='word_1_216' title='bbox 421 1687 480 1732; x_wconf 85' lang='lat' dir='ltr'>qui</span> <span class='ocrx_word' id='word_1_217' title='bbox 506 1689 627 1720; x_wconf 86' lang='lat' dir='ltr'>eadem</span> <span class='ocrx_word' id='word_1_218' title='bbox 652 1688 794 1720; x_wconf 86' lang='lat' dir='ltr'>fortuna</span> <span class='ocrx_word' id='word_1_219' title='bbox 822 1687 874 1719; x_wconf 90' lang='lat' dir='ltr'>usi</span> <span class='ocrx_word' id='word_1_220' title='bbox 898 1692 990 1719; x_wconf 87' lang='lat' dir='ltr'>sunt.</span> <span class='ocrx_word' id='word_1_221' title='bbox 1059 1686 1117 1718; x_wconf 82' lang='lat' dir='ltr'>Se-</span> 
     </span>
     <span class='ocr_line' id='line_1_32' title="bbox 133 1734 1117 1782; baseline -0.001 -13"><span class='ocrx_word' id='word_1_222' title='bbox 133 1740 246 1770; x_wconf 75' lang='lat' dir='ltr'>cunda</span> <span class='ocrx_word' id='word_1_223' title='bbox 265 1750 282 1770; x_wconf 87' lang='lat' dir='ltr'>a</span> <span class='ocrx_word' id='word_1_224' title='bbox 303 1739 516 1781; x_wconf 78' lang='lat' dir='ltr'>reipublicae</span> <span class='ocrx_word' id='word_1_225' title='bbox 534 1745 648 1775; x_wconf 84' lang='lat' dir='ltr'>statu,</span> <span class='ocrx_word' id='word_1_226' title='bbox 676 1738 929 1782; x_wconf 68' lang='lat' dir='ltr'>rempublicam</span> <span class='ocrx_word' id='word_1_227' title='bbox 955 1749 1027 1769; x_wconf 80' lang='lat' dir='ltr'>esse</span> <span class='ocrx_word' id='word_1_228' title='bbox 1050 1734 1117 1769; x_wconf 77' lang='lat' dir='ltr'>lloc</span> 
     </span>
     <span class='ocr_line' id='line_1_33' title="bbox 133 1788 1116 1833; baseline -0.003 -12"><span class='ocrx_word' id='word_1_229' title='bbox 133 1797 291 1833; x_wconf 87' lang='lat' dir='ltr'>tempore</span> <span class='ocrx_word' id='word_1_230' title='bbox 309 1789 597 1828; x_wconf 84' lang='lat' dir='ltr'>turbatissimam,</span> <span class='ocrx_word' id='word_1_231' title='bbox 627 1789 776 1833; x_wconf 82' lang='lat' dir='ltr'>ideoque</span> <span class='ocrx_word' id='word_1_232' title='bbox 795 1788 935 1821; x_wconf 78' lang='lat' dir='ltr'>exilium</span> <span class='ocrx_word' id='word_1_233' title='bbox 955 1800 1024 1819; x_wconf 87' lang='lat' dir='ltr'>non</span> <span class='ocrx_word' id='word_1_234' title='bbox 1045 1800 1116 1819; x_wconf 75' lang='lat' dir='ltr'>esse</span> 
     </span>
     <span class='ocr_line' id='line_1_34' title="bbox 133 1839 1116 1883; baseline 0 -12"><span class='ocrx_word' id='word_1_235' title='bbox 133 1852 235 1883; x_wconf 79' lang='lat' dir='ltr'>aegre</span> <span class='ocrx_word' id='word_1_236' title='bbox 263 1840 458 1872; x_wconf 80' lang='lat' dir='ltr'>serendum.</span> <span class='ocrx_word' id='word_1_237' title='bbox 518 1839 638 1872; x_wconf 86' lang='lat' dir='ltr'>Tertia</span> <span class='ocrx_word' id='word_1_238' title='bbox 669 1853 686 1872; x_wconf 93' lang='lat' dir='ltr'>a</span> <span class='ocrx_word' id='word_1_239' title='bbox 712 1840 773 1872; x_wconf 79' lang='lat' dir='ltr'>{ilii</span> <span class='ocrx_word' id='word_1_240' title='bbox 797 1839 1116 1871; x_wconf 60' lang='lat' dir='ltr'>commendatione.</span> 
     </span>
     <span class='ocr_line' id='line_1_35' title="bbox 132 1889 1116 1935; baseline -0.002 -12"><span class='ocrx_word' id='word_1_241' title='bbox 132 1891 264 1924; x_wconf 87' lang='lat' dir='ltr'>Ultima</span> <span class='ocrx_word' id='word_1_242' title='bbox 283 1892 394 1930; x_wconf 86' lang='lat' dir='ltr'>ratio,</span> <span class='ocrx_word' id='word_1_243' title='bbox 422 1902 512 1935; x_wconf 87' lang='lat' dir='ltr'>qnae</span> <span class='ocrx_word' id='word_1_244' title='bbox 539 1897 589 1923; x_wconf 91' lang='lat' dir='ltr'>est</span> <span class='ocrx_word' id='word_1_245' title='bbox 613 1891 801 1934; x_wconf 87' lang='lat' dir='ltr'>praecipua</span> <span class='ocrx_word' id='word_1_246' title='bbox 827 1891 869 1922; x_wconf 81' lang='lat' dir='ltr'>de</span> <span class='ocrx_word' id='word_1_247' title='bbox 893 1889 1116 1928; x_wconf 78' lang='lat' dir='ltr'>conscientia,</span> 
     </span>
     <span class='ocr_line' id='line_1_36' title="bbox 132 1938 1117 1986; baseline -0.001 -13"><span class='ocrx_word' id='word_1_248' title='bbox 132 1948 269 1985; x_wconf 86' lang='lat' dir='ltr'>sumpta</span> <span class='ocrx_word' id='word_1_249' title='bbox 291 1948 339 1974; x_wconf 86' lang='lat' dir='ltr'>est</span> <span class='ocrx_word' id='word_1_250' title='bbox 357 1954 396 1973; x_wconf 83' lang='lat' dir='ltr'>ex</span> <span class='ocrx_word' id='word_1_251' title='bbox 412 1942 489 1973; x_wconf 88' lang='lat' dir='ltr'>loco</span> <span class='ocrx_word' id='word_1_252' title='bbox 507 1939 712 1974; x_wconf 77' lang='lat' dir='ltr'>honestatis.</span> <span class='ocrx_word' id='word_1_253' title='bbox 772 1941 904 1986; x_wconf 81' lang='lat' dir='ltr'>Estque</span> <span class='ocrx_word' id='word_1_254' title='bbox 931 1938 986 1972; x_wconf 81' lang='lat' dir='ltr'>hic</span> <span class='ocrx_word' id='word_1_255' title='bbox 1013 1940 1117 1984; x_wconf 71' lang='lat' dir='ltr'>syllo-</span> 
     </span>
     <span class='ocr_line' id='line_1_37' title="bbox 133 1991 1114 2036; baseline 0 -13"><span class='ocrx_word' id='word_1_256' title='bbox 133 1992 279 2036; x_wconf 81' lang='lat' dir='ltr'>gismus:</span> <span class='ocrx_word' id='word_1_257' title='bbox 306 1992 407 2025; x_wconf 88' lang='lat' dir='ltr'>Tunc</span> <span class='ocrx_word' id='word_1_258' title='bbox 423 1992 551 2025; x_wconf 89' lang='lat' dir='ltr'>merito</span> <span class='ocrx_word' id='word_1_259' title='bbox 574 1993 751 2031; x_wconf 75' lang='lat' dir='ltr'>dolemus,</span> <span class='ocrx_word' id='word_1_260' title='bbox 780 2005 858 2025; x_wconf 89' lang='lat' dir='ltr'>cum</span> <span class='ocrx_word' id='word_1_261' title='bbox 878 1991 977 2035; x_wconf 86' lang='lat' dir='ltr'>culpa</span> <span class='ocrx_word' id='word_1_262' title='bbox 995 1998 1114 2024; x_wconf 88' lang='lat' dir='ltr'>nostra</span> 
     </span>
     <span class='ocr_line' id='line_1_38' title="bbox 133 2042 1117 2087; baseline 0 -13"><span class='ocrx_word' id='word_1_263' title='bbox 133 2049 310 2075; x_wconf 80' lang='lat' dir='ltr'>eontracta</span> <span class='ocrx_word' id='word_1_264' title='bbox 332 2050 382 2076; x_wconf 87' lang='lat' dir='ltr'>est</span> <span class='ocrx_word' id='word_1_265' title='bbox 399 2043 596 2079; x_wconf 81' lang='lat' dir='ltr'>calamitas:</span> <span class='ocrx_word' id='word_1_266' title='bbox 627 2050 662 2076; x_wconf 88' lang='lat' dir='ltr'>tu</span> <span class='ocrx_word' id='word_1_267' title='bbox 682 2044 780 2087; x_wconf 79' lang='lat' dir='ltr'>culpa</span> <span class='ocrx_word' id='word_1_268' title='bbox 800 2055 919 2076; x_wconf 65' lang='lat' dir='ltr'>vacas:</span> <span class='ocrx_word' id='word_1_269' title='bbox 957 2042 1062 2085; x_wconf 82' lang='lat' dir='ltr'>igitur</span> <span class='ocrx_word' id='word_1_270' title='bbox 1085 2048 1117 2074; x_wconf 86' lang='lat' dir='ltr'>et</span> 
     </span>
     <span class='ocr_line' id='line_1_39' title="bbox 132 2093 1118 2128; baseline 0 -2"><span class='ocrx_word' id='word_1_271' title='bbox 132 2095 254 2127; x_wconf 87' lang='lat' dir='ltr'>dolore</span> <span class='ocrx_word' id='word_1_272' title='bbox 273 2106 399 2126; x_wconf 80' lang='lat' dir='ltr'>vacare</span> <span class='ocrx_word' id='word_1_273' title='bbox 415 2095 530 2128; x_wconf 86' lang='lat' dir='ltr'>debes.</span> <span class='ocrx_word' id='word_1_274' title='bbox 583 2093 622 2126; x_wconf 90' lang='lat' dir='ltr'>In</span> <span class='ocrx_word' id='word_1_275' title='bbox 640 2094 865 2127; x_wconf 86' lang='lat' dir='ltr'>conclusione</span> <span class='ocrx_word' id='word_1_276' title='bbox 881 2094 1035 2127; x_wconf 67' lang='lat' dir='ltr'>breviter</span> <span class='ocrx_word' id='word_1_277' title='bbox 1058 2094 1118 2126; x_wconf 87' lang='lat' dir='ltr'>de-</span> 
     </span>
     <span class='ocr_line' id='line_1_40' title="bbox 131 2145 502 2178; baseline 0.005 -2"><span class='ocrx_word' id='word_1_278' title='bbox 131 2145 197 2177; x_wconf 83' lang='lat' dir='ltr'>sert</span> <span class='ocrx_word' id='word_1_279' title='bbox 215 2157 315 2178; x_wconf 90' lang='lat' dir='ltr'>suum</span> <span class='ocrx_word' id='word_1_280' title='bbox 337 2145 502 2178; x_wconf 82' lang='lat' dir='ltr'>officium.</span> 
     </span>
    </p>
   </div>
   <div class='ocr_carea' id='block_1_4' title="bbox 375 2220 866 2263">
    <p class='ocr_par' dir='ltr' id='par_1_4' title="bbox 375 2220 866 2263">
     <span class='ocr_line' id='line_1_41' title="bbox 375 2220 866 2263; baseline 0 -10"><span class='ocrx_word' id='word_1_281' title='bbox 375 2220 514 2253; x_wconf 83' lang='lat' dir='ltr'>Aliud</span> <span class='ocrx_word' id='word_1_282' title='bbox 543 2225 866 2263; x_wconf 74' lang='lat' dir='ltr'>argumentum.</span> 
     </span>
    </p>
   </div>
   <div class='ocr_carea' id='block_1_5' title="bbox 132 2277 1116 2375">
    <p class='ocr_par' dir='ltr' id='par_1_5' title="bbox 132 2277 1116 2375">
     <span class='ocr_line' id='line_1_42' title="bbox 232 2277 1116 2324; baseline 0.001 -13"><span class='ocrx_word' id='word_1_283' title='bbox 232 2279 444 2312; x_wconf 87' lang='lat' dir='ltr'>Consolatur</span> <span class='ocrx_word' id='word_1_284' title='bbox 460 2277 525 2312; x_wconf 85' lang='lat' dir='ltr'>hac</span> <span class='ocrx_word' id='word_1_285' title='bbox 542 2278 687 2322; x_wconf 87' lang='lat' dir='ltr'>epistola</span> <span class='ocrx_word' id='word_1_286' title='bbox 708 2278 747 2311; x_wconf 88' lang='lat' dir='ltr'>P.</span> <span class='ocrx_word' id='word_1_287' title='bbox 766 2278 917 2311; x_wconf 79' lang='lat' dir='ltr'>Sestium</span> <span class='ocrx_word' id='word_1_288' title='bbox 931 2305 940 2319; x_wconf 89' lang='lat'>,</span> <span class='ocrx_word' id='word_1_289' title='bbox 976 2279 1035 2324; x_wconf 92' lang='lat' dir='ltr'>qui</span> <span class='ocrx_word' id='word_1_290' title='bbox 1061 2291 1116 2312; x_wconf 90' lang='lat' dir='ltr'>ac-</span> 
     </span>
     <span class='ocr_line' id='line_1_43' title="bbox 132 2329 1115 2375; baseline 0.001 -14"><span class='ocrx_word' id='word_1_291' title='bbox 132 2336 268 2362; x_wconf 85' lang='lat' dir='ltr'>cusatus</span> <span class='ocrx_word' id='word_1_292' title='bbox 292 2330 462 2370; x_wconf 81' lang='lat' dir='ltr'>ambitus,</span> <span class='ocrx_word' id='word_1_293' title='bbox 497 2330 620 2375; x_wconf 89' lang='lat' dir='ltr'>iniquo</span> <span class='ocrx_word' id='word_1_294' title='bbox 648 2329 777 2361; x_wconf 83' lang='lat' dir='ltr'>iudicio</span> <span class='ocrx_word' id='word_1_295' title='bbox 802 2330 944 2361; x_wconf 87' lang='lat' dir='ltr'>tandem</span> <span class='ocrx_word' id='word_1_296' title='bbox 969 2331 1115 2362; x_wconf 89' lang='lat' dir='ltr'>damna-</span> 
     </span>
    </p>
   </div>
   <div class='ocr_carea' id='block_1_6' title="bbox 164 2427 1116 2486">
    <p class='ocr_par' dir='ltr' id='par_1_6' title="bbox 164 2427 1116 2486">
     <span class='ocr_line' id='line_1_44' title="bbox 164 2427 1116 2459; baseline 0.002 -9"><span class='ocrx_word' id='word_1_297' title='bbox 164 2427 212 2456; x_wconf 82' lang='grc'>78)</span> <span class='ocrx_word' id='word_1_298' title='bbox 233 2429 289 2451; x_wconf 77' lang='lat' dir='ltr'>Hoc</span> <span class='ocrx_word' id='word_1_299' title='bbox 308 2431 494 2454; x_wconf 69' lang='lat' dir='ltr'>argumentum</span> <span class='ocrx_word' id='word_1_300' title='bbox 515 2431 541 2452; x_wconf 84' lang='lat' dir='ltr'>et</span> <span class='ocrx_word' id='word_1_301' title='bbox 559 2429 611 2453; x_wconf 85' lang='lat' dir='ltr'>duo</span> <span class='ocrx_word' id='word_1_302' title='bbox 630 2428 774 2459; x_wconf 77' lang='lat' dir='ltr'>sequentia</span> <span class='ocrx_word' id='word_1_303' title='bbox 791 2428 818 2452; x_wconf 86' lang='lat' dir='ltr'>in</span> <span class='ocrx_word' id='word_1_304' title='bbox 836 2429 919 2453; x_wconf 79' lang='lat' dir='ltr'>Editt.</span> <span class='ocrx_word' id='word_1_305' title='bbox 939 2429 1029 2459; x_wconf 79' lang='lat'>1556.,</span> <span class='ocrx_word' id='word_1_306' title='bbox 1051 2430 1116 2452; x_wconf 77' lang='lat'>1565</span> 
     </span>
     <span class='ocr_line' id='line_1_45' title="bbox 200 2462 518 2486; baseline 0.006 -3"><span class='ocrx_word' id='word_1_307' title='bbox 200 2462 315 2485; x_wconf 74' lang='lat'>-1596.</span> <span class='ocrx_word' id='word_1_308' title='bbox 337 2463 518 2486; x_wconf 77' lang='lat' dir='ltr'>inveniuntur.</span> 
     </span>
    </p>
   </div>
   <div class='ocr_carea' id='block_1_7' title="bbox 163 2495 1115 2558">
    <p class='ocr_par' dir='ltr' id='par_1_7' title="bbox 163 2495 1115 2558">
     <span class='ocr_line' id='line_1_46' title="bbox 163 2495 1115 2529; baseline 0.002 -10"><span class='ocrx_word' id='word_1_309' title='bbox 163 2495 211 2522; x_wconf 83' lang='grc'>79)</span> <span class='ocrx_word' id='word_1_310' title='bbox 234 2496 342 2518; x_wconf 69' lang='lat' dir='ltr'>sestius</span> <span class='ocrx_word' id='word_1_311' title='bbox 362 2498 427 2524; x_wconf 69' lang='lat' dir='ltr'>etc]</span> <span class='ocrx_word' id='word_1_312' title='bbox 448 2497 529 2520; x_wconf 71' lang='lat' dir='ltr'>Editt.</span> <span class='ocrx_word' id='word_1_313' title='bbox 545 2497 629 2529; x_wconf 60' lang='lat'>1556„</span> <span class='ocrx_word' id='word_1_314' title='bbox 650 2498 736 2528; x_wconf 64' lang='lat'>¹565„</span> <span class='ocrx_word' id='word_1_315' title='bbox 757 2497 848 2528; x_wconf 55' lang='lat'>1569„</span> <span class='ocrx_word' id='word_1_316' title='bbox 869 2497 942 2521; x_wconf 84' lang='lat'>1592.</span> <span class='ocrx_word' id='word_1_317' title='bbox 961 2497 986 2521; x_wconf 82' lang='lat' dir='ltr'>h.</span> <span class='ocrx_word' id='word_1_318' title='bbox 1006 2498 1023 2520; x_wconf 87' lang='lat' dir='ltr'>l.</span> <span class='ocrx_word' id='word_1_319' title='bbox 1043 2499 1069 2521; x_wconf 82' lang='lat' dir='ltr'>et</span> <span class='ocrx_word' id='word_1_320' title='bbox 1089 2498 1115 2521; x_wconf 89' lang='lat' dir='ltr'>in</span> 
     </span>
     <span class='ocr_line' id='line_1_47' title="bbox 200 2530 502 2558; baseline 0.007 -7"><span class='ocrx_word' id='word_1_321' title='bbox 200 2536 290 2558; x_wconf 77' lang='lat' dir='ltr'>seqq.:</span> <span class='ocrx_word' id='word_1_322' title='bbox 320 2530 428 2552; x_wconf 76' lang='lat' dir='ltr'>sextius</span> <span class='ocrx_word' id='word_1_323' title='bbox 452 2532 502 2553; x_wconf 79' lang='lat' dir='ltr'>etc.</span> 
     </span>
    </p>
   </div>
   <div class='ocr_carea' id='block_1_8' title="bbox 163 2563 1116 2728">
    <p class='ocr_par' dir='ltr' id='par_1_8' title="bbox 164 2563 961 2595">
     <span class='ocr_line' id='line_1_48' title="bbox 164 2563 961 2595; baseline 0.008 -12"><span class='ocrx_word' id='word_1_324' title='bbox 164 2563 211 2593; x_wconf 63' lang='grc' dir='ltr'>βυ)</span> <span class='ocrx_word' id='word_1_325' title='bbox 231 2563 378 2590; x_wconf 75' lang='lat' dir='ltr'>Clodiana]</span> <span class='ocrx_word' id='word_1_326' title='bbox 399 2564 444 2586; x_wconf 82' lang='lat' dir='ltr'>Ed.</span> <span class='ocrx_word' id='word_1_327' title='bbox 467 2565 540 2587; x_wconf 79' lang='lat'>1569.</span> <span class='ocrx_word' id='word_1_328' title='bbox 561 2571 656 2588; x_wconf 77' lang='lat' dir='ltr'>errore</span> <span class='ocrx_word' id='word_1_329' title='bbox 675 2567 801 2595; x_wconf 79' lang='lat' dir='ltr'>typogr.:</span> <span class='ocrx_word' id='word_1_330' title='bbox 822 2565 961 2589; x_wconf 77' lang='lat' dir='ltr'>Clodiano.</span> 
     </span>
    </p>

    <p class='ocr_par' dir='ltr' id='par_1_9' title="bbox 163 2597 1114 2661">
     <span class='ocr_line' id='line_1_49' title="bbox 163 2597 1114 2629; baseline 0.004 -10"><span class='ocrx_word' id='word_1_331' title='bbox 163 2597 210 2627; x_wconf 70' lang='lat'>81)</span> <span class='ocrx_word' id='word_1_332' title='bbox 232 2597 336 2620; x_wconf 77' lang='lat' dir='ltr'>emisti.</span> <span class='ocrx_word' id='word_1_333' title='bbox 358 2598 485 2626; x_wconf 68' lang='lat' dir='ltr'>parasti]</span> <span class='ocrx_word' id='word_1_334' title='bbox 504 2599 545 2620; x_wconf 78' lang='lat' dir='ltr'>sic</span> <span class='ocrx_word' id='word_1_335' title='bbox 562 2599 644 2622; x_wconf 77' lang='lat' dir='ltr'>Editt.</span> <span class='ocrx_word' id='word_1_336' title='bbox 657 2600 741 2628; x_wconf 62' lang='lat'><strong>¹565„</strong></span> <span class='ocrx_word' id='word_1_337' title='bbox 763 2599 846 2629; x_wconf 78' lang='lat'>1569.‚</span> <span class='ocrx_word' id='word_1_338' title='bbox 868 2600 956 2629; x_wconf 69' lang='lat'>1592.;</span> <span class='ocrx_word' id='word_1_339' title='bbox 975 2600 1023 2623; x_wconf 81' lang='lat' dir='ltr'>Ed.</span> <span class='ocrx_word' id='word_1_340' title='bbox 1041 2600 1114 2624; x_wconf 76' lang='lat'><strong>¹556.</strong></span> 
     </span>
     <span class='ocr_line' id='line_1_50' title="bbox 200 2630 590 2661; baseline 0.008 -10"><span class='ocrx_word' id='word_1_341' title='bbox 200 2630 291 2654; x_wconf 77' lang='lat' dir='ltr'>emisti</span> <span class='ocrx_word' id='word_1_342' title='bbox 302 2646 308 2655; x_wconf 79' lang='grc'><em>.</em></span> <span class='ocrx_word' id='word_1_343' title='bbox 328 2631 439 2659; x_wconf 68' lang='lat' dir='ltr'>caepisti</span> <span class='ocrx_word' id='word_1_344' title='bbox 450 2648 457 2658; x_wconf 87' lang='grc'>,</span> <span class='ocrx_word' id='word_1_345' title='bbox 477 2632 590 2661; x_wconf 74' lang='lat' dir='ltr'>parasti.</span> 
     </span>
    </p>

    <p class='ocr_par' dir='ltr' id='par_1_10' title="bbox 164 2663 1116 2728">
     <span class='ocr_line' id='line_1_51' title="bbox 164 2663 1116 2697; baseline 0.006 -12"><span class='ocrx_word' id='word_1_346' title='bbox 164 2663 213 2691; x_wconf 79' lang='grc'>82)</span> <span class='ocrx_word' id='word_1_347' title='bbox 232 2665 328 2692; x_wconf 86' lang='lat' dir='ltr'>istum]</span> <span class='ocrx_word' id='word_1_348' title='bbox 346 2665 385 2687; x_wconf 77' lang='lat' dir='ltr'>sic</span> <span class='ocrx_word' id='word_1_349' title='bbox 403 2665 486 2688; x_wconf 75' lang='lat' dir='ltr'>Editt.</span> <span class='ocrx_word' id='word_1_350' title='bbox 507 2666 597 2696; x_wconf 56' lang='lat'>1556„</span> <span class='ocrx_word' id='word_1_351' title='bbox 625 2665 717 2696; x_wconf 53' lang='lat'>1565„</span> <span class='ocrx_word' id='word_1_352' title='bbox 745 2667 834 2697; x_wconf 75' lang='lat'>1592.;</span> <span class='ocrx_word' id='word_1_353' title='bbox 861 2667 999 2692; x_wconf 76' lang='lat' dir='ltr'>Ed.1569.</span> <span class='ocrx_word' id='word_1_354' title='bbox 1021 2673 1116 2692; x_wconf 78' lang='lat' dir='ltr'>errore</span> 
     </span>
     <span class='ocr_line' id='line_1_52' title="bbox 198 2699 459 2728; baseline 0.004 -8"><span class='ocrx_word' id='word_1_355' title='bbox 198 2700 324 2728; x_wconf 78' lang='lat' dir='ltr'>typogr.:</span> <span class='ocrx_word' id='word_1_356' title='bbox 350 2699 459 2722; x_wconf 76' lang='lat' dir='ltr'>iustum.</span> 
     </span>
    </p>
   </div>
   <div class='ocr_carea' id='block_1_9' title="bbox 1013 111 1578 149">
    <p class='ocr_par' dir='ltr' id='par_1_11' title="bbox 1013 111 1578 149">
     <span class='ocr_line' id='line_1_53' title="bbox 1013 111 1578 149; baseline 0.004 -2"><span class='ocrx_word' id='word_1_357' title='bbox 1013 111 1211 147; x_wconf 83' lang='lat' dir='ltr'>SCRIPTA</span> <span class='ocrx_word' id='word_1_358' title='bbox 1246 112 1578 149; x_wconf 82' lang='lat' dir='ltr'>PHILOLOGICA.</span> 
     </span>
    </p>
   </div>
   <div class='ocr_carea' id='block_1_10' title="bbox 2080 115 2152 151">
    <p class='ocr_par' dir='ltr' id='par_1_12' title="bbox 2080 115 2152 151">
     <span class='ocr_line' id='line_1_54' title="bbox 2080 115 2152 151; baseline 0.014 -2"><span class='ocrx_word' id='word_1_359' title='bbox 2080 115 2152 151; x_wconf 71' lang='lat'>192</span> 
     </span>
    </p>
   </div>
   <div class='ocr_carea' id='block_1_11' title="bbox 1165 199 2155 995">
    <p class='ocr_par' dir='ltr' id='par_1_13' title="bbox 1165 199 2155 995">
     <span class='ocr_line' id='line_1_55' title="bbox 1165 199 2150 241; baseline 0.001 -9"><span class='ocrx_word' id='word_1_360' title='bbox 1165 206 1219 232; x_wconf 91' lang='lat' dir='ltr'>tus</span> <span class='ocrx_word' id='word_1_361' title='bbox 1245 200 1322 233; x_wconf 82' lang='lat' dir='ltr'>suit.</span> <span class='ocrx_word' id='word_1_362' title='bbox 1382 199 1531 232; x_wconf 85' lang='lat' dir='ltr'>Orditur</span> <span class='ocrx_word' id='word_1_363' title='bbox 1556 205 1671 232; x_wconf 87' lang='lat' dir='ltr'>autem</span> <span class='ocrx_word' id='word_1_364' title='bbox 1695 200 1738 233; x_wconf 91' lang='lat' dir='ltr'>ab</span> <span class='ocrx_word' id='word_1_365' title='bbox 1762 199 1984 233; x_wconf 86' lang='lat' dir='ltr'>excusatione</span> <span class='ocrx_word' id='word_1_366' title='bbox 2008 200 2150 241; x_wconf 85' lang='lat' dir='ltr'>silentii,</span> 
     </span>
     <span class='ocr_line' id='line_1_56' title="bbox 1166 250 2150 296; baseline 0.003 -14"><span class='ocrx_word' id='word_1_367' title='bbox 1166 250 1292 283; x_wconf 87' lang='lat' dir='ltr'>additis</span> <span class='ocrx_word' id='word_1_368' title='bbox 1311 251 1423 284; x_wconf 81' lang='lat' dir='ltr'>causis</span> <span class='ocrx_word' id='word_1_369' title='bbox 1442 250 1587 283; x_wconf 91' lang='lat' dir='ltr'>omnino</span> <span class='ocrx_word' id='word_1_370' title='bbox 1603 250 1719 291; x_wconf 88' lang='lat' dir='ltr'>iustis,</span> <span class='ocrx_word' id='word_1_371' title='bbox 1748 263 1857 296; x_wconf 88' lang='lat' dir='ltr'>quare</span> <span class='ocrx_word' id='word_1_372' title='bbox 1879 257 1950 283; x_wconf 90' lang='lat' dir='ltr'>tam</span> <span class='ocrx_word' id='word_1_373' title='bbox 1976 251 2037 284; x_wconf 86' lang='lat' dir='ltr'>‹lin</span> <span class='ocrx_word' id='word_1_374' title='bbox 2061 250 2150 285; x_wconf 81' lang='lat' dir='ltr'>nihil</span> 
     </span>
     <span class='ocr_line' id='line_1_57' title="bbox 1165 300 2150 345; baseline 0.002 -11"><span class='ocrx_word' id='word_1_375' title='bbox 1165 301 1354 345; x_wconf 74' lang='lat' dir='ltr'>scripserit.</span> <span class='ocrx_word' id='word_1_376' title='bbox 1413 300 1451 334; x_wconf 88' lang='lat' dir='ltr'>ln</span> <span class='ocrx_word' id='word_1_377' title='bbox 1475 301 1679 334; x_wconf 70' lang='lat' dir='ltr'>narratione</span> <span class='ocrx_word' id='word_1_378' title='bbox 1710 308 1967 334; x_wconf 75' lang='lat' dir='ltr'>commemorat</span> <span class='ocrx_word' id='word_1_379' title='bbox 1991 315 2052 336; x_wconf 90' lang='lat' dir='ltr'>sua</span> <span class='ocrx_word' id='word_1_380' title='bbox 2075 303 2150 336; x_wconf 83' lang='lat' dir='ltr'>offi-</span> 
     </span>
     <span class='ocr_line' id='line_1_58' title="bbox 1167 351 2150 396; baseline 0.002 -12"><span class='ocrx_word' id='word_1_381' title='bbox 1167 352 1230 384; x_wconf 87' lang='lat' dir='ltr'>cia.</span> <span class='ocrx_word' id='word_1_382' title='bbox 1296 352 1421 385; x_wconf 82' lang='lat' dir='ltr'>Postea</span> <span class='ocrx_word' id='word_1_383' title='bbox 1453 352 1622 396; x_wconf 84' lang='lat' dir='ltr'>proponit</span> <span class='ocrx_word' id='word_1_384' title='bbox 1653 353 1952 392; x_wconf 73' lang='lat' dir='ltr'>consolationem,</span> <span class='ocrx_word' id='word_1_385' title='bbox 1993 359 2033 386; x_wconf 88' lang='lat' dir='ltr'>ut</span> <span class='ocrx_word' id='word_1_386' title='bbox 2058 351 2150 386; x_wconf 85' lang='lat' dir='ltr'>hanc</span> 
     </span>
     <span class='ocr_line' id='line_1_59' title="bbox 1168 401 2152 449; baseline 0.003 -15"><span class='ocrx_word' id='word_1_387' title='bbox 1168 401 1333 434; x_wconf 89' lang='lat' dir='ltr'>iniuriam</span> <span class='ocrx_word' id='word_1_388' title='bbox 1356 403 1438 435; x_wconf 87' lang='lat' dir='ltr'>sorti</span> <span class='ocrx_word' id='word_1_389' title='bbox 1459 403 1578 435; x_wconf 90' lang='lat' dir='ltr'>animo</span> <span class='ocrx_word' id='word_1_390' title='bbox 1594 404 1694 436; x_wconf 85' lang='lat' dir='ltr'>serat.</span> <span class='ocrx_word' id='word_1_391' title='bbox 1746 403 1974 447; x_wconf 81' lang='lat' dir='ltr'>Argumentis</span> <span class='ocrx_word' id='word_1_392' title='bbox 1998 410 2152 449; x_wconf 88' lang='lat' dir='ltr'>quatuor</span> 
     </span>
     <span class='ocr_line' id='line_1_60' title="bbox 1167 453 2153 498; baseline 0.003 -13"><span class='ocrx_word' id='word_1_393' title='bbox 1167 453 1278 485; x_wconf 86' lang='lat' dir='ltr'>utitur</span> <span class='ocrx_word' id='word_1_394' title='bbox 1301 455 1344 486; x_wconf 89' lang='lat' dir='ltr'>ad</span> <span class='ocrx_word' id='word_1_395' title='bbox 1373 453 1640 487; x_wconf 88' lang='lat' dir='ltr'>consolandum.</span> <span class='ocrx_word' id='word_1_396' title='bbox 1708 453 1870 487; x_wconf 83' lang='lat' dir='ltr'>Primum</span> <span class='ocrx_word' id='word_1_397' title='bbox 1895 461 2074 498; x_wconf 87' lang='lat' dir='ltr'>sumptum</span> <span class='ocrx_word' id='word_1_398' title='bbox 2101 461 2153 489; x_wconf 86' lang='lat' dir='ltr'>est</span> 
     </span>
     <span class='ocr_line' id='line_1_61' title="bbox 1168 503 2152 548; baseline 0.004 -13"><span class='ocrx_word' id='word_1_399' title='bbox 1168 505 1211 535; x_wconf 81' lang='lat' dir='ltr'>al)</span> <span class='ocrx_word' id='word_1_400' title='bbox 1228 504 1395 547; x_wconf 80' lang='lat' dir='ltr'>exemplis</span> <span class='ocrx_word' id='word_1_401' title='bbox 1413 504 1796 548; x_wconf 83' lang='lat' dir='ltr'>praestantissimorum</span> <span class='ocrx_word' id='word_1_402' title='bbox 1823 503 2007 538; x_wconf 82' lang='lat' dir='ltr'>hominum</span> <span class='ocrx_word' id='word_1_403' title='bbox 2034 506 2071 538; x_wconf 90' lang='lat' dir='ltr'>in</span> <span class='ocrx_word' id='word_1_404' title='bbox 2097 518 2152 539; x_wconf 91' lang='lat' dir='ltr'>re-</span> 
     </span>
     <span class='ocr_line' id='line_1_62' title="bbox 1168 553 2153 601; baseline 0.003 -15"><span class='ocrx_word' id='word_1_405' title='bbox 1168 555 1328 598; x_wconf 81' lang='lat' dir='ltr'>publica,</span> <span class='ocrx_word' id='word_1_406' title='bbox 1352 561 1390 587; x_wconf 95' lang='lat' dir='ltr'>ut</span> <span class='ocrx_word' id='word_1_407' title='bbox 1406 555 1588 594; x_wconf 76' lang='lat' dir='ltr'>Aristidis,</span> <span class='ocrx_word' id='word_1_408' title='bbox 1615 553 1884 595; x_wconf 81' lang='lat' dir='ltr'>Themistoclis,</span> <span class='ocrx_word' id='word_1_409' title='bbox 1909 555 2082 601; x_wconf 74' lang='lat' dir='ltr'>Lycurgi,</span> <span class='ocrx_word' id='word_1_410' title='bbox 2119 562 2153 590; x_wconf 87' lang='lat' dir='ltr'>et</span> 
     </span>
     <span class='ocr_line' id='line_1_63' title="bbox 1170 605 2152 650; baseline 0.003 -13"><span class='ocrx_word' id='word_1_411' title='bbox 1170 605 1342 644; x_wconf 82' lang='lat' dir='ltr'>aliorum,</span> <span class='ocrx_word' id='word_1_412' title='bbox 1370 605 1430 650; x_wconf 84' lang='lat' dir='ltr'>qui</span> <span class='ocrx_word' id='word_1_413' title='bbox 1453 605 1584 648; x_wconf 85' lang='lat' dir='ltr'>experti</span> <span class='ocrx_word' id='word_1_414' title='bbox 1607 612 1688 638; x_wconf 91' lang='lat' dir='ltr'>sunt</span> <span class='ocrx_word' id='word_1_415' title='bbox 1713 618 1778 650; x_wconf 89' lang='lat' dir='ltr'>pro</span> <span class='ocrx_word' id='word_1_416' title='bbox 1805 606 1951 640; x_wconf 83' lang='lat' dir='ltr'>suuuuis</span> <span class='ocrx_word' id='word_1_417' title='bbox 1976 607 2152 641; x_wconf 83' lang='lat' dir='ltr'>beneficiis</span> 
     </span>
     <span class='ocr_line' id='line_1_64' title="bbox 1169 656 2154 701; baseline 0.003 -14"><span class='ocrx_word' id='word_1_418' title='bbox 1169 668 1334 699; x_wconf 82' lang='lat' dir='ltr'>magnam</span> <span class='ocrx_word' id='word_1_419' title='bbox 1367 656 1669 699; x_wconf 85' lang='lat' dir='ltr'>ingratitudinem.</span> <span class='ocrx_word' id='word_1_420' title='bbox 1736 657 1935 689; x_wconf 84' lang='lat' dir='ltr'>Secundum</span> <span class='ocrx_word' id='word_1_421' title='bbox 1967 670 1984 689; x_wconf 89' lang='lat' dir='ltr'>a</span> <span class='ocrx_word' id='word_1_422' title='bbox 2015 664 2154 701; x_wconf 86' lang='lat' dir='ltr'>pertur-</span> 
     </span>
     <span class='ocr_line' id='line_1_65' title="bbox 1170 706 2154 750; baseline 0.002 -11"><span class='ocrx_word' id='word_1_423' title='bbox 1170 707 1311 739; x_wconf 82' lang='lat' dir='ltr'>batione</span> <span class='ocrx_word' id='word_1_424' title='bbox 1336 713 1445 740; x_wconf 89' lang='lat' dir='ltr'>status</span> <span class='ocrx_word' id='word_1_425' title='bbox 1470 706 1695 750; x_wconf 83' lang='lat' dir='ltr'>reipublicae.</span> <span class='ocrx_word' id='word_1_426' title='bbox 1747 707 1908 740; x_wconf 89' lang='lat' dir='ltr'>Tertium</span> <span class='ocrx_word' id='word_1_427' title='bbox 1935 720 1951 740; x_wconf 87' lang='lat' dir='ltr'>a</span> <span class='ocrx_word' id='word_1_428' title='bbox 1976 720 2154 741; x_wconf 88' lang='lat' dir='ltr'>commen-</span> 
     </span>
     <span class='ocr_line' id='line_1_66' title="bbox 1170 757 2155 803; baseline 0.004 -15"><span class='ocrx_word' id='word_1_429' title='bbox 1170 759 1312 790; x_wconf 81' lang='lat' dir='ltr'>datione</span> <span class='ocrx_word' id='word_1_430' title='bbox 1343 757 1425 797; x_wconf 80' lang='lat' dir='ltr'>tilii,</span> <span class='ocrx_word' id='word_1_431' title='bbox 1468 757 1565 790; x_wconf 90' lang='lat' dir='ltr'>cuius</span> <span class='ocrx_word' id='word_1_432' title='bbox 1598 757 1754 801; x_wconf 80' lang='lat' dir='ltr'>probitas</span> <span class='ocrx_word' id='word_1_433' title='bbox 1784 758 1970 801; x_wconf 86' lang='lat' dir='ltr'>singularis</span> <span class='ocrx_word' id='word_1_434' title='bbox 2000 765 2032 791; x_wconf 91' lang='lat' dir='ltr'>et</span> <span class='ocrx_word' id='word_1_435' title='bbox 2059 759 2155 803; x_wconf 81' lang='lat' dir='ltr'>inge-</span> 
     </span>
     <span class='ocr_line' id='line_1_67' title="bbox 1171 808 2154 852; baseline 0.002 -11"><span class='ocrx_word' id='word_1_436' title='bbox 1171 809 1267 841; x_wconf 89' lang='lat' dir='ltr'>nium</span> <span class='ocrx_word' id='word_1_437' title='bbox 1287 809 1415 840; x_wconf 81' lang='lat' dir='ltr'>‹lebent</span> <span class='ocrx_word' id='word_1_438' title='bbox 1440 808 1672 841; x_wconf 87' lang='lat' dir='ltr'>consolationi</span> <span class='ocrx_word' id='word_1_439' title='bbox 1701 820 1772 841; x_wconf 86' lang='lat' dir='ltr'>esse</span> <span class='ocrx_word' id='word_1_440' title='bbox 1795 809 1934 852; x_wconf 86' lang='lat' dir='ltr'>parenti</span> <span class='ocrx_word' id='word_1_441' title='bbox 1964 810 2068 842; x_wconf 85' lang='lat' dir='ltr'>etiam</span> <span class='ocrx_word' id='word_1_442' title='bbox 2093 811 2154 843; x_wconf 86' lang='lat' dir='ltr'>tri-</span> 
     </span>
     <span class='ocr_line' id='line_1_68' title="bbox 1170 858 2155 903; baseline 0.001 -11"><span class='ocrx_word' id='word_1_443' title='bbox 1170 859 1334 892; x_wconf 84' lang='lat' dir='ltr'>stissimo.</span> <span class='ocrx_word' id='word_1_444' title='bbox 1387 860 1563 903; x_wconf 82' lang='lat' dir='ltr'>Quartum</span> <span class='ocrx_word' id='word_1_445' title='bbox 1580 871 1597 891; x_wconf 90' lang='lat' dir='ltr'>a</span> <span class='ocrx_word' id='word_1_446' title='bbox 1617 858 1819 892; x_wconf 85' lang='lat' dir='ltr'>testimonio</span> <span class='ocrx_word' id='word_1_447' title='bbox 1838 859 1952 892; x_wconf 85' lang='lat' dir='ltr'>bonae</span> <span class='ocrx_word' id='word_1_448' title='bbox 1977 861 2155 893; x_wconf 86' lang='lat' dir='ltr'>conscien-</span> 
     </span>
     <span class='ocr_line' id='line_1_69' title="bbox 1171 909 2155 954; baseline 0.003 -13"><span class='ocrx_word' id='word_1_449' title='bbox 1171 910 1250 943; x_wconf 83' lang='lat' dir='ltr'>tiae.</span> <span class='ocrx_word' id='word_1_450' title='bbox 1316 909 1354 942; x_wconf 90' lang='lat' dir='ltr'>In</span> <span class='ocrx_word' id='word_1_451' title='bbox 1387 910 1612 943; x_wconf 87' lang='lat' dir='ltr'>conclusione</span> <span class='ocrx_word' id='word_1_452' title='bbox 1635 909 1788 954; x_wconf 88' lang='lat' dir='ltr'>primum</span> <span class='ocrx_word' id='word_1_453' title='bbox 1817 911 1928 943; x_wconf 74' lang='lat' dir='ltr'>defert</span> <span class='ocrx_word' id='word_1_454' title='bbox 1953 923 2054 944; x_wconf 86' lang='lat' dir='ltr'>suum</span> <span class='ocrx_word' id='word_1_455' title='bbox 2080 913 2155 944; x_wconf 81' lang='lat' dir='ltr'>offi-</span> 
     </span>
     <span class='ocr_line' id='line_1_70' title="bbox 1171 959 1950 995; baseline 0.003 -3"><span class='ocrx_word' id='word_1_456' title='bbox 1171 961 1274 994; x_wconf 85' lang='lat' dir='ltr'>cium.</span> <span class='ocrx_word' id='word_1_457' title='bbox 1327 961 1452 994; x_wconf 88' lang='lat' dir='ltr'>Postea</span> <span class='ocrx_word' id='word_1_458' title='bbox 1471 959 1635 993; x_wconf 87' lang='lat' dir='ltr'>hortatur</span> <span class='ocrx_word' id='word_1_459' title='bbox 1651 961 1694 993; x_wconf 90' lang='lat' dir='ltr'>ad</span> <span class='ocrx_word' id='word_1_460' title='bbox 1712 960 1950 995; x_wconf 87' lang='lat' dir='ltr'>scribendum.</span> 
     </span>
    </p>
   </div>
   <div class='ocr_carea' id='block_1_12' title="bbox 1417 1043 1915 1086">
    <p class='ocr_par' dir='ltr' id='par_1_14' title="bbox 1417 1043 1915 1086">
     <span class='ocr_line' id='line_1_71' title="bbox 1417 1043 1915 1086; baseline 0.004 -11"><span class='ocrx_word' id='word_1_461' title='bbox 1417 1043 1551 1076; x_wconf 83' lang='lat' dir='ltr'>Aliud</span> <span class='ocrx_word' id='word_1_462' title='bbox 1587 1050 1915 1086; x_wconf 84' lang='lat' dir='ltr'>argumentum.</span> 
     </span>
    </p>
   </div>
   <div class='ocr_carea' id='block_1_13' title="bbox 1170 1107 2156 1764">
    <p class='ocr_par' dir='ltr' id='par_1_15' title="bbox 1170 1107 2156 1764">
     <span class='ocr_line' id='line_1_72' title="bbox 1264 1107 2156 1152; baseline 0.002 -10"><span class='ocrx_word' id='word_1_463' title='bbox 1264 1109 1459 1143; x_wconf 82' lang='lat' dir='ltr'>Exordium</span> <span class='ocrx_word' id='word_1_464' title='bbox 1479 1110 1596 1152; x_wconf 85' lang='lat' dir='ltr'>primo</span> <span class='ocrx_word' id='word_1_465' title='bbox 1612 1110 1690 1141; x_wconf 88' lang='lat' dir='ltr'>loco</span> <span class='ocrx_word' id='word_1_466' title='bbox 1707 1107 1812 1142; x_wconf 85' lang='lat' dir='ltr'>habet</span> <span class='ocrx_word' id='word_1_467' title='bbox 1827 1110 2087 1143; x_wconf 81' lang='lat' dir='ltr'>excusationem</span> <span class='ocrx_word' id='word_1_468' title='bbox 2103 1112 2156 1144; x_wconf 87' lang='lat' dir='ltr'>in-</span> 
     </span>
     <span class='ocr_line' id='line_1_73' title="bbox 1172 1159 2155 1197; baseline 0.004 -6"><span class='ocrx_word' id='word_1_469' title='bbox 1172 1159 1403 1193; x_wconf 87' lang='lat' dir='ltr'>termissionis</span> <span class='ocrx_word' id='word_1_470' title='bbox 1428 1159 1644 1197; x_wconf 84' lang='lat' dir='ltr'>litterarum;</span> <span class='ocrx_word' id='word_1_471' title='bbox 1680 1159 1806 1192; x_wconf 88' lang='lat' dir='ltr'>deinde</span> <span class='ocrx_word' id='word_1_472' title='bbox 1828 1160 2046 1193; x_wconf 86' lang='lat' dir='ltr'>occasionem</span> <span class='ocrx_word' id='word_1_473' title='bbox 2072 1163 2155 1195; x_wconf 86' lang='lat' dir='ltr'>scri-</span> 
     </span>
     <span class='ocr_line' id='line_1_74' title="bbox 1170 1208 2155 1254; baseline 0.004 -12"><span class='ocrx_word' id='word_1_474' title='bbox 1170 1210 1275 1242; x_wconf 87' lang='lat' dir='ltr'>bendi</span> <span class='ocrx_word' id='word_1_475' title='bbox 1294 1208 1360 1242; x_wconf 84' lang='lat' dir='ltr'>hoc</span> <span class='ocrx_word' id='word_1_476' title='bbox 1377 1217 1546 1254; x_wconf 89' lang='lat' dir='ltr'>tempore.</span> <span class='ocrx_word' id='word_1_477' title='bbox 1585 1210 1752 1243; x_wconf 80' lang='lat' dir='ltr'>Narratio</span> <span class='ocrx_word' id='word_1_478' title='bbox 1772 1211 1991 1244; x_wconf 73' lang='lat' dir='ltr'>consumitur</span> <span class='ocrx_word' id='word_1_479' title='bbox 2008 1211 2044 1244; x_wconf 85' lang='lat' dir='ltr'>in</span> <span class='ocrx_word' id='word_1_480' title='bbox 2062 1225 2155 1246; x_wconf 83' lang='lat' dir='ltr'>corn—</span> 
     </span>
     <span class='ocr_line' id='line_1_75' title="bbox 1171 1261 2155 1306; baseline 0.003 -13"><span class='ocrx_word' id='word_1_481' title='bbox 1171 1261 1428 1293; x_wconf 84' lang='lat' dir='ltr'>memoratione</span> <span class='ocrx_word' id='word_1_482' title='bbox 1448 1262 1664 1301; x_wconf 83' lang='lat' dir='ltr'>officiorum,</span> <span class='ocrx_word' id='word_1_483' title='bbox 1701 1267 1733 1293; x_wconf 91' lang='lat' dir='ltr'>et</span> <span class='ocrx_word' id='word_1_484' title='bbox 1758 1261 1792 1293; x_wconf 88' lang='lat' dir='ltr'>in</span> <span class='ocrx_word' id='word_1_485' title='bbox 1813 1262 1879 1294; x_wconf 79' lang='lat' dir='ltr'>fine</span> <span class='ocrx_word' id='word_1_486' title='bbox 1905 1263 2075 1306; x_wconf 84' lang='lat' dir='ltr'>repetitur</span> <span class='ocrx_word' id='word_1_487' title='bbox 2099 1276 2155 1297; x_wconf 90' lang='lat' dir='ltr'>oc-</span> 
     </span>
     <span class='ocr_line' id='line_1_76' title="bbox 1171 1312 2154 1358; baseline 0.004 -14"><span class='ocrx_word' id='word_1_488' title='bbox 1171 1312 1263 1345; x_wconf 85' lang='lat' dir='ltr'>casio</span> <span class='ocrx_word' id='word_1_489' title='bbox 1285 1312 1472 1346; x_wconf 85' lang='lat' dir='ltr'>scribendi.</span> <span class='ocrx_word' id='word_1_490' title='bbox 1536 1312 1788 1346; x_wconf 84' lang='lat' dir='ltr'>Narrationem</span> <span class='ocrx_word' id='word_1_491' title='bbox 1808 1312 1966 1358; x_wconf 84' lang='lat' dir='ltr'>sequitur</span> <span class='ocrx_word' id='word_1_492' title='bbox 1988 1312 2154 1348; x_wconf 87' lang='lat' dir='ltr'>adhorta-</span> 
     </span>
     <span class='ocr_line' id='line_1_77' title="bbox 1171 1362 2154 1407; baseline 0.005 -12"><span class='ocrx_word' id='word_1_493' title='bbox 1171 1363 1220 1395; x_wconf 90' lang='lat' dir='ltr'>tio</span> <span class='ocrx_word' id='word_1_494' title='bbox 1255 1374 1316 1396; x_wconf 89' lang='lat' dir='ltr'>seu</span> <span class='ocrx_word' id='word_1_495' title='bbox 1347 1363 1562 1403; x_wconf 87' lang='lat' dir='ltr'>consolatio,</span> <span class='ocrx_word' id='word_1_496' title='bbox 1599 1369 1639 1396; x_wconf 87' lang='lat' dir='ltr'>ut</span> <span class='ocrx_word' id='word_1_497' title='bbox 1672 1362 1847 1407; x_wconf 86' lang='lat' dir='ltr'>patienter</span> <span class='ocrx_word' id='word_1_498' title='bbox 1875 1364 1965 1396; x_wconf 88' lang='lat' dir='ltr'>ferat</span> <span class='ocrx_word' id='word_1_499' title='bbox 1999 1365 2154 1400; x_wconf 85' lang='lat' dir='ltr'>exilium.</span> 
     </span>
     <span class='ocr_line' id='line_1_78' title="bbox 1170 1413 2154 1458; baseline 0.003 -12"><span class='ocrx_word' id='word_1_500' title='bbox 1170 1413 1331 1446; x_wconf 86' lang='lat' dir='ltr'>Primum</span> <span class='ocrx_word' id='word_1_501' title='bbox 1349 1420 1597 1458; x_wconf 81' lang='lat' dir='ltr'>argumentum</span> <span class='ocrx_word' id='word_1_502' title='bbox 1616 1414 1758 1447; x_wconf 90' lang='lat' dir='ltr'>ductum</span> <span class='ocrx_word' id='word_1_503' title='bbox 1784 1420 1835 1447; x_wconf 90' lang='lat' dir='ltr'>est</span> <span class='ocrx_word' id='word_1_504' title='bbox 1852 1426 1870 1446; x_wconf 88' lang='lat' dir='ltr'>a</span> <span class='ocrx_word' id='word_1_505' title='bbox 1891 1416 2073 1449; x_wconf 85' lang='lat' dir='ltr'>communi</span> <span class='ocrx_word' id='word_1_506' title='bbox 2091 1413 2154 1449; x_wconf 88' lang='lat' dir='ltr'>ho-</span> 
     </span>
     <span class='ocr_line' id='line_1_79' title="bbox 1170 1465 2155 1511; baseline 0.004 -14"><span class='ocrx_word' id='word_1_507' title='bbox 1170 1465 1307 1498; x_wconf 87' lang='lat' dir='ltr'>minum</span> <span class='ocrx_word' id='word_1_508' title='bbox 1327 1466 1483 1499; x_wconf 80' lang='lat' dir='ltr'>fortuna.</span> <span class='ocrx_word' id='word_1_509' title='bbox 1546 1465 1745 1498; x_wconf 89' lang='lat' dir='ltr'>Secundum</span> <span class='ocrx_word' id='word_1_510' title='bbox 1769 1465 1813 1497; x_wconf 86' lang='lat' dir='ltr'>ab</span> <span class='ocrx_word' id='word_1_511' title='bbox 1837 1465 2003 1509; x_wconf 82' lang='lat' dir='ltr'>exemplis</span> <span class='ocrx_word' id='word_1_512' title='bbox 2026 1467 2155 1511; x_wconf 85' lang='lat' dir='ltr'>proba-</span> 
     </span>
     <span class='ocr_line' id='line_1_80' title="bbox 1171 1514 2154 1560; baseline 0.003 -12"><span class='ocrx_word' id='word_1_513' title='bbox 1171 1516 1386 1549; x_wconf 88' lang='lat' dir='ltr'>tissimorum</span> <span class='ocrx_word' id='word_1_514' title='bbox 1413 1516 1585 1549; x_wconf 78' lang='lat' dir='ltr'>virorum.</span> <span class='ocrx_word' id='word_1_515' title='bbox 1643 1514 1830 1549; x_wconf 91' lang='lat' dir='ltr'>Interserta</span> <span class='ocrx_word' id='word_1_516' title='bbox 1856 1522 1906 1548; x_wconf 88' lang='lat' dir='ltr'>est</span> <span class='ocrx_word' id='word_1_517' title='bbox 1931 1528 1994 1560; x_wconf 86' lang='lat' dir='ltr'>per</span> <span class='ocrx_word' id='word_1_518' title='bbox 2017 1518 2154 1551; x_wconf 86' lang='lat' dir='ltr'>dubita—</span> 
     </span>
     <span class='ocr_line' id='line_1_81' title="bbox 1170 1566 2153 1613; baseline 0.003 -14"><span class='ocrx_word' id='word_1_519' title='bbox 1170 1567 1302 1599; x_wconf 83' lang='lat' dir='ltr'>tionem</span> <span class='ocrx_word' id='word_1_520' title='bbox 1334 1567 1490 1600; x_wconf 87' lang='lat' dir='ltr'>laudatio</span> <span class='ocrx_word' id='word_1_521' title='bbox 1513 1566 1574 1599; x_wconf 91' lang='lat' dir='ltr'>filii</span> <span class='ocrx_word' id='word_1_522' title='bbox 1602 1566 1645 1598; x_wconf 86' lang='lat' dir='ltr'>ab</span> <span class='ocrx_word' id='word_1_523' title='bbox 1669 1566 1797 1610; x_wconf 77' lang='lat' dir='ltr'>insigni</span> <span class='ocrx_word' id='word_1_524' title='bbox 1824 1566 1952 1599; x_wconf 75' lang='lat' dir='ltr'>virtute</span> <span class='ocrx_word' id='word_1_525' title='bbox 1978 1573 2012 1600; x_wconf 86' lang='lat' dir='ltr'>et</span> <span class='ocrx_word' id='word_1_526' title='bbox 2034 1569 2153 1613; x_wconf 88' lang='lat' dir='ltr'>probi-</span> 
     </span>
     <span class='ocr_line' id='line_1_82' title="bbox 1171 1618 2154 1661; baseline 0.002 -11"><span class='ocrx_word' id='word_1_527' title='bbox 1171 1624 1252 1651; x_wconf 75' lang='lat' dir='ltr'>tate.</span> <span class='ocrx_word' id='word_1_528' title='bbox 1302 1618 1476 1651; x_wconf 89' lang='lat' dir='ltr'>Ultimum</span> <span class='ocrx_word' id='word_1_529' title='bbox 1497 1623 1743 1660; x_wconf 79' lang='lat' dir='ltr'>argumentum</span> <span class='ocrx_word' id='word_1_530' title='bbox 1762 1623 1813 1650; x_wconf 88' lang='lat' dir='ltr'>est</span> <span class='ocrx_word' id='word_1_531' title='bbox 1828 1624 2007 1661; x_wconf 89' lang='lat' dir='ltr'>sumptum</span> <span class='ocrx_word' id='word_1_532' title='bbox 2029 1631 2046 1652; x_wconf 84' lang='lat' dir='ltr'>a</span> <span class='ocrx_word' id='word_1_533' title='bbox 2072 1632 2154 1652; x_wconf 90' lang='lat' dir='ltr'>con-</span> 
     </span>
     <span class='ocr_line' id='line_1_83' title="bbox 1170 1667 2152 1715; baseline 0.003 -14"><span class='ocrx_word' id='word_1_534' title='bbox 1170 1669 1313 1701; x_wconf 83' lang='lat' dir='ltr'>scientia</span> <span class='ocrx_word' id='word_1_535' title='bbox 1333 1675 1425 1701; x_wconf 85' lang='lat' dir='ltr'>recte</span> <span class='ocrx_word' id='word_1_536' title='bbox 1442 1670 1614 1701; x_wconf 83' lang='lat' dir='ltr'>factorum</span> <span class='ocrx_word' id='word_1_537' title='bbox 1632 1674 1666 1700; x_wconf 87' lang='lat' dir='ltr'>et</span> <span class='ocrx_word' id='word_1_538' title='bbox 1681 1668 1896 1702; x_wconf 88' lang='lat' dir='ltr'>innocentia.</span> <span class='ocrx_word' id='word_1_539' title='bbox 1946 1667 1985 1701; x_wconf 89' lang='lat' dir='ltr'>ln</span> <span class='ocrx_word' id='word_1_540' title='bbox 2002 1670 2070 1703; x_wconf 87' lang='lat' dir='ltr'>fine</span> <span class='ocrx_word' id='word_1_541' title='bbox 2086 1683 2152 1715; x_wconf 87' lang='lat' dir='ltr'>pro</span> 
     </span>
     <span class='ocr_line' id='line_1_84' title="bbox 1171 1719 1967 1764; baseline 0.001 -12"><span class='ocrx_word' id='word_1_542' title='bbox 1171 1720 1309 1764; x_wconf 83' lang='lat' dir='ltr'>epilogo</span> <span class='ocrx_word' id='word_1_543' title='bbox 1329 1726 1379 1753; x_wconf 88' lang='lat' dir='ltr'>est</span> <span class='ocrx_word' id='word_1_544' title='bbox 1394 1719 1547 1752; x_wconf 86' lang='lat' dir='ltr'>clausula</span> <span class='ocrx_word' id='word_1_545' title='bbox 1567 1719 1680 1762; x_wconf 90' lang='lat' dir='ltr'>posita</span> <span class='ocrx_word' id='word_1_546' title='bbox 1698 1720 1740 1751; x_wconf 90' lang='lat' dir='ltr'>dc</span> <span class='ocrx_word' id='word_1_547' title='bbox 1759 1731 1821 1751; x_wconf 79' lang='lat' dir='ltr'>suo</span> <span class='ocrx_word' id='word_1_548' title='bbox 1840 1719 1967 1753; x_wconf 81' lang='lat' dir='ltr'>officio.</span> 
     </span>
    </p>
   </div>
   <div class='ocr_carea' id='block_1_14' title="bbox 1212 1817 2107 1866">
    <p class='ocr_par' dir='ltr' id='par_1_16' title="bbox 1212 1817 2107 1866">
     <span class='ocr_line' id='line_1_85' title="bbox 1212 1817 2107 1866; baseline -0.009 -11"><span class='ocrx_word' id='word_1_549' title='bbox 1212 1822 1538 1866; x_wconf 80' lang='lat' dir='ltr'>Argumentum</span> <span class='ocrx_word' id='word_1_550' title='bbox 1572 1826 1613 1852; x_wconf 93' lang='lat' dir='ltr'>et</span> <span class='ocrx_word' id='word_1_551' title='bbox 1645 1817 1817 1852; x_wconf 82' lang='lat' dir='ltr'>scholia</span> <span class='ocrx_word' id='word_1_552' title='bbox 1855 1819 1898 1852; x_wconf 89' lang='lat' dir='ltr'>in</span> <span class='ocrx_word' id='word_1_553' title='bbox 1937 1820 2107 1864; x_wconf 87' lang='lat' dir='ltr'>episto-</span> 
     </span>
    </p>
   </div>
   <div class='ocr_carea' id='block_1_15' title="bbox 1506 1869 1819 1917">
    <p class='ocr_par' dir='ltr' id='par_1_17' title="bbox 1506 1869 1819 1917">
     <span class='ocr_line' id='line_1_86' title="bbox 1506 1869 1819 1917; baseline 0 -14"><span class='ocrx_word' id='word_1_554' title='bbox 1506 1871 1546 1903; x_wconf 86' lang='lat' dir='ltr'>la</span> <span class='ocrx_word' id='word_1_555' title='bbox 1559 1883 1593 1903; x_wconf 89' lang='lat' dir='ltr'>m</span> <span class='ocrx_word' id='word_1_556' title='bbox 1628 1869 1750 1903; x_wconf 86' lang='lat' dir='ltr'>XVItI.</span> <span class='ocrx_word' id='word_1_557' title='bbox 1761 1870 1819 1917; x_wconf 75' lang='lat'>⁸³).</span> 
     </span>
    </p>
   </div>
   <div class='ocr_carea' id='block_1_16' title="bbox 1170 1944 2152 2031">
    <p class='ocr_par' dir='ltr' id='par_1_18' title="bbox 1170 1944 2152 2031">
     <span class='ocr_line' id='line_1_87' title="bbox 1271 1944 2152 1992; baseline 0 -13"><span class='ocrx_word' id='word_1_558' title='bbox 1271 1945 1529 1992; x_wconf 59' lang='lat' dir='ltr'>Consolatioffl)</span> <span class='ocrx_word' id='word_1_559' title='bbox 1548 1944 1664 1978; x_wconf 86' lang='lat' dir='ltr'>brevis</span> <span class='ocrx_word' id='word_1_560' title='bbox 1679 1951 1748 1985; x_wconf 86' lang='lat' dir='ltr'>est,</span> <span class='ocrx_word' id='word_1_561' title='bbox 1776 1950 1914 1988; x_wconf 87' lang='lat' dir='ltr'>sumpta</span> <span class='ocrx_word' id='word_1_562' title='bbox 1938 1956 1978 1977; x_wconf 88' lang='lat' dir='ltr'>ex</span> <span class='ocrx_word' id='word_1_563' title='bbox 2000 1957 2152 1979; x_wconf 85' lang='lat' dir='ltr'>comme-</span> 
     </span>
     <span class='ocr_line' id='line_1_88' title="bbox 1170 1995 2152 2031; baseline -0.001 -1"><span class='ocrx_word' id='word_1_564' title='bbox 1170 1998 1369 2031; x_wconf 86' lang='lat' dir='ltr'>moratione</span> <span class='ocrx_word' id='word_1_565' title='bbox 1397 1997 1666 2030; x_wconf 85' lang='lat' dir='ltr'>commodorum</span> <span class='ocrx_word' id='word_1_566' title='bbox 1691 2002 1724 2028; x_wconf 86' lang='lat' dir='ltr'>et</span> <span class='ocrx_word' id='word_1_567' title='bbox 1748 1995 2058 2029; x_wconf 86' lang='lat' dir='ltr'>incommodorum</span> <span class='ocrx_word' id='word_1_568' title='bbox 2082 1998 2152 2029; x_wconf 87' lang='lat' dir='ltr'>sor-</span> 
     </span>
    </p>
   </div>
   <div class='ocr_carea' id='block_1_17' title="bbox 1169 2048 1933 2144">
    <p class='ocr_par' dir='ltr' id='par_1_19' title="bbox 1169 2048 1933 2144">
     <span class='ocr_line' id='line_1_89' title="bbox 1169 2048 1345 2093; baseline -0.006 -11"><span class='ocrx_word' id='word_1_569' title='bbox 1169 2056 1276 2082; x_wconf 86' lang='lat' dir='ltr'>tunae</span> <span class='ocrx_word' id='word_1_570' title='bbox 1287 2048 1345 2093; x_wconf 75' lang='lat'>⁸⁵).</span> 
     </span>
     <span class='ocr_line' id='line_1_90' title="bbox 1273 2095 1933 2144; baseline -0.006 -10"><span class='ocrx_word' id='word_1_571' title='bbox 1273 2098 1302 2144; x_wconf 62' lang='grc' dir='ltr'>ξ.</span> <span class='ocrx_word' id='word_1_572' title='bbox 1320 2101 1356 2134; x_wconf 76' lang='lat'>2.</span> <span class='ocrx_word' id='word_1_573' title='bbox 1383 2100 1484 2133; x_wconf 71' lang='lat' dir='ltr'>Meus</span> <span class='ocrx_word' id='word_1_574' title='bbox 1498 2095 1650 2144; x_wconf 76' lang='lat' dir='ltr'>animus]</span> <span class='ocrx_word' id='word_1_575' title='bbox 1679 2096 1866 2130; x_wconf 83' lang='lat' dir='ltr'>Conclusio</span> <span class='ocrx_word' id='word_1_576' title='bbox 1877 2096 1933 2142; x_wconf 67' lang='lat' dir='ltr'>s⁶).</span> 
     </span>
    </p>
   </div>
   <div class='ocr_carea' id='block_1_18' title="bbox 1384 2172 1935 2218">
    <p class='ocr_par' dir='ltr' id='par_1_20' title="bbox 1384 2172 1935 2218">
     <span class='ocr_line' id='line_1_91' title="bbox 1384 2172 1935 2218; baseline -0.004 -11"><span class='ocrx_word' id='word_1_577' title='bbox 1384 2173 1519 2207; x_wconf 87' lang='lat' dir='ltr'>Aliud</span> <span class='ocrx_word' id='word_1_578' title='bbox 1547 2179 1858 2217; x_wconf 85' lang='lat' dir='ltr'>argumentum</span> <span class='ocrx_word' id='word_1_579' title='bbox 1876 2172 1935 2218; x_wconf 72' lang='grc'>87).</span> 
     </span>
    </p>
   </div>
   <div class='ocr_carea' id='block_1_19' title="bbox 1168 2239 2152 2337">
    <p class='ocr_par' dir='ltr' id='par_1_21' title="bbox 1168 2239 2152 2337">
     <span class='ocr_line' id='line_1_92' title="bbox 1270 2239 2149 2276; baseline -0.002 0"><span class='ocrx_word' id='word_1_580' title='bbox 1270 2242 1333 2276; x_wconf 87' lang='lat' dir='ltr'>Est</span> <span class='ocrx_word' id='word_1_581' title='bbox 1362 2242 1467 2275; x_wconf 88' lang='lat' dir='ltr'>etiam</span> <span class='ocrx_word' id='word_1_582' title='bbox 1498 2240 1746 2274; x_wconf 84' lang='lat' dir='ltr'>consolatoria.</span> <span class='ocrx_word' id='word_1_583' title='bbox 1813 2239 2026 2274; x_wconf 76' lang='lat' dir='ltr'>Consolatur</span> <span class='ocrx_word' id='word_1_584' title='bbox 2056 2241 2149 2274; x_wconf 85' lang='lat' dir='ltr'>enim</span> 
     </span>
     <span class='ocr_line' id='line_1_93' title="bbox 1168 2292 2152 2337; baseline -0.001 -10"><span class='ocrx_word' id='word_1_585' title='bbox 1168 2294 1316 2327; x_wconf 84' lang='lat' dir='ltr'>Fabium</span> <span class='ocrx_word' id='word_1_586' title='bbox 1335 2294 1542 2326; x_wconf 86' lang='lat' dir='ltr'>damnatum</span> <span class='ocrx_word' id='word_1_587' title='bbox 1560 2304 1576 2324; x_wconf 87' lang='lat' dir='ltr'>a</span> <span class='ocrx_word' id='word_1_588' title='bbox 1595 2292 1760 2330; x_wconf 79' lang='lat' dir='ltr'>Caesare,</span> <span class='ocrx_word' id='word_1_589' title='bbox 1787 2297 1826 2324; x_wconf 86' lang='lat' dir='ltr'>ut</span> <span class='ocrx_word' id='word_1_590' title='bbox 1842 2303 1954 2337; x_wconf 87' lang='lat' dir='ltr'>aequo</span> <span class='ocrx_word' id='word_1_591' title='bbox 1973 2292 2091 2325; x_wconf 87' lang='lat' dir='ltr'>animo</span> <span class='ocrx_word' id='word_1_592' title='bbox 2112 2293 2152 2326; x_wconf 88' lang='lat' dir='ltr'>il-</span> 
     </span>
    </p>
   </div>
   <div class='ocr_carea' id='block_1_20' title="bbox 1200 2391 2150 2732">
    <p class='ocr_par' dir='ltr' id='par_1_22' title="bbox 1202 2391 2150 2491">
     <span class='ocr_line' id='line_1_94' title="bbox 1202 2391 2150 2422; baseline -0.001 -5"><span class='ocrx_word' id='word_1_593' title='bbox 1202 2393 1248 2422; x_wconf 77' lang='lat'>83)</span> <span class='ocrx_word' id='word_1_594' title='bbox 1270 2393 1384 2422; x_wconf 86' lang='lat' dir='ltr'>xvm.]</span> <span class='ocrx_word' id='word_1_595' title='bbox 1405 2393 1444 2417; x_wconf 80' lang='lat' dir='ltr'>sic</span> <span class='ocrx_word' id='word_1_596' title='bbox 1462 2393 1510 2417; x_wconf 77' lang='lat' dir='ltr'>Ed.</span> <span class='ocrx_word' id='word_1_597' title='bbox 1532 2393 1605 2416; x_wconf 80' lang='lat'>1560.</span> <span class='ocrx_word' id='word_1_598' title='bbox 1627 2394 1653 2416; x_wconf 82' lang='lat' dir='ltr'>et</span> <span class='ocrx_word' id='word_1_599' title='bbox 1671 2391 1719 2416; x_wconf 87' lang='lat' dir='ltr'>Ed.</span> <span class='ocrx_word' id='word_1_600' title='bbox 1740 2392 1842 2419; x_wconf 81' lang='lat' dir='ltr'>Oreu.;</span> <span class='ocrx_word' id='word_1_601' title='bbox 1862 2391 2044 2418; x_wconf 74' lang='lat' dir='ltr'>Editt.154o..</span> <span class='ocrx_word' id='word_1_602' title='bbox 2066 2393 2150 2422; x_wconf 66' lang='lat'>1544..</span> 
     </span>
     <span class='ocr_line' id='line_1_95' title="bbox 1239 2426 2149 2458; baseline 0.001 -7"><span class='ocrx_word' id='word_1_603' title='bbox 1239 2429 1329 2457; x_wconf 63' lang='lat'>1554,</span> <span class='ocrx_word' id='word_1_604' title='bbox 1358 2428 1446 2457; x_wconf 78' lang='lat'>1556.‚</span> <span class='ocrx_word' id='word_1_605' title='bbox 1477 2427 1566 2453; x_wconf 61' lang='lat'>1557..</span> <span class='ocrx_word' id='word_1_606' title='bbox 1596 2427 1706 2450; x_wconf 68' lang='lat'>15135—</span> <span class='ocrx_word' id='word_1_607' title='bbox 1724 2426 1813 2450; x_wconf 76' lang='lat'>1596.:</span> <span class='ocrx_word' id='word_1_608' title='bbox 1844 2426 1918 2450; x_wconf 76' lang='lat' dir='ltr'>XIX.</span> <span class='ocrx_word' id='word_1_609' title='bbox 1943 2427 2038 2454; x_wconf 70' lang='lat' dir='ltr'>(mitt.</span> <span class='ocrx_word' id='word_1_610' title='bbox 2064 2428 2149 2458; x_wconf 62' lang='lat'>15⁴5„</span> 
     </span>
     <span class='ocr_line' id='line_1_96' title="bbox 1238 2461 1536 2491; baseline -0.003 -6"><span class='ocrx_word' id='word_1_611' title='bbox 1238 2463 1329 2491; x_wconf 60' lang='lat' dir='ltr'>mm,</span> <span class='ocrx_word' id='word_1_612' title='bbox 1350 2463 1439 2485; x_wconf 44' lang='lat'>16⁰1:</span> <span class='ocrx_word' id='word_1_613' title='bbox 1470 2461 1536 2490; x_wconf 63' lang='lat'>752).</span> 
     </span>
    </p>

    <p class='ocr_par' dir='ltr' id='par_1_23' title="bbox 1200 2493 2150 2558">
     <span class='ocr_line' id='line_1_97' title="bbox 1200 2493 2150 2525; baseline 0 -5"><span class='ocrx_word' id='word_1_614' title='bbox 1200 2497 1249 2523; x_wconf 72' lang='grc'>84)</span> <span class='ocrx_word' id='word_1_615' title='bbox 1271 2496 1337 2520; x_wconf 75' lang='lat' dir='ltr'>nuic</span> <span class='ocrx_word' id='word_1_616' title='bbox 1356 2496 1414 2519; x_wconf 82' lang='lat' dir='ltr'>voci</span> <span class='ocrx_word' id='word_1_617' title='bbox 1434 2496 1458 2518; x_wconf 86' lang='lat' dir='ltr'>in</span> <span class='ocrx_word' id='word_1_618' title='bbox 1480 2496 1560 2519; x_wconf 73' lang='lat' dir='ltr'>Editt,</span> <span class='ocrx_word' id='word_1_619' title='bbox 1584 2495 1674 2520; x_wconf 69' lang='lat'>¹540..</span> <span class='ocrx_word' id='word_1_620' title='bbox 1701 2496 1792 2521; x_wconf 71' lang='lat'>154⁴..</span> <span class='ocrx_word' id='word_1_621' title='bbox 1820 2495 1909 2525; x_wconf 53' lang='lat'>1554„</span> <span class='ocrx_word' id='word_1_622' title='bbox 1937 2493 2010 2519; x_wconf 84' lang='lat'>1557.</span> <span class='ocrx_word' id='word_1_623' title='bbox 2028 2495 2150 2525; x_wconf 72' lang='lat' dir='ltr'>praefixa</span> 
     </span>
     <span class='ocr_line' id='line_1_98' title="bbox 1235 2529 1830 2558; baseline 0 -5"><span class='ocrx_word' id='word_1_624' title='bbox 1235 2532 1298 2553; x_wconf 73' lang='lat' dir='ltr'>sunt</span> <span class='ocrx_word' id='word_1_625' title='bbox 1318 2530 1371 2553; x_wconf 77' lang='lat' dir='ltr'>Cic.</span> <span class='ocrx_word' id='word_1_626' title='bbox 1392 2530 1473 2552; x_wconf 83' lang='lat' dir='ltr'>verba</span> <span class='ocrx_word' id='word_1_627' title='bbox 1492 2529 1533 2557; x_wconf 69' lang='lat' dir='ltr'>(S.</span> <span class='ocrx_word' id='word_1_628' title='bbox 1551 2530 1601 2555; x_wconf 73' lang='grc'>1.);</span> <span class='ocrx_word' id='word_1_629' title='bbox 1634 2530 1697 2553; x_wconf 66' lang='lat' dir='ltr'>[cusi</span> <span class='ocrx_word' id='word_1_630' title='bbox 1716 2531 1830 2558; x_wconf 76' lang='lat' dir='ltr'>eqomee.</span> 
     </span>
    </p>

    <p class='ocr_par' dir='ltr' id='par_1_24' title="bbox 1200 2562 2147 2594">
     <span class='ocr_line' id='line_1_99' title="bbox 1200 2562 2147 2594; baseline 0.001 -7"><span class='ocrx_word' id='word_1_631' title='bbox 1200 2564 1249 2591; x_wconf 84' lang='grc'>85)</span> <span class='ocrx_word' id='word_1_632' title='bbox 1271 2565 1327 2587; x_wconf 80' lang='lat' dir='ltr'>Hoc</span> <span class='ocrx_word' id='word_1_633' title='bbox 1340 2565 1526 2593; x_wconf 81' lang='lat' dir='ltr'>argumentum</span> <span class='ocrx_word' id='word_1_634' title='bbox 1541 2563 1638 2586; x_wconf 69' lang='lat' dir='ltr'>habent</span> <span class='ocrx_word' id='word_1_635' title='bbox 1651 2564 1733 2586; x_wconf 78' lang='lat' dir='ltr'>Editt.</span> <span class='ocrx_word' id='word_1_636' title='bbox 1747 2563 1942 2592; x_wconf 72' lang='lat'>1537—1554.,</span> <span class='ocrx_word' id='word_1_637' title='bbox 1961 2562 2045 2594; x_wconf 63' lang='lat'>155⁷„</span> <span class='ocrx_word' id='word_1_638' title='bbox 2062 2563 2147 2593; x_wconf 70' lang='lat'>156⁰..</span> 
     </span>
    </p>

    <p class='ocr_par' dir='ltr' id='par_1_25' title="bbox 1201 2631 1882 2660">
     <span class='ocr_line' id='line_1_100' title="bbox 1201 2631 1882 2660; baseline -0.003 -4"><span class='ocrx_word' id='word_1_639' title='bbox 1201 2633 1248 2660; x_wconf 80' lang='grc'>86)</span> <span class='ocrx_word' id='word_1_640' title='bbox 1268 2633 1341 2656; x_wconf 77' lang='lat' dir='ltr'>Haec</span> <span class='ocrx_word' id='word_1_641' title='bbox 1359 2633 1424 2655; x_wconf 83' lang='lat' dir='ltr'>nota</span> <span class='ocrx_word' id='word_1_642' title='bbox 1442 2631 1468 2655; x_wconf 79' lang='lat' dir='ltr'>in</span> <span class='ocrx_word' id='word_1_643' title='bbox 1487 2631 1570 2655; x_wconf 75' lang='lat' dir='ltr'>Editt.</span> <span class='ocrx_word' id='word_1_644' title='bbox 1589 2632 1681 2659; x_wconf 60' lang='lat'><strong>1545„</strong></span> <span class='ocrx_word' id='word_1_645' title='bbox 1706 2632 1777 2655; x_wconf 75' lang='lat'><strong>¹560.</strong></span> <span class='ocrx_word' id='word_1_646' title='bbox 1798 2631 1882 2655; x_wconf 83' lang='lat' dir='ltr'>deest.</span> 
     </span>
    </p>

    <p class='ocr_par' dir='ltr' id='par_1_26' title="bbox 1201 2665 2146 2732">
     <span class='ocr_line' id='line_1_101' title="bbox 1201 2665 2146 2697; baseline 0.001 -7"><span class='ocrx_word' id='word_1_647' title='bbox 1201 2666 1248 2697; x_wconf 83' lang='grc'>87)</span> <span class='ocrx_word' id='word_1_648' title='bbox 1270 2667 1326 2690; x_wconf 77' lang='lat' dir='ltr'>noc</span> <span class='ocrx_word' id='word_1_649' title='bbox 1354 2668 1543 2696; x_wconf 76' lang='lat' dir='ltr'>argumentum</span> <span class='ocrx_word' id='word_1_650' title='bbox 1578 2668 1605 2690; x_wconf 86' lang='lat' dir='ltr'>et</span> <span class='ocrx_word' id='word_1_651' title='bbox 1636 2667 1688 2690; x_wconf 84' lang='lat' dir='ltr'>duo</span> <span class='ocrx_word' id='word_1_652' title='bbox 1713 2665 1854 2696; x_wconf 76' lang='lat' dir='ltr'>sequentia</span> <span class='ocrx_word' id='word_1_653' title='bbox 1879 2666 1988 2690; x_wconf 79' lang='lat' dir='ltr'>exstant</span> <span class='ocrx_word' id='word_1_654' title='bbox 2014 2665 2040 2690; x_wconf 88' lang='lat' dir='ltr'>in</span> <span class='ocrx_word' id='word_1_655' title='bbox 2064 2666 2146 2691; x_wconf 79' lang='lat' dir='ltr'>Editt.</span> 
     </span>
     <span class='ocr_line' id='line_1_102' title="bbox 1237 2700 1539 2732; baseline -0.003 -7"><span class='ocrx_word' id='word_1_656' title='bbox 1237 2701 1327 2732; x_wconf 55' lang='lat'>1656„</span> <span class='ocrx_word' id='word_1_657' title='bbox 1349 2700 1539 2725; x_wconf 80' lang='grc'><strong>1565-1596.</strong></span> 
     </span>
    </p>
   </div>
   <div class='ocr_carea' id='block_1_21' title="bbox 2286 136 2292 816">
    <p class='ocr_par' dir='ltr' id='par_1_27' title="bbox 2286 136 2292 816">
     <span class='ocr_line' id='line_1_103' title="bbox 2286 136 2292 816; baseline 0 0"><span class='ocrx_word' id='word_1_658' title='bbox 2286 136 2292 816; x_wconf 95' lang='lat' dir='ltr'> </span> 
     </span>
    </p>
   </div>
  </div>
 </body>
</html>
