2351 2990
199 134 269 168 811

199 217 407 252 clanderetis
442 216 598 255 aditum,
633 217 692 249 sed
729 222 800 248 tum
839 215 982 247 demum
1018 213 1188 248 audiretis

199 268 305 308 haec,
333 280 411 300 cum
437 267 506 300 iam
534 267 606 310 ipsc
633 272 765 299 teneret
791 266 915 309 Pylas,
944 271 977 297 et
1001 277 1187 299 occurrere

200 332 273 353 non
297 318 454 363 possetis.
507 317 592 350 Erat
610 324 726 350 antem
747 317 782 348 in
798 322 897 349 tanto
916 322 1034 355 metu,
1062 329 1106 349 ne
1125 329 1188 349 vos

200 384 303 416 opem
324 370 461 403 ferretis
478 367 739 408 Phoc-ensibus,
767 367 895 411 etipse
921 380 958 400 re
983 368 1109 400 insecta
1134 380 1187 400 re-

199 422 408 468 pelleretur,
431 427 469 454 nt
487 432 607 452 rursus
629 417 722 451 hunc
745 420 979 452 execrandum
1003 416 1187 452 hominem

199 473 347 508 seorsim
373 479 405 505 et
430 472 627 505 seiunctum
653 483 671 503 a
697 470 845 503 caeteris
870 470 993 514 legatis
1014 471 1188 503 conduce-

201 531 273 563 ret,
309 531 343 557 ut
370 523 451 555 talia
480 521 671 560 indicaret,
706 533 797 567 quae
823 528 944 565 postea
971 521 1067 554 exitii
1093 534 1187 553 com-

204 575 320 609 munis
339 586 442 607 causa
462 574 618 606 suerunt.

300 633 375 665 Oro
398 639 536 670 autem,
573 638 610 664 nt
638 632 673 664 in
705 630 769 664 hac
796 638 868 665 tota
897 631 1067 664 concione
1099 629 1186 664 mihi

200 685 338 718 veniam
376 683 464 716 detis
499 683 629 715 dicenti
666 683 800 729 aliquid
837 690 932 716 extra
963 689 1186 728 praesentem

199 735 491 770 controversiam.
552 733 589 766 ld
623 734 717 766 euim
749 747 822 767 non
854 736 1025 773 facerem,
1060 734 1088 768 si
1114 735 1187 778 ipse

199 786 288 821 nihil
320 787 356 819 in
392 785 615 819 accusatione
644 792 741 818 extra
775 785 1054 818 controversiam
1084 783 1188 819 huius

201 838 322 873 iudicii
351 837 505 870 dixisset.
565 836 653 869 Cum
682 842 800 870 autem
825 849 882 870 me
908 837 1072 870 omnibus
1106 849 1188 881 pro-

199 890 272 924 bris
294 888 472 927 onerarit,
500 899 638 921 necesse
662 893 713 921 est
736 900 791 921 me
816 888 937 932 paucis
966 901 1005 921 ea
1022 889 1187 921 refutare.

199 941 300 986 Quae
328 941 394 973 suit
415 946 533 973 autem
559 946 630 972 tam
654 939 853 983 perniciosa
880 938 984 973 huius
1004 938 1187 972 narratio?

199 993 295 1026 Haec
311 991 484 1030 videlicet,
505 1003 549 1023 ne
568 990 876 1023 tumultuaremini
893 997 1041 1035 propter
1059 991 1188 1024 adven-

199 1052 274 1078 tum
286 1041 442 1087 Philippi
461 1042 551 1074 intra
564 1041 690 1086 Pylas,
710 1041 791 1086 quia
809 1041 837 1075 si
853 1041 1038 1087 tranquilli
1058 1041 1189 1081 essetis,

200 1097 368 1129 adversus
386 1105 448 1126 vos
466 1106 546 1126 eum
565 1090 655 1125 nihil
670 1093 845 1126 facturum
865 1106 937 1127 esse
949 1120 958 1134 ,
985 1105 1025 1126 ac
1042 1106 1104 1127 vos
1121 1099 1189 1127 sta-

200 1147 263 1180 tim
282 1145 466 1178 audituros
483 1156 577 1183 esse,
601 1144 754 1177 amicum
775 1156 847 1178 esse
864 1144 925 1185 iis,
953 1157 1107 1190 quorum
1126 1157 1190 1189 pu-

199 1204 334 1231 taretur
348 1208 420 1230 esse
436 1193 560 1235 hostis,
577 1201 611 1228 et
627 1193 764 1228 hostem
784 1208 920 1235 eorum,
937 1208 1090 1241 quorum
1102 1195 1190 1228 ami-

199 1261 259 1283 cus
278 1248 549 1281 existimaretur.
601 1246 700 1279 Belle
718 1246 811 1279 enim
830 1247 985 1287 addidit,
1013 1247 1189 1280 amicitiae

200 1300 381 1333 vinculum
398 1310 472 1331 non
489 1310 561 1331 esse
578 1298 869 1342 appellationem,
886 1300 947 1332 sed
962 1310 1188 1332 communem

199 1351 408 1386 utilitatem:
452 1350 678 1394 profuturnm
703 1358 821 1382 autem
843 1350 1082 1382 communiter
1105 1347 1190 1382 Phi—

200 1402 319 1447 lippo,
354 1399 596 1434 I'hocensibns
629 1407 662 1433 et
694 1401 794 1434 vobis
825 1401 1010 1440 omnibus,
1044 1400 1190 1433 liberari

200 1466 265 1487 nos
291 1453 333 1485 ab
359 1452 546 1486 insolentia
572 1449 843 1485 Thebanorum.
920 1451 1016 1484 Haec
1040 1463 1190 1484 narran-

200 1512 271 1537 tem
299 1504 449 1537 libenter
477 1502 588 1548 aliqui
620 1502 833 1542 audiebant,
876 1509 1065 1547 propterea
1093 1503 1188 1547 quod

201 1567 334 1599 magno
355 1555 391 1586 in
410 1553 492 1587 odio
517 1559 629 1586 erant.
684 1553 751 1585 Sed
769 1553 953 1598 aliquanto
972 1560 1052 1598 post
1070 1553 1189 1587 miseri

200 1605 401 1640 Phocenses
428 1604 587 1649 oppressi
611 1610 713 1643 sunt,
740 1611 773 1636 et
799 1616 919 1638 eversa
946 1617 1068 1637 eorum
1091 1604 1190 1649 oppi-

202 1659 266 1697 da,
294 1663 327 1690 et
343 1669 424 1695 vos,
451 1668 528 1688 cum
545 1653 650 1688 huius
667 1655 815 1688 consilio
838 1655 1082 1700 quiesceretis,
1108 1667 1191 1688 mox

202 1708 314 1742 coacti
341 1707 422 1741 estis
446 1713 580 1740 vestras
602 1718 656 1739 res
683 1718 722 1738 ex
746 1706 838 1749 agris
863 1707 900 1739 in
924 1708 1047 1740 urbem
1067 1719 1190 1751 repor-

201 1767 296 1798 tare,
325 1765 358 1791 et
381 1756 474 1792 hosti
490 1770 616 1791 aurum
639 1758 812 1801 pendere,
841 1764 874 1790 et
894 1758 931 1790 in
956 1758 1085 1791 maiori
1107 1758 1190 1791 odio

202 1811 296 1855 apud
319 1808 512 1842 Thebanos
551 1815 581 1841 et
616 1806 808 1842 Thessalos
839 1822 911 1843 esse
942 1809 1125 1853 coepistis,
1158 1815 1192 1842 et

201 1860 359 1905 Philippi
379 1861 567 1905 imperium
585 1860 718 1903 gratius
735 1872 807 1893 esse
826 1860 952 1905 coepit.
1009 1861 1055 1894 Ut
1073 1867 1190 1894 autem

201 1925 283 1946 vera
309 1910 395 1945 haec
420 1924 493 1945 esse
520 1917 676 1951 constet,
704 1911 811 1944 recita
841 1918 874 1944 et
901 1910 989 1944 mihi
1008 1910 1191 1945 Callisthe-

201 1965 255 1997 nis
273 1965 466 2003 decretum,
489 1969 522 1995 et
537 1963 671 1996 litteras
687 1960 858 2007 Philippi,
883 1976 900 1996 e
918 1976 1070 2009 quorum
1088 1963 1192 1997 utris-

201 2028 269 2061 que
289 2015 389 2048 vobis
410 2014 529 2047 omnia
547 2011 635 2046 haec
654 2020 757 2046 erunt
776 2015 974 2049 manifesta.
1024 2014 1159 2048 Recita.

550 2135 842 2166 Decretum.

306 2215 485 2247 Convocato
506 2211 625 2253 populo
651 2223 671 2243 a
704 2211 842 2243 ducibus
872 2222 982 2243 mense
1005 2211 1194 2253 Septembri

201 2266 256 2298 die
269 2265 329 2298 21.
351 2262 568 2297 Callisthenes
583 2263 728 2301 censuit,
759 2274 799 2294 ne
815 2263 890 2307 quis
905 2263 986 2294 civis
1005 2263 1192 2295 Athenien-

202 2317 251 2349 s1's
269 2316 333 2347 ullo
353 2318 533 2357 praetextu
559 2318 654 2346 noctu
674 2315 707 2346 in
733 2314 828 2356 (tyris
851 2317 1003 2354 maneat,
1031 2314 1113 2346 etin
1131 2316 1193 2347 1³2·-

204 2378 282 2399 raeo
298 2367 432 2405 adsint,
469 2365 586 2410 quibus
600 2369 709 2397 certae
725 2366 888 2398 stationes
903 2364 1086 2398 attributae
1102 2370 1193 2404 sunt,

203 2421 235 2449 et
250 2429 308 2449 suo
323 2418 459 2461 quisque
476 2417 542 2448 loco
557 2418 602 2449 sit
626 2418 659 2449 in
681 2417 852 2456 excubiis,
880 2427 938 2448 nec
953 2417 1007 2448 die
1024 2427 1081 2448 nec
1098 2421 1194 2450 noctu

204 2468 328 2500 absint.
383 2469 471 2500 Huic
487 2469 616 2500 decreto
632 2470 663 2500 si
681 2470 755 2512 quis
775 2478 839 2499 non
861 2467 1027 2506 obediret,
1057 2478 1132 2500 reus
1149 2469 1194 2501 sit

204 2530 328 2561 poenae
350 2519 571 2559 proditionis,
601 2520 669 2551 nisi
695 2520 841 2551 ostendet
864 2520 1057 2551 necessitate
1080 2519 1193 2563 aliqua

205 2581 240 2603 se
256 2570 447 2610 impeditum
463 2568 579 2610 fuisse.
633 2572 736 2603 Aede
762 2571 953 2603 necessitate
978 2570 1102 2602 iudices
1124 2572 1194 2603 sint

205 2621 296 2659 dux,
337 2624 490 2665 quaestor
514 2625 544 2651 et
571 2621 681 2652 scriba
705 2623 862 2654 Senatus.
932 2622 997 2653 Res
1021 2623 1121 2654 etium
1148 2634 1193 2653 ex

206 2673 302 2714 aqris
324 2682 404 2704 mox
427 2672 463 2703 in
490 2671 601 2702 urbem
618 2673 856 2713 importentur,
895 2674 986 2705 intra
1008 2677 1135 2705 centum
1162 2677 1192 2705 et

206 2724 328 2765 viqinti
343 2723 454 2755 stadia
478 2720 736 2763 transferantur
752 2724 921 2762 Athenas,
953 2724 1094 2756 ulterius
1119 2736 1194 2757 cero

778 128 898 163 PHIL.
934 127 1047 162 MEL.
1081 126 1283 162 SCRIPTA
1320 125 1655 163 PfflLoLOGICA.

2155 128 2230 163 812

1242 214 1421 247 Eleusinen
1432 239 1442 254 ,
1468 219 1500 248 et
1517 215 1664 258 Phylen,
1692 219 1724 247 et
1737 215 1931 257 Aphidnum
1946 213 1997 260 ⁶),
2025 214 2226 247 Rhamnun-

1239 270 1275 298 ta
1292 264 1323 309 6)
1350 269 1381 298 et
1396 266 1559 306 Sunium,
1587 268 1713 299 censuit
1732 266 1950 299 Callisthenes
1967 265 2161 298 Phalereus.

1344 314 1419 348 Hac
1442 328 1503 360 spe
1525 316 1656 350 scilicet
1679 329 1802 361 pacem
1818 316 1946 351 fecistis
1967 322 2001 349 et
2016 316 2080 349 iste
2095 327 2228 349 merce-

1242 365 1364 400 narius
1389 364 1474 399 liaec
1498 367 1598 401 vobis
1625 367 1916 401 renuntiaverat?
1957 367 2080 400 Recita
2099 366 2228 411 episto-

1241 417 1311 450 lam
1324 444 1333 457 ‚
1361 430 1469 463 quam
1485 415 1672 463 Philippus
1687 416 1755 452 huc
1774 419 1869 453 misit
1885 418 1929 463 Ἴ).

1580 522 1894 564 Epistola.

1241 589 1318 621 Rex
1344 588 1566 622 Macedonum
1599 589 1744 622 Senatui
1776 593 1807 622 et
1833 590 1952 633 populo
1975 589 2230 623 Atheniensium

1611 639 1753 673 salutem
1767 641 1860 674 dicit.

1346 707 1470 739 Scitote
1499 718 1557 739 nos
1591 708 1685 739 intra
1715 708 1821 750 Pylas
1844 710 1970 741 venisse
1998 713 2028 741 et
2058 717 2232 750 occupasse

1241 757 1427 797 Phociden,
1463 770 1502 790 ac
1535 759 1730 799 imposuisse
1758 760 1932 800 praesidia
1962 760 2108 802 oppidis,
2148 769 2232 803 quae

1240 808 1329 841 ultro
1352 809 1549 841 deditionem
1569 808 1741 851 fecerun&
1774 821 1858 854 quae
1879 822 1945 842 non
1964 813 2171 852 paruerunt,
2199 809 2232 842 vi

1240 861 1402 901 cepimus,
1431 864 1462 892 et
1479 862 1564 893 cives
1582 862 1731 894 redactos
1748 862 1783 893 in
1799 863 1989 894 servitutem
2012 861 2232 900 vendidimus,

1241 911 1315 953 ipsa
1339 912 1458 953 oppida
1489 912 1678 944 delevimus.
1755 913 1834 945 Cum
1868 917 1978 946 autem
2004 913 2157 945 audirem
2177 921 2233 943 vos

1240 963 1483 1003 espeditionem
1512 973 1657 1004 parare,
1693 964 1797 996 ateis
1823 975 1913 1005 opem
1934 963 2076 1006 feratis,
2111 962 2236 1005 scripsi

1242 1013 1346 1053 vobis,
1376 1025 1416 1045 ne
1429 1018 1566 1056 propter
1581 1014 1640 1046 hos
1656 1015 1916 1048 tuinultuemini.
1970 1016 2021 1047 Ac
2043 1015 2081 1047 in
2102 1024 2234 1047 summa

1243 1065 1368 1097 iniuste
1379 1064 1516 1107 facitis,
1541 1066 1627 1109 quod
1648 1076 1720 1097 cum
1745 1077 1850 1108 nuper
1870 1078 1945 1109 pax·
1962 1067 2051 1099 inter
2066 1076 2126 1098 nos
2137 1063 2234 1108 facta

1242 1117 1305 1156 sit,
1332 1121 1445 1148 tamen
1460 1121 1577 1149 contra
1599 1128 1649 1148 me
1664 1128 1761 1149 arma
1777 1118 1918 1159 capitis,
1945 1129 2019 1150 cum
2042 1117 2174 1162 quidem
2196 1117 2234 1148 in

1241 1179 1277 1199 eo
1296 1166 1429 1210 foedere
1453 1168 1637 1200 Phocenses
1667 1179 1732 1199 non
1760 1169 1829 1201 sint
1851 1169 2088 1211 comprehensi.
2151 1167 2234 1201 Nisi

1242 1230 1318 1262 erqo
1332 1219 1509 1251 servabitis
1523 1223 1643 1260 pacta,
1663 1220 1795 1260 priores
1821 1220 1904 1252 mihi
1923 1232 1978 1253 vos
1999 1219 2121 1252 bellum
2141 1220 2234 1252 intu-

1243 1271 1322 1303 lisse
1340 1270 1503 1302 iudicabo.

1345 1319 1486 1353 Auditis
1520 1331 1599 1352 eum
1632 1318 1778 1362 gloriari
1813 1331 1849 1352 se
1876 1318 1996 1353 secisse
2024 1319 2082 1352 illa
2111 1317 2233 1352 invitis

1242 1369 1518 1404 Atheniensibus
1549 1377 1583 1403 et
1617 1369 1830 1403 dolentibus.
1902 1369 2026 1415 ltaque
2052 1370 2082 1403 si
2110 1369 2234 1414 sapitis

1243 1420 1408 1455 Thebani
1430 1427 1464 1454 et
1490 1419 1672 1460 Thessali,
1706 1418 1771 1453 hos
1796 1421 1930 1454 ducetis
1962 1420 2125 1453 inimicos
2148 1432 2235 1468 esse,

1243 1471 1333 1506 mihi
1358 1485 1442 1505 vero
1471 1471 1666 1505 confidetis.
1728 1471 1829 1516 Quae
1853 1471 1918 1505 etsi
1939 1469 1995 1505 his
2016 1471 2134 1505 verbis
2158 1482 2235 1504 non

1243 1523 1383 1563 scribit,
1410 1530 1530 1556 tamen
1552 1522 1744 1567 significat,
1772 1522 1879 1567 idque
1896 1529 2074 1559 assecutus
2096 1528 2168 1563 est,
2195 1527 2235 1556 ut

1243 1574 1281 1609 hi
1305 1575 1470 1619 deinceps
1500 1574 1768 1619 permitterent,
1810 1585 1891 1606 eum
1924 1574 2045 1607 omnia
2074 1573 2235 1617 redigere

1245 1627 1281 1659 in
1304 1639 1405 1660 suam
1428 1631 1660 1670 potestatem,
1687 1636 1752 1657 nec
1774 1625 1892 1658 sutura
1918 1630 2096 1658 curarent.
2147 1623 2234 1658 Inde

1244 1676 1409 1711 Thebani
1432 1677 1468 1710 in
1494 1674 1557 1710 has
1584 1675 1800 1710 calamitates
1816 1676 2030 1710 inciderunt.
2080 1675 2236 1709 Adiutor

1245 1736 1362 1763 autem
1387 1728 1522 1762 fraudis
1545 1728 1611 1761 suit
1637 1727 1721 1766 iste,
1757 1727 1818 1772 qui
1842 1725 1911 1760 huc
1933 1727 2020 1760 salsa
2043 1726 2236 1766 nuntiavit,

1245 1788 1279 1814 et
1294 1792 1389 1814 nunc
1405 1780 1570 1825 deplorat
1587 1777 1805 1812 calamitates
1821 1776 2081 1812 Thebanorum
2096 1784 2131 1811 et
2139 1776 2235 1812 Pho-

1246 1832 1422 1871 censium,
1451 1843 1602 1877 quarum
1621 1830 1694 1874 ipse
1715 1841 1818 1863 causa
1835 1836 1896 1864 est.
1950 1829 2008 1863 Tu
2027 1829 2159 1863 scilicet
2182 1841 2235 1863 se-

1246 1884 1300 1916 rio
1326 1882 1550 1922 lamentaris,
1584 1881 1645 1927 qui
1680 1881 1825 1925 praedia
1851 1886 1975 1914 nactus
1998 1893 2034 1914 es
2057 1881 2095 1913 in
2118 1880 2235 1914 Boeo-

1246 1935 1294 1968 tia
1312 1947 1353 1968 ex
1372 1933 1534 1973 victoria,
1560 1945 1622 1977 ego
1639 1932 1763 1965 laetari
1780 1932 1891 1972 dicor,
1909 1944 2013 1977 quem
2030 1931 2150 1965 statim
2167 1931 2234 1966 sibi

1247 1986 1328 2019 dedi
1354 1984 1560 2030 postulavit.
1613 1984 1680 2017 Sed
1706 1983 1814 2016 incidi
1839 1983 1876 2015 in
1901 1982 2077 2016 rationem
2101 1995 2234 2023 rerum,

1247 2050 1338 2083 quae
1363 2043 1482 2081 postea
1509 2035 1684 2080 copiosius
1712 2034 1914 2067 recitandae
1941 2040 2058 2068 erunt.
2111 2034 2233 2068 Redeo

1248 2089 1355 2133 igitur
1382 2088 1426 2120 ad
1451 2086 1829 2120 commemorationem
1856 2086 1897 2118 de
1930 2085 2076 2129 perfidia
2100 2085 2234 2130 legato-

1248 2152 1340 2179 rum,
1369 2151 1475 2185 quam
1491 2138 1564 2171 dixi
1579 2137 1819 2170 calamitatum
1839 2148 1979 2170 causam
1998 2137 2116 2177 fuisse,
2143 2149 2234 2182 quae

1247 2198 1386 2225 secutae
1403 2196 1497 2223 sunt.
1538 2189 1733 2233 Postquam
1751 2187 1846 2220 enim
1861 2187 1968 2232 legati
1982 2187 2133 2232 pecunia
2151 2200 2234 2222 con-

1248 2243 1345 2275 ducti
1370 2241 1456 2275 falsa
1487 2239 1720 2279 nuntiarunt,
1757 2246 1789 2272 et
1814 2252 1876 2272 vos
1902 2245 1935 2272 et
1959 2237 2162 2273 Phocenses
2173 2240 2234 2273 de-

1248 2294 1340 2338 cepti
1363 2299 1465 2332 sunt,
1500 2297 1533 2324 et
1561 2291 1672 2324 deleta
1703 2297 1785 2324 sunt
1818 2290 1948 2335 oppida
1974 2288 2230 2328 Phocensium;

1247 2345 1375 2378 deinde
1395 2343 1562 2377 exerandi
1580 2339 1762 2382 Thessali,
1790 2348 1823 2374 et
1841 2341 1960 2376 stolidi
1977 2339 2143 2375 Thebani
2158 2354 2233 2375 ma-

1280 2463 1310 2495 5)
1340 2462 1517 2494 Aphidnum]
1543 2461 1582 2485 sic
1607 2460 1779 2485 scribendum
1799 2460 1839 2483 est
1857 2455 2059 2491 :Mandrum
2091 2458 2141 2484 Ed.
2158 2458 2232 2484 1562.

1316 2498 1401 2522 male:
1427 2497 1568 2527 Aphidna.

1281 2548 1310 2580 6)
1333 2548 1534 2576 Rhamnunta]
1549 2546 1588 2570 sic
1603 2545 1761 2576 scripsimus
1775 2554 1808 2567 Ξ
1819 2541 2009 2576 Ῥαμνοῦντα;
2027 2542 2158 2567 Ed.1562.
2169 2548 2233 2567 cor-

1317 2585 1409 2613 rupte:
1438 2583 1595 2606 novamen.

1281 2633 1310 2666 7)
1337 2634 1394 2657 Eae
1414 2639 1462 2662 spe
1482 2633 1587 2656 scilieet
1610 2644 1639 2648 —·
1660 2632 1710 2654 huc
1730 2629 1824 2662 misit]
1854 2631 1919 2654 haec
1938 2630 2021 2653 vei-ha
2040 2627 2233 2653 Demosthenis

1316 2668 1342 2692 ίιι
1361 2668 1409 2691 Ed.
1428 2668 1500 2691 1562.
1520 2667 1596 2697 typis
1616 2667 1654 2690 ita
1673 2667 1737 2689 sunt
1757 2665 1912 2695 exscripta,
1933 2670 1964 2687 ac
1982 2663 2006 2687 si
2024 2664 2108 2686 verba
2123 2662 2234 2686 Decreti

1317 2704 1426 2731 essent;
1454 2703 1514 2725 huic
1533 2702 1604 2725 euim
1624 2701 1753 2724 contiuua
1775 2699 1846 2723 linea
1865 2702 1892 2722 et
1917 2698 2012 2722 iisdem
2040 2697 2115 2728 typis
2138 2697 2234 2727 proxi-

1317 2743 1359 2760 me
1375 2736 1502 2760 adium-ta
1521 2737 1592 2760 suut.
