2294 2975
102 125 170 159 159

201 206 231 243 S.
251 208 281 243 1.
311 207 383 239 Eas·
401 217 436 237 eo
453 200 502 249 te]
520 199 713 234 Exordium
732 210 751 232 a
768 193 1083 230 circumductione:

100 261 179 295 Non
197 246 387 301 sapientia,
415 255 472 288 sed
492 252 644 286 amicitia
665 252 771 282 fretus
788 246 917 280 scribo.

200 308 228 345 ξ.
247 311 281 343 2.
311 309 378 351 Eyo
392 318 464 339 eum
482 310 512 338 ie
527 301 615 348 esse]
634 298 820 337 Narratio,
848 296 1086 340 complectens

98 373 152 394 res
171 367 301 396 restas,
329 365 360 390 et
377 355 522 389 consilia
544 351 714 386 Marcelli.

172 396 181 403 i
202 410 231 446 ξ.
249 411 282 443 3.
318 411 385 442 Sed
410 408 504 440 habet
531 407 594 437 ism
621 398 728 447 ratio]
763 398 960 432 Consilium
983 410 1084 431 suum

98 476 137 497 cx
153 468 253 494 iomt.

143 476 151 507 ι
202 511 231 549 ξ’.
250 510 283 544 4.
310 510 378 543 Sed
392 506 523 540 scamersi
541 499 690 549 ia111³¹³)]
718 501 749 533 A
766 499 943 545 periculis.

318 589 453 624 Aliud
482 585 867 631 argumentumffl).

199 660 357 706 Epistola
395 664 445 691 est
483 655 620 700 generis
655 653 888 688 deliberativi.
956 653 1087 687 Suadet

98 715 191 749 enim
226 713 274 745 M.
302 709 491 748 Marcello,
534 707 595 752 qui
630 712 710 750 post
745 705 930 737 victoriam
960 704 1086 738 Caesa-

98 768 144 800 ris
189 765 232 797 ad
273 762 404 795 bellum
447 759 547 792 civile
590 758 627 789 in
662 756 904 790 voluntarium
941 755 1083 788 exilium

98 817 275 862 profectus
300 818 395 850 erat,
429 817 468 843 ut
491 808 721 847 beneficium,
757 808 852 852 quod
878 806 1008 840 Caesar
1035 807 1085 838 of-

97 867 249 904 ferebat,
278 862 439 906 accipiat,
467 867 501 893 et
516 861 638 892 redeat
654 860 813 897 domum,
841 871 919 891 cum
939 858 973 890 id
990 869 1084 890 com-

96 918 201 952 mode
226 915 301 949 sieri
325 913 434 959 possit
458 911 629 944 beneficio
655 916 688 943 et
713 909 894 942 voluntate
912 908 1083 942 Caesaris.

97 969 190 1015 Quia
225 966 319 999 enim
349 963 537 997 Marcellus
567 962 603 994 in
635 960 820 994 consulatu
854 959 1082 1004 pertinaciter

98 1018 240 1055 Caesari
262 1030 297 1051 se
325 1020 559 1060 opposuerat,
591 1019 624 1045 et
648 1011 858 1054 Pompeium
883 1023 1025 1056 quoque
1047 1010 1083 1042 in

98 1072 208 1105 aciem
229 1074 366 1103 secutus
386 1071 479 1104 erat,
505 1064 656 1097 maxime
679 1062 859 1095 dissidebat
877 1062 1082 1094 clementiae

99 1120 277 1159 Caesaris,
312 1124 344 1150 et
366 1117 482 1161 potius
506 1120 676 1158 perpetuo
704 1113 862 1152 exulare,
889 1124 995 1157 quam
1021 1113 1082 1144 do-

97 1174 146 1207 mi
171 1183 248 1204 cum
274 1168 431 1213 periculo
455 1166 572 1198 vivere
593 1164 843 1202 constituerat,
878 1163 1080 1202 ubimulta,

98 1236 187 1270 quae
211 1221 338 1259 nollet,
378 1219 496 1250 videre
522 1222 555 1248 et
577 1217 668 1248 serre
694 1220 889 1257 cogeretur.
957 1213 1080 1246 Cicero

98 1275 205 1319 igitur
221 1284 299 1305 eum
318 1271 360 1303 ab
377 1267 443 1302 hac
461 1266 633 1301 sententia
653 1266 826 1297 abducere
845 1269 1005 1303 conatur,
1032 1265 1082 1296 sa-

96 1326 142 1359 cit
157 1330 274 1357 autem
291 1322 326 1354 id
341 1331 478 1354 summa
497 1317 669 1351 modestia
687 1328 725 1348 ac
747 1314 946 1359 prudentia.
988 1314 1080 1358 Quia

95 1376 191 1410 enim
208 1372 396 1407 Marcellus
412 1370 558 1404 maximi
577 1367 687 1400 animi
703 1366 758 1399 vir
774 1372 867 1403 erat;
895 1366 1080 1398 consilium

96 1433 213 1461 autem
241 1422 420 1458 Ciceronis
451 1433 493 1454 ex
520 1420 675 1465 quadam
709 1417 821 1450 animi
841 1416 1081 1449 imbecillitate

96 1477 192 1512 nasci
227 1475 436 1508 videbatur:
490 1471 570 1504 ideo
605 1468 804 1514 praemittit
837 1465 1082 1500 adhortationi

96 1527 339 1563 narrationem
361 1524 449 1557 mire
472 1522 657 1561 callidam,
690 1520 727 1552 in
752 1530 820 1564 qua
843 1518 1004 1551 Marcelli
1025 1531 1080 1552 res

95 1586 208 1625 gestas
237 1584 271 1610 et
295 1575 414 1609 omnia
438 1573 583 1606 consilia
605 1572 646 1604 de
670 1571 762 1603 bello
784 1569 878 1602 civili
903 1582 1081 1603 commen-

95 1633 176 1670 dat,
212 1635 246 1662 et
264 1627 406 1660 tandem
425 1637 466 1658 eo
485 1623 644 1662 devenit,
677 1628 716 1654 ut
739 1627 836 1666 petat
862 1633 879 1653 a
898 1620 1080 1661 Marcello,

95 1688 134 1716 ut
164 1680 310 1713 modum
342 1682 473 1711 statuat
504 1673 721 1708 constantiae
748 1684 850 1711 suae,
890 1684 954 1711 ne,
995 1673 1078 1705 dum

94 1730 308 1778 pertinacius
325 1727 466 1761 Caesari
482 1739 516 1759 se
536 1723 704 1769 opponit,
738 1730 772 1756 et
796 1722 861 1756 sibi
880 1728 913 1754 et
930 1723 1080 1756 fortunis

94 1784 164 1818 suis
188 1780 381 1826 periculum
410 1784 513 1811 creet.
565 1774 760 1809 Exordium
779 1773 1079 1806 circumductione

97 1839 253 1871 constat,
285 1837 404 1875 estque
423 1829 566 1862 ductum
595 1827 638 1859 ab
666 1825 798 1858 officio:
835 1824 926 1869 Quia
947 1825 1079 1858 amicus

95 1893 174 1919 tuus
191 1896 287 1922 sum,
322 1882 401 1913 ideo
424 1879 599 1918 monebo,
633 1888 723 1922 quae
745 1877 788 1908 ad
813 1875 1021 1919 dignitatem
1047 1882 1079 1908 et

95 1938 139 1969 ad
168 1936 317 1968 salutem
342 1938 438 1965 tuam
467 1929 645 1974 pertinere
668 1927 843 1960 videntur.
912 1926 1079 1971 Sequitur

94 1986 274 2023 narratio,
316 1984 352 2015 in
374 1993 442 2027 qua
469 1984 726 2013 commemorat
748 1977 893 2010 consilia
920 1977 1078 2010 Marcelli

94 2040 136 2071 de
161 2037 251 2070 bello
276 2033 390 2073 civili,
434 2038 467 2065 et
490 2031 643 2064 breviter
667 2041 808 2074 quoque
833 2028 1078 2073 complectitur

94 2102 148 2123 res
166 2094 276 2132 gestas
294 2086 329 2118 in
348 2083 542 2117 consulatu.
602 2081 710 2113 Addit
735 2086 850 2112 autem
874 2092 908 2112 se
934 2092 1076 2125 quoque

95 2146 249 2174 secutum
276 2137 334 2169 illa
361 2134 526 2172 consilia,
567 2138 606 2164 ut
633 2144 672 2164 eo
703 2131 838 2163 facilius
868 2130 1077 2163 Marcellum

94 2203 156 2224 suo
177 2188 335 2232 exemplo
353 2186 397 2218 ad
417 2184 554 2217 veniam
573 2195 590 2214 a
610 2182 759 2215 Caesare
783 2181 971 2225 petendam
1000 2193 1079 2225 per-

95 2242 210 2274 ducat.
286 2238 338 2271 Ex
373 2234 579 2269 narratione
611 2232 742 2275 colligit
778 2231 1076 2276 propositionem:

95 2292 318 2336 Quamquam
334 2288 447 2332 probo
464 2285 647 2318 consilium
666 2290 785 2322 tuum,
817 2289 936 2314 tamen
964 2283 1078 2315 existi-

94 2354 154 2375 mo
178 2338 244 2372 hoc
261 2346 418 2382 tempore
439 2335 695 2369 moderandam
721 2333 823 2366 istam
848 2333 958 2365 animi
980 2333 1079 2366 forti·

94 2391 272 2428 tudinem,
300 2396 334 2422 et
351 2388 613 2421 concedendum
633 2384 766 2430 aliquid
781 2383 942 2423 Caesari,
970 2390 1008 2417 ut
1034 2385 1077 2416 ad

94 2450 173 2476 tuos
194 2440 307 2473 redire
332 2439 452 2483 possis.
520 2437 680 2470 Primum
710 2441 956 2479 argumentum
985 2448 1079 2468 sum-

93 2499 194 2539 ptum
220 2497 270 2525 est
295 2490 337 2523 ab
359 2488 559 2528 occasione,
595 2493 628 2520 et
652 2499 671 2520 a
696 2487 877 2519 voluntate
903 2485 1076 2520 Caesaris:

128 2601 175 2628 56)
195 2599 248 2621 Pro
266 2597 308 2620 his
323 2595 377 2619 Cic.
397 2594 487 2618 verbis
507 2594 533 2618 in
546 2594 629 2618 Editt.
647 2595 731 2623 ¹545,
753 2594 827 2619 1560.
847 2593 908 2618 huic
927 2595 1008 2618 notae
1027 2594 1078 2618 ad-

163 2633 266 2662 scripta
287 2633 365 2654 sunt:
395 2630 497 2653 Abesse
514 2630 659 2659 perpetuo.

129 2677 176 2703 57)
199 2672 462 2732 liggsazgxnsffiiitum
482 2672 509 2695 et
527 2671 578 2695 duo
598 2670 740 2702 sequentIa
758 2670 785 2695 in
800 2670 884 2696 Editt.
902 2670 993 2702 ¹556„
1014 2670 1081 2695 ¹565

675 112 796 146 Pffll..
832 109 943 144 MEL.
975 107 1177 143 SCRIPTA
1209 105 1544 142 PfflLOLOfflCA.
2055 110 2125 146 ΗΟ

1139 192 1297 237 Ignoscet
1315 194 1395 227 tibi:
1425 206 1507 238 ergo
1526 206 1599 226 non
1614 194 1719 228 debes
1745 195 1928 239 aspernari
1954 194 2027 229 eius
2050 208 2126 239 gra-

1139 245 1236 279 tiam.
1302 245 1392 278 lluic.
1423 252 1632 290 argumento
1663 259 1764 279 suum
1790 246 1888 279 addit
1918 247 2128 291 exemplum.

1139 296 1339 329 Secundum
1372 303 1619 339 argumentum
1647 304 1826 340 sumptum
1852 304 1902 330 est
1927 310 1943 330 a
1969 298 2128 342 potentia

1140 346 1319 380 Caesaris:
1374 347 1564 392 Nunquam
1608 348 1750 390 ell'ugies
1792 349 1884 381 illius
1920 349 2129 393 potentiam,

1140 398 1276 431 etiamsi
1294 398 1407 431 lioma
1428 399 1535 432 absis:
1565 412 1673 444 quare
1691 400 1791 432 cedas
1807 400 1837 432 ei
1855 399 2000 445 aliquid.
2038 400 2128 432 Ter-

1140 449 1226 481 tium
1253 456 1500 493 argium-ntum
1523 448 1629 483 hahet
1652 451 1918 494 occupationem
1947 457 1980 483 et
2009 451 2126 483 locum

1140 513 1364 533 communem
1382 502 1423 533 de
1441 513 1561 533 amore
1589 501 1742 545 patriae,
1777 507 1896 546 estque
1921 499 2007 534 llaec
2033 514 2127 534 sum-

1140 564 1214 584 ma:
1244 552 1309 583 Sed
1329 564 1420 595 pone
1442 559 1472 584 te
1491 552 1573 584 alibi
1592 558 1703 584 tutum
1727 564 1798 585 esse
1815 564 1934 596 posse;
1972 564 2124 593 auffero

1139 614 1212 635 nou
1246 603 1346 635 malis
1377 603 1472 635 domi
1508 616 1614 648 quam
1646 603 1680 635 iu
1708 603 1810 636 exilio
1836 603 1977 635 sivero?
2030 603 2124 647 Ergo

1139 655 1289 686 concede
1314 653 1447 698 aliquid
1469 653 1622 687 Caesari.
1677 654 1853 698 Quartum
1874 660 2124 697 argumentum

1139 705 1182 737 ab
1202 705 1398 737 amicorum
1414 704 1599 738 sententia.
1653 705 1825 749 Quintum
1844 705 1887 737 ab
1905 704 2000 737 utili:
2028 705 2126 738 Alio-

1139 755 1199 801 qui
1216 757 1294 795 fiet,
1327 762 1365 788 ut
1385 755 1599 800 diripiantur
1615 756 1708 788 bona
1726 762 1804 795 tua,
1843 755 1910 788 nisi
1929 754 1997 789 huc
2014 756 2126 789 redie-

1138 807 1203 840 ris:
1234 819 1316 851 ergo
1335 808 1486 839 concede
1504 806 1644 840 Caesari
1664 806 1809 851 aliquid.
1873 806 2046 840 Ultimum
2071 819 2126 840 ar-

1138 865 1344 901 gumentum
1366 858 1408 890 de
1431 858 1560 902 pietate
1584 857 1721 897 fratris,
1757 856 1819 902 qui
1843 854 1911 890 hoc
1935 869 2046 890 unum
2070 870 2126 891 ex-

1138 915 1238 953 optat
1257 915 1291 941 et
1304 908 1474 955 studet⁵⁸)
1493 909 1641 948 efficere,
1661 914 1700 941 ut
1718 908 1839 940 relicto
1858 907 1962 941 exilio
1980 909 2125 941 domum

1137 961 1268 994 redeat.
1317 959 1487 1004 Epilogus
1505 958 1611 992 habet
1628 958 1922 1003 pollicitationem
1940 959 2045 992 officii
2063 971 2126 1004 per

1137 1010 1435 1045 extenuationem.

1383 1110 1520 1143 Aliud
1547 1115 1872 1153 argumentum.

1237 1194 1396 1239 Epistola
1417 1200 1467 1227 est
1486 1192 1642 1227 suasoria
1655 1219 1664 1231 ,
1688 1204 1779 1237 quae
1796 1198 1830 1224 et
1847 1193 2025 1237 eleganter
2042 1195 2125 1228 scri-

1136 1252 1193 1290 pta
1211 1252 1259 1279 est
1274 1272 1282 1283 ,
1309 1252 1339 1277 et
1358 1245 1507 1278 multum
1526 1242 1631 1276 habet
1646 1243 1870 1276 urbanitatis.
1924 1244 2019 1277 Haec
2041 1258 2124 1278 con-

1134 1297 1285 1330 sumitur
1311 1297 1382 1328 sere
1406 1296 1442 1327 in
1467 1294 1634 1327 continua
1660 1293 1865 1326 narratione
1896 1295 1938 1327 de
1969 1297 2124 1330 consiliis

1134 1347 1314 1386 Marcelli,
1355 1346 1483 1392 quibus
1514 1345 1613 1378 addit
1643 1357 1746 1378 suum
1779 1344 1966 1378 consilium
1989 1347 2032 1380 de
2056 1347 2123 1381 cle-

1133 1398 1266 1431 mentia
1283 1397 1462 1437 Caesaris,
1488 1402 1529 1429 ut
1548 1394 1631 1429 huic
1650 1395 1784 1440 aliquid
1803 1397 1992 1438 concedat,
2027 1404 2062 1431 et
2085 1405 2125 1433 ut

1134 1461 1241 1495 quam
1258 1448 1414 1494 primum
1429 1447 1584 1480 Romam
1601 1447 1733 1480 redeat.
1792 1445 1990 1481 Exordium
2014 1450 2123 1483 sumi-

1134 1506 1192 1533 tur
1211 1501 1255 1533 ab
1274 1499 1408 1540 officio,
1433 1498 1488 1532 cui
1503 1497 1744 1543 praemittitur
1767 1499 2014 1542 comprobatio
2039 1512 2122 1534 con-

1133 1550 1201 1585 silii
1225 1550 1402 1590 Marcelli,
1435 1550 1496 1595 qui
1518 1549 1749 1582 constituerat
1771 1555 1943 1592 perpetuo
1969 1551 2122 1593 exulare,

1133 1614 1177 1635 ne
1196 1609 1380 1646 cogeretur
1397 1601 1473 1634 fieri
1488 1600 1635 1644 supplex
1648 1599 1802 1633 Caesari.
1856 1600 2023 1645 Sequitur
2038 1615 2121 1636 nar-

1132 1653 1245 1693 ratio,
1274 1653 1309 1685 in
1327 1664 1396 1698 qua
1416 1652 1504 1684 alius
1530 1651 1658 1694 repetit
1682 1649 1827 1683 consilia
1851 1651 1924 1684 eius
1951 1653 1993 1685 de
2018 1652 2120 1687 initio

1131 1704 1216 1737 belli
1239 1703 1349 1736 civilis
1372 1709 1406 1736 et
1428 1703 1470 1735 de
1495 1701 1603 1734 armis
1626 1700 1856 1745 deponendis.
1914 1702 2123 1738 Nar-rationi

1132 1754 1316 1788 subiicitur
1332 1753 1530 1798 propositio
1543 1779 1551 1792 ‚
1579 1752 1615 1784 iu
1631 1763 1699 1797 qua
1718 1752 1862 1795 exponit
1878 1765 1981 1786 suum
2007 1756 2120 1789 consi-

1131 1806 1218 1839 lium
1236 1818 1298 1850 per
1323 1802 1631 1851 adhortationem,
1666 1808 1706 1835 ut
1729 1802 1826 1835 nullo
1851 1804 1959 1836 modo
1984 1814 2120 1841 recuset

1131 1857 1247 1890 redire
1265 1856 1439 1896 Romam,
1467 1861 1500 1888 et
1518 1853 1692 1887 existimet
1713 1859 1860 1897 propter
1885 1854 2014 1890 multas
2039 1869 2122 1892 cau-

1131 1920 1185 1941 sas
1216 1907 1351 1953 aliquid
1379 1919 1451 1940 esse
1482 1905 1745 1939 concedendum
1772 1903 1926 1939 Caesari.
1989 1907 2116 1942 Postea

1132 1959 1256 1992 ordine
1286 1964 1469 2003 ponuntur
1493 1969 1552 1990 sex
1578 1960 1785 1999 argumenta
1809 1956 1853 1988 ad
1876 1957 1982 1989 finem
2006 1971 2117 2005 usque

1132 2010 1319 2054 epistolae,
1354 2021 1444 2054 quae
1468 2014 1549 2042 sunt
1573 2006 1729 2039 rationes
1752 2005 1931 2039 institutae
1955 2011 2119 2054 proposi-

1131 2061 1249 2095 tionis.
1315 2061 1477 2094 Primum
1504 2062 1751 2102 argumentum
1777 2057 1927 2090 sumitur
1949 2071 1968 2091 a
1993 2061 2118 2095 volun-

1131 2118 1201 2145 tate
1221 2111 1380 2145 Caesaris
1404 2110 1523 2143 addito
1550 2121 1612 2142 suo
1639 2107 1811 2157 exemplo.
1870 2108 2069 2145 Secundum
2096 2125 2116 2146 a

1130 2162 1288 2206 potentia
1305 2162 1483 2200 Caesaris,
1512 2160 1607 2205 quod
1624 2159 1715 2191 illius
1734 2159 1929 2202 potentiam
1947 2163 2042 2195 nulla
2059 2175 2116 2197 ra-

1131 2213 1227 2247 tione
1243 2213 1394 2258 effugere
1413 2212 1533 2257 possit.
1587 2209 1748 2242 Tertium
1768 2209 1812 2242 ab
1829 2222 1951 2244 amore
1967 2214 2116 2257 patriae.

1133 2265 1308 2309 Quartum
1327 2277 1345 2297 a
1362 2263 1492 2296 iudicio
1512 2261 1728 2299 amicorum,
1757 2260 1818 2305 qui
1845 2273 1966 2297 omnes
1989 2277 2115 2299 consu-

1130 2316 1226 2355 lunt,
1254 2322 1292 2349 ut
1308 2317 1454 2348 domum
1471 2315 1601 2346 redeat.
1655 2311 1829 2356 Quintum
1852 2313 1895 2345 ab
1919 2315 2018 2356 utili,
2052 2329 2114 2350 seu

1132 2379 1149 2399 a
1167 2379 1204 2399 re
1226 2366 1392 2399 familiari
1407 2363 1584 2403 Marcelli,
1620 2362 1777 2395 futurum
1804 2375 1894 2404 esse,
1927 2372 1966 2398 ut
1993 2367 2113 2400 omnia

1131 2418 1222 2450 bona
1242 2418 1350 2461 ipsius
1369 2416 1601 2460 diripiantur,
1629 2413 1696 2447 nisi
1720 2425 1797 2446 cum
1823 2415 1934 2458 gratia
1954 2416 2113 2452 Caesaris

1130 2469 1175 2501 ad
1208 2481 1289 2502 suos
1318 2467 1472 2501 redierit.
1539 2465 1712 2498 Ultimum
1740 2472 2007 2509 argumentum,
2041 2481 2113 2515 quo

1132 2519 1309 2552 concludit
1326 2517 1416 2552 hanc
1442 2517 1625 2562 epistolam
1637 2543 1645 2557 ‚
1672 2516 1828 2549 continet
1843 2514 1966 2558 πάθος
1981 2520 2023 2553 de
2038 2519 2112 2565 pie-

1130 2576 1200 2602 tate
1216 2569 1353 2611 fratris,
1380 2569 1498 2603 addita
1516 2567 1703 2601 collatione
1721 2567 1774 2600 sui
1793 2567 1937 2603 doloris.

1164 2703 1212 2732 58)
1231 2702 1337 2733 studet]
1356 2703 1395 2727 sic
1412 2702 1486 2725 recte
1499 2700 1581 2724 Editt.
1597 2699 1801 2731 1565-1577.;
1818 2699 1866 2725 Ed.
1884 2700 1956 2725 1556.
1977 2701 2093 2725 studeat.
