2351 2990
154 126 253 160 1075

734 129 856 164 PfflL.
889 130 1001 165 MEL.
1036 130 1239 166 selul‘TA
1271 133 1607 170 PfflLOLOGlCA.

2094 138 2193 172 1076

153 212 308 256 deceptis
325 224 385 256 spe
402 213 624 249 induciarum
643 227 771 248 nocere
784 241 794 255 ‚
822 228 929 260 quam
947 222 1068 260 aperte
1085 216 1149 249 ali-
1202 217 1412 253 invaderent
1429 220 1518 255 alios
1533 221 1648 266 specie
1665 220 1909 267 aequalitatis,
1944 228 1978 256 et
2003 222 2192 256 crudeliter

154 263 239 309 quid
258 275 414 298 movere.
467 263 576 311 quue.
593 267 778 300 dicebatur
795 278 869 300 esse
887 267 1008 308 tutius,
1037 274 1070 301 et
1084 265 1148 302 ha-

152 315 258 347 bebat
294 315 435 349 laudem
471 317 666 361 sapientiae
683 344 693 358 ‚
746 317 887 352 vincere
923 319 1146 364 decipiendo.

151 364 309 410 Improbi
343 367 623 402 nominabantur
652 368 838 410 industrii,
878 370 964 404 boni
990 368 1147 411 hebetes,

151 429 307 463 quorum
324 418 474 452 alterum
491 421 662 464 probrum
681 427 776 462 erat,
809 421 960 456 alterum
981 429 1057 456 erat
1073 423 1147 468 glo-

149 481 299 504 riosum.

253 537 390 570 Horum
409 538 571 571 omnium
589 550 691 573 causa
711 546 786 573 erat
802 541 976 586 cupiditas
993 542 1146 578 iniustae

150 589 331 633 potentiae
349 594 381 621 et
398 588 551 634 imperii.
605 589 690 624 Inde
708 593 954 628 contentiones
972 594 1066 628 inter
1082 608 1146 640 pa-

150 652 205 673 res
230 640 449 674 oriebantur.
511 640 604 675 Nam
633 643 855 686 potentiores
879 645 916 678 in
943 645 1145 682 civitatibus

149 690 318 737 utrinque
343 689 494 725 honesto
522 693 668 727 nomine
702 695 804 729 alteri
833 702 964 731 statum
994 700 1145 744 popula—

148 754 222 775 rem
236 769 245 783 ,
274 743 376 775 alteri
395 744 625 778 autoritatem
642 747 859 780 senatoriam
878 755 1037 791 tuentes,
1067 763 1144 785 ver-

147 793 200 827 bis
225 793 369 840 quidem
395 796 438 828 de
461 796 641 840 republica
676 799 877 840 certabant,
919 801 980 834 sed
1004 814 1042 835 re
1067 803 1142 848 ipsa

147 851 246 878 tanta
267 852 343 879 erat
360 847 532 881 acerbitas
548 848 713 882 odiorum
726 877 736 890 ‚
761 857 802 884 ut
817 851 920 884 alteri
935 853 1066 889 alteros
1083 867 1144 899 pe-

147 897 243 930 nitus
259 897 376 931 delere
402 906 636 940 conarentur,
672 908 706 934 et
728 901 766 934 in
789 903 914 946 poenis
939 904 1046 938 finem
1073 912 1143 940 sta-

147 948 294 982 tuebant
316 961 390 982 non
406 950 578 984 iustitiam
596 959 657 985 aut
673 953 863 987 utilitatem
883 955 1056 998 civitatis,
1082 959 1142 992 sed

144 999 264 1044 potius
296 1013 396 1034 suam
432 1002 575 1048 utrique
609 1003 849 1049 voluptatem,
889 1019 951 1041 seu
985 1008 1023 1041 in
1059 1021 1142 1043 con-

144 1052 374 1086 demnatione
389 1065 454 1098 per
471 1053 601 1088 iniusta
619 1055 786 1101 suffragia
801 1083 810 1097 ,
844 1069 905 1091 seu
924 1059 962 1092 in
978 1059 1142 1103 victoria,

144 1103 179 1136 vi
197 1104 373 1148 oppressis
394 1105 626 1147 adversariis,
655 1108 888 1142 aemulationi
906 1116 940 1143 et
955 1112 1141 1156 cupiditati

143 1156 382 1190 contentionis
398 1169 537 1190 morem
562 1164 733 1202 gerentes.
794 1158 845 1193 Ita
873 1163 1009 1197 neutris
1035 1177 1140 1199 curae

143 1213 219 1240 erat
242 1208 373 1252 pietas,
408 1210 469 1243 sed
499 1208 561 1255 qui
590 1207 740 1244 honesto
759 1212 877 1246 colore
896 1214 1031 1261 aliquid
1049 1217 1139 1251 lucri

143 1259 261 1304 adepti
281 1266 402 1301 erant,
429 1261 680 1298 laudabantur.

244 1328 357 1362 Medii
374 1329 467 1364 cives
483 1331 527 1364 ab
544 1337 696 1378 utraque
714 1333 867 1368 factione
884 1336 1139 1380 perdebantur,

141 1379 274 1424 partim
297 1382 392 1426 quod
411 1394 486 1415 non
504 1383 667 1417 tulissent
691 1397 796 1429 opem
823 1387 1022 1427 alterutris,
1056 1399 1138 1432 par-

142 1431 205 1464 tim
230 1432 386 1474 invidia,
429 1435 525 1479 quod
556 1432 729 1470 hactenus
760 1436 908 1471 fuissent
930 1438 1137 1473 incolumes.

140 1483 240 1517 Adeo
257 1491 406 1529 propter
423 1485 615 1520 seditiones
633 1487 670 1520 in
685 1488 849 1522 universa
865 1490 1014 1524 Graecia
1032 1503 1137 1524 omne

142 1547 251 1579 genus
267 1537 440 1570 scelerum
465 1537 591 1571 extitit.
653 1538 869 1584 Simplicitas
892 1542 1138 1583 consiliorum,

141 1599 232 1632 quae
250 1587 404 1621 maxime
421 1594 471 1621 est
495 1588 533 1621 in
557 1589 662 1623 bonis
686 1592 843 1632 naturis,
876 1605 954 1626 cum
981 1594 1055 1628 risu
1080 1606 1137 1627 ex-

139 1638 241 1683 plosa
274 1646 336 1673 est.
405 1639 475 1673 Sed
500 1639 659 1674 diffidere
688 1642 782 1676 iuter
805 1655 900 1684 sese,
945 1645 1136 1679 observare

141 1690 251 1731 alios,
285 1697 319 1724 et
346 1691 467 1724 omnia
491 1692 683 1736 suspiciose
709 1695 926 1739 depravare,
960 1697 1135 1741 sapientia

141 1748 228 1776 erat.
294 1741 401 1776 Nulla
427 1742 521 1775 enim
547 1744 664 1778 oratio
690 1746 791 1779 firma
816 1758 932 1793 neque
955 1748 1136 1782 iuramen-

139 1799 216 1826 tum
246 1799 340 1833 erat,
382 1795 479 1839 quod
505 1795 548 1827 ad
579 1797 907 1831 reconciliationem
934 1801 1136 1844 prodesset;

140 1843 223 1890 quia
244 1844 339 1877 enim
359 1851 472 1879 astute
487 1845 814 1889 ratiocinabantur,
842 1851 977 1884 nullam
994 1852 1135 1885 firmam

138 1907 263 1940 pacem
280 1896 377 1936 fore,
407 1897 610 1941 prospicere
630 1900 830 1941 malebant,
863 1914 909 1936 ne
936 1903 1022 1949 quid
1038 1910 1136 1948 pate—

139 1953 281 1988 rentur,
310 1960 419 1994 quam
440 1950 595 1984 credere.
646 1950 697 1984 Ac
712 1952 810 1985 stulti
826 1965 930 1998 saepe
953 1961 1056 1988 erant
1079 1968 1136 1989 su-

139 1999 317 2043 periores,
345 1999 450 2046 quia,
478 2012 558 2034 cum
573 2008 774 2036 metuerent
791 2004 958 2046 insidias,
985 2013 1020 2039 et
1034 2006 1136 2041 time-

140 2057 221 2083 rent
243 2051 341 2091 fore,
375 2058 413 2085 ut
437 2058 550 2085 astute
575 2059 904 2097 anteverterentur,
946 2057 1013 2102 ipsi
1038 2059 1135 2103 prio-

140 2114 196 2135 res
215 2103 383 2135 audacter
401 2103 472 2135 vim
500 2103 711 2140 inferebant.
764 2107 1008 2152 Sapientiores
1036 2122 1134 2150 vero,

140 2153 278 2187 etiamsi
294 2154 449 2198 pericula
467 2155 742 2199 praevidebant,
770 2165 891 2192 tamen
911 2161 993 2206 quia
1018 2161 1134 2196 existi-

139 2204 288 2238 mabant
305 2218 379 2238 non
396 2205 542 2239 vitanda
553 2206 598 2254 ⁴³)
616 2220 707 2249 esse,
735 2223 827 2256 quae
853 2218 997 2255 possent
1020 2213 1133 2247 consi-

140 2256 188 2289 lio
207 2256 381 2297 obtineri,
408 2257 576 2302 imparati
593 2260 902 2304 opprimebantur.

241 2323 282 2357 In
301 2324 455 2371 Corcyra
475 2327 584 2371 igitur
608 2341 713 2373 saepe
736 2327 805 2363 hoc
827 2332 937 2364 modo
962 2332 1023 2365 alii
1045 2333 1134 2367 alios

142 2376 311 2409 audacter
334 2384 620 2419 anteverterunt,
661 2392 740 2413 cum
765 2382 817 2414 illi
841 2383 995 2417 vicissim
1021 2397 1057 2418 se
1081 2385 1133 2417 ul-

143 2426 378 2468 ciscerentur,
415 2429 475 2474 qui
499 2431 632 2463 redacti
659 2438 760 2465 erant
783 2433 820 2466 in
846 2441 1060 2478 potestatem
1090 2437 1133 2469 ab

142 2477 197 2517 iis,
225 2491 314 2524 quos
331 2486 411 2512 ante
429 2481 520 2514 male
540 2482 812 2526 mulctaverant,
840 2493 874 2519 et
892 2486 1002 2532 aliqui
1021 2499 1039 2519 a
1057 2487 1134 2520 diu-

142 2535 249 2562 turna
272 2529 392 2574 inopia
411 2532 553 2565 liberari
568 2534 715 2573 vellent,
744 2542 795 2576 et,
824 2543 864 2570 ut
884 2538 1030 2581 plurimi
1047 2539 1134 2572 sece-

142 2587 246 2621 runt,
278 2581 407 2615 iniusta
435 2583 625 2627 cupiditate
648 2586 790 2621 divitias
815 2588 967 2622 aliorum
992 2596 1134 2634 appete-

143 2639 240 2669 rent;
295 2633 405 2678 aliqui
437 2647 520 2666 vero
552 2648 625 2668 non
659 2639 808 2672 avaritia
841 2641 950 2681 moti,
993 2643 1053 2675 sed
1082 2642 1132 2674 ira

178 2751 225 2776 43)
247 2752 371 2780 vitanda]
392 2753 439 2776 Ed.
459 2754 529 2778 1562.
550 2756 693 2784 corrupte:
720 2756 889 2782 vitentauda.

1202 280 1242 301 ac
1259 268 1534 314 implacabiliter
1551 272 1739 307 saevirent.

1302 329 1359 363 Sic
1375 342 1454 363 cum
1470 332 1677 376 perturbata
1697 338 1786 366 esset
1803 331 1945 372 civitas,
1980 338 2107 366 natura
2128 330 2194 366 ho-

1200 378 1337 414 miuum
1360 381 1486 415 victrix
1503 383 1619 427 legum
1631 409 1640 423 ,
1667 383 1822 417 ostendit
1841 396 1876 418 se
1893 383 2044 417 libenter
2062 383 2193 418 iniusta

1199 431 1314 465 facere
1333 439 1455 467 contra
1474 434 1566 479 leges
1584 441 1748 478 superata
1769 435 2013 479 magnitudine
2030 435 2124 469 irae:
2153 447 2194 468 ac

1200 483 1383 527 potentior
1400 484 1495 526 iure,
1522 492 1555 519 et
1580 485 1721 519 inimica
1747 486 2063 521 excellentioribus.
2114 485 2194 521 Nisi

1200 534 1295 567 enim
1311 535 1390 570 talis
1407 543 1495 570 esset
1512 544 1640 571 natura
1659 534 1845 571 hominum
1857 564 1867 578 ,
1901 550 1976 571 non
1999 544 2193 583 antepone-

1199 592 1279 619 rent
1296 587 1489 621 vindictam
1507 588 1707 628 sanctitati,
1735 595 1768 621 et
1784 589 1921 622 lucrum
1938 589 2111 630 iustitiae,
2139 588 2194 622 in-

1198 637 1358 672 videntes
1375 639 1512 673 alienae
1531 641 1712 685 potentiae
1730 652 1804 673 non
1821 640 1987 674 laedenti.
2043 640 2113 675 Sed
2131 652 2193 673 vo-

1197 688 1276 722 lunt
1293 687 1457 725 homines
1474 691 1650 726 vindictae
1671 691 1863 736 cupiditate
1878 704 2084 726 communes
2099 692 2192 736 leges

1197 739 1410 782 dissolvere,
1439 748 1473 776 et
1498 743 1564 776 sibi
1587 756 1662 777 non
1686 743 1887 789 relinquere
1914 744 2031 787 legum
2056 743 2192 788 praesi-

1197 792 1275 833 dia,
1301 793 1330 827 si
1348 793 1434 839 quid
1450 793 1535 839 ipsis
1550 794 1690 830 adversi
1705 794 1860 836 accidat,
1888 807 1968 828 cum
1993 794 2030 827 in
2054 794 2192 840 legibus

1196 843 1319 878 salutis
1335 857 1413 889 spes
1431 845 1487 880 sit.

1299 904 1382 937 Tali
1399 904 1451 937 ira
1470 904 1661 950 Corcyraei
1685 911 1809 938 contra
1831 917 1867 940 se
1891 911 2017 939 mutuo
2043 904 2193 950 grassati

1195 961 1289 989 sunt.
1357 955 1446 989 Cum
1473 962 1592 990 autem
1619 956 1830 990 discessisset
1850 956 2084 1002 Eurymedon
2108 969 2192 990 cum

1194 1006 1310 1040 Attica
1328 1007 1456 1049 classe,
1485 1008 1602 1041 exules
1619 1007 1810 1053 Corcyraei
1827 1008 2014 1054 quingenti
2038 1020 2191 1054 occupa-

1195 1065 1280 1092 runt
1310 1071 1453 1099 muros,
1492 1059 1554 1106 qui
1576 1059 1614 1091 in
1638 1059 1836 1093 continenti
1859 1067 1980 1103 erant,
2021 1067 2056 1095 et
2083 1061 2191 1106 potiti

1194 1116 1289 1144 terra
1317 1111 1468 1155 praedas
1502 1111 1694 1155 abigebant
1728 1123 1769 1144 ex
1800 1112 1935 1153 insula,
1983 1118 2018 1145 et
2051 1112 2191 1157 magnis

1193 1162 1333 1196 damnis
1349 1160 1513 1197 homines
1531 1162 1750 1203 afficiebant,
1778 1169 1813 1196 et
1826 1163 1971 1198 accessit
1985 1164 2097 1198 sames
2113 1175 2190 1197 non

1192 1214 1291 1248 levis.
1345 1214 1507 1262 Cumque
1526 1216 1655 1248 frustra
1675 1214 1883 1259 petivissent
1908 1228 1928 1247 a
1947 1214 2190 1249 Lacedaemo-

1192 1265 1261 1300 niis
1283 1272 1318 1299 et
1343 1265 1539 1301 Corinthiis
1562 1279 1598 1301 se
1623 1266 1766 1307 reduci,
1806 1267 1992 1312 aliquanto
2023 1273 2107 1311 post
2133 1267 2188 1299 in-

1191 1317 1316 1351 structi
1339 1319 1489 1352 navibus
1522 1324 1556 1351 et
1587 1318 1818 1352 auxiliaribus
1841 1317 2014 1352 militibus
2038 1318 2189 1352 transie-

1190 1374 1276 1402 runt
1290 1368 1327 1401 in
1343 1369 1496 1403 insulam
1509 1396 1519 1411 ‚
1546 1382 1698 1403 numero
1714 1381 1786 1402 nou
1804 1370 1923 1413 plures
1937 1368 2129 1409 sexcentis,
2153 1374 2190 1402 et

1191 1420 1343 1454 incensis
1375 1421 1446 1454 suis
1479 1420 1649 1462 navibus,
1686 1432 1732 1453 ne
1756 1421 1828 1454 ulla
1854 1420 1891 1453 in
1915 1432 1954 1453 re
1981 1432 2060 1464 spes
2086 1425 2188 1461 esset,

1190 1471 1259 1505 nisi
1291 1472 1486 1516 potiundae
1512 1478 1648 1512 terrae,
1690 1472 1919 1506 ascendentes
1953 1471 1992 1505 in
2025 1477 2187 1505 montem

1189 1522 1365 1564 Istonem,
1406 1523 1456 1556 ibi
1484 1536 1627 1557 murum
1663 1529 1914 1565 extruxerunt,
1956 1529 1991 1557 et
2014 1528 2190 1565 vexarunt

1190 1574 1289 1615 illos,
1316 1575 1487 1620 quiintra
1504 1576 1631 1609 urbem
1648 1582 1769 1617 erant,
1798 1581 1832 1608 et
1857 1581 1934 1609 tuto
1960 1575 2186 1619 vagabuntur

1189 1626 1228 1659 in
1248 1626 1375 1660 insula.

1214 1730 1316 1763 Alia
1360 1727 1493 1764 huius
1533 1730 1872 1775 descriptionis
1911 1730 2159 1766 seditionis

1287 1781 1649 1827 Corcyraeorum
1676 1781 2089 1830 interpretation).

1295 1850 1485 1896 Corcyraei
1503 1857 1625 1884 mutua
1645 1851 1749 1883 caede
1766 1850 1860 1884 inter
1874 1862 1948 1884 sese
1975 1851 2184 1895 grassaban-

1188 1910 1265 1943 tur,
1290 1902 1440 1947 privatis
1459 1902 1550 1936 odiis
1564 1902 1742 1947 publicam
1759 1914 1900 1936 causam
1926 1908 2185 1946 praetexentes,

1189 1955 1286 2000 quod
1300 1965 1417 1999 poena
1435 1953 1610 1987 afficiendi
1628 1960 1742 1987 essent
1759 1960 1901 1987 autores
1918 1954 2005 1986 novi
2019 1959 2130 1988 status
2146 1954 2184 1987 in

1187 2006 1382 2051 republica.
1435 2005 1504 2039 Sed
1522 2005 1683 2051 plerique
1706 2011 1854 2049 propter
1876 2005 2035 2049 privatas
2062 2005 2185 2040 simul-

1188 2064 1277 2091 tates
1297 2056 1403 2091 occisi
1421 2063 1522 2097 sunt,
1549 2056 1714 2090 nonnulli
1728 2056 1835 2089 etiam
1858 2063 2007 2101 propter
2031 2057 2185 2091 creditas

1187 2109 1356 2154 pecunias
1371 2109 1417 2142 ab
1435 2108 1520 2153 ipsis
1540 2108 1760 2142 debitoribus
1782 2108 1897 2141 necati
1919 2114 2012 2143 sunt.
2072 2108 2184 2142 Deni-

1188 2173 1256 2206 que
1271 2161 1368 2194 nulla
1384 2172 1458 2193 non
1473 2160 1605 2204 species
1619 2159 1875 2204 suppliciorum
1894 2160 1940 2193 ob
1956 2160 2078 2195 oculos
2093 2166 2183 2201 erat,

1188 2224 1228 2245 ac
1243 2224 1318 2245 non
1336 2212 1451 2245 solum
1470 2211 1598 2245 usitata
1622 2211 1683 2244 tali
1705 2217 1866 2255 tempore
1890 2212 2023 2245 fiebant
2046 2211 2209 2252 omnia,⁴

1186 2264 1247 2298 sed
1265 2264 1371 2297 etiam
1389 2262 1579 2297 atrociora.
1626 2262 1709 2295 Filii
1727 2263 1999 2296 trucidabantur
2012 2274 2032 2296 a
2053 2273 2182 2307 paren-

1186 2315 1298 2355 tibus,
1325 2313 1623 2348 abstrahebantur
1637 2312 1800 2348 homines
1817 2315 1860 2348 ab
1877 2314 1968 2356 aris,
2002 2314 2115 2348 immo
2133 2316 2179 2348 ad

1221 2452 1270 2479 44)
1289 2450 1364 2474 Haec
1382 2450 1592 2480 interpretatio,
1624 2455 1693 2479 quae
1716 2450 1744 2474 in
1762 2449 1947 2474 Melanthonis
1966 2448 2177 2474 Dialecticarum

1257 2485 1483 2515 Praeceptionum
1497 2483 1668 2507 Editionibus
1682 2490 1766 2515 supra
1779 2492 1804 2515 p.
1821 2485 1883 2509 1021
1901 2491 1942 2514 sq.
1957 2484 2176 2508 commemoratis

1256 2519 1397 2543 invenitur
1415 2519 1455 2542 sic
1473 2519 1622 2548 inscripta:
1654 2520 1833 2551 „Descriptio
1852 2519 1997 2543 seditionis
2011 2519 2084 2549 apud
2102 2519 2176 2547 Tinu-

1256 2554 1383 2584 cydidem
1404 2553 1472 2577 libro
1491 2551 1615 2581 tertio&
1643 2560 1659 2577 a
1678 2555 1876 2585 praecedente,
1909 2555 1938 2577 ut
1957 2554 2009 2577 iam
2028 2554 2055 2576 in
2074 2553 2174 2577 Prole-

1256 2594 1355 2619 gomm.
1378 2587 1509 2616 diximus.
1544 2588 1688 2617 dupliciter
1714 2589 1803 2612 differt
1828 2590 1856 2616 1)
1875 2589 1985 2612 ambitu
1995 2591 2007 2617 3¹
2032 2587 2082 2611 ilia
2104 2587 2176 2611 enim

1256 2623 1446 2652 complectitur
1471 2622 1515 2645 lib.
1533 2622 1576 2646 ΙΙΙ.
1603 2623 1681 2647 c.82.
1705 2624 1766 2647 iude
1791 2629 1807 2646 a
1833 2623 1879 2648 lin.
1895 2623 1919 2647 9.
1946 2623 1993 2646 Ed.
2014 2622 2120 2651 Bipont.
2139 2634 2174 2640 —-

1256 2664 1277 2681 c.
1292 2658 1351 2686 85.,
1383 2658 1447 2680 haec
1468 2663 1532 2680 vero
1553 2657 1596 2682 lib.
1615 2658 1658 2682 ΙΙΙ,
1684 2666 1705 2682 c.
1719 2660 1760 2682 81.
1783 2658 1843 2681 iude
1862 2664 1878 2681 a
1903 2658 1950 2681 lin.
1969 2658 2009 2683 18.
2035 2669 2068 2673 -
2092 2664 2114 2681 c.
2129 2658 2173 2681 84.

1254 2692 1302 2716 lin.
1314 2692 1353 2714 15.
1371 2692 1402 2719 2)
1421 2692 1532 2720 verbis-3
1552 2697 1612 2715 nam
1633 2697 1664 2715 ea
1682 2694 1774 2716 textus
1794 2692 1885 2722 graeci
1903 2698 1979 2721 parS,
1998 2697 2076 2722 quam
2095 2693 2175 2715 utra-

1255 2733 1306 2756 que
1325 2726 1516 2755 interpretatio
1536 2727 1640 2757 reddit,
1675 2727 1768 2750 vernis
1788 2727 1923 2750 translata
1942 2729 1985 2750 est
2003 2726 2122 2751 maxima
2139 2732 2175 2749 ex

1256 2762 1334 2790 parte
1355 2761 1484 2784 diversis.
