2351 2990
167 142 239 176 487
746 135 867 170 PHIL.
905 133 1016 169 MEL.
1049 131 1249 167 SCRIPTA
1285 129 1622 166 PHILOLOGICA.
2123 124 2196 160 488

410 224 542 257 Aliud
571 228 898 266 argumentum.

268 291 436 326 Narratio
453 291 637 324 continens
664 287 1011 321 commeiulationem
1035 285 1153 319 additi

168 343 371 377 laudatione
395 354 641 388 personarum.
695 340 862 385 Sequitur
884 337 1029 382 petitio,
1065 348 1155 383 quae

169 401 219 428 est
242 395 389 438 figurata
418 391 737 430 circumductione,
778 389 876 423 cuins
901 387 988 422 haec
1018 399 1154 422 summa

169 453 236 480 est:
264 446 301 479 Si
318 446 554 478 adolescentes
571 442 814 475 liberalissime
832 439 994 473 tractaris
1011 445 1158 484 propter

169 509 283 530 meam
303 494 661 529 commendationem.

334 577 520 612 Scholia
554 577 596 608 in
625 575 871 620 epistolam
901 574 990 609 XLI.

274 646 303 691 {-
330 648 362 680 1.
400 647 489 687 Quae
517 641 651 690 fecisti]
689 641 924 689 εὐχαριστικὴ
961 656 1039 676 cum
1072 641 1160 686 peti-

172 701 278 732 tione.
306 697 513 731 Gratiarum
530 695 634 729 actio.
662 695 849 729 Narratio:
874 696 951 738 Ago
968 692 1160 739 gratiasffi).

274 748 302 793 {-
318 751 352 784 2.
383 750 510 782 Tamen
527 748 586 781 abs
600 744 714 793 te⁷⁷)]
744 746 886 779 Petitio.

463 824 793 867 Argumentum
807 821 865 865 78).

270 885 463 930 Sequentes
497 884 588 915 duae
625 881 795 925 epistolae
833 881 876 912 ad
913 878 1160 923 proconsulem

173 937 295 969 eodem
323 940 486 967 coustant
510 938 732 976 argumento.
799 931 889 964 Sunt
914 930 1009 963 enim
1037 930 1161 962 ambae

173 983 442 1033 εὐχαρισῖικαὶ,
470 985 506 1017 in
530 984 657 1029 quibus
680 982 853 1022 ostendit,
891 994 997 1027 quam
1022 986 1162 1024 gratum

173 1039 297 1077 suerit,
326 1037 421 1082 quod
439 1042 535 1068 tanta
556 1034 735 1078 diligentia
756 1045 896 1066 causam
915 1032 1037 1066 Luceii
1051 1044 1164 1065 susce-

174 1089 265 1133 perit
285 1095 318 1121 ct
336 1087 456 1130 egerit.
515 1085 664 1118 Exordii
681 1086 759 1118 loco
778 1084 924 1128 ponitur
941 1085 1103 1117 narratio
1122 1084 1164 1115 de

174 1154 249 1179 sua,
275 1139 394 1171 Luceii
412 1137 616 1181 etPompeii
634 1136 862 1181 gratitudine.
896 1135 1021 1169 Postea
1040 1141 1090 1168 est
1107 1146 1166 1179 pe-

176 1191 265 1230 titio,
289 1197 325 1223 ut
344 1201 452 1234 porro
473 1189 546 1222 eius
563 1200 704 1222 causam
723 1187 1008 1220 commendatam
1025 1184 1166 1219 habeat.

417 1266 556 1299 Aliud
584 1271 912 1310 argumentum.

278 1335 377 1368 Duae
394 1341 578 1380 sequentes
600 1333 770 1378 epistolae
796 1339 878 1366 sunt
904 1328 1167 1376 εὐχαριστικαὶ,

178 1385 244 1419 hoc
265 1393 333 1426 cst,
362 1387 557 1429 gratiarum
572 1385 741 1418 actiones.
793 1383 942 1416 Exordii
968 1383 1041 1414 vice
1067 1381 1169 1426 puni-

180 1445 235 1470 tur
253 1437 430 1475 narratio,
459 1438 555 1481 quod
572 1446 721 1478 magnae
743 1433 920 1466 habentur
944 1433 1078 1475 gratiae
1105 1445 1167 1476 pro

180 1488 294 1521 officio
322 1500 402 1530 erga
424 1486 608 1520 Luceium.
671 1483 838 1529 Sequitur
861 1480 1065 1515 adhortatio
1090 1494 1167 1514 cum

181 1538 487 1583 praemollitione,
527 1543 566 1569 ut
597 1536 632 1568 in
660 1535 717 1567 illa
748 1534 957 1567 liberalitate
982 1532 1169 1565 beneflcio-

182 1603 259 1623 rum
279 1595 490 1633 perseveret.
539 1587 646 1620 Ratio
662 1591 800 1629 sumpta
821 1591 872 1618 est
888 1597 904 1617 a
923 1596 1089 1628 persona.
1132 1582 1170 1615 In

182 1643 249 1674 tine
267 1647 364 1673 extra
385 1645 631 1683 argumentum
650 1644 700 1670 est
715 1636 831 1670 brevis
849 1635 1058 1680 significatio
1081 1635 1173 1667 litte-

184 1705 322 1731 rarum,
351 1704 438 1736 quas
455 1697 558 1723 antea
578 1689 732 1722 miserat.

348 1773 527 1809 Scholia
558 1774 597 1806 in
627 1772 873 1817 epistolam
902 1768 1006 1803 XLII.

288 1843 317 1888 {-
337 1845 369 1876 1.
397 1845 439 1877 L.
464 1840 692 1888 Lecceius⁷⁹)]
724 1837 958 1886 εὖχαριστικὴ
981 1851 1059 1871 cum
1087 1837 1173 1881 peti-

186 1895 293 1929 tione.
329 1895 534 1927 Gratiarum
553 1894 656 1926 actio.

288 1945 317 1990 {-
335 1948 369 1981 2.
397 1947 465 1980 Sed
486 1940 769 1986 vehementer⁸⁰)]
799 1940 940 1972 Petilio.

481 2015 877 2063 Argumentnmffl).

288 2080 456 2115 Narratio
481 2086 531 2113 est
556 2080 598 2111 de
623 2077 708 2110 actis
733 2074 855 2119 gratiis
881 2086 898 2106 a
920 2072 1064 2105 aneio.
1118 2072 1176 2103 Se-

190 2132 310 2177 quitur
328 2132 472 2177 petitio,
499 2129 738 2173 utdiligenter
760 2126 901 2158 adiuvet
930 2129 1178 2168 procuratores

191 2183 320 2216 lam-ii.

225 2285 273 2311 76)
294 2285 366 2308 Haec
386 2284 451 2306 nota
471 2281 497 2304 in
517 2280 600 2305 Editt.
622 2279 708 2307 ¹545„
731 2277 803 2302 1560.
823 2275 960 2299 disiuncta
980 2276 1023 2297 est
1047 2274 1073 2297 iu
1099 2274 1180 2296 hasce

261 2320 343 2342 duas:
370 2319 450 2348 Quae
468 2316 579 2346 fecisti]
599 2310 789 2345 εὐχαριστικὴ,
812 2317 870 2335 cum
885 2309 1016 2339 petitione
1030 2308 1181 2338 gratiarum

263 2353 342 2375 actio.
386 2352 468 2382 Quod
487 2350 632 2380 superest]
652 2346 791 2371 sari-atio.
826 2346 885 2374 Ago
905 2343 1019 2371 gratias.
1036 2354 1071 2359 —
1090 2343 1117 2365 lu
1134 2342 1182 2364 Ed.

265 2386 339 2410 1537.
358 2386 422 2409 haec
441 2386 539 2408 verba:
572 2382 702 2406 Narratio
729 2382 782 2403 etc.
801 2379 857 2404 cic.
882 2378 974 2401 verbis
993 2377 1073 2401 Addo
1095 2377 1183 2400 etiam

264 2420 337 2443 illud
356 2420 382 2442 iu
402 2419 526 2449 margine
544 2417 669 2447 apposita
688 2416 762 2438 sunt.

228 2462 276 2489 77)
297 2462 349 2485 Pro
374 2461 415 2484 his
443 2461 498 2485 Cic.
524 2460 616 2483 vei-his
642 2459 668 2481 in
692 2458 774 2481 Editt.
797 2456 888 2479 1555..
919 2454 991 2478 1560.
1017 2452 1077 2477 huie
1103 2454 1184 2476 notae

265 2497 385 2525 praefixa
403 2498 467 2527 §unt
484 2494 641 2524 sequentia:
667 2493 702 2517 Id
722 2494 748 2516 et
770 2491 885 2515 Luccio.

230 2539 276 2567 78)
298 2539 355 2562 noc
372 2539 558 2567 argumentum
577 2538 603 2560 et
623 2542 741 2566 sequeus
757 2533 877 2558 inEditt.
889 2531 975 2561 1556„
996 2529 1183 2554 1565—1596.

266 2573 448 2602 reperiuntur.

232 2616 280 2644 79)
305 2613 444 2641 Luc-eius]
464 2613 504 2637 sic.
523 2613 586 2635 uiae
605 2612 704 2639 Editt.;
729 2612 779 2636 Ed.
800 2610 886 2636 Orell.
905 2608 1058 2634 Lucceius.

233 2660 281 2687 230)
302 2658 354 2681 Pro
379 2657 421 2680 his
447 2656 503 2680 Cic.
528 2655 619 2679 verbis
644 2655 668 2678 in
696 2655 778 2679 Editt.
800 2654 892 2682 ¹545..
919 2651 994 2675 1560.
1018 2650 1079 2674 huic
1103 2651 1186 2673 notae

266 2693 389 2723 praefixa
406 2692 470 2715 sunt
489 2689 646 2720 sequentia:
673 2689 755 2719 Quod
773 2690 804 2712 ut
823 2688 930 2718 facias.

231 2737 278 2763 81)
299 2736 354 2759 Hoc
373 2734 561 2766 argumentum
580 2732 679 2755 habent
698 2731 780 2755 Editt.
799 2730 885 2761 1556„
906 2726 1098 2755 1565-1596.

1366 214 1545 250 Scholia
1574 216 1618 249 in
1645 215 1889 260 epistolam
1916 212 2038 247 XLIII.

1311 281 1340 328 §-
1368 285 1400 317 1.
1439 285 1513 317 Etsi
1535 283 1711 327 plurimis]
1745 281 2031 316 Commendatio.

1209 335 1320 369 dium.

1210 386 1344 420 tudine.

1314 435 1344 480 {-
1361 439 1397 471 2.
1426 437 1566 479 Oppium
1582 433 1703 483 iyitur]
1730 436 1872 470 Potitio.

2088 279 2200 313 Exor-

1373 334 1502 378 Captat
1522 335 1806 368 benevolentiam
1834 346 1874 367 ex
1902 332 2035 379 negotii
2063 331 2199 376 magni-

1507 512 1670 555 Argum
1684 519 1830 545 entum
1845 511 1904 558 s¹³).

1315 578 1393 612 Una
1414 585 1465 612 est
1489 580 1752 612 commendatio
1770 580 1806 612 in
1825 578 2052 624 sequentibus
2075 576 2203 621 episto-

1213 629 1254 663 lis
1285 631 1329 663 ad
1355 630 1517 670 Gallum,
1560 630 1597 662 in
1629 631 1757 675 quibus
1789 631 2014 662 commendat
2044 627 2204 672 Oppium

1213 680 1354 724 Egnatii
1371 687 1653 725 procuratorem.
1695 680 1891 712 Exordium
1911 680 2062 713 sumitur
2080 691 2099 711 a
2119 689 2205 723 qua-

1214 732 1296 762 dam
1316 729 1638 770 circumductione,
1667 743 1703 763 se
1721 731 1880 764 videlicet
1894 731 1984 764 bene
1999 741 2142 775 sperare
2161 729 2204 761 de

1215 781 1324 825 ipsius
1339 781 1600 815 benevolentia.
1653 781 1821 827 Sequitur
1838 782 2010 821 narratio,
2038 792 2128 826 quae
2143 778 2205 813 ha-

1215 833 1274 865 bet
1296 832 1642 865 commendationem
1668 845 1854 877 personae.
1907 833 2035 867 Postea
2060 831 2206 875 ponitur

1217 883 1339 928 petitio
1352 911 1361 923 ,
1389 890 1427 917 ut
1444 896 1524 916 eum
1541 883 1730 927 diligenter
1748 884 1904 917 adiuvet.

1465 959 1601 993 Aliud
1630 966 1956 1004 argumentum.

1319 1028 1515 1061 Exordium
1550 1026 1657 1062 habet
1689 1029 1806 1061 locum
1827 1026 2116 1067 benevolentiae,
2147 1028 2207 1059 ad-

1218 1079 1291 1111 dita
1318 1080 1503 1113 occasione
1531 1080 1766 1112 declarandae
1790 1079 1979 1113 amicitiae.
2041 1077 2208 1123 Sequitur

1220 1131 1391 1164 narratio.
1443 1130 1614 1175 Epilogus
1628 1129 1736 1164 habet
1752 1130 1974 1175 petitionem.

1372 1213 1559 1248 Scholia
1589 1214 1634 1247 in
1663 1214 1906 1258 epistolam
1936 1212 2057 1247 XLIV.

1324 1282 1354 1327 ἓ.
1374 1284 1406 1317 1.
1445 1286 1519 1317 Etsi
1542 1295 1589 1316 ex
1610 1280 1694 1329 mis]
1730 1282 1860 1315 Petitio
1887 1282 2034 1326 figurata
2061 1293 2213 1325 occupa·

1222 1333 1334 1366 tione:
1377 1335 1499 1377 l'xogo,
1539 1334 1680 1367 tametsi
1705 1346 1778 1366 non
1802 1339 1945 1377 rogatus
1971 1333 2091 1365 onmia
2116 1332 2212 1366 sacis.

1225 1387 1335 1419 Tanta
1351 1382 1514 1432 milzifflss
1544 1385 1649 1418 Ratio
1673 1384 2004 1418 commendationis.

1518 1460 1635 1500 Argu
1647 1459 1915 1499 montumffl).

1324 1524 1483 1569 Epistola
1512 1523 1666 1556 eiusdem
1701 1529 1751 1556 est
1784 1521 1983 1567 argumenti
2008 1533 2086 1553 cum
2111 1531 2213 1565 prae-

1225 1576 1374 1609 cedenti.
1453 1575 1603 1608 Exordii
1645 1575 1722 1607 loco
1760 1581 1810 1608 est
1852 1572 1965 1618 posita
2002 1571 2212 1616 propositio,

1227 1634 1348 1673 estque
1365 1628 1512 1671 figurata
1532 1626 1781 1670 occupatione:
1823 1625 1946 1668 Rogo,
1976 1622 2115 1656 tametsi
2132 1633 2211 1655 mea

1226 1692 1328 1730 cau-sa
1349 1679 1455 1711 etiam
1480 1690 1553 1710 non
1581 1683 1725 1721 rogatus
1747 1677 1867 1709 onmia
1893 1674 1988 1709 facis.
2047 1673 2215 1719 Sequitur

1227 1731 1338 1770 ratio,
1376 1741 1485 1775 quare
1502 1736 1573 1762 tam
1592 1729 1779 1771 diligenter
1796 1727 1955 1772 Oppium
1979 1726 2214 1758 commendet.

1227 1781 1265 1815 Iu
1283 1783 1351 1814 tine
1370 1787 1421 1814 est
1438 1779 1576 1825 petitio.

1391 1863 1578 1899 Scholia
1607 1864 1649 1897 in
1678 1862 1921 1907 epistolam
1949 1860 2055 1894 XLV.

1332 1945 1374 1976 L.
1393 1937 1556 1986 Eymctz'o]
1585 1936 1823 1982 Narratioffi).

1230 1992 1361 2038 71203⁶)]
1390 1991 1532 2025 I'etitio.

1900 1936 1961 1969 Sic
1981 1936 2069 1967 enim
2090 1937 2217 1968 existi-

1532 2056 1647 2099 Argu
1659 2061 1850 2087 mentum
1870 2054 1928 2100 S⁷).

1334 2125 1523 2164 Narratio,
1563 2134 1653 2168 quae
1684 2121 1840 2154 continet
1874 2121 2221 2154 commendationem

1233 2179 1361 2213 additis
1383 2177 1494 2210 causis
1516 2172 1846 2208 commendationis.
1899 2171 2107 2205 Karrationi
2124 2173 2222 2206 addi-

1234 2239 1290 2264 tur
1307 2229 1451 2274 petitio,
1478 2233 1517 2260 ut
1533 2224 1626 2259 hunc
1646 2224 1837 2256 liberaliter
1856 2223 2008 2256 adiuvet.

1267 2332 1314 2364 82)
1335 2333 1392 2355 Hoc
1410 2329 1599 2360 argumentum
1619 2329 1645 2351 et
1665 2331 1783 2356 sequens
1799 2325 1826 2349 iu
1841 2325 1923 2350 Editt.
1935 2324 2019 2356 1556„
2040 2324 2219 2350 1565-1596,

1303 2366 1463 2390 afferuntur.

1270 2410 1318 2438 83)
1337 2409 1389 2432 Pro
1409 2406 1450 2429 his
1465 2404 1520 2430 Cic.
1540 2403 1631 2427 vei-his
1651 2403 1677 2426 in
1692 2403 1776 2426 Editt.
1793 2402 1877 2432 1545.,
1898 2401 1971 2425 1560.
1992 2401 2051 2425 huic
2072 2403 2153 2426 notae
2170 2403 2219 2426 ad-

1305 2443 1434 2472 scriptum
1454 2441 1497 2463 est
1515 2444 1648 2468 sequeus:
1680 2438 1872 2468 Quapropter.

1270 2489 1319 2516 84)
1339 2487 1397 2510 noc
1414 2483 1602 2513 argumentum
1623 2481 1649 2504 iu
1668 2480 1750 2503 Editt.
1766 2480 1858 2510 1556„
1879 2478 2067 2503 1565—1596.
2086 2479 2185 2502 exstat.

1271 2533 1320 2559 85)
1341 2531 1415 2554 Haec
1436 2530 1502 2551 nota
1520 2527 1676 2556 etsequens
1691 2525 1716 2548 in
1731 2523 1913 2554 Editt.1537.‚
1934 2523 2018 2552 1540„
2039 2522 2124 2554 1545„
2146 2524 2219 2549 1560,

1307 2564 1499 2592 inveniuntur;
1525 2561 1552 2584 iu
1570 2561 1653 2584 Editt.
1674 2560 1765 2588 1544.,
1787 2560 1878 2589 1554..
1898 2558 1971 2582 1557.
1992 2557 2100 2580 desunt.

1271 2609 1319 2635 86)
1338 2608 1366 2631 ln
1386 2606 1468 2630 Editt.
1490 2605 1580 2631 15⁴5..
1602 2604 1674 2627 1560.
1694 2603 1754 2626 huic
1773 2603 1853 2626 notae
1872 2607 1920 2631 pro
1941 2599 1982 2623 his
1999 2600 2139 2630 adscripta
2158 2604 2221 2625 sunt

1306 2641 1450 2672 sequentia
1467 2639 1523 2664 Cic.
1544 2639 1642 2662 verba:
1669 2637 1858 2668 Quamobrem
1875 2636 1971 2660 etiam.

1272 2686 1321 2714 87)
1341 2686 1397 2708 Hoc
1409 2683 1599 2714 argumentum
1618 2683 1645 2706 et
1659 2686 1776 2711 sequens
1791 2679 1816 2704 in
1831 2678 1913 2704 Editt.
1931 2677 2017 2708 1556„
2033 2677 2098 2702 1565
2111 2690 2134 2695 -
2147 2678 2221 2703 ¹596.

1308 2721 1445 2751 leguntur.
