2351 2990
190 146 264 181 665
767 140 889 175 PHlL.
925 139 1038 175 MEL.
1071 138 1272 174 SCRIPTA
1298 138 1634 175 PHILOLOGICA.
2148 139 2223 176 664

194 227 408 266 Plutarchus
431 227 515 261 dicit
538 226 729 260 Menandri
758 225 894 259 fabulas
925 237 997 258 esse
1023 231 1118 259 ortas
1143 237 1183 259 ex

196 283 288 319 sale,
316 292 356 313 ex
374 292 444 325 quo
462 285 539 311 orta
559 279 600 311 sit
620 276 814 323 Venusae'),
840 274 908 308 hoc
931 282 1002 315 est,
1040 288 1081 309 ex
1103 288 1185 310 can-

196 334 279 367 dido
298 332 380 365 sale.
422 329 556 363 Alludit
573 329 615 360 ad
633 327 778 359 nomina
791 353 800 366 ,
829 326 910 372 quia
928 327 1019 360 sales
1035 327 1185 361 dicimus

198 390 344 417 venuste
363 382 468 415 dicta.
510 378 676 422 Episcopi
695 384 727 410 et
743 379 943 412 sacerdotes
953 377 1123 411 Graeciae
1140 380 1184 411 ad

194 436 350 470 tollenda
378 431 574 477 spectacula
599 435 870 473 suppresserunt
892 427 987 461 huuc
1009 430 1185 473 optimum

199 494 359 521 autorem
373 511 381 522 ,
418 490 451 516 et
473 482 566 526 quod
583 481 627 513 ad
646 478 736 512 hanc
755 492 829 512 rem
857 480 1000 519 attinet,
1036 481 1185 525 pessime

196 537 313 572 meriti
331 540 412 569 sunt
428 535 469 566 de
488 531 714 576 posteritate,
750 543 856 576 quam
882 531 1073 575 privarunt
1095 532 1186 576 opti-

198 602 257 623 mo
298 592 434 619 autore.
500 582 655 615 Fabulae
687 581 878 614 Menandri
911 588 993 615 sunt
1023 579 1187 628 μάθημα

198 638 259 675 καῖ
278 634 495 685 ἀγώνισμα,
525 631 593 666 11οε
611 639 679 672 est,
707 634 865 665 formant
881 645 1019 673 mores,
1047 640 1081 666 et
1104 646 1188 678 pro-

197 696 278 724 sunt
296 687 443 721 oratori.
496 681 775 730 Plutarchusssss).

302 746 332 791 §-
355 746 416 779 70.
457 741 706 790 ἐπιτρέποντες
720 741 797 790 ³⁷)]
838 743 874 775 id
907 749 978 782 est,
1018 742 1188 776 facientes

196 797 514 843 compromissum,
541 794 785 838 permittentes
806 806 881 827 rem
907 794 1060 827 arbitris.
1115 794 1190 828 ἑπι-

195 848 313 898 νιροπὴ
333 847 500 881 iudicium
520 846 599 878 tale.
668 843 939 892 Snizzvgpogfflss
968 845 1089 885 idest,
1118 845 1189 877 vir-

198 914 242 946 go
272 901 380 939 orba,
415 910 475 931 seu
501 897 628 935 vidua,
660 896 717 927 ein
741 895 930 939 Jungsraw
956 894 1189 939 heimgestor-

197 954 278 986 ben.
332 950 406 983 Lex
421 948 536 993 Moysi
555 946 621 979 suit
641 946 676 977 in
695 944 903 980 Atheniensi
920 947 1122 990 republica,
1150 953 1189 979 ut

197 1004 319 1036 videre
352 1007 402 1035 est
434 1000 470 1032 in
493 997 712 1032 Phormione
738 997 918 1030 Terentii:
962 997 1036 1030 Lex
1057 1004 1107 1031 est
1133 1009 1189 1030 or-

195 1053 316 1098 hae³⁹)
341 1059 405 1086 etc.
498 1046 795 1095 Ilypobolimaeus]
831 1048 866 1081 id
891 1055 960 1089 est,
993 1061 1083 1093 puer
1108 1060 1190 1093 sup—

196 1104 393 1151 positicius.

302 1161 332 1207 §.
349 1163 408 1196 73.
436 1156 644 1205 Historiam]
668 1157 843 1191 Iudicium
863 1159 904 1191 de
917 1158 1062 1192 Graecis
1079 1156 1190 1192 histo-

197 1216 272 1250 riis.
349 1209 508 1258 lustuns]
545 1211 580 1242 id
604 1216 674 1248 est,
712 1209 918 1243 concitatus.
980 1210 1106 1243 Dicere
1129 1221 1190 1243 au-

197 1274 287 1306 tem,
316 1265 411 1310 quod
431 1262 582 1295 maxime
599 1261 643 1292 ad
662 1260 886 1303 propositum
910 1261 1012 1301 facit,
1039 1262 1095 1293 vel
1112 1273 1190 1293 ver—

198 1317 269 1352 sari
289 1318 381 1349 intra
398 1313 580 1357 negotium
594 1337 603 1350 ‚
631 1311 687 1343 vel
708 1317 826 1355 petere
851 1311 1010 1354 iugulum
1023 1339 1032 1352 ,
1060 1318 1100 1345 ut
1118 1312 1190 1344 Pli-

198 1369 279 1402 nius
310 1367 430 1400 iunior
462 1363 547 1397 dicit
560 1362 626 1409 4⁰),
669 1368 720 1395 est
748 1374 830 1395 vere
862 1362 980 1395 Attica
1013 1359 1189 1407 δεινότης,

197 1420 402 1453 Herodotus
421 1422 471 1449 est
488 1413 744 1448 vetustissimus
760 1411 948 1446 historicus
968 1414 1062 1457 apud
1080 1413 1190 1447 Grae-

199 1484 257 1504 cos
275 1476 308 1502 et
322 1469 482 1501 Latinos.
534 1464 621 1498 Eius
640 1464 756 1495 oratio
774 1470 825 1496 est
839 1463 1045 1497 mollissima
1063 1470 1097 1497 et
1112 1477 1190 1497 sua-

197 1522 361 1559 vissima,
388 1525 421 1551 et
438 1516 545 1550 babet
569 1516 772 1547 intersertas
797 1515 997 1554 orationes,
1025 1515 1114 1548 sicut
1131 1514 1190 1546 Li—

198 1573 293 1609 xius;
320 1577 370 1604 est
388 1581 490 1608 vere,
516 1573 555 1599 ut
573 1578 636 1609 ego
655 1565 770 1598 dicere
788 1566 906 1606 soleo,
934 1566 1111 1598 Homerus
1135 1578 1190 1598 so-

197 1625 271 1657 luta
293 1621 466 1654 oratione.
520 1617 690 1662 Polybius
708 1623 758 1649 est
778 1616 925 1660 diligens
944 1617 980 1649 in
999 1618 1191 1650 observan-

199 1675 252 1708 dis
277 1671 516 1716 temporibus,
557 1675 589 1701 et
614 1668 754 1700 videtur
779 1668 928 1700 fideliter
950 1680 1119 1709 narrare,
1158 1674 1191 1700 et

197 1724 305 1759 habet
327 1722 482 1767 egregias
504 1718 756 1762 descriptiones
779 1724 1004 1762 temporum,
1038 1719 1105 1752 suit
1133 1731 1190 1751 co-

198 1789 272 1809 mes
289 1772 481 1818 superioris
498 1769 691 1813 Scipionis,
721 1782 826 1814 quem
844 1768 940 1803 haud
964 1770 1068 1803 dubie
1094 1782 1191 1813 egre-

199 1828 253 1871 gie
276 1823 468 1869 descripsit.
539 1822 605 1855 Sed
631 1818 778 1853 historia
804 1833 879 1853 non
902 1827 1016 1860 extat,
1050 1827 1189 1854 tantum

198 1880 397 1921 fragmenta
415 1873 605 1911 habemus,
638 1884 728 1916 quae
748 1871 902 1904 maxime
921 1872 1068 1915 legenda
1097 1878 1190 1906 sunt.

198 1928 367 1962 Philistus
401 1924 539 1969 scripsit
572 1935 670 1955 casus
704 1929 738 1955 et
772 1928 918 1956 eventus
954 1929 1190 1968 tyrannorum

200 1980 412 2014 Siculorum.
466 1975 579 2009 Huius
596 1973 719 2007 Cicero
738 1986 841 2018 saepe
859 1974 1077 2007 mentionem
1096 1975 1191 2008 facit.

202 2028 400 2065 Clitarchus
418 2027 539 2061 floruit
556 2032 716 2069 tempore
733 2024 903 2068 Augusti,
931 2032 965 2058 et
986 2026 1191 2059 interfectus

201 2089 251 2116 est
276 2095 294 2114 a
319 2080 478 2114 Tiberio.
544 2076 723 2120 Augustus
747 2076 835 2108 dixit
859 2088 930 2109 esse
960 2077 1191 2110 venenatissi-

200 2147 297 2166 mum
318 2131 519 2175 ingenium,
554 2134 587 2160 et
612 2127 847 2171 expostulavit
871 2139 948 2159 cum
966 2128 1091 2161 Asinio
1110 2128 1192 2161 Pol-

201 2185 317 2224 lione,
346 2183 443 2229 quod
467 2192 547 2213 eum
574 2179 668 2222 apud
695 2190 730 2211 se
755 2178 946 2219 retineret,
982 2191 1061 2212 cum
1088 2179 1192 2212 sciret

238 2319 286 2347 35)
307 2319 380 2342 Haec
399 2316 462 2340 dicit
481 2315 644 2339 Plutarchus
655 2314 680 2337 in
696 2314 900 2343 comparatione
915 2315 993 2338 modo
1008 2315 1119 2339 laudata
1133 2323 1155 2340 c.
1166 2318 1191 2340 4.

270 2353 313 2376 his
338 2352 448 2375 verbis:
480 2350 510 2372 αἱ
528 2345 698 2379 Μενάνδρου
722 2347 863 2380 κωμῳδίαι
882 2345 1020 2379 ἀφθόνων
1044 2347 1122 2373 ἇὶιῦν
1145 2348 1192 2374 καὶ

266 2386 348 2417 ἱερῶν
366 2385 545 2417 μεῐξχουσιν,
576 2381 664 2413 ὥςπερ
683 2381 710 2411 ἐξ
731 2381 834 2412 ἐκείνης
850 2380 1006 2415 γεγονότων
1025 2383 1069 2414 τῆς
1086 2382 1192 2409 θαλάτ-

271 2429 332 2449 της,
357 2420 385 2448 ἐξ
404 2419 442 2443 ὠν
458 2416 607 2451 Ἀφροδίτη
626 2417 749 2449 γέγονεν.

237 2463 288 2491 36)
307 2463 442 2487 Plutarch.
461 2463 480 2487 l.
499 2463 516 2486 1.
537 2468 560 2487 c,
573 2461 599 2484 3.

238 2506 288 2534 37)
307 2503 509 2536 ἐπιτρέποντες]
527 2504 613 2529 Editt.
633 2503 741 2534 spald„
762 2503 888 2527 Frotscii.
907 2503 1123 2534 Epitrepontes.

239 2549 288 2577 38)
308 2546 465 2579 ἐπίκληρος]
487 2548 570 2571 Editt.
590 2547 697 2577 Spatd„
716 2547 841 2570 Frotsch.
862 2547 1022 2577 Epicleros.

237 2590 286 2618 39)
305 2591 363 2614 Lex
382 2592 425 2613 est
444 2590 540 2616 orbae]
567 2589 608 2611 sic
632 2589 679 2612 Ed.
701 2587 774 2612 1570.
806 2590 936 2617 corrupte
959 2593 1024 2618 pro:
1057 2588 1115 2612 Lex
1141 2589 1192 2619 est,

271 2626 301 2647 ut
328 2625 419 2648 orbae.
470 2623 563 2646 Verba
589 2622 660 2645 enim
685 2622 807 2646 Terentii
837 2622 947 2647 Phorm.
966 2622 988 2654 1,
1006 2622 1033 2653 2,
1053 2622 1094 2647 75.
1129 2624 1193 2647 sunt

269 2659 352 2682 haec:

357 2692 416 2716 Lex
435 2692 493 2721 est,
519 2692 548 2714 ut
567 2690 666 2721 orbae,
692 2689 735 2720 qui
755 2689 811 2714 sint
829 2696 933 2721 genere
951 2690 1085 2720 proxumi.

240 2735 288 2764 40)
306 2734 375 2760 Plin.
394 2735 481 2764 Epist.
501 2733 522 2765 1,
541 2733 585 2763 20,
605 2732 645 2755 14.

1239 238 1318 259 eum
1337 225 1404 260 sibi
1421 225 1596 259 insensum
1614 237 1699 259 esse.
1751 223 1916 258 Fortasse
1934 224 2073 269 scripsit
2094 225 2228 272 aliquid

1238 277 1280 309 de
1299 277 1480 319 Augusto,
1508 277 1603 322 quod
1622 276 1771 308 offendit
1793 288 1886 310 eum.

1342 325 1373 370 ἓ.
1390 325 1449 361 75.
1479 325 1696 374 Timagenes]
1725 327 1855 360 scilicet
1871 338 1975 372 quem
1994 325 2160 361 Tiberius
2176 326 2230 360 in—

1239 378 1386 412 terfecit.
1421 375 1586 423 δεινότης
1602 379 1742 418 dicitur,
1765 379 1826 424 qui
1844 378 1903 411 illa
1922 377 2018 417 dicit,
2047 390 2137 423 quae
2153 378 2230 422 plu-

1239 429 1370 462 rimum
1389 429 1426 461 in
1444 441 1547 461 causa
1567 430 1705 470 valent,
1732 436 1765 462 et
1782 435 1864 463 sunt
1887 429 2048 473 apposita
2074 430 2118 462 ad
2140 440 2229 462 rem.

1239 480 1338 513 Talis
1360 485 1411 513 est
1426 477 1685 521 Demothenes,
1720 493 1784 514 nec
1808 480 2041 524 extemporali
2068 480 2230 513 oratione

1239 531 1338 564 dixit.

1343 580 1374 625 ξ.
1391 580 1452 614 76.
1479 578 1624 628 Modus]
1654 581 1784 614 scilicet
1800 581 2031 626 parsimonia.

1345 631 1376 677 ἓ.
1395 632 1455 665 77.
1482 634 1603 666 Minus
1626 631 1845 679 lacertorum]
1881 633 2013 667 scilicet
2033 633 2150 665 minus
2175 642 2231 664 re-

1241 695 1342 723 rum,
1368 689 1402 716 et
1421 682 1605 727 aliquanto
1623 683 1702 726 plus
1726 683 1905 717 inutilium
1925 689 2231 717 ornamentorum.

1241 733 1431 774 Lacertos,
1475 733 1571 777 ipsos
1595 746 1744 774 nervos,
1784 741 1991 778 argumenta
2018 732 2230 779 principalia

1242 797 1385 823 causae;
1421 791 1519 818 toros
1546 791 1755 817 ornamenta
1782 785 1922 818 vocavit
1946 797 2065 829 supra.
2122 784 2230 818 Nullo

1241 838 1350 869 modo
1369 842 1486 880 potest
1502 835 1655 868 conferri
1671 834 1862 870 Aeschines
1880 837 1924 869 ad
1940 833 2232 869 Demosthenem.

1242 886 1366 932 Lysias
1385 893 1436 920 est
1453 887 1599 932 quidam
1625 887 1726 932 quasi
1741 887 1932 921 Terentius
1955 887 2048 920 inter
2072 891 2233 919 oratores

1243 939 1297 971 sui
1331 938 1480 982 generis.
1545 937 1608 971 Est
1639 938 1696 971 ille
1722 937 1865 983 Lysias,
1908 938 2006 971 cuius
2031 936 2167 970 mentio
2194 937 2234 969 fit

1243 991 1337 1033 apud
1353 989 1554 1022 Platonem.
1616 988 1701 1021 Tria
1719 990 1823 1022 debet
1840 995 1963 1022 orator
1981 989 2134 1022 efficere:
2170 987 2234 1020 do-

1243 1052 1342 1081 cere,
1371 1041 1564 1079 delectare,
1592 1051 1748 1073 movere.

1345 1089 1375 1134 §.
1395 1090 1454 1124 79.
1480 1093 1523 1124 1η
1546 1088 1696 1137 diverso]
1725 1090 1857 1123 scilicet
1881 1089 2057 1123 uberiore.
2109 1088 2233 1133 Oppo-

1242 1142 1297 1174 nit
1323 1140 1513 1174 Isocratem
1541 1140 1667 1185 Lysiae
1697 1147 1731 1173 et
1758 1141 1903 1174 caeteris
1928 1140 2037 1184 ipsius
2061 1139 2232 1183 temporis

1244 1192 1458 1226 oratoribus.
1511 1190 1674 1225 Isocratis
1693 1192 1808 1224 oratio
1827 1197 1877 1225 est
1893 1191 2085 1236 periodica.
2163 1192 2233 1223 Pa-

1243 1241 1406 1290 laestrae]
1425 1243 1557 1277 scilicet
1573 1240 1725 1276 scholae.
1768 1243 1887 1276 Seriae
1906 1254 2031 1276 causae
2045 1241 2235 1287 requirunt

1242 1295 1441 1326 libertatem
1462 1294 1641 1338 quandam
1663 1294 1698 1325 in
1717 1293 2015 1326 contentionibus.
2077 1292 2233 1337 Quando

1243 1345 1372 1377 debent
1405 1357 1477 1378 esse
1508 1344 1687 1378 vibrantes
1712 1350 1745 1376 et
1767 1344 2002 1388 percutientes
2026 1342 2234 1382 sententiae,

1243 1408 1381 1429 necesse
1403 1402 1453 1429 est
1473 1395 1672 1428 orationem
1692 1407 1763 1428 esse
1780 1395 2003 1434 liberiorem,
2029 1401 2063 1427 et
2080 1395 2235 1428 solutam

1243 1446 1404 1480 vinculis.
1457 1445 1611 1478 Exordia
1632 1446 1666 1477 in
1680 1446 1849 1478 Cicerone
1868 1451 1950 1478 sunt
1965 1445 2175 1490 composita,
2201 1449 2236 1477 et

1243 1503 1379 1530 narrat.
1435 1499 1577 1530 Honesti
1591 1494 1778 1543 studiosus]
1803 1496 1934 1530 scilicet
1950 1503 2000 1529 est
2016 1497 2140 1540 plenus
2157 1508 2236 1529 sen-

1244 1548 1435 1581 tentiarum
1460 1547 1697 1591 optImarum,
1726 1548 1847 1593 quales
1870 1547 2097 1591 disputantur
2120 1546 2234 1581 theses

1245 1599 1280 1631 in
1304 1597 1444 1633 scholis.
1506 1599 1619 1643 Saepe
1642 1604 1771 1631 tractat
1798 1596 1892 1631 hune
1914 1599 2049 1632 locum:
2083 1597 2234 1633 Etiamsi

1244 1649 1401 1684 honestis
1430 1649 1516 1683 viris
1548 1650 1640 1683 male
1672 1650 1735 1690 sit,
1778 1656 1811 1682 et
1841 1650 1943 1683 malis
1973 1662 2028 1684 res
2059 1650 2234 1685 secundae

1244 1702 1375 1741 fluant,
1415 1707 1535 1734 tamen
1562 1714 1637 1734 non
1670 1701 1920 1735 discedendum
1952 1713 2024 1735 esse
2050 1714 2069 1735 a
2099 1701 2235 1746 regula,

1245 1753 1327 1798 quia
1343 1759 1471 1785 natura
1490 1753 1593 1785 debet
1609 1759 1702 1786 recte
1719 1759 1753 1785 et
1770 1750 1916 1785 honeste
1932 1753 2065 1794 facere,
2101 1759 2136 1786 et
2158 1752 2236 1786 fieri

1244 1816 1318 1837 non
1342 1816 1464 1847 posse,
1503 1804 1589 1849 quin
1614 1817 1669 1837 res
1699 1810 1842 1837 nostrae
1877 1804 2102 1838 secundiores
2134 1804 2234 1844 fiant,

1245 1868 1323 1889 cum
1346 1867 1449 1898 saepe
1476 1861 1569 1888 recte
1592 1855 1760 1895 facimus,
1788 1866 1903 1900 neque
1927 1855 2235 1895 committendum,

1245 1913 1285 1940 ut
1299 1906 1390 1939 male
1406 1906 1568 1939 faciendo
1588 1906 1690 1940 nobis
1708 1906 1792 1950 ipsis
1810 1906 1900 1937 mala
1919 1917 2151 1941 accersamus.

1349 1955 1379 2000 ἓ.
1399 1957 1458 1990 80.
1486 1955 1694 2004 Inclinasse]
1722 1957 1853 1990 scilicet
1869 1956 2053 2002 aliquanto
2070 1958 2149 2001 plus
2173 1958 2235 1990 ad-

1245 2008 1335 2041 didit
1351 2008 1557 2042 deliciarum
1570 2035 1579 2049 ‚
1607 2009 1695 2042 sicut
1711 2015 1761 2042 est
1776 2008 1812 2040 in
1829 2008 1991 2041 oratione
2001 2007 2140 2042 Erasmi
2155 2009 2234 2053 plus

1245 2059 1471 2100 deliciarum,
1513 2072 1619 2105 quam
1656 2059 1694 2091 in
1729 2058 1911 2103 superiore
1946 2059 2076 2094 seculo.
2144 2060 2235 2094 Sunt

1246 2111 1356 2144 multa
1374 2111 1411 2143 in
1429 2123 1470 2144 eo
1489 2110 1654 2144 accersita
1674 2116 1905 2150 ornamenta,
1933 2117 2068 2144 veteres
2091 2111 2232 2155 parcius

1246 2162 1434 2195 ornabant.

1349 2212 1379 2257 ξ.
1398 2214 1457 2247 81.
1501 2213 1583 2254 Quis
1604 2213 1730 2246 dubitet
1753 2209 1946 2259 Platonem]
1987 2212 2115 2246 Graeci
2137 2219 2232 2246 recte

1245 2264 1429 2305 dixerunt,
1456 2262 1574 2296 Iovem
1592 2263 1696 2296 fuisse
1714 2275 1859 2296 usurum
1876 2263 2036 2297 Platonis
2056 2263 2232 2305 oratione,

1245 2316 1273 2348 si
1297 2316 1340 2348 de
1363 2315 1492 2348 divinis
1516 2314 1621 2347 rebus
1645 2314 1778 2347 Graeca
1803 2314 1964 2347 oratione
1988 2314 2156 2348 voluisset
2180 2314 2233 2348 di-

1246 2378 1343 2405 cere,
1378 2368 1437 2400 sed
1463 2366 1544 2411 quia
1571 2377 1645 2398 non
1670 2372 1720 2400 est
1744 2363 1985 2405 methodium,
2018 2377 2092 2398 non
2115 2372 2231 2410 potest

1246 2417 1356 2450 multa
1374 2419 1500 2450 docere
1522 2417 1702 2451 lectorem.
1756 2416 1879 2450 Cicero
1904 2422 2008 2449 vocat
2031 2417 2229 2450 orationem

1245 2468 1444 2502 Aristotelis
1462 2469 1593 2501 flumen
1616 2465 1747 2502 vehens
1771 2480 1896 2501 aurum
1910 2467 1968 2515 41).
2022 2467 2128 2512 Quod
2150 2467 2229 2501 ideo

1245 2525 1332 2564 puto
1353 2531 1432 2553 eum
1451 2519 1590 2560 secisse,
1617 2532 1690 2553 non
1712 2525 1859 2563 propter
1881 2519 2019 2563 copiam
2045 2518 2230 2560 orationis,

1247 2571 1329 2616 quia
1348 2577 1398 2604 est
1413 2571 1528 2605 tenuis
1547 2577 1580 2604 et
1598 2571 1713 2611 exilis,
1747 2571 1807 2604 sed
1829 2570 1911 2616 quia
1933 2567 2038 2603 habet
2058 2569 2230 2613 plurimas

1279 2695 1327 2727 41)
1347 2696 1402 2720 Cic.
1421 2696 1547 2719 Academ.
1571 2694 1658 2725 prior.
1677 2695 1710 2726 11,
1730 2695 1774 2726 38,
1794 2694 1869 2718 1¹9.:
1901 2693 2009 2725 veniet,
2041 2694 2137 2718 flumen
2161 2699 2227 2719 ora-

1315 2730 1399 2755 tionis
1417 2735 1529 2755 aureum
1546 2730 1680 2761 fundens,
1707 2728 1884 2753 Aristoteles.
