2294 2975
157 110 233 148 297
293 108 413 145 XXIII.
446 104 755 142 ARGUMENTA
781 104 845 138 ET
873 102 1077 138 SCHOLIA
1103 101 1151 137 IN
1178 100 1326 137 EPIST.
1354 101 1467 138 FAM.
1497 101 1581 138 CIC.
1606 102 1765 139 LIB.IX.
1794 104 1865 139 ΕΡ.
1879 105 2076 140 7.8.9.10.
2130 105 2207 141 298

158 204 321 241 tempore
347 196 448 241 sequi
476 192 710 238 Pompeium,
745 203 785 224 ac
809 204 844 225 se
869 190 1012 224 interim
1042 190 1076 223 in
1103 196 1155 223 tu-

158 255 234 281 tum
253 249 407 294 aliquem
426 247 544 279 locum
571 243 739 288 recipiat,
776 243 890 275 donec
918 248 1156 286 componatur

156 300 302 333 bellum.
354 299 469 331 Porro
494 294 560 329 hae
586 295 725 328 litterae
750 294 902 338 scriptae
929 294 1095 327 ridentur
1116 306 1156 326 ex

158 351 281 384 castris
309 348 468 383 Czwiesuis
499 348 544 380 ad
568 344 792 380 Phaisaliam
825 351 907 378 ante
940 345 1155 385 conflictum,

158 415 229 448 quo
247 401 439 445 Pompeius
456 399 566 432 victus
584 405 645 432 cst.
698 396 804 430 Initio
823 397 995 441 proponit
1011 397 1153 429 brexem

157 466 192 485 n:
195 466 251 485 ur.
248 453 422 509 ationem,
467 450 503 482 in
533 461 602 495 qua
636 454 761 481 monet
791 449 833 481 de
858 448 971 481 salute
996 447 1151 481 familiae

157 503 349 538 Ciceronis.
416 501 554 533 Deinde
583 506 701 544 czznptit
729 500 1016 532 benexolentiam
1042 512 1060 531 ιι
1088 511 1150 532 sua

157 555 352 594 voluntate,
381 559 415 586 et
430 552 496 585 sibi
513 553 617 585 fidem
635 552 731 591 facit,
756 563 799 584 ne
817 550 980 584 videatur
998 550 1049 583 illi
1066 551 1150 582 dare

156 605 342 639 consilium
361 604 472 647 magis
492 603 647 647 partium
665 614 766 635 causa
780 629 789 642 ,
817 614 924 647 quain
949 609 988 635 ut
1004 602 1078 646 ipse
1096 600 1151 634 Ci-

155 668 236 689 cero
253 656 370 690 salvus
389 655 445 689 sit.
499 654 666 700 Sequitur
686 653 866 694 narratio,
900 653 936 685 in
959 666 1027 699 qua
1055 651 1151 685 colli-

154 708 205 752 git
231 712 461 751 argumenta,
506 706 634 752 quibus
669 705 841 745 ostendit,
883 704 969 750 quid
1001 703 1150 748 periculi

154 757 302 792 haberet
320 756 493 803 profectio
509 758 554 790 ad
573 756 800 801 Pompeium.
862 754 1072 789 Narrationi
1091 755 1151 786 ad-

154 810 228 844 dita
247 816 298 844 est
312 808 512 854 propositio
529 808 584 842 sui
606 807 764 847 consilii,
797 819 841 839 ne
868 818 977 850 porro
1003 805 1150 838 coniun-

155 868 214 905 gat
229 874 265 895 se
285 874 362 894 cum
382 859 556 904 Pompeio
569 885 578 899 ,
604 871 720 904 neque
736 870 772 891 se
790 858 834 890 ad
852 857 952 890 illum
978 858 1149 890 conserat.

155 912 346 946 Conclusio
366 909 472 945 habet
490 909 780 943 adhortationem
793 935 802 949 ,
829 914 869 941 ut
891 908 928 942 in
952 909 1070 941 locum
1087 908 1150 940 ali-

154 976 260 1009 quem
282 970 397 997 tutum
413 975 448 996 se
464 961 632 1006 recipiat,
659 967 692 993 et
714 960 819 994 simul
836 960 1040 994 consolatur
1055 972 1149 993 sum-

153 1021 216 1059 pto
235 1020 447 1059 argumento
466 1013 509 1046 ab
528 1011 750 1046 humanitate
770 1011 942 1046 Caesaris.

398 1098 539 1132 Aliud
569 1103 907 1142 argumentum.

256 1166 416 1211 Epistola
435 1166 643 1199 Dolabellae
661 1171 807 1198 venusta
827 1171 861 1198 ct
879 1164 1032 1208 elegans,
1067 1161 1150 1197 scri-

154 1225 214 1263 pta
241 1218 383 1251 videtur
407 1224 488 1250 ante
513 1217 716 1250 conflictum
740 1214 967 1249 Pliarsalicae
998 1226 1150 1259 pugnae,

154 1282 234 1303 cum
259 1271 420 1302 nondum
446 1268 594 1301 omnino
628 1268 719 1300 vires
743 1266 907 1311 Pompeii
937 1267 1069 1299 fractae
1100 1277 1150 1298 es-

154 1326 251 1361 sent,
293 1320 355 1365 qui
388 1325 508 1352 tamen
539 1319 638 1352 brevi
662 1325 823 1363 tempore
848 1324 928 1362 post
950 1317 1063 1349 victus
1088 1322 1150 1349 est.

152 1372 216 1406 Est
240 1378 359 1405 autem
385 1376 459 1403 tota
487 1370 644 1404 suasoria
660 1396 669 1410 ‚
703 1370 739 1402 in
765 1381 833 1414 qua
857 1374 998 1408 monet,
1030 1374 1069 1400 ut
1091 1368 1150 1400 de-

153 1423 246 1457 sinat
264 1422 364 1467 sequi
379 1421 614 1466 Pompeium,
648 1433 755 1466 seque
772 1420 915 1453 interim
941 1419 1090 1463 recipiat
1114 1418 1151 1450 in

154 1474 271 1507 locum
305 1473 460 1519 aliquem
498 1478 635 1511 tutum,
677 1473 791 1504 donec
817 1472 983 1506 silescant
1004 1469 1151 1503 maximi

152 1525 235 1557 belli
258 1530 388 1557 motus.
453 1523 637 1567 Principio
665 1523 813 1568 ponitur
842 1522 960 1556 brevis
989 1521 1151 1554 narratio

153 1581 236 1621 post
263 1575 515 1608 salutationem
551 1576 595 1608 de
628 1575 741 1608 salute
775 1574 931 1607 familiae
959 1572 1151 1607 Ciceronis.

154 1627 293 1661 Deinde
319 1632 370 1660 est
392 1626 547 1670 captatio
578 1625 850 1659 benevolentiae
875 1626 918 1658 de
939 1637 1003 1658 suo
1028 1624 1150 1656 animo

155 1691 195 1712 ac
216 1677 421 1716 voluntate,
449 1688 605 1720 purgans
623 1677 883 1721 suspicionem,
917 1688 962 1709 ne
987 1675 1151 1708 videatur

152 1731 239 1763 dare
271 1727 459 1761 consilium
483 1727 595 1771 magis
619 1728 775 1771 partium
804 1739 930 1767 causa,
974 1739 1082 1772 quam
1112 1732 1152 1759 ut

153 1781 223 1827 ipsi
250 1778 415 1812 Ciceroni
447 1779 537 1811 bene
571 1779 702 1823 cupiat.
775 1778 944 1823 Sequitur
975 1778 1150 1817 narratio,

154 1844 246 1879 quae
264 1830 423 1864 continet
439 1835 648 1872 argumenta
667 1829 919 1874 profectionis,
947 1835 981 1861 et
994 1829 1150 1863 mansio-

152 1885 209 1918 nis
230 1882 451 1928 periculosae
468 1882 563 1925 apud
578 1880 804 1925 Pompeium.
843 1880 1053 1914 Narrationi
1069 1881 1150 1914 sub-

152 1935 273 1969 iicitur
287 1932 486 1979 propositio
503 1932 662 1972 consilii,
690 1944 735 1965 ne
752 1932 911 1965 conserat
926 1943 962 1964 se
981 1932 1026 1964 ad
1041 1931 1149 1965 Pom-

153 1987 293 2032 peium,
326 1985 388 2018 sed
411 1982 479 2017 hoc
503 1990 666 2028 tempore
691 1984 736 2016 ab
759 1996 800 2016 eo
824 1982 1029 2027 longissime
1055 1995 1150 2016 rece-

153 2040 227 2072 dat.
280 2035 469 2070 Conclusio
488 2033 595 2069 habet
613 2042 683 2069 tres
700 2034 815 2068 locos:
845 2033 1148 2074 adhortationem,

151 2095 193 2123 ut
209 2100 244 2122 se
260 2087 409 2131 recipiat
425 2086 462 2119 in
486 2087 603 2120 locum
629 2092 763 2125 tutum;
800 2086 1081 2120 consolationem
1105 2086 1147 2118 (le

151 2139 374 2175 humanitate
394 2137 572 2179 Caesaris,
601 2150 619 2171 a
643 2150 715 2184 quo
739 2138 883 2171 nemine
905 2137 1011 2171 etiam
1039 2137 1147 2170 inter—

154 2192 298 2226 cedente
325 2189 467 2222 veniam
494 2189 686 2234 impetrare
710 2189 840 2234 possit,
867 2195 900 2222 et
924 2186 1146 2222 adhortatio-

152 2255 234 2278 nem
252 2245 418 2281 brevem,
445 2246 485 2275 ut
501 2253 608 2287 quam
625 2241 783 2287 primum
799 2240 982 2275 rescribat.

393 2323 536 2359 Aliud
568 2332 901 2371 argumentum.

253 2392 379 2427 Brevis
395 2393 557 2427 narratio
572 2394 615 2428 de
632 2394 835 2429 valetudine
851 2392 972 2428 uxoris
996 2398 1030 2426 et
1051 2392 1144 2427 filiae

152 2445 347 2482 Ciceronis.
415 2444 583 2490 Sequitur
609 2444 835 2486 adhortatio,
869 2453 910 2480 ut
933 2444 1063 2479 relicti5
1088 2457 1143 2478 ca-

151 2498 233 2534 stris
249 2495 413 2541 Pompeii
430 2508 464 2530 se
481 2496 550 2529 alio
567 2498 736 2532 conferat.
789 2498 906 2531 Porro
924 2495 1140 2541 principium

149 2548 411 2585 adhortationis
426 2545 534 2581 habet
550 2547 826 2583 insinuationem
849 2550 892 2583 de
915 2547 1032 2581 officio
1054 2547 1141 2581 boni

149 2600 374 2637 consultoris.
433 2599 605 2633 Rationes
627 2606 764 2641 autem,
801 2612 912 2647 quare
935 2597 1004 2633 hoc
1026 2599 1140 2632 facere

149 2654 294 2693 debeat,
320 2657 483 2695 sumptae
500 2657 583 2684 sunt
601 2662 620 2683 a
643 2652 821 2696 praesenti
843 2657 938 2686 statu
955 2650 1138 2695 Pompeii:

148 2704 241 2752 Quia
260 2703 308 2737 ita
324 2702 436 2736 victus
455 2708 521 2743 est,
546 2708 586 2736 ut
602 2703 700 2736 nulla
718 2702 888 2737 victoriae
907 2714 986 2748 spes
1000 2702 1136 2748 reliqua

1209 188 1264 222 sit.
1318 188 1357 222 In
1379 189 1447 223 fine
1465 202 1528 234 per
1549 190 1819 235 occupationem
1845 191 1993 236 ponitur
2019 203 2206 236 argumen-

1209 247 1284 273 tum
1303 241 1346 274 de
1363 238 1586 275 humanitate
1605 241 1778 276 Caesaris.

1344 325 1673 370 Argumentum
1710 326 1936 372 epistolae
1965 327 2075 372 X.⁶¹).

1311 402 1406 435 Haec
1429 403 1577 447 epistola
1597 404 1740 437 videtur
1755 404 1884 449 scripta
1913 416 1985 437 esse
2009 409 2090 436 ante
2114 404 2205 437 bella

1206 452 1343 493 civilia,
1371 460 1404 486 et
1425 455 1583 488 continet
1606 455 1832 489 narrationes
1857 456 2029 500 quasdam
2057 454 2206 489 iocosas.

1205 504 1273 537 Sed
1296 505 1489 548 praecipua
1516 507 1677 539 narratio
1703 505 1789 540 haec
1812 512 1882 546 est,
1917 507 1953 539 in
1976 518 2045 551 qua
2068 505 2207 538 iocatur

1205 568 1284 588 cum
1301 555 1508 596 Dolabella,
1545 563 1579 589 et
1598 565 1740 598 narrat,
1775 559 1871 604 quod
1896 557 1941 591 sit
1965 557 2099 590 arbiter
2123 569 2205 589 con—

1204 607 1402 653 stitutusffl)
1430 607 1612 641 cuiusdam
1640 609 1711 642 litis
1736 608 1964 653 pecuniariae
1988 620 2208 653 componen-

1204 659 1270 690 dae
1289 657 1382 691 inter
1403 659 1548 692 amicos.
1602 659 1790 693 Conclusio
1810 658 1918 692 babet
1943 659 2202 693 correctionem

1204 721 1265 742 seu
1285 709 1560 749 excusationem,
1589 712 1684 755 quod
1704 711 1849 744 liberius
1867 712 2002 744 iocatus
2020 711 2064 745 sit
2082 711 2119 743 in
2135 708 2203 743 hoc

1203 759 1357 804 scripto,
1395 767 1428 794 et
1452 761 1557 794 simul
1583 768 1705 795 monet
1731 763 1773 794 de
1798 768 1914 794 morte
1931 762 2068 806 Syllae,
2104 762 2203 795 cuius

1205 811 1353 844 omnino
1397 812 1548 844 extincta
1591 812 1636 845 sit
1672 813 1848 845 memoria
1886 814 1981 856 apud
2016 814 2204 857 populum.

1203 861 1290 895 Item
1305 863 1462 896 breviter
1478 863 1673 907 siguificat,
1702 865 1799 910 quod
1818 861 2049 897 veliementer
2068 870 2201 897 metuat

1205 914 1406 948 Caesarem.

1442 989 1578 1024 Aliud
1607 997 1939 1035 argumentum.

1305 1057 1419 1091 Huius
1437 1058 1606 1102 epistolae
1626 1059 1697 1092 duo
1720 1065 1802 1092 sunt
1828 1065 2051 1103 argumenta.
2106 1058 2201 1091 Alte-

1203 1122 1282 1143 rum
1306 1110 1412 1154 plane
1436 1109 1594 1142 iocosum
1620 1111 1663 1143 de
1689 1112 1846 1156 quodam
1872 1111 2024 1150 iudicio,
2067 1122 2129 1143 seu
2159 1110 2201 1142 de

1204 1160 1432 1194 contentione
1448 1161 1689 1195 interNiciam
1707 1162 1981 1206 grammaticum
2000 1161 2202 1200 etVidium,

1204 1213 1265 1258 qui
1284 1212 1376 1245 inter
1395 1224 1430 1245 se
1449 1213 1712 1245 contendebant
1730 1214 1773 1246 de
1791 1225 1828 1246 re
1847 1225 1921 1245 non
1945 1225 2087 1257 magna.
2140 1212 2201 1244 Al-

1204 1270 1319 1297 terum
1343 1269 1393 1296 est
1418 1264 1460 1295 de
1482 1263 1631 1297 Caesare
1653 1264 1768 1308 potito
1794 1264 1965 1305 victoria,
1999 1271 2033 1298 et
2059 1269 2201 1308 gerente

1204 1314 1274 1347 iam
1301 1314 1432 1347 bellum
1463 1314 1501 1346 in
1534 1315 1706 1359 Hispania
1741 1322 1864 1348 contra
1898 1315 1989 1349 filios
2021 1314 2199 1359 Pompeii.

1202 1365 1386 1409 Principio
1404 1366 1685 1409 praemittuntur
1701 1367 1826 1400 breves
1843 1367 2087 1406 narrationes,
2123 1365 2200 1411 qui-

1203 1418 1267 1450 bus
1287 1417 1472 1450 subiicitur
1493 1417 1582 1450 iusta
1604 1419 1787 1457 narratio,
1816 1419 2010 1451 admodum
2030 1417 2147 1462 lepida
2168 1423 2202 1450 et

1205 1466 1328 1502 hilaris
1345 1469 1387 1501 de
1409 1468 1539 1501 iudicio
1558 1481 1631 1501 non
1656 1470 1850 1502 admodum
1875 1481 2026 1513 magno,
2064 1475 2098 1502 et
2121 1480 2203 1501 vere

1205 1520 1368 1553 ridIculo.
1429 1519 1557 1552 Postea
1577 1527 1627 1553 est
1645 1521 1817 1553 correctio
1841 1519 1945 1554 huius
1963 1520 2103 1554 iocosae
2120 1532 2203 1553 nar-

1204 1571 1374 1611 rationis,
1399 1583 1468 1615 qua
1487 1571 1615 1604 transit
1631 1572 1674 1604 ad
1694 1573 1842 1605 alteram
1870 1573 2137 1612 narrationem,
2165 1571 2201 1603 in

1205 1634 1274 1668 qua
1294 1628 1417 1655 monet
1434 1622 1606 1662 brexiter,
1635 1623 1719 1668 quid
1739 1623 1893 1668 populus
1909 1623 2040 1656 iudicet
2061 1629 2122 1656 aut
2143 1635 2201 1654 cu-

1204 1680 1257 1707 ret
1275 1679 1418 1706 mortuo
1437 1674 1555 1718 Sflla,
1588 1680 1622 1706 et
1645 1675 1730 1720 quid
1753 1675 1826 1720 ipse
1853 1672 1920 1708 hoc
1944 1680 2104 1743 tempore
2128 1685 2201 1706 me-

1204 1732 1241 1759 tu
1245 1731 1280 1758 at
1296 1726 1337 1758 de
1356 1723 1391 1758 1ιι
1393 1731 1455 1759 usta
1475 1724 1512 1758 Cz
1515 1737 1574 1759 nes
1566 1725 1647 1760 ιι·ἰ5.

1452 1810 1589 1844 Aliud
1618 1822 1771 1855 argum
1787 1817 1952 1845 entum.

1305 1877 1502 1911 Exordium
1526 1879 1570 1911 ab
1597 1878 1794 1912 occasione.
1853 1877 2023 1912 Narratio
2050 1884 2125 1911 tota
2150 1885 2200 1912 est

1203 1928 1339 1968 iocosa;
1385 1929 1545 1962 continet
1569 1929 1664 1962 enim
1690 1930 1878 1962 ridiculam
1904 1930 2199 1970 controversiam,

1204 1980 1303 2013 cuius
1320 1980 1394 2024 ipse
1406 1981 1518 2013 factus
1535 1980 1580 2014 sit
1598 1980 1713 2014 iudex.
1767 1980 1852 2012 Vice
1868 1980 1999 2024 epilogi
2016 1986 2067 2013 est
2081 1993 2200 2025 repre-

1202 2028 1347 2071 hensio,
1388 2031 1461 2065 sive
1492 2031 1666 2064 correctio
1702 2031 1854 2064 instituti
1879 2030 1967 2071 ioci,
2009 2038 2198 2075 propterea

1202 2084 1297 2128 quod
1317 2082 1491 2115 incertum
1510 2082 1572 2122 sit,
1600 2094 1646 2114 an
1658 2082 1844 2115 Dolabella
1863 2082 1957 2115 laeto
1973 2083 2029 2114 vel
2046 2083 2197 2116 sollicito

1200 2134 1245 2167 sit
1260 2134 1394 2168 animo.
1447 2132 1487 2166 In
1503 2135 1571 2166 fine
1588 2133 1733 2167 additur
1749 2134 1792 2166 de
1809 2140 1925 2166 morte
1941 2133 2070 2178 Syllae.

1419 2216 1559 2252 Aliud
1587 2224 1899 2263 argumentum
1918 2217 1977 2264 ⁶3).

1301 2286 1423 2321 Prima
1440 2287 1602 2321 narratio
1627 2293 1679 2321 est
1700 2288 1743 2320 de
1765 2287 1912 2320 ridicula
1940 2286 2095 2332 quadam
2122 2286 2192 2321 dis-

1199 2338 1398 2383 ceptatione
1414 2339 1508 2372 inter
1525 2340 1614 2373 duos
1630 2339 1762 2371 amicos
1773 2364 1782 2378 ,
1817 2339 1860 2371 de
1878 2349 1947 2383 qua
1964 2344 2041 2371 erat
2057 2337 2191 2372 iudica-

1197 2395 1298 2424 turus
1313 2390 1454 2431 Cicero;
1478 2390 1607 2424 deinde
1624 2391 1667 2423 de
1684 2396 1799 2422 morte
1815 2389 1856 2424 P.
1873 2389 2002 2434 Syllae.

1229 2492 1278 2520 61)
1297 2493 1355 2516 Hoc
1372 2493 1562 2523 argumentum
1581 2492 1608 2515 et
1627 2491 1678 2515 duo
1697 2491 1840 2522 sequentia
1857 2492 1891 2515 ab
1909 2490 1993 2514 Editt.
2009 2490 2100 2521 1556„
2122 2491 2188 2515 1565

1262 2527 1381 2551 -1596,
1407 2527 1576 2550 exhibentur.
1629 2526 1712 2549 Editt.
1737 2526 1947 2554 15³7—1554.,
1982 2525 2074 2553 1557„
2102 2526 2188 2553 1560.,

1265 2561 1341 2584 1601.
1361 2567 1448 2591 neque
1467 2561 1657 2591 argumentum
1677 2567 1764 2590 neque
1789 2561 1893 2585 scholia
1910 2560 1975 2585 Mel.
1994 2559 2021 2582 in
2040 2560 2108 2583 hanc
2127 2559 2186 2590 epi-

1261 2596 1360 2619 stolam
1380 2597 1407 2618 et
1427 2595 1494 2618 duas
1512 2596 1661 2624 sequentes
1680 2596 1788 2620 hahent.

1225 2638 1477 2696 ⁶²}e{2{¹⁵tit¹¹tu³]
1496 2637 1535 2661 sic
1555 2637 1637 2661 Editt.
1654 2638 1745 2669 1565.‚
1767 2637 1859 2669 1569„
1880 2637 1971 2667 1592.;

1224 2714 1272 2744 6³)
1291 2716 1349 2739 Hoc
1365 2715 1556 2746 argumentum
1574 2714 1601 2738 iu
1619 2714 1703 2740 Editt.
1719 2713 1911 2739 1565—1596.
1931 2715 2031 2739 exstat.

1996 2635 2023 2660 in
2042 2637 2091 2662 Ed.
2107 2637 2183 2662 ¹556.
