2294 2975
104 127 178 163 213
270 124 392 161 XXIII.

100 212 251 258 periret:
295 212 416 258 itaque
446 223 526 245 cum
541 210 587 257 ⁷⁰)
619 211 662 244 ah
693 222 804 244 uxore
835 221 898 244 sua
931 210 1094 255 proditus

99 271 151 298 est
160 264 205 310 71)
217 290 225 304 ,
253 270 287 297 et
302 264 346 297 ad
363 261 505 296 Thebas
523 263 733 307 perductus,
767 260 817 295 ibi
838 261 876 294 in
892 259 999 296 ‘hiatu
1025 268 1093 295 ter-

97 328 157 349 rae
176 315 348 362 periitffl).

200 365 230 411 ἓ.
255 367 288 400 8.
329 367 504 400 Notantur
530 361 661 411 autem]
698 362 838 396 Minor:
886 374 928 396 ex
962 362 1090 408 quibus

94 417 203 461 signis
220 417 373 456 divinet,
399 415 500 449 brevi
515 415 774 448 restituendum
798 427 871 449 esse
886 414 1089 448 Caecinam.

93 471 135 504 1η
152 466 314 515 Caesare]
340 467 503 501 Primum
527 466 660 510 colligit
684 466 783 510 signa
807 478 827 499 a
845 465 1005 500 Caesaris
1026 478 1088 498 na-

93 526 172 553 tura
183 520 241 564 73).

195 568 225 614 ἓ.
242 569 278 603 9.
311 570 410 603 Nolet
425 569 471 615 74)
494 569 554 602 hoc
576 565 754 616 temporis]
789 567 927 601 Deinde
953 568 1087 613 colligit

91 621 189 665 signa
208 633 226 653 a
243 626 371 653 natura
389 626 606 664 temporum.

194 669 224 715 §-
243 672 302 706 12.
328 672 441 705 Habes
457 667 656 717 augurium]
681 668 759 702 Alia
777 669 973 703 consolatio
990 683 1084 703 sum-

89 729 150 768 pta
168 735 209 756 ex
224 722 309 756 locis
326 722 575 755 communibus
594 722 637 754 ab
654 719 804 754 honesto
816 748 825 761 ,
861 722 957 766 quod
983 721 1083 753 sorti-

88 781 142 807 ter
164 775 308 807 serenda
332 773 377 807 sit
401 773 531 806 iniuria
555 773 739 811 fortunae,
771 771 846 804 sine
871 772 971 815 culpa
999 783 1082 803 con-

86 832 210 859 tracta.

188 874 218 920 ἓ.
245 877 303 911 13.
342 877 411 911 Sed
433 876 493 909 hoc
515 870 657 920 yenere]
693 871 889 907 Correctio.

86 927 253 962 officium.

958 871 1081 906 Defert

298 1002 432 1036 Aliud
467 1006 783 1046 argumentum
799 1000 857 1047 70’).

182 1071 442 1115 Argumentum
469 1070 574 1114 plane
599 1067 693 1101 idem
720 1074 770 1101 est
795 1080 874 1101 cum
901 1067 1077 1112 superi0ri

83 1121 244 1167 epistola.
299 1121 514 1155 Consolatur
529 1120 624 1153 enim
643 1119 852 1159 Caecinam,
881 1125 915 1152 ct
938 1119 1021 1152 facit
1045 1119 1077 1152 ei

83 1186 202 1218 spem,
228 1174 304 1206 sore
330 1179 370 1206 ut
392 1172 493 1204 brevi
516 1170 726 1205 restituatur
752 1182 770 1202 a
794 1170 956 1204 Caesare.
1007 1170 1076 1204 Ex-

83 1224 226 1258 ordium
249 1222 356 1256 habet
375 1223 521 1256 brevem
546 1221 807 1255 excusationem
832 1221 980 1261 silentii,
1009 1228 1075 1255 est·

81 1288 149 1321 que
168 1273 255 1308 haec
277 1286 415 1308 summa
442 1274 597 1307 exordii:
635 1272 814 1305 Hactenus
839 1284 913 1305 non
938 1272 1074 1317 scripsi,

59 1340 62 1343 ·
79 1327 164 1372 quia
182 1325 295 1359 malui
310 1325 374 1359 tibi
393 1325 564 1369 gratulari
580 1323 618 1356 in
634 1324 739 1357 rebus
754 1324 917 1357 secundis
928 1350 937 1364 ,
964 1336 1072 1369 quam

79 1384 114 1411 te
139 1378 175 1410 in
197 1377 353 1411 adversis
377 1377 483 1410 rebus
507 1374 697 1409 consolari.
750 1375 919 1420 Sequitur
941 1387 1073 1420 propo-

79 1429 160 1462 sitio
186 1428 441 1462 consolatoria:
483 1427 575 1461 Volo
605 1432 638 1459 te
669 1426 866 1466 consolari,
907 1438 985 1459 cum
1010 1425 1072 1460 ha-

78 1480 182 1512 beam
202 1486 312 1510 certas
330 1479 561 1516 coniecturas,
578 1489 619 1508 ex
635 1478 762 1520 quibus
780 1477 902 1510 divino
921 1482 953 1508 te
971 1476 1071 1509 brevi

78 1529 350 1563 restituendum.
408 1526 655 1572 Propositioni
678 1527 859 1560 adduntur
880 1527 971 1562 duae
997 1539 1071 1560 am-

76 1580 324 1625 plificationes.
397 1578 518 1612 Altera
557 1583 697 1622 sumpta
728 1584 779 1612 est
807 1590 826 1611 a
859 1578 1067 1613 collatione:

75 1632 175 1666 Sicut
192 1637 298 1664 tuine
315 1630 517 1664 consolatus
533 1642 568 1663 es
584 1630 757 1664 adductus
774 1629 877 1663 certis
892 1629 1069 1663 coniectu-

74 1683 142 1723 ris,
171 1694 250 1716 cum
272 1693 380 1715 essem
400 1687 496 1714 actus
515 1681 552 1713 in
571 1680 734 1714 exilium:
761 1680 811 1714 ita
834 1693 898 1725 ego
923 1694 1067 1727 quoque

76 1734 180 1768 certis
206 1732 418 1767 coniecturis
438 1732 593 1765 reditum
617 1737 717 1764 tuum
750 1733 960 1775 promittere
989 1745 1068 1776 pos-

75 1798 165 1820 sum.
219 1784 340 1817 Altera
358 1790 409 1817 est
423 1784 466 1816 ab
482 1782 661 1826 exemplo:
690 1782 788 1815 Sicut
810 1789 848 1815 tu
871 1783 955 1815 olim
980 1784 1068 1816 (livi-

74 1837 186 1870 nabas
214 1836 256 1869 de
280 1847 360 1868 meo
382 1834 499 1868 reditu
521 1846 563 1867 ex
589 1833 752 1866 doctrina
779 1832 852 1866 sive
877 1840 1068 1874 astrorum,

74 1888 147 1923 sive
165 1887 386 1932 aruspicum:
422 1886 470 1919 sic
488 1898 552 1930 ego
568 1896 663 1918 nunc
680 1897 721 1918 ex
737 1884 880 1929 politica
903 1885 1066 1919 doctrina

74 1939 194 1974 iudico
213 1940 255 1972 de
273 1945 334 1972 tuo
351 1937 481 1971 reditu.

175 1990 389 2036 Priusquam
419 1995 538 2022 autem
567 1986 786 2020 coniecturas
810 1986 886 2021 illas
911 1987 1068 2032 exponit,

72 2042 271 2086 digreditur
286 2039 453 2074 nonnihil
471 2040 514 2073 ab
532 2044 763 2083 argumento,
799 2045 833 2071 et
854 2039 937 2071 facit
962 2040 1066 2072 fidem

72 2106 157 2128 suae
180 2092 394 2126 divinationi
417 2092 520 2125 altius
544 2097 728 2135 repetens,
760 2091 941 2135 quomodo
965 2102 1066 2134 prae—

72 2145 204 2178 viderit
231 2144 362 2177 exitum
387 2143 470 2176 belli
493 2143 586 2175 inter
610 2142 798 2175 Caesarem
829 2148 934 2186 atque
959 2142 1066 2174 Pom-

71 2197 191 2241 peium
205 2223 213 2236 ‚
236 2202 340 2241 atque
356 2194 405 2228 ibi
421 2195 535 2227 obiter
551 2206 611 2227 sua
630 2193 777 2228 consilia
795 2200 1064 2226 commemorat.

71 2247 135 2282 Est
156 2253 275 2280 autem
300 2244 387 2279 haec
412 2245 581 2292 epistolae
605 2257 687 2290 pars
707 2245 812 2288 longe
838 2244 1065 2289 praestantis-

106 2349 155 2377 70)
175 2348 249 2376 cum]
268 2347 318 2373 Ed.
339 2347 414 2371 ¹537.
433 2347 519 2371 male:
548 2353 608 2371 cum
627 2353 665 2371 se.

105 2392 155 2420 71)
177 2392 232 2419 est]
252 2390 335 2413 Editt.
355 2389 447 2420 1544„
468 2389 561 2420 1554,
582 2389 658 2414 1557.
677 2390 762 2413 esset.

105 2434 155 2462 72)
176 2433 253 2458 Conf.
273 2432 378 2462 Pauly:
402 2432 617 2462 Real-Encyci.
636 2432 664 2456 Τ.
681 2432 700 2456 1.
725 2439 749 2461 p.
765 2432 825 2456 421.

105 2477 154 2505 73)
177 2477 250 2500 Haec
270 2476 334 2498 nota
353 2475 380 2497 et
405 2474 475 2497 duae
499 2475 696 2504 praecedentes
721 2475 750 2498 in
769 2474 852 2499 Editt.
875 2475 965 2505 1545„
989 2474 1063 2499 ¹560.

140 2512 168 2535 in
187 2516 267 2534 unam
287 2509 327 2532 sic
343 2509 505 2532 coniunctae
523 2510 602 2533 sunt:
634 2510 847 2540 Amphiaraus]
867 2510 934 2532 Huic
954 2511 1013 2532 erat
1031 2521 1066 2526 —-

141 2547 235 2569 terrae
254 2543 343 2574 periit.
380 2543 485 2566 Minor:
511 2549 543 2565 ex
562 2543 658 2572 quibus
677 2557 712 2561 —
732 2550 795 2567 esse
810 2544 965 2569 Caecinam.
1002 2543 1064 2567 Pri-

140 2586 214 2604 mum
232 2577 339 2608 colligit
358 2577 439 2607 signu
457 2582 474 2599 a
492 2576 623 2600 Caesaris
643 2579 752 2601 natura.

104 2623 154 2650 74)
174 2622 275 2649 Nolet]
294 2620 343 2645 Ed.
361 2620 435 2643 1545.
455 2619 571 2648 Nollet;
603 2620 652 2645 Ed.
674 2621 748 2645 1560.
769 2620 796 2644 in
815 2621 873 2646 Cic.
893 2621 985 2645 verbis
1003 2620 1064 2644 huic

140 2659 220 2680 notae
240 2654 375 2685 appositis
394 2654 489 2679 habet:
511 2653 612 2685 Νοιὶι,
637 2654 664 2678 in
683 2656 758 2678 textu
777 2657 865 2678 antem
887 2655 980 2680 Nolet.

105 2700 156 2726 75)
173 2700 229 2722 Hoc
247 2698 438 2729 argumentum
458 2698 485 2720 et
505 2697 556 2721 duo
575 2697 718 2727 sequentia
735 2698 769 2722 ab
788 2697 975 2729 Editt.1556.,
997 2698 1065 2723 1565

140 2733 260 2757 —1596.
281 2732 449 2758 exhibentur.

445 123 753 160 ARGUMENTA
779 123 845 158 ET
871 123 1075 159 SCHOLIA
1100 123 1149 160 IN
1174 123 1323 162 EPIST.
1348 125 1461 162 FAM.
1489 125 1572 162 CIC.
1601 127 1689 164 [ΑΒ.
1712 131 1770 166 vi.
1798 133 1870 171 ΕΡ.
1888 137 1922 173 5.
1940 141 1973 175 6.

2071 148 2146 182 214

1118 235 1123 292 Ι
1146 209 1256 252 sima,
1285 212 1381 258 quod
1397 212 1486 246 sicut
1505 212 1579 258 ipse
1597 219 1764 258 testatur,
1800 223 1916 258 omnis
1940 223 2027 261 haec
2049 233 2142 266 ratio

1146 267 1179 319 et
1195 274 1236 295 ex
1254 275 1386 307 magno
1405 276 1523 298 rerum
1541 277 1622 305 usu,
1652 273 1686 299 et
1705 279 1745 301 ex
1769 271 1930 308 doctrina
1956 283 2139 317 recondita

1143 319 1189 370 sit
1204 320 1299 348 nata.
1351 315 1478 349 Postea
1498 316 1649 359 reditad
1667 317 1867 356 institutum
1880 351 1889 364 ‚
1917 334 1949 360 et
1973 342 2139 368 numerat

1143 376 1240 408 signa
1260 377 1343 399 suae
1360 366 1590 401 divinationis
1608 369 1792 412 politicae,
1823 387 1933 419 quare
1958 383 2077 416 credat
2102 386 2137 419 in

1142 415 1241 448 brevi
1259 417 1518 451 restituendum
1537 431 1609 452 esse
1624 420 1811 457 Caecinam
1825 424 1854 444 ⁷5
1862 427 1906 472 a).
1960 429 2059 467 Facit
2075 448 2137 470 au-

1142 472 1212 500 tem
1231 467 1384 512 duplicia
1401 470 1513 512 signa.
1552 469 1714 504 Primum
1734 483 1913 519 sumptum
1932 488 1983 514 est
2000 495 2039 517 ex
2058 499 2137 530 per-

1140 530 1224 551 sona
1238 518 1415 552 Caesaris:
1436 521 1566 553 Caesar
1585 528 1636 554 est
1653 523 1805 559 clemens
1823 534 1855 560 et
1871 533 2044 573 prudens:
2071 537 2133 571 ἰοί-

1139 574 1197 626 tur
1213 582 1286 602 non
1305 570 1460 614 patietur
1478 578 1510 604 te
1530 572 1649 606 abesse
1668 575 1799 609 diutius
1820 590 1836 610 a
1854 584 2046 625 republica.
2064 563 2137 622 Aed-

1139 620 1190 652 dit
1208 621 1492 664 occupationem,
1522 629 1554 655 et
1574 636 1713 658 causam
1731 627 1834 668 dicit,
1862 643 1926 665 cur
1941 636 2059 672 minus
2074 640 2133 675 illa

1137 671 1322 728 clementia
1343 671 1528 717 Caesar-⁷¹³)
1546 671 1715 710 hactenus
1732 678 1775 710 sit
1795 692 1888 715 usus.
1929 685 2130 725 Secundum

1136 734 1274 765 Signum
1297 729 1478 777 sumptum
1505 731 1555 757 est
1582 738 1622 758 ex
1646 729 1849 763 conditione
1874 739 2075 780 temporum
2098 750 2132 777 et

1135 784 1271 829 rerum:
1307 773 1381 829 Bps
1406 787 1480 807 non
1505 787 1625 809 sumus
1649 778 1734 812 mali
1756 781 1866 821 cives,
1902 788 2131 837 quiPompe-

1135 830 1336 880 luinsecuti
1354 837 1487 864 sumus,
1516 832 1622 871 atque
1633 827 1678 874 ⁷⁷)
1696 842 1788 863 nunc
1807 833 1912 867 etiam
1932 840 2016 873 mali
2036 843 2127 880 cives

1133 880 1386 931 resumuntur:
1426 876 1533 919 igitur
1558 883 1593 909 tu
1617 891 1780 925 quoque,
1818 884 1878 929 qui
1901 887 2016 925 honus
2043 895 2126 930 civis

1134 938 1188 964 es,
1217 926 1411 971 aliquando
1430 928 1635 962 restitueris.
1696 931 1791 964 Haec
1808 942 1890 968 sunt
1905 940 1975 973 duo
1993 944 2125 985 princi-

1132 977 1224 1020 palia
1261 985 1489 1021 argumenta,
1537 980 1664 1024 quibus
1695 984 1795 1016 addit
1829 986 1896 1019 alia
1936 996 2109 1036 quaedam

1132 1041 1222 1073 quae
1239 1028 1382 1062 brevius
1397 1029 1623 1074 perstringit,
1650 1038 1821 1080 tanquam
1838 1050 1911 1071 non
1927 1025 2124 1082 necessaria

1130 1085 1278 1123 propter
1311 1087 1442 1113 certain
1475 1094 1573 1125 spem
1604 1084 1749 1119 reditus.
1817 1089 1979 1127 Primum
2005 1104 2056 1130 est
2079 1101 2123 1133 ab

1130 1128 1298 1164 honesto:
1347 1131 1469 1175 Turpe
1506 1139 1557 1166 est
1591 1133 1629 1166 in
1666 1137 1823 1173 adversis
1861 1143 1966 1178 rebus
2000 1148 2121 1184 animo

1128 1182 1260 1225 frangi:
1296 1182 1404 1226 igitur
1421 1184 1509 1216 bene
1526 1196 1656 1228 speres.
1715 1188 1917 1226 Secundum
1942 1197 2047 1232 etiam
2072 1209 2122 1236 est

1129 1234 1172 1265 ab
1207 1232 1357 1266 honesto
1393 1235 1554 1268 ductum:
1597 1235 1740 1272 Nullam
1777 1243 1916 1286 culpam
1950 1250 2119 1286 sustines·

1128 1296 1210 1328 ergo
1234 1282 1325 1317 nihil
1347 1291 1417 1325 est,
1445 1288 1541 1332 quod
1564 1287 1695 1323 doleas.
1750 1291 1912 1329 Tertium
1934 1298 1978 1331 ab
2006 1280 2122 1336 exemj

1126 1335 1209 1379 plis:
1238 1336 1309 1368 Alii
1326 1337 1447 1369 eadem
1467 1344 1550 1371 sunt
1564 1339 1677 1383 passi;
1703 1353 1786 1387 ergo
1804 1350 1842 1378 tu
1860 1359 2002 1394 quoque
2019 1365 2120 1396 prae-

1125 1393 1259 1420 sentem
1282 1388 1462 1421 sortunam
1486 1389 1573 1422 honi
1598 1392 1754 1428 consule.
1806 1396 1984 1441 Quartum
2009 1415 2027 1436 a
2055 1417 2119 1448 pu-

1124 1438 1216 1470 blico
1247 1451 1368 1471 rerum
1395 1445 1508 1481 statu,
1551 1441 1612 1485 qui
1636 1441 1776 1478 Romae
1804 1448 1861 1482 sit.
1929 1451 2117 1490 Conclusio

1125 1485 1231 1520 habet
1246 1488 1502 1522 correctionem
1515 1516 1525 1529 ,
1554 1492 1651 1536 quod
1666 1492 1756 1528 nihil
1777 1508 1865 1540 opus
1882 1500 1926 1533 sit
1942 1500 2011 1537 hoc
2029 1512 2116 1540 tem-

1124 1551 1210 1582 pore
1229 1540 1447 1583 argumentis
1466 1542 1725 1579 consolatoriis.
1767 1545 1807 1580 In
1825 1549 1892 1583 fine
1909 1553 2008 1589 addit
2024 1557 2117 1592 clau-

1123 1590 1235 1623 sulam
1247 1617 1256 1630 ,
1283 1591 1321 1623 in
1339 1603 1408 1637 qua
1427 1593 1541 1626 defert
1561 1594 1728 1631 officium.

1371 1668 1505 1702 Aliud
1534 1680 1860 1715 argumentum.

1223 1736 1486 1780 Argumentum
1510 1740 1676 1774 convenit
1701 1754 1780 1775 cum
1799 1747 2025 1788 praecedenti
2044 1752 2116 1795 epi-

1121 1788 1224 1823 stola.
1278 1788 1370 1822 Nam
1388 1787 1444 1822 hic
1461 1791 1665 1825 consolatur
1685 1792 1874 1829 Caecinam
1887 1824 1896 1837 ,
1923 1799 2024 1845 eique
2042 1814 2115 1835 cer-

1121 1845 1194 1871 tam
1220 1851 1318 1884 spem
1340 1840 1423 1874 facit
1443 1842 1486 1874 de
1509 1843 1638 1876 reditu.
1690 1843 1886 1881 Exordium
1915 1851 2067 1885 sumitur
2094 1866 2113 1886 a

1121 1891 1277 1935 quadam
1299 1893 1549 1926 extenuatione
1567 1907 1713 1928 suorum
1731 1898 1929 1932 officiorum
1948 1908 1980 1934 et
1997 1903 2040 1935 ab
2058 1916 2115 1937 ex-

1121 1941 1302 1975 cusatione
1330 1943 1472 1977 silentii.
1540 1945 1747 1990 Propositio
1779 1956 1829 1982 est
1861 1953 2113 1995 consolatoria,

1119 1998 1159 2025 ut
1181 1991 1272 2026 nihil
1293 1994 1429 2027 dubitet
1451 1996 1493 2027 de
1516 1997 1644 2030 reditu.
1703 1997 1804 2032 Hanc
1825 2003 1985 2045 sequitur
2006 2005 2112 2048 longa

1121 2044 1342 2077 enumeratio
1362 2053 1653 2088 argumentorum
1666 2073 1675 2086 ,
1709 2049 1836 2092 quibus
1856 2058 1950 2084 certo
1970 2055 2111 2097 pollice-

1120 2100 1178 2127 tur
1194 2096 1347 2128 reditum
1361 2122 1369 2135 ,
1405 2102 1438 2128 et
1455 2096 1566 2129 utitur
1586 2099 1630 2130 ad
1649 2100 1899 2142 probationem
1922 2105 2110 2140 collatione

1120 2152 1154 2178 et
1170 2146 1249 2179 loco
1268 2147 1450 2179 communi
1464 2148 1506 2180 de
1525 2148 1745 2183 divinatione
1764 2153 1928 2196 politica,
1955 2168 2110 2191 comme—

1119 2210 1264 2231 morans
1281 2210 1360 2232 suas
1378 2200 1549 2243 quasdam
1565 2201 1844 2244 praedictiones,
1871 2218 1961 2250 quae
1978 2208 2111 2243 fuerint

1119 2249 1333 2283 verissimae.
1385 2250 1492 2293 Signa
1518 2263 1602 2284 vero
1626 2250 1730 2287 huius
1756 2255 1985 2291 divinationis
2009 2272 2111 2303 prae-

1118 2300 1224 2334 sentis
1239 2300 1347 2334 sumit
1363 2301 1406 2334 ab
1424 2301 1566 2345 ingenio
1583 2303 1759 2343 Caesaris,
1789 2313 1821 2339 et
1839 2319 1856 2339 a
1875 2314 2002 2342 natura
2022 2317 2109 2344 tem-

1118 2364 1259 2396 porum.
1311 2352 1402 2385 Huic
1419 2354 1654 2388 consolationi
1672 2356 1714 2388 de
1737 2358 1853 2390 reditu
1876 2358 1944 2391 alia
1969 2361 2110 2395 subiici-

1118 2410 1175 2436 tur
1193 2405 1236 2436 de
1253 2403 1406 2437 serendis
1422 2405 1585 2438 fortunae
1602 2406 1760 2447 iniuriis,
1788 2420 1879 2454 quae
1896 2409 1970 2443 sine
1986 2419 2108 2447 nostra

1118 2455 1219 2499 culpa
1243 2461 1444 2488 contractae
1466 2463 1558 2490 sunt.
1610 2457 1830 2501 Argumenta
1856 2468 2045 2496 sumuntur
2069 2476 2110 2498 ex

1118 2504 1279 2540 honesto.
1325 2507 1515 2540 Conclusio
1532 2507 1709 2554 principio
1728 2507 1835 2544 habet
1850 2513 2108 2556 praecisionem

1151 2611 1218 2640 75⁸)
1240 2611 1398 2639 Caecinam]
1419 2611 1468 2636 Ed.
1489 2610 1562 2635 1569.
1584 2617 1680 2636 errore
1703 2612 1831 2644 typogr.:
1852 2613 2026 2640 Caeninnam.

1150 2653 1197 2685 76)
1219 2654 1337 2692 Caesar]
1358 2654 1398 2677 sic
1417 2654 1464 2676 Ed.
1487 2654 1577 2683 ¹556.;
1604 2655 1689 2680 Editt.
1712 2656 1804 2683 1565..
1826 2657 1918 2685 1569..
1941 2657 2014 2683 1592.
2036 2659 2108 2683 Cae-

1187 2694 1269 2711 saris.

1137 2731 1200 2769 ι77)
1219 2731 1314 2761 atque]
1335 2730 1374 2754 sic
1393 2730 1441 2800 fids.
1465 2731 1556 2781 {fii-5565
1583 2731 1665 2756 Editt.
1683 2732 1775 2763 1565..
1798 2733 1889 2763 1569.,
1911 2733 1984 2757 ¹592.
2004 2735 2085 2765 atqui.

1425 2772 1446 2800 *k
