2351 2990
206 130 276 167 751

206 217 319 256 enim,
344 215 428 261 quid
453 214 525 247 scre
549 208 751 255 accidatffi).
808 205 940 238 Verum
964 214 1038 236 non
1064 213 1189 235 accuso

205 280 421 314 quemqnam
453 276 598 303 eorum,
639 260 699 306 qni
727 270 829 292 sunm
859 255 1014 288 officium
1043 252 1190 286 faciunt.

205 320 277 354 lani
296 331 357 352 ros
379 318 484 351 etiam
503 315 608 347 velini
631 317 783 344 vestrum
801 307 955 340 officium
971 306 1106 344 facere,
1133 315 1190 336 ea-

205 383 273 416 que
299 370 393 413 ipsos
420 367 615 410 suscipere,
655 365 802 406 propter
825 369 915 404 quae
939 356 1027 389 alios
1051 353 1190 388 honore

205 421 363 458 afficitis,
403 431 467 452 nec
491 416 600 449 aciem
629 414 810 450 deserere,
849 421 889 442 ac
909 409 1047 446 locum,
1083 417 1190 452 quem

205 473 356 506 maiores
374 469 479 503 vestri
504 464 651 500 summis
675 460 1001 505 honestissimisque
1025 456 1191 501 periculis

204 530 347 568 parium
377 519 476 552 vobis
506 516 741 561 reliquerunt.
815 511 941 545 Obiter
969 508 1060 548 dixi,
1099 519 1190 553 quae

203 575 399 607 conducere
416 568 549 603 civitati
567 568 671 600 duco.
723 563 785 598 Dii
801 563 931 601 faxint,
958 567 998 594 ut
1013 560 1066 599 id,
1093 559 1191 604 quod

203 632 252 658 est
268 623 419 656 maxime
436 633 453 653 e
471 619 649 664 republica
677 623 711 650 et
734 614 897 648 omnium
918 618 1096 650 vestrum,
1130 610 1191 642 eli-

201 676 301 719 gatis.

286 749 385 783 Alia
415 742 752 789 interpretatio
782 740 979 773 eiusdem
1008 748 1108 771 ora-

587 794 731 829 tionis
748 792 807 838 ³⁷).

303 858 385 893 Non
402 857 525 890 eadem
545 855 580 887 in
608 859 761 886 mentem
789 847 878 883 mihi
903 848 1001 881 venit
1024 853 1191 886 statuere,

201 911 269 944 viri
293 907 549 946 Athenienses,
591 904 729 951 quoties
755 903 799 934 ad
824 913 880 933 res
904 899 997 943 ipsas
1020 897 1190 942 adspicio,

201 970 234 996 et
251 961 389 1007 quoties
409 960 453 992 ad
472 957 673 995 orationes,
708 966 795 999 quas
819 950 938 984 audio.
997 949 1090 983 Nam
1111 960 1190 981 ora-

200 1014 314 1047 tiones
332 1011 477 1057 quidem
497 1010 538 1041 de
554 1020 595 1041 eo
608 1033 617 1047 ,
645 1018 715 1051 quo
733 1009 836 1048 pacto
848 1000 1054 1045 Philippum
1071 998 1192 1033 ulcisci

202 1069 385 1109 oporteat,
417 1059 542 1094 haberi
566 1058 688 1095 video;
724 1067 780 1089 res
803 1060 922 1087 autem
945 1063 986 1083 eo
1012 1049 1191 1095 progredi,

200 1123 239 1150 ut
257 1116 328 1147 iam
353 1113 398 1146 sit
419 1123 558 1145 necesse
579 1107 801 1153 prospicere,
837 1116 882 1138 ne
908 1103 994 1150 quid
1018 1102 1085 1147 ipsi
1106 1100 1193 1134 mali

201 1173 304 1200 antea
326 1164 518 1209 patiamur.
571 1158 670 1194 Nihil
687 1158 794 1202 igitur
809 1155 906 1189 aliud
923 1152 1012 1187 mihi
1026 1154 1193 1186 videntur

201 1219 246 1258 ii,
281 1216 341 1262 qui
367 1215 451 1248 talia
475 1212 625 1246 dicendo
650 1210 820 1248 suadent,
855 1219 964 1253 quam
985 1216 1130 1250 peccare
1156 1203 1193 1235 in

202 1282 264 1308 eo,
293 1267 390 1313 quod
405 1277 566 1304 causam,
593 1264 635 1296 de
661 1273 730 1307 qua
754 1257 974 1298 deliberetis,
1007 1268 1129 1289 veram
1153 1266 1194 1287 ac

201 1319 358 1354 debitam
383 1329 456 1350 non
477 1319 697 1360 proponunt.
758 1311 835 1355 Ego
861 1321 966 1349 vero,
1009 1307 1106 1353 quod
1131 1305 1194 1339 ali-

203 1370 347 1418 quando
367 1368 511 1414 quidem
527 1364 667 1399 licuerit
682 1361 896 1407 reipublicae
914 1366 947 1392 ct
962 1371 1042 1392 suas
1067 1369 1121 1390 res
1140 1357 1194 1388 in—

203 1429 319 1466 tegras
336 1432 375 1453 ac
392 1425 484 1452 tutas
500 1427 642 1451 servare
654 1441 664 1454 ,
699 1420 733 1446 et
751 1410 959 1455 Philippum
974 1407 1115 1446 ulcisci,
1140 1418 1194 1439 sa-

203 1474 247 1507 tis
265 1483 441 1515 superque
460 1468 557 1502 novi.
610 1466 701 1500 Nam
718 1470 751 1496 et
771 1474 850 1495 mea
877 1466 1011 1499 aetate,
1045 1469 1120 1490 non
1145 1457 1194 1489 ita

204 1524 289 1558 olim
306 1528 497 1565 utrumque
514 1517 584 1551 hoc
601 1515 740 1549 accidit.
792 1513 896 1548 Nunc
912 1517 1030 1545 autem
1050 1509 1098 1542 ita
1116 1519 1196 1552 per-

204 1587 325 1610 suasus
341 1585 438 1612 sum,
462 1577 502 1604 ut
517 1567 610 1602 hanc
625 1564 939 1602 deliberationem,
971 1572 1100 1604 nempe
1124 1571 1195 1604 quo

205 1632 309 1672 pacto
333 1623 446 1657 socios
472 1619 666 1658 tueamini,
702 1623 824 1661 putem
846 1614 1001 1659 primam
1026 1623 1118 1650 esse,
1163 1616 1198 1642 et

206 1689 268 1711 ceu
294 1672 581 1720 praerogativam
606 1669 787 1715 quandam
817 1666 912 1710 apud
942 1676 1005 1697 vos
1036 1662 1196 1695 obtinere

205 1729 346 1762 debere.
398 1724 490 1759 Nam
515 1722 544 1756 si
567 1723 609 1755 de
634 1718 701 1753 hoc
722 1717 806 1752 satis
830 1721 1056 1761 prospectum
1079 1713 1198 1752 fuerit,

205 1781 312 1825 idque
336 1777 450 1821 ipsum
474 1774 511 1806 in
534 1779 610 1806 tuto
636 1771 867 1808 collocatum,
897 1766 1017 1800 licebit
1040 1772 1115 1799 tum
1138 1764 1198 1796 de—

206 1843 304 1865 mum
323 1835 357 1861 et
374 1829 415 1860 de
433 1826 506 1865 illo,
536 1836 607 1870 quo
626 1828 729 1867 pacto
748 1820 848 1853 illum
866 1818 1089 1855 ulciscamur,
1115 1827 1199 1848 con-

205 1880 432 1916 sultationem
450 1876 645 1910 instituere.
673 1873 860 1907 Caeterum
876 1869 1085 1915 priusquam
1101 1865 1199 1911 prin-

207 1932 298 1977 cipia
323 1944 358 1965 se
384 1935 476 1963 recte
501 1925 712 1965 habuerint,
758 1922 904 1957 stultum
934 1919 1109 1959 arbitror,
1156 1918 1198 1950 de

206 1986 275 2018 fine
290 1983 362 2016 ullo
381 1981 500 2025 aliqua
517 1978 624 2011 verba
641 1978 769 2009 facere.
817 1973 991 2006 Praesens
1006 1971 1113 2015 igitur
1131 1967 1199 2002 hoc

207 2043 368 2079 tempus,
408 2031 478 2063 viri
507 2027 763 2066 Athenienses,
807 2025 837 2058 si
866 2024 980 2058 ullum
1010 2022 1104 2055 aliud
1133 2032 1199 2054 un-

209 2099 339 2133 quam,
366 2083 477 2116 multa
503 2093 598 2113 nunc
622 2090 704 2112 cura
719 2104 728 2117 ,
762 2077 947 2120 multoque
974 2073 1122 2107 consilio
1146 2071 1200 2104 in-

208 2139 315 2182 diget.
368 2136 485 2179 Atque
507 2144 570 2175 ego
589 2130 733 2176 quidem
749 2140 843 2167 non,
871 2126 956 2172 quid
973 2126 1015 2158 de
1036 2135 1200 2169 praesen-

207 2190 301 2223 tibus
318 2185 501 2220 consulere
519 2187 703 2227 oporteat,
729 2177 975 2213 difficillimum
1002 2188 1075 2210 esse
1099 2181 1200 2220 puto,

209 2252 334 2274 verurn
360 2237 448 2270 illud
472 2234 619 2273 dubito,
659 2231 728 2265 viri
752 2228 1005 2268 Athenienses,
1041 2238 1199 2273 quonam

209 2292 318 2325 modo
334 2290 376 2322 de
394 2288 435 2321 iis
453 2286 537 2331 ipsis
556 2284 650 2329 apud
666 2295 729 2317 vos
744 2282 852 2315 verba
878 2280 948 2314 sint
970 2278 1199 2313 instituenda.

210 2342 425 2376 Persuasum
456 2337 550 2370 enim
583 2334 697 2369 habeo
722 2346 764 2367 ex
789 2333 851 2373 iis,
894 2344 984 2377 quae
1015 2343 1093 2363 cum
1126 2329 1199 2374 ipse

210 2404 398 2438 praesens,
424 2397 497 2423 tum
519 2389 562 2421 ab
580 2386 657 2420 aliis
675 2385 852 2419 audiendo
873 2383 1041 2427 cognovi,
1068 2381 1201 2426 pleras-

213 2456 280 2489 que
300 2454 417 2474 rerum
440 2440 530 2472 elabi
547 2438 647 2471 vobis
663 2437 775 2471 solere
788 2463 797 2476 ,
824 2447 899 2468 non
918 2434 999 2480 quia
1026 2433 1118 2478 ipsas
1138 2444 1199 2476 pa-

211 2507 292 2529 rum
310 2491 511 2534 intelligatis
525 2517 532 2530 ,
556 2491 615 2523 sed
635 2489 731 2535 quod
749 2500 808 2528 ea,
835 2499 925 2532 quae
946 2485 1123 2524 convenit,
1150 2484 1199 2516 fa-

247 2593 294 2624 56)
314 2592 343 2616 Si
366 2591 429 2621 quid
450 2591 573 2613 acerbius
593 2590 647 2613 dixi
665 2605 699 2609 —
718 2589 780 2620 quid
800 2589 858 2612 sere
876 2588 1006 2616 accidat]
1026 2587 1065 2610 sic
1078 2587 1125 2609 Ed.
1142 2587 1199 2610 Ha-

781 120 903 156 PmL.
938 117 1052 152 MEL
1086 113 1288 150 SCRIPTA
1320 113 1658 150 PHILOLOGICA.

2158 112 2233 150 752

1242 211 1320 234 cere
1335 200 1549 234 detrectatis.
1599 200 1691 233 Volo
1720 206 1837 233 autem
1862 211 1946 239 vos,
1979 199 2007 232 si
2035 197 2120 244 quid
2143 198 2229 231 libe-

1241 251 1316 285 rius
1333 251 1408 296 ipse
1423 252 1564 291 dixero,
1592 264 1706 297 aequo
1724 251 1844 283 animo
1863 249 2039 294 accipere,
2066 249 2153 282 illud
2178 249 2231 281 vi-

1242 302 1370 336 delieet
1399 309 1616 347 spectantes,
1656 315 1741 335 num
1765 314 1849 334 vera
1873 301 2010 341 dicam,
2054 300 2160 345 idque
2185 300 2231 332 ob

1241 351 1331 393 hoc,
1357 359 1398 387 ut
1412 360 1550 387 caetera
1575 353 1740 398 deinceps
1763 353 1912 386 meliora
1938 357 2116 395 gerantur.
2169 350 2230 382 Vi-

1242 404 1332 438 detis
1347 404 1442 438 enim
1454 431 1464 445 ‚
1491 416 1562 450 quo
1578 411 1681 449 pacto
1698 417 1739 438 ex
1756 417 1819 445 eo,
1854 405 1937 437 dum
1963 403 2108 449 quidam
2130 402 2231 435 favo-

1242 467 1318 489 rem
1335 462 1370 489 et
1393 455 1545 500 gratiam
1570 456 1780 500 popularem
1806 455 1956 488 dicendo
1980 458 2142 498 captant,
2174 464 2232 486 res

1242 513 1446 551 praesentes
1475 507 1521 539 ad
1549 519 1727 540 summum
1759 506 2012 539 detrimentum
2045 504 2232 548 prolapsae

1243 557 1325 592 sint.
1377 557 1624 592 Necessarium
1643 563 1762 590 autem
1784 557 1964 596 existimo,
1992 556 2149 601 primum
2173 566 2232 588 eo-

1243 620 1345 649 rum,
1372 620 1463 654 quae
1487 609 1578 642 facta
1598 614 1699 648 sunt,
1729 620 1840 652 pauca
1863 609 2037 653 quaedam
2062 605 2235 639 monendi

1244 672 1348 695 causa
1365 666 1538 705 repetere.
1584 658 1797 693 Meministis
1815 656 1941 698 adhuc,
1961 657 2029 691 viri
2039 655 2233 690 Athenien-

1243 724 1317 752 ses,
1345 712 1489 757 quando
1505 710 1711 744 nuntiatum
1734 709 1834 743 vobis
1854 709 1938 749 fuit,
1963 707 2170 753 Philippum
2194 707 2233 740 in

1244 761 1420 803 Thracia,
1455 774 1550 795 anno
1568 759 1697 794 abhinc
1715 760 1821 794 tertio
1843 766 1905 793 aut
1920 766 2068 805 quarto,
2101 756 2234 793 Tichos

1243 813 1425 848 Heraeum
1435 813 1503 860 5⁷²²)
1530 813 1704 846 obsidere.
1767 810 1900 845 Mensis
1923 810 2031 854 igitur
2053 816 2136 844 tunc
2159 815 2236 843 erat

1243 865 1463 909 September.
1526 864 1649 898 Multis
1665 869 1784 896 autem
1802 863 1898 907 apud
1912 874 1976 895 vos
1989 861 2107 895 verbis
2123 860 2236 901 factis,

1243 916 1428 961 multoque
1453 915 1628 953 tumultu,
1668 913 1894 953 decrevistis,
1932 919 1973 946 ut
2000 911 2238 958 quadraginta

1243 967 1407 1000 triremes
1430 967 1711 1005 deducerentur,
1751 970 1786 997 et
1809 969 1987 1010 quotquot
2011 963 2118 996 etiam
2143 963 2238 996 intra

1245 1017 1411 1063 quintum
1436 1023 1471 1050 et
1493 1015 1805 1062 quadragesimum
1830 1027 1964 1047 annum
1990 1015 2126 1055 forent,
2168 1014 2238 1059 ipsi

1246 1069 1323 1102 illas
1341 1069 1640 1107 conscenderent,
1675 1067 1872 1111 eodemque
1896 1066 2029 1099 talenta
2053 1066 2237 1110 sexaginta

1245 1120 1379 1153 tributo
1396 1119 1655 1152 conferrentur.
1708 1117 1759 1150 Ac
1777 1123 1898 1162 postea
1921 1122 2041 1150 tamen
2067 1109 2236 1150 finitoeo

1246 1183 1362 1211 anno,
1402 1170 1602 1215 exactisque
1635 1168 1738 1202 Iunio
1772 1180 1813 1201 ac
1846 1167 1956 1208 lulio,
1996 1167 2056 1201 vix
2090 1169 2237 1201 tandem

1245 1234 1365 1256 mense
1375 1221 1535 1266 Augusto
1548 1246 1558 1261 ,
1583 1220 1735 1264 peractis
1753 1219 1825 1252 iam
1841 1219 1951 1252 initiis
1969 1218 2119 1260 Cereris,
2145 1217 2238 1253 Cha-

1246 1273 1421 1306 rIdemum
1442 1284 1521 1305 cum
1540 1272 1662 1304 decem
1680 1270 1830 1303 navibus
1847 1269 2042 1316 vacuisw),
2075 1276 2111 1303 et
2132 1270 2237 1316 quin-

1247 1336 1315 1369 que
1332 1323 1473 1356 talentis
1487 1322 1625 1366 argenti
1642 1320 1797 1355 misistis.
1850 1320 2046 1366 Postquam
2063 1320 2159 1354 enim
2183 1333 2239 1354 re-

1247 1374 1430 1407 nuntiatus
1453 1373 1520 1406 fuit
1542 1371 1731 1416 Philippus
1756 1378 1962 1415 aegrotare,
2005 1384 2045 1404 ac
2074 1377 2238 1405 mortuus

1247 1437 1340 1464 esse,
1382 1430 1575 1469 utrumque
1607 1422 1703 1455 enim
1735 1422 1935 1461 ferebatur,
1975 1433 2051 1454 non
2084 1422 2238 1466 amplius

1248 1482 1387 1519 tempus
1402 1474 1490 1507 illud
1509 1474 1732 1507 occasionem
1745 1472 1883 1505 ferendi
1899 1472 2022 1506 auxilii
2037 1472 2148 1506 ullam
2164 1485 2239 1507 esse

1249 1526 1337 1566 rati,
1364 1525 1520 1559 studium
1539 1524 1768 1569 apparandae
1793 1523 1930 1564 classis,
1957 1523 2027 1557 viri
2041 1522 2238 1558 Athenien·

1248 1589 1321 1617 ses,
1362 1576 1558 1610 remisistis.
1624 1575 1735 1621 Atqui
1758 1581 1835 1608 erat
1859 1581 1934 1608 tum
1958 1575 2076 1619 ipsum
2098 1582 2239 1621 tempus

1249 1640 1458 1673 summaque
1484 1627 1658 1671 gerendae
1680 1626 1733 1659 rei
1755 1625 1906 1660 occasio.
1973 1626 2011 1659 Si
2033 1626 2128 1660 enim
2152 1634 2239 1661 tunc

1251 1679 1381 1713 auxilia
1401 1691 1442 1712 eo
1459 1678 1694 1718 misissemus,
1720 1678 1868 1722 perinde
1894 1683 1934 1710 ut
1954 1677 2239 1719 decreveramus,

1250 1737 1432 1775 prompte:
1474 1728 1754 1775 haudquaquam
1782 1728 1965 1772 negotium
1989 1727 2057 1763 hoc
2078 1736 2240 1774 tempore

1250 1781 1354 1815 nobis
1378 1779 1545 1815 exhibent
1563 1779 1751 1825 Philippus
1775 1786 1860 1813 tunc
1881 1786 2051 1815 servatus.
2103 1780 2239 1814 Verum

1252 1845 1343 1879 quae
1359 1839 1444 1867 tunc
1466 1839 1543 1865 acta
1562 1839 1664 1872 sunt,
1698 1831 1831 1865 mutari
1859 1837 1964 1876 atque
1987 1832 2089 1865 aliter
2107 1830 2239 1865 habere

1251 1897 1287 1918 se
1310 1896 1405 1917 nunc
1430 1896 1504 1917 non
1528 1888 1688 1928 possunt.
1760 1882 1950 1916 Caeterum
1981 1883 2126 1917 alterius
2154 1883 2239 1917 belli

1251 1936 1397 1980 gerendi
1415 1935 1552 1969 occasio
1571 1934 1746 1980 quaedam
1765 1932 1852 1966 haec
1867 1945 1963 1966 nunc
1978 1935 2146 1975 offertur,
2180 1947 2240 1969 cu-

1252 1987 1305 2020 ius
1339 1986 1452 2031 gratia
1487 1986 1594 2020 etiam
1630 1986 1773 2018 illorum
1807 1985 2026 2019 mentionem
2058 1985 2144 2026 feci,
2195 1998 2240 2020 ne

1251 2038 1367 2079 idem,
1394 2039 1491 2084 quod
1515 2044 1639 2077 antea,
1674 2036 1774 2069 vohis
1798 2036 1968 2070 eveniret.
2027 2037 2109 2082 Quo
2131 2036 2240 2081 igitur

1254 2096 1375 2134 pacto,
1400 2089 1467 2122 viri
1485 2087 1732 2127 Athenienses,
1753 2085 1820 2120 hac
1836 2087 2008 2121 utamur?
2059 2088 2116 2123 Na
2138 2101 2173 2122 m
2192 2090 2246 2122 nii

1252 2140 1335 2175 totis
1352 2140 1487 2174 viribus
1503 2141 1623 2186 quoad
1643 2139 1717 2172 eius
1732 2139 1809 2171 fieri
1824 2145 1959 2183 potest,
1993 2140 2164 2174 auxilium
2185 2147 2241 2175 tu-

1252 2192 1383 2233 leritis,
1409 2191 1572 2225 videbitis
1591 2190 1785 2231 nimirum,
1821 2191 2003 2236 quomodo
2027 2204 2102 2225 non
2125 2192 2239 2234 vobis,

1251 2244 1313 2278 sed
1329 2243 1396 2288 ipsi
1412 2241 1580 2287 Philippo
1602 2248 1714 2275 totam
1740 2239 1909 2276 hactenus
1930 2254 2025 2283 rem,
2051 2249 2239 2289 totumque

1251 2295 1435 2339 negotium
1466 2293 1651 2339 gesseritis.
1716 2293 1940 2327 Paraverant
1968 2306 2052 2328 sane
2075 2293 2241 2340 Olynthii

1252 2347 1372 2391 copias
1390 2358 1430 2379 ac
1449 2347 1542 2379 vires
1559 2345 1752 2391 quasdam,
1787 2358 1900 2391 eoque
1922 2357 1979 2379 res
2001 2346 2075 2391 ipsa
2097 2358 2238 2391 proces-

1251 2404 1363 2438 serat,
1389 2403 1429 2430 ut
1444 2409 1558 2442 neque
1570 2394 1755 2441 Philippus
1771 2403 1893 2429 contra
1912 2397 2007 2441 ipsos
2025 2397 2160 2443 aliquid
2176 2410 2238 2432 au-

1252 2451 1370 2489 deret,
1397 2460 1512 2494 neque
1531 2448 1597 2491 ipsi
1617 2454 1739 2480 contra
1756 2447 1975 2493 Philippum.
2025 2448 2237 2483 Feceramus

1253 2507 1371 2534 autem
1391 2512 1456 2533 nos
1482 2505 1515 2531 et
1539 2499 1590 2531 illi
1612 2505 1736 2532 mutuo
1763 2499 1854 2532 inter
1876 2512 1942 2533 nos
1966 2511 2108 2544 pacem,
2144 2513 2235 2545 quae

1284 2621 1351 2648 5⁷³)
1370 2619 1466 2643 Tichos
1489 2617 1638 2646 Heraeum]
1657 2617 1794 2641 Demosth.
1810 2613 1926 2648 Ἡραῖον
1944 2616 2039 2647 τεῖχος.

282 2633 343 2658 gan.
363 2632 383 2650 s.
404 2631 446 2649 a.:
478 2625 526 2647 Ed.
548 2625 621 2649 1562.
648 2631 697 2647 nee
715 2624 766 2647 diei
786 2624 865 2653 haec,
898 2623 1003 2653 quando
1024 2622 1097 2645 iltius
1118 2627 1198 2651 pere-

281 2660 353 2689 grini
372 2660 473 2683 milites
493 2659 620 2687 vincunt,
650 2659 720 2684 llaec,
733 2659 804 2682 enim
823 2664 894 2681 nunc
912 2658 986 2680 fiunt.
1222 2674 1226 2701 l

243 2704 293 2734 57)
314 2704 386 2727 Haec
405 2701 595 2730 interpretatio
617 2700 642 2723 in
665 2700 712 2724 Ed.
730 2700 802 2723 1547.
823 2701 960 2724 invenitur
979 2700 1019 2723 sic
1043 2699 1194 2729 inscripta:
1223 2708 1225 2720 ι

305 2736 499 2761 Demosthenis
522 2734 692 2765 olynthiaca
711 2734 811 2758 Tertia.

1283 2663 1331 2694 58)
1354 2662 1420 2685 Huic
1440 2660 1498 2683 voci
1519 2659 1544 2682 in
1566 2660 1614 2683 Ed.
1633 2659 1706 2684 1547.
1723 2660 1865 2689 adscripta
1883 2660 1924 2682 est
1943 2661 2008 2683 nota
2026 2659 2157 2688 margia:
2176 2661 2236 2686 Va-

1320 2702 1385 2735 cuas
1404 2694 1514 2724 exponit
1531 2694 1677 2722 Ulpianus,
1697 2694 1722 2716 in
1738 2695 1832 2724 quibus
1845 2694 2009 2717 mercenarii
2027 2688 2108 2724 atque
2128 2696 2235 2720 externi

1317 2731 1420 2755 milites
1440 2734 1488 2759 pro
1508 2728 1721 2751 Atheniensibus
1742 2729 1851 2752 tuerint.
