2351 2990
169 127 239 162 391

171 211 297 256 repetit
314 221 488 244 summam
508 208 792 253 praecedentium
810 205 1020 238 litterarum.
1066 202 1155 236 Sunt

172 263 289 307 itaque
319 263 408 294 duae
441 260 675 293 narrationes.
741 257 861 290 Prima
887 254 1081 288 admodum
1105 260 1155 287 est

172 313 287 346 brevis
319 314 360 345 de
391 312 506 345 officio
531 317 563 344 et
588 311 629 342 de
656 308 882 351 grab‘tudine.
945 304 1066 338 Altera
1093 304 1155 337 ali-

173 365 315 408 quando
335 363 474 406 longior
493 368 542 394 est
558 362 600 393 de
615 359 784 391 Antonio.
841 356 926 389 Item
946 357 987 389 de
1003 369 1066 390 suo
1084 362 1155 389 stu-

172 415 230 445 dio
250 421 283 447 et
301 426 380 447 cura
402 426 465 457 pro
487 411 676 455 republica.
730 409 858 441 Postea
877 408 1021 440 additur
1037 407 1072 439 in
1088 407 1155 439 fine

171 465 286 498 brevis
305 463 504 497 adhortatio
534 473 594 494 seu
619 460 754 504 petitio.

412 551 547 583 Aliud
581 556 910 594 argumentum.

273 619 367 651 Haec
384 619 530 662 epistola
565 618 721 651 continet
746 619 891 651 brevem
913 616 1156 649 narrationem

171 672 212 703 de
236 677 328 703 statu
351 670 454 709 belli,
489 670 584 715 quod
606 670 795 714 gerebatur
816 681 895 702 cum
910 668 1090 708 Antonio,
1125 674 1159 700 et

171 728 220 755 est
235 721 364 765 scripta
382 727 460 765 post
479 732 634 765 pugnam
660 722 703 753 ad
720 720 895 753 Mutinam
908 746 917 760 ‚
952 731 1030 752 cum
1047 719 1159 751 Anto-

170 773 248 805 nius
266 772 334 804 iam
350 772 496 815 fugeret.
548 771 588 804 ln
612 773 679 804 tine
704 771 843 805 subiicit
859 770 1085 815 petitionem,
1120 776 1159 803 ut

171 823 292 856 Cicero
311 823 477 856 defendat
494 822 603 867 ipsius
621 822 773 856 absentis
789 822 1008 866 dignitatem.

322 933 648 977 Argumentum
678 933 905 977 epistolae
934 931 1007 967 XII.

271 1008 439 1043 Narratio
450 1008 517 1054 ⁵⁰),
546 1021 635 1053 quae
653 1009 810 1041 continet
836 1008 1015 1053 quandam
1041 1020 1160 1052 repre-

171 1057 398 1099 hensionem,
432 1061 528 1104 quod
553 1072 675 1103 passus
701 1059 745 1093 sit
772 1059 968 1091 Antonium
995 1059 1160 1102 effugere,

171 1111 275 1144 simul
294 1122 461 1150 monens,
489 1117 528 1143 ut
543 1111 681 1143 studeat
699 1110 901 1154 opprimere
917 1109 1127 1143 Antonium.

384 1193 520 1226 Aliud
549 1199 867 1237 argumentum
880 1193 938 1240 ⁵¹).

273 1262 385 1305 Aegre
411 1262 491 1295 tulit
507 1261 630 1295 Cicero
641 1289 650 1302 ,
679 1263 780 1307 quod
796 1262 976 1296 Antonius
992 1263 1036 1295 ad
1053 1261 1161 1295 Muti-

173 1324 256 1345 nam
274 1313 412 1355 sugatus
430 1325 502 1345 non
526 1313 630 1356 plane
653 1325 839 1356 oppressus
863 1314 989 1346 fuerat.
1040 1311 1161 1357 Itaque

175 1363 275 1408 quasi
293 1363 455 1407 obiurgat
470 1363 621 1396 Brutum
638 1369 786 1407 propter
807 1363 1056 1406 negligentiam
1082 1375 1162 1406 per-

173 1415 343 1458 sequendi
359 1414 578 1454 Antonium,
604 1415 664 1447 sed
690 1420 809 1446 tamen
834 1414 955 1447 scribit
981 1420 1014 1446 et
1037 1414 1164 1446 excitat

173 1465 386 1498 industriam
425 1465 528 1498 Bruti
563 1466 609 1497 ad
645 1465 920 1508 opprimendum
953 1464 1162 1498 Antonium.

174 1515 237 1548 Est
257 1515 363 1559 igitur
377 1513 464 1548 haec
488 1515 634 1559 epistola
662 1515 903 1558 obiurgatoria
929 1528 1008 1548 cum
1034 1513 1163 1548 adhor-

175 1566 309 1599 tatione
329 1566 469 1610 oblique
491 1566 633 1600 inserta.
693 1566 843 1598 Orditur
862 1578 879 1598 a
898 1566 1103 1599 narratione
1122 1566 1163 1598 de

177 1617 327 1660 acceptis
367 1616 513 1656 litteris,
562 1617 618 1649 cui
653 1616 833 1659 subiungit
867 1617 1163 1660 obiurgationem,

178 1667 326 1710 sumptis
361 1668 557 1700 rationibus
593 1679 611 1699 a
647 1668 850 1700 rumoribus
887 1674 921 1700 et
961 1667 1164 1701 testimonio

180 1718 351 1751 Graeceii.
416 1718 587 1762 Epilogus
610 1716 716 1751 hahet
740 1719 1008 1751 translationem
1035 1719 1072 1751 in
1103 1731 1165 1763 po-

181 1768 255 1812 puli
273 1768 505 1809 offensiones,
537 1782 605 1814 qua
623 1769 761 1813 mitigat
779 1769 1078 1813 obiurgationem.

427 1853 561 1886 Aliud
594 1861 920 1898 argumentum.

285 1917 540 1953 Adhortatoria
558 1921 603 1966 52)
636 1928 687 1955 est
719 1922 865 1966 epistola
898 1933 962 1966 per
987 1921 1168 1966 quandam

184 1968 494 2014 reprehensionem
529 1973 729 2014 generalem
754 1973 992 2016 neglectarum
1017 1971 1170 2005 occasio-

185 2033 269 2054 num
290 2022 514 2066 opprimendi
529 2023 724 2056 Antonium
738 2050 747 2063 ,
775 2036 853 2056 cum
872 2037 942 2069 quo
957 2023 1032 2056 sine
1050 2022 1169 2067 aliquo

186 2072 343 2116 periculo
362 2073 501 2117 confligi
520 2074 756 2119 potuisset53).
783 2075 915 2119 Estque
932 2081 1004 2108 tota
1022 2073 1167 2117 epistola

188 2125 363 2167 quaedam
394 2124 574 2163 narratio,
615 2138 705 2169 quae
736 2132 943 2169 argumenta
968 2125 1125 2158 continet
1152 2136 1170 2156 a

187 2173 286 2206 facile
306 2175 347 2207 de
366 2175 523 2207 Antonio
541 2176 796 2220 opprimendo;
830 2176 913 2209 item
934 2176 1174 2215 incommoda,

191 2236 279 2267 quae
295 2232 455 2258 secutura
477 2232 577 2266 sunt,
611 2227 677 2259 nisi
700 2227 815 2260 subito
839 2227 932 2260 illius
956 2225 1065 2260 hostis
1090 2226 1174 2259 viris

190 2275 408 2318 frangantur.
461 2277 569 2310 Addit
585 2284 764 2320 praeterea
787 2279 829 2310 de
849 2277 972 2321 populi
989 2284 1115 2310 natura
1141 2284 1175 2309 et

194 2324 342 2366 iudicio,
369 2328 464 2372 quod
479 2328 614 2360 nullam
637 2326 779 2361 habebit
798 2329 948 2372 gratiam
971 2341 1036 2372 pro
1062 2327 1174 2360 omni-

231 2445 278 2471 50]
299 2444 368 2467 Huic
386 2445 445 2469 voci
462 2445 489 2468 in
508 2446 590 2470 Editt.
612 2446 701 2473 1540..
726 2446 817 2477 5544„
843 2446 934 2477 1554„
957 2446 1029 2470 ¹55⁷.
1054 2447 1176 2476 praefixa

266 2482 329 2501 sunt
348 2479 403 2503 Cic.
422 2481 505 2503 verba
524 2479 564 2511 (§.
583 2481 635 2507 1.):
662 2481 730 2505 Tres
747 2488 802 2504 uno
823 2481 876 2505 die.

231 2521 277 2547 51)
297 2521 353 2543 Hoc
371 2524 556 2551 argumentum
575 2524 601 2546 et
621 2523 671 2546 duo
691 2523 833 2553 sequentia
852 2523 878 2546 ἰιι
896 2522 980 2547 Editt.
1003 2523 1087 2553 1556„
1110 2523 1175 2547 1565

263 2554 379 2577 -1596,
399 2557 514 2578 exstant.

233 2596 280 2623 52)
300 2596 506 2623 Adhortatoria]
531 2597 570 2620 sic
587 2598 670 2622 Editt.
692 2599 780 2629 ¹565„
800 2599 891 2627 1596.;
920 2599 968 2623 Ed.
985 2598 1059 2622 ¹556.
1079 2604 1175 2622 errore

267 2632 393 2660 typogr:
418 2630 596 2661 Adhortaria3
622 2633 668 2655 Ed.
689 2634 762 2657 1571.
782 2633 954 2658 Adam-tatio.

231 2672 280 2700 53)
296 2671 402 2702 confligi
420 2672 568 2702 potuisset]
583 2673 622 2697 sic
635 2675 717 2700 Editt.
728 2676 812 2706 1565..
829 2675 913 2706 1571„
930 2676 1020 2707 ¹596.;
1039 2675 1086 2699 Ed.
1100 2675 1173 2699 1556.

264 2706 410 2737 confligere
429 2707 591 2736 potuissent.

711 118 860 155 ΔΡΗΙΙΛ.
894 116 1007 153 MEL.
1041 115 1241 151 SCRIPTA
1279 116 1613 153 PHtLOLOGICA.

2118 119 2192 156 392

1206 204 1271 238 bus
1286 203 1463 248 praestitis
1488 203 1629 244 officiis,
1662 203 1690 238 si
1716 203 1752 236 in
1776 203 1934 238 Antonio
1958 204 2194 250 opprimendo

1208 267 1281 288 non
1299 255 1417 288 omnia
1434 262 1510 288 acta
1534 255 1666 289 suerint
1688 255 1942 289 studiosissime
1964 262 1998 289 et
2020 256 2195 291 velocissi-

1208 318 1276 339 me.
1328 305 1390 340 His
1413 307 1628 350 argumentis
1643 307 1793 339 Brutum
1814 307 1956 352 oblique
1974 305 2196 348 adhortatur,

1209 363 1246 390 ut
1263 354 1352 389 nihil
1366 358 1627 401 praetermittat
1644 358 1680 390 in
1697 356 1763 391 hoc
1782 358 1923 402 negotio
1942 359 2171 392 conficiendo.

1455 433 1589 467 Aliud
1625 441 1951 478 argumentum.

1311 498 1479 533 Narratio
1498 507 1548 534 est
1566 502 1608 534 de
1626 501 1776 546 acceptis
1791 502 1915 535 litteris
1938 508 1971 534 et
1993 502 2036 534 de
2060 507 2198 535 senten-

1211 549 1257 582 tia
1283 551 1407 595 populi
1429 553 1524 596 quod
1548 552 1737 596 fugientem
1756 553 1952 585 Antonium
1969 552 2101 586 Brutus
2124 564 2199 585 non

1210 601 1327 634 statim
1347 602 1391 635 sit
1407 608 1556 636 secutus.
1614 603 1781 636 Narratio
1806 604 1981 636 clauditur
2004 601 2198 647 epiphone-

1211 658 1303 685 mate
1320 654 1363 685 de
1382 652 1636 696 ingratitudine
1653 660 1686 686 et
1704 654 1825 699 iniquo
1848 654 1977 687 iudicio
1997 654 2102 697 vulgi.
2155 653 2196 686 In

1211 704 1278 735 fine
1304 710 1355 737 est
1378 704 1522 748 obliqua
1551 702 1881 745 adhortatiuncula,
1923 711 1962 737 ut
1990 702 2056 737 hoc
2087 716 2198 738 unuin

1212 761 1328 794 curet,
1356 767 1399 787 ne
1417 755 1569 799 populus
1584 753 1714 788 habeat
1732 755 1888 800 aliquam
1913 753 2199 799 reprehendendi

1212 806 1430 839 occasionem
1443 832 1452 845 ‚
1479 807 1539 839 sed
1559 806 1723 839 omnibus
1739 806 1854 839 modis
1877 806 2005 850 cogitet
2029 808 2071 840 de
2087 808 2199 841 Anto-

1212 857 1272 889 nio
1290 858 1536 902 persequendo
1554 869 1593 890 ac
1612 857 1775 890 delendo.

1435 933 1571 967 Aliud
1605 932 1986 978 argumentumffl).

1314 1000 1377 1033 Est
1392 1001 1479 1034 seria
1500 1001 1679 1040 narratio,
1712 1001 1749 1033 in
1774 1013 1841 1046 qua
1865 998 2095 1044 reprehendit
2110 1000 2201 1034 Bru-

1214 1058 1286 1084 tum
1302 1077 1311 1091 ,
1345 1053 1441 1096 quod
1470 1064 1590 1096 passus
1613 1052 1656 1085 sit
1678 1052 1874 1084 Antonium
1899 1051 2070 1094 effugere,
2104 1064 2200 1084 eum-

1215 1114 1281 1147 que
1310 1108 1451 1141 monet,
1496 1115 1539 1134 ne
1567 1108 1705 1146 partam
1733 1102 1903 1145 gloriam,
1944 1101 1972 1134 si
2004 1102 2200 1145 periculum

1215 1159 1355 1186 auctum
1373 1153 1435 1192 sit,
1464 1152 1616 1186 amittat.

1354 1234 1538 1270 Scholia
1573 1236 1617 1268 in
1646 1235 1883 1279 epistolam
1910 1234 2066 1282 XIII.⁵5).

1319 1310 1348 1355 ξ.
1370 1313 1401 1345 1.
1434 1315 1507 1346 Iam
1525 1323 1589 1345 non
1604 1309 1684 1358 ayo]
1715 1311 1912 1344 Exordium
1931 1323 1949 1344 a
1977 1311 2202 1354 gratitudine.

1215 1365 1318 1407 Sequi
1334 1360 1527 1409 confestim]
1555 1362 1756 1402 Excusatio,
1784 1363 2051 1395 curAntonium
2068 1363 2203 1406 fugien-

1216 1419 1285 1445 tem
1315 1420 1453 1446 secutus
1476 1425 1549 1445 non
1574 1413 1635 1450 sit;
1679 1413 1763 1445 item
1791 1425 1880 1457 quae
1905 1413 2069 1453 tentarit,
2109 1420 2204 1457 post-

1216 1475 1337 1509 quam,
1361 1476 1431 1508 quo
1448 1464 1526 1495 loco
1541 1463 1945 1503 consisteretAntouius‚
1969 1464 2204 1510 cognovitffi).

1321 1514 1351 1558 {-
1375 1513 1409 1547 5.
1460 1516 1524 1548 Vos
1545 1527 1701 1557 muymmz
1726 1512 1895 1560 animum]
1929 1514 2099 1558 Epilogus
2122 1527 2204 1548 con-

1217 1572 1313 1599 stans
1328 1565 1570 1598 consolatione
1590 1570 1624 1597 et
1641 1563 1903 1597 adhortatione.

1516 1638 1907 1684 Argumentumffl).

1320 1706 1530 1750 Purgatoria
1553 1712 1603 1739 est
1619 1705 1779 1749 epistola.
1814 1704 1981 1737 Defendit
1995 1704 2089 1737 enim
2105 1717 2205 1739 suam

1220 1757 1438 1800 diligentiam
1465 1757 1501 1789 in
1518 1757 1676 1789 Antonio
1703 1756 1958 1800 persequendo.
2010 1755 2206 1790 Exordium

1221 1815 1358 1841 constat
1374 1808 1574 1851 captatione
1589 1807 1856 1839 benevolentiae
1874 1818 1891 1838 a
1911 1807 2124 1849 gratitudine
2142 1819 2205 1851 per

1222 1859 1524 1904 praeteritionem.
1590 1858 1756 1903 Sequitur
1782 1858 1885 1900 longa
1910 1857 2094 1898 narratio,
2135 1871 2206 1903 qua

1222 1916 1478 1943 commemorat
1512 1920 1652 1948 causas,
1706 1908 1832 1953 quibus
1868 1907 2056 1951 impeditus
2090 1909 2208 1950 fuerit,

1223 1974 1293 2006 quo
1318 1961 1435 1994 minus
1451 1960 1645 1993 Antonium
1669 1959 1705 1991 in
1729 1959 1809 2001 fuga
1837 1958 2060 2001 oppresserit.
2119 1958 2207 1993 Item

1223 2024 1329 2057 quam
1354 2011 1571 2055 diligentiam
1598 2007 1816 2048 adhibuerit,
1849 2015 1889 2041 ut
1904 2009 2101 2042 Antonium
2128 2022 2207 2054 per-

1224 2069 1449 2108 sequeretur,
1477 2073 1588 2106 usque
1604 2062 1648 2093 ad
1664 2061 1770 2093 finem
1786 2066 1962 2100 recenset,
1998 2060 2034 2092 in
2054 2073 2124 2105 quo
2142 2062 2206 2094 bo-

1225 2126 1308 2146 nam
1328 2126 1425 2157 spem
1442 2112 1524 2145 sacit
1548 2112 1711 2145 omnibus
1735 2112 1777 2144 de
1802 2110 1969 2151 victoria,
1997 2112 2104 2144 modo
2123 2112 2207 2145 viri—

1225 2166 1289 2198 bus
1307 2176 1379 2197 non
1395 2163 1615 2197 destituatur.

1468 2238 1602 2272 Aliud
1631 2244 1957 2281 argumentum.

1327 2305 1555 2338 Excusatoria
1578 2310 1628 2338 est
1646 2305 1814 2348 epistola,
1848 2305 1884 2338 in
1908 2317 1976 2350 qua
2000 2304 2101 2338 diluit
2126 2317 2209 2350 que—

1226 2357 1316 2390 relas
1335 2358 1376 2389 de
1393 2355 1557 2399 neglectis
1583 2356 1825 2390 occasionibus
1851 2356 2076 2400 opprimendi
2096 2357 2206 2389 Anto-

1260 2477 1308 2503 5⁴)
1327 2476 1385 2499 Hoc
1401 2472 1589 2503 argumentum
1607 2472 1704 2496 habent
1723 2472 1806 2496 Editt.
1827 2472 2017 2496 1565-1596.

1260 2519 1308 2545 55)
1327 2517 1389 2540 Met.
1403 2515 1562 2543 argumento
1577 2515 1654 2537 tuitus
1669 2513 2103 2544 epistolaeEditt.1537—1554.‚
2125 2514 2208 2543 1557..

1297 2552 1388 2581 1560.‚
1409 2550 1482 2574 1601.
1503 2550 1606 2572 carent.

1259 2592 1305 2624 56)
1325 2591 1467 2622 cognovit]
1493 2590 1531 2612 sic
1558 2589 1641 2613 Editt.
1656 2590 1862 2620 1537-1544.‚
1884 2589 1974 2618 1554,
1996 2589 2086 2619 1557.;

1297 2627 1387 2655 1545.,
1409 2625 1482 2648 1560.
1501 2624 1638 2653 cognorit.

1259 2670 1306 2698 57)
1324 2670 1382 2692 Hoc
1399 2669 1585 2698 argumentum
1605 2668 1631 2690 et
1650 2666 1701 2691 duo
1721 2665 1862 2697 sequentia
1881 2665 1907 2689 in
1926 2665 2009 2688 Editt.
2028 2666 2101 2691 1556.
2113 2682 2120 2695 ,
2142 2666 2208 2689 1565

1293 2703 1409 2727 -1596,
1431 2701 1612 2731 reperiuntur.

2123 2589 2206 2614 Editt.
