2351 2990
133 110 208 146 365
268 109 390 146 XXIII.
438 108 747 144 ARGUMENTA
765 108 830 143 ET
852 108 1055 144 SCHOLIA
1080 109 1128 146 IN
1150 109 1299 147 EPIST.
1324 111 1437 147 FAM.
1463 109 1547 146 CIC.
1573 109 1662 146 LlB.
1680 109 1721 144 X.
1748 108 1819 143 ΕΡ.
1830 106 2030 144 25.26.27.

130 198 197 231 bus
220 197 428 241 scripserat,
463 208 517 237 se,
553 195 691 229 etiamsi
713 202 919 240 praeturam
945 208 1018 229 non
1042 209 1123 230 con-

132 255 359 294 sequeretur,
386 247 539 280 Romam
555 253 745 280 venturum
764 259 855 287 esse,
883 254 922 280 ut
938 247 1035 280 domi
1051 248 1122 282 suis

132 299 267 333 viveret
291 299 365 332 sine
388 299 467 332 ullis
496 298 672 342 periculis.
743 298 867 331 Cicero
893 297 1122 342 reprehendit

131 348 254 396 hoc⁵⁶)
272 349 456 383 consilium
470 375 479 389 ,
499 355 532 381 ct
548 355 669 382 monet
686 350 804 382 omnia
824 349 890 381 alia
906 349 1120 394 posthaben-

132 402 176 434 da
197 414 287 441 esse,
316 407 354 434 ut
378 401 564 433 excitatam
587 400 728 433 laudem
755 407 952 434 conservet.
1011 400 1118 435 Initio

128 459 313 496 ponuntur
341 452 466 485 breves
495 451 718 485 narrationes
750 452 792 484 de
825 451 951 485 litteris
981 452 1119 493 Furnii,

129 503 256 547 quibus
288 502 386 535 addit
414 502 619 535 liberiorem
652 500 986 546 reprehensionem,
1028 516 1118 549 quae

127 553 410 597 propositionem
428 553 595 587 continet.
627 552 722 586 Haec
739 555 970 587 confirmatur
984 567 1024 587 ex
1039 555 1117 588 loco

126 601 323 638 honestatis
336 631 345 644 ,
373 605 469 650 quod
495 605 574 648 plus
598 604 711 638 laudis
735 605 779 638 sit
796 605 833 637 in
848 617 885 638 re
903 606 992 638 bene
1011 612 1117 649 gesta,

127 667 235 699 quam
260 655 297 687 in
325 662 512 699 praetura;
555 655 639 688 item
671 656 715 688 ab
747 656 938 689 autoritate
961 656 1116 690 Calvisii.

126 704 166 738 In
182 706 249 740 fine
266 707 436 740 admonet
451 707 627 753 quaedam
646 707 689 739 de
708 706 826 741 dilatis
845 707 1007 741 comitiis.

373 782 508 816 Aliud
541 790 873 828 argumentum.

226 849 486 894 Argumentum
510 863 656 894 prorsus
678 851 772 883 idem
796 857 847 884 est
870 863 947 884 cum
973 861 1116 894 praece-

126 901 224 934 denti
243 902 402 945 epistola.
454 902 546 935 Nam
570 908 604 934 et
629 899 685 933 hic
710 902 888 935 dissuadet
900 901 1036 934 Furnio
1054 913 1116 945 pe-

126 952 290 985 titionem
309 958 518 996 praeturae,
545 958 579 984 et
596 949 826 992 adhortatur,
859 959 899 985 ut
922 952 1115 996 rempubli-

124 1015 219 1043 cam,
248 1009 421 1047 quantum
445 1002 576 1046 possit,
601 1002 769 1036 adiuvare
792 1009 928 1047 pergat.
979 1002 1115 1036 Princi-

121 1053 183 1097 pio
201 1059 386 1097 ponuntur
403 1054 526 1086 breves
542 1053 765 1087 narrationes
782 1055 825 1087 de
841 1053 966 1087 litteris
978 1053 1114 1087 Furnii.

121 1103 260 1137 Deinde
279 1104 440 1148 sequitur
455 1101 705 1147 reprehensio,
731 1117 821 1150 quae
838 1111 978 1149 sumpta
1000 1111 1051 1138 est
1074 1117 1114 1138 ex

123 1154 280 1188 eiusdem
323 1155 449 1188 litteris
499 1155 541 1186 de
590 1155 782 1198 cupiditate
832 1156 943 1189 nimia
994 1162 1114 1200 peten-

122 1206 188 1238 dae
210 1211 410 1250 praeturae.
469 1204 644 1249 Obiurgat
665 1205 766 1246 ideo,
800 1207 896 1251 quod
914 1207 1113 1250 scripserat,

121 1268 157 1290 se
174 1268 281 1302 quam
298 1256 454 1300 primum
473 1256 619 1288 domum
636 1256 834 1289 rediturum
853 1259 990 1291 deserto
1008 1257 1113 1290 bello.

120 1307 230 1340 Ratio
251 1306 508 1350 obiurgationis
530 1318 571 1339 ex
588 1304 738 1340 honesto
757 1307 906 1351 figurata
931 1314 982 1341 est
1008 1308 1113 1340 colla-

122 1358 220 1391 tione
244 1358 337 1391 illius
360 1358 492 1397 laudis,
526 1369 617 1402 quae
645 1370 686 1390 ex
711 1358 816 1391 rebus
843 1359 946 1402 gestis
963 1359 1001 1391 in
1019 1359 1111 1391 bello

122 1421 188 1452 pro
205 1408 383 1452 republica
401 1408 552 1452 petitur,
580 1415 613 1441 et
636 1420 726 1453 quae
749 1421 790 1442 ex
814 1409 984 1453 petitione
1011 1422 1112 1454 prae-

122 1466 235 1493 turae.
304 1458 491 1492 Conclusio
524 1456 632 1491 habet
664 1459 912 1502 repetitionem
947 1461 1111 1504 obiurga-

121 1510 228 1544 tionis
243 1509 590 1549 sententiaeFurnii‚
615 1510 735 1542 addita
753 1510 1009 1554 significatione
1024 1518 1111 1544 tem-

118 1560 217 1605 poris
240 1560 485 1599 comitiorum
528 1559 611 1592 item
635 1560 735 1593 brevi
758 1559 1029 1602 adhortatione,
1071 1568 1111 1596 ut

119 1624 154 1645 se
182 1611 296 1655 ipsum
321 1623 488 1655 superare
516 1612 728 1651 contendat,
762 1618 796 1645 et
817 1619 962 1656 pergat,
989 1625 1111 1658 quem-

118 1662 314 1695 admodum
335 1659 505 1695 hactenus
526 1661 720 1706 feceritffl),
762 1664 882 1696 omnia
904 1664 1019 1697 facere
1043 1676 1108 1709 pro

116 1712 309 1757 republica.

364 1786 498 1821 Aliud
526 1795 855 1832 argumentum.

217 1855 402 1900 Principio
419 1862 501 1889 sunt
517 1856 743 1890 narrationes
767 1863 928 1901 sumptae
954 1870 995 1890 ex
1016 1858 1108 1891 litte-

118 1908 167 1942 ris
181 1907 319 1942 Furnii.
373 1906 511 1939 Deinde
534 1907 694 1952 sequitur
717 1906 945 1952 reprehensio
970 1910 1107 1943 consilii

116 1959 243 1994 Furnii
260 1958 410 1992 volentis
424 1958 462 1990 in
476 1958 575 1991 brevi
587 1958 740 1991 Romam
759 1959 874 1992 redire
891 1966 924 1992 et
940 1959 1106 1994 interesse

118 2010 286 2048 comitiis;
315 2015 436 2054 estque
463 2008 581 2041 addita
611 2009 807 2042 confutatio
832 2010 932 2044 istius
956 2012 1105 2046 consilii.

117 2062 262 2096 Summa
279 2058 565 2104 reprehensionis
585 2067 654 2100 est,
683 2061 779 2105 quod
795 2058 949 2095 honores
971 2074 1105 2103 omnes,

119 2126 207 2159 quos
232 2111 401 2145 hactenus
430 2123 471 2144 ex
496 2111 589 2143 bello
614 2118 820 2145 consecutus
852 2112 916 2152 sit,
957 2113 1104 2147 omnino

118 2164 255 2197 amittet
285 2174 346 2195 sua
378 2162 603 2195 festinatione
628 2162 815 2196 ambitiosa
841 2164 1013 2197 redeundi
1043 2166 1105 2198 do-

115 2227 214 2248 mum
234 2220 267 2246 et
281 2212 424 2257 petendi
440 2219 655 2256 praeturam.
707 2212 877 2257 Epilogus
898 2213 1005 2248 habet
1026 2216 1104 2249 bre-

115 2278 195 2299 vem
213 2263 504 2308 significationem
523 2265 565 2297 de
581 2264 711 2298 iudicio
729 2264 873 2299 Calvisii
889 2272 922 2299 et
946 2267 989 2300 de
1010 2267 1102 2301 futu-

113 2316 161 2350 ris
184 2314 346 2349 comitiis.

326 2389 459 2422 Aliud
493 2392 877 2440 argumentumffi).

214 2457 322 2502 Quod
339 2458 383 2490 ad
399 2469 573 2491 summam
602 2460 802 2504 argumenti
825 2461 970 2502 attinet,
1005 2461 1098 2495 idem

115 2515 165 2543 est
180 2521 260 2542 cum
278 2508 460 2553 superiore
479 2509 625 2552 epistola
639 2536 649 2551 ,
680 2511 749 2545 nisi
773 2512 871 2556 quod
896 2510 954 2545 hic
980 2513 1099 2546 obiur-

146 2620 195 2647 56)
213 2619 277 2647 hoc]
296 2618 335 2642 sic
354 2617 436 2641 Editt.
450 2617 541 2644 ¹565..
562 2616 653 2648 ¹571„
674 2618 765 2650 1596.;
788 2620 837 2645 Ed.
858 2619 932 2644 1556.
951 2618 987 2644 id.

146 2661 193 2688 57)
212 2661 322 2689 feeerit]
343 2660 407 2684 ittae
426 2660 510 2683 Editt.
530 2659 603 2684 fecit.

144 2704 192 2731 58)
211 2704 269 2727 Eoo
285 2704 475 2734 argumentum
493 2702 592 2725 habent
610 2701 693 2725 Editt.
714 2703 908 2728 1565—1596.

2092 107 2165 140 366

1178 205 1235 242 gat
1257 199 1384 233 Furnii
1410 198 1668 237 temeritatem,
1712 196 1772 242 qui
1800 194 2059 239 imprudentius
2081 194 2165 226 scri-

1173 257 1292 294 pserat
1307 263 1342 284 se
1359 252 1581 284 deserturum
1600 248 1717 293 potius
1733 247 1954 291 provinciam
1966 272 1974 285 ,
2004 257 2109 290 quam
2127 250 2166 277 ut

1173 308 1340 345 praetura
1367 308 1494 335 careat.
1561 300 1651 333 Eam
1675 311 1797 332 vocem
1822 295 1986 330 nonnihil
2010 295 2163 339 exagitat

1173 352 1318 393 Cicero,
1346 354 1404 386 sed
1424 353 1513 385 mira
1530 351 1721 390 modestia,
1748 356 1781 382 et
1800 349 1885 381 dicit
1909 348 1987 391 plus
2010 347 2162 390 dignita-

1172 403 1215 437 tis
1231 417 1272 436 ex
1288 416 1326 437 re
1342 405 1431 437 bene
1448 410 1541 448 gesta
1552 430 1561 444 ,
1590 415 1697 450 quam
1715 413 1756 435 ex
1773 406 1940 446 praetura
1957 403 2162 431 consecutu-

1171 467 1251 488 rum
1268 455 1455 489 Furnium.

1305 557 1490 593 Scholia
1527 557 1573 590 in
1609 555 1856 601 epistolam
1884 549 2024 585 XXVII.

1274 633 1304 678 §-
1325 635 1356 668 1.
1386 636 1479 675 Quod
1492 631 1595 680 mihi]
1622 629 1910 666 Narratiuncula.
1988 627 2090 660 Pacis
2105 626 2162 658 in-

1169 691 1222 719 {er
1250 683 1353 732 cives]
1383 683 1637 729 Concessio59).
1713 685 1834 716 Pacem
1858 677 1984 724 eamffl)
2011 675 2062 723 si]
2090 675 2159 708 Re-

1169 734 1359 780 prehensio
1376 747 1416 768 ex
1430 735 1526 779 pacis
1542 734 1727 768 simulatae
1752 729 1999 764 incommodis.

1273 785 1303 831 ἓ.
1329 789 1364 821 2.
1406 789 1522 831 ltaque
1546 781 1751 831 sapientius]
1791 781 1962 826 Epilogus
1993 782 2157 811 constans

1169 838 1269 871 brevi
1286 835 1548 871 adhortatione.

1472 918 1862 967 Argumentumffl).

1269 990 1425 1036 Lepidus
1451 1002 1543 1024 unus
1569 996 1645 1023 erat
1669 1001 1711 1022 ex
1731 988 1792 1028 iis,
1821 985 1882 1032 qui
1900 980 2156 1027 rempublicam

1169 1055 1209 1075 ex
1236 1049 1378 1076 senatus
1402 1041 1576 1075 sententia
1599 1046 1721 1074 contra
1747 1037 1943 1071 Antonium
1970 1033 2156 1067 defendere

1167 1094 1361 1133 debebant,
1385 1100 1418 1126 et
1434 1106 1513 1127 cum
1526 1119 1535 1133 ‚
1562 1099 1602 1126 ut
1617 1103 1722 1135 supra
1741 1089 1886 1134 epistola
1906 1087 1939 1120 6.
1956 1084 2060 1118 huius
2076 1082 2158 1116 libri

1167 1145 1348 1185 auditum,
1376 1144 1569 1189 scripsisset
1584 1144 1629 1176 ad
1645 1148 1805 1176 senatum
1828 1141 1869 1172 de
1893 1137 2052 1170 facienda
2075 1146 2156 1167 cum

1165 1196 1324 1229 Antonio
1342 1207 1440 1239 pace,
1465 1195 1501 1228 in
1518 1194 1754 1239 suspicionem
1773 1191 1882 1230 venit,
1910 1188 2006 1234 quod
2023 1188 2157 1242 faveret

1166 1247 1326 1291 partibus
1340 1246 1567 1279 Antonianis.
1627 1244 1749 1289 Itaque
1775 1254 1814 1275 ea
1841 1239 2012 1275 sententia
2035 1237 2156 1293 multis

1166 1298 1280 1330 modis
1308 1297 1516 1340 displicebat
1540 1296 1697 1334 senatui,
1730 1292 1963 1337 inprimisque
1980 1289 2156 1344 Ciceroni,

1166 1348 1227 1393 qui
1244 1348 1280 1380 in
1296 1345 1362 1380 hac
1380 1347 1528 1392 epistola
1552 1359 1632 1379 eum
1659 1346 1830 1379 absterret
1854 1343 1897 1375 ab
1920 1354 1958 1374 ea
1982 1345 2155 1374 sententla

1165 1405 1337 1444 tanquam
1354 1396 1539 1432 inhonesta
1567 1404 1601 1430 et
1624 1396 1741 1429 inutili
1758 1394 1983 1439 reipublicae.
2037 1390 2077 1423 In
2097 1401 2154 1422 ex-

1166 1450 1268 1483 ordio
1301 1462 1382 1483 eum
1418 1448 1683 1494 ingratitudinis
1707 1452 1847 1480 accusat
1872 1456 1953 1488 erga
1979 1448 2153 1476 senatum.

1165 1500 1302 1534 Deinde
1319 1507 1370 1534 est
1387 1498 1617 1545 reprehensio
1644 1497 1780 1531 consilii
1805 1498 1846 1530 de
1871 1495 2032 1529 facienda
2054 1503 2153 1537 pace,

1165 1558 1302 1585 constat
1326 1549 1394 1584 hoc
1416 1549 1695 1596 enthymemate:
1738 1546 1949 1582 Conciliatio
1973 1544 2068 1589 pacis
2093 1554 2154 1575 ne-

1164 1615 1231 1648 que
1247 1601 1417 1643 honesta,
1451 1614 1567 1647 neque
1591 1601 1686 1634 utilis
1711 1606 1779 1640 est,
1813 1611 1896 1643 ergo
1921 1597 1964 1629 ab
1989 1594 2154 1628 omnihus

1164 1654 1407 1700 improbatur,
1448 1666 1513 1688 nec
1542 1652 1764 1698 suscipienda
1797 1657 1858 1686 est.
1923 1647 1964 1681 In
1999 1648 2067 1680 fine
2103 1650 2153 1678 est

1163 1705 1348 1751 praecisio.

1409 1788 1545 1822 Aliud
1580 1792 1909 1832 argumentum.

1262 1856 1334 1890 Pro
1359 1857 1523 1890 maximis
1557 1856 1790 1901 plurimisque
1821 1852 1956 1886 meritis
1986 1851 2023 1883 in
2057 1861 2149 1882 rem-

1161 1907 1338 1951 publicam
1371 1914 1485 1941 statua
1518 1908 1689 1952 equestris
1720 1907 1884 1939 inaurata
1908 1905 2046 1936 decreta
2074 1905 2149 1933 erat

1161 1957 1317 2002 Lepido,
1343 1959 1432 1992 sicut
1449 1965 1500 1992 est
1516 1959 1552 1990 in
1569 1956 1603 1991 5.
1618 1956 1829 2001 Philippica.
1888 1955 1960 1987 Pro
1984 1951 2051 1985 hoc
2073 1963 2148 1984 ma-

1159 2009 1254 2042 ximo
1272 2007 1409 2042 honore
1424 2009 1537 2042 nullas
1554 2015 1673 2052 egerat
1689 2008 1818 2052 gratias
1835 2003 2148 2047 senatuiLepidus.

1160 2060 1279 2105 Quare
1303 2061 1347 2093 ob
1375 2072 1451 2093 eam
1477 2073 1551 2093 rem
1576 2057 1632 2092 hic
1653 2057 1882 2103 reprehendit
1900 2056 2024 2089 Cicero
2042 2053 2147 2098 Lepi—

1159 2112 1255 2145 dum.
1319 2111 1457 2144 Deinde
1482 2111 1634 2144 maxime
1658 2110 1837 2154 improbat
1861 2108 1934 2141 eius
1960 2106 2146 2140 consilium

1158 2163 1199 2195 de
1221 2163 1485 2207 pacificatione,
1520 2163 1561 2195 de
1595 2174 1665 2207 qua
1700 2168 1751 2195 est
1782 2161 1819 2193 in
1851 2160 1908 2193 13.
1932 2156 2143 2200 Philippica.

1157 2214 1247 2247 Sunt
1270 2214 1390 2259 itaque
1412 2212 1479 2247 hae
1502 2219 1620 2258 partes
1645 2210 1750 2246 huius
1776 2211 1955 2256 epistolae.
2019 2208 2143 2241 Primo

1155 2265 1233 2298 loco
1250 2265 1396 2310 ponitur
1413 2265 1678 2298 narratiuncula
1689 2290 1698 2303 ,
1726 2275 1816 2309 quae
1831 2260 1937 2294 habet
1953 2257 2144 2303 reprehen—

1155 2316 1291 2350 sionem
1307 2328 1458 2360 magnae
1475 2314 1751 2360 ingratitudinis.
1794 2313 1932 2346 Deinde
1946 2311 2049 2343 affert
2062 2322 2143 2343 cau-

1154 2379 1228 2408 sas,
1266 2380 1375 2413 quare
1398 2367 1471 2402 eius
1498 2367 1683 2400 consilium
1709 2367 1751 2398 de
1779 2376 1863 2409 pace
1886 2375 1965 2396 cum
1981 2361 2140 2394 Antonio

1152 2419 1312 2452 facienda
1336 2419 1515 2464 improbet
1536 2430 1574 2450 ac
1599 2418 1754 2450 damnet.
1820 2415 1956 2449 Ultimo
1981 2414 2059 2447 loco
2090 2419 2140 2446 est

1184 2550 1231 2582 59)
1252 2551 1419 2580 Concessio]
1438 2551 1478 2575 sic
1496 2551 1801 2584 Editt.1537—1544.,
1821 2553 1912 2582 1554.‚
1933 2551 2023 2579 1557.,
2045 2550 2136 2579 1560.;

1218 2587 1266 2610 Ed.
1283 2587 1357 2610 1545.
1377 2586 1534 2610 Conclusio.

1182 2629 1231 2656 60]
1251 2629 1353 2654 Pacem
1372 2630 1447 2657 eam]
1466 2629 1505 2652 sic
1525 2629 1588 2652 illae
1607 2629 1690 2655 Editt.
1711 2632 1738 2654 et
1756 2631 1809 2659 αις
1828 2631 1877 2654 Ed.
1900 2631 1985 2654 Orell.
2008 2631 2088 2654 Eam.

1182 2672 1229 2700 61)
1250 2673 1307 2695 Hoc
1325 2672 1513 2701 argumentum
1532 2673 1559 2696 et
1582 2673 1632 2698 duo
1652 2674 1794 2704 sequeutia
1812 2674 1840 2698 in
1857 2674 1942 2699 Editt.
1963 2673 2048 2698 1556„
2070 2672 2134 2696 1565

1216 2706 1333 2729 -1596,
1351 2705 1511 2730 afferuntur.
