2351 2990
101 115 177 152 665
248 115 371 152 XXXI.
414 116 702 153 ENARRATIO
724 116 853 152 LIBRI
878 118 921 153 X.
943 117 1338 155 INSTITUTIONUM
1363 120 1663 157 ORATORIAR.
1691 123 2001 169 QUINTILIAM.

98 202 334 248 interspersas
350 215 508 247 gemmas
523 209 558 236 et
572 204 703 244 stellas,
729 210 763 237 et
780 211 831 238 est
850 205 952 251 quasi
966 205 1095 239 biblio-

98 252 199 288 theca
222 255 383 288 omnium
402 254 627 298 superiorum
643 253 942 300 philosophorum
955 284 964 297 ,
992 263 1026 290 et
1044 263 1096 290 est

97 304 334 346 methodicus,
348 304 456 339 habet
473 306 577 339 etiam
594 300 788 341 sententias
807 309 978 354 quasdam
998 320 1095 352 egre-

98 357 184 401 gias.
240 357 350 391 Stoici
365 369 439 390 non
456 365 754 401 argumentantur
774 360 819 392 ad
845 360 999 392 formam
1026 359 1094 405 syl-

97 408 316 452 logisticam,
364 409 424 442 sed
454 408 606 450 sorices,
656 410 694 443 in
728 410 855 455 quibus
884 411 963 456 quis
992 411 1094 444 facile

97 466 216 505 potest
233 460 359 504 decipi.
410 459 598 494 Lucretius
623 468 674 494 est
698 462 806 505 paulo
834 462 998 506 superior
1014 462 1094 495 Vir-

98 511 197 555 gilio.
246 511 339 544 Ante
356 510 545 554 Virgilium
562 512 700 546 nullum
716 513 782 546 fuit
796 514 992 558 perfectum
1010 526 1095 558 poe-

97 574 169 597 ma.
222 560 306 595 Ideo
320 562 473 595 multum
487 563 554 596 fuit
569 564 601 596 ei
617 564 870 598 laborandum.

201 611 231 656 ἓ.
251 613 311 647 86.
338 612 503 661 Propior]
520 615 621 660 quasi
642 616 789 649 diceret:
815 616 987 659 Virgilius
1004 616 1093 648 adeo

97 664 254 705 excellit,
280 671 320 698 ut
336 665 455 698 nullus
480 673 601 709 postea
626 667 671 700 sit
694 673 871 701 assecutus
890 666 1093 710 Virgilium.

99 714 323 763 cesserimus]
340 716 471 749 scilicet
486 729 551 751 nos
561 717 693 752 Latini.
745 716 1006 764 Laborandum]
1029 718 1094 751 sci-

95 766 178 799 licet
195 773 345 811 propter
362 767 512 802 Latinae
528 769 670 813 linguae
690 770 930 813 asperitatem.
996 770 1093 802 Emi-

97 816 272 865 nentibus]
302 819 434 852 scilicet
452 819 663 854 Homericis.
740 816 973 866 Aequale‘tate]
1001 819 1093 852 scili-

97 875 151 902 cet
174 870 438 915 aequabilitate.
490 871 567 915 Ego
590 878 677 916 puto
698 871 961 915 Quintilianum
986 871 1092 904 suisse

96 927 226 953 natura
243 933 387 964 gravem
409 928 441 954 et
460 923 637 956 tetricum.
688 920 844 967 Ideoque
863 922 1012 967 aequior
1027 922 1093 955 Ca-

96 971 186 1007 tullo
210 978 278 1011 est,
307 985 413 1017 quam
431 972 583 1013 Ovidio‚
620 973 681 1019 qui
705 974 772 1006 fuit
794 973 971 1007 lascivior.
1033 973 1093 1006 Se-

95 1034 182 1054 neca
203 1029 255 1055 est
272 1023 472 1057 laudandus
490 1025 671 1068 partibus,
698 1022 766 1057 hoc
785 1031 854 1064 est,
883 1023 990 1057 habet
1015 1037 1093 1058 sen-

95 1072 225 1106 tentias
246 1074 419 1117 optimas,
446 1076 507 1108 sed
525 1082 640 1109 totum
660 1088 788 1120 corpus
807 1088 881 1108 non
908 1074 1092 1114 cohaeret;

94 1125 155 1158 sed
174 1123 326 1158 Ovidius
343 1132 438 1159 totus
456 1132 505 1159 est
524 1127 743 1166 laudandus,
778 1133 872 1160 totus
890 1127 955 1159 fuit
972 1134 1093 1172 poeta,

95 1181 130 1208 et
159 1172 266 1208 habet
298 1177 453 1220 optimos
478 1184 595 1221 gestus
618 1178 656 1211 111
684 1178 755 1211 51115
779 1178 1023 1222 poematibus,
1059 1185 1094 1211 et

96 1226 230 1271 optime
250 1227 428 1272 disponit,
456 1241 530 1261 non
547 1235 599 1262 est
616 1230 818 1262 laudandus
845 1230 1026 1273 partibus,
1053 1237 1093 1263 ut

93 1275 153 1311 hic
171 1278 266 1311 dicit.

200 1327 230 1372 ἓ.
249 1329 309 1364 87.
336 1328 456 1377 Alter]
484 1330 616 1364 scilicet
633 1330 766 1365 Macer.

94 1378 294 1413 Lucretius.

202 1429 232 1474 ἓ.
250 1431 309 1464 88.
338 1430 508 1478 Ennium]
537 1431 764 1480 Ovidit1s42):

264 1490 377 1519 Ennius
399 1491 515 1528 ingenio
539 1492 712 1530 maximus‚‘
734 1497 797 1521 arte
821 1492 911 1521 rudis.

94 1541 234 1576 Ennius
251 1554 325 1575 non
347 1549 397 1575 est
413 1543 548 1583 bonus,
576 1545 635 1577 sed
652 1550 772 1577 tamen
788 1544 899 1577 multa
917 1544 1012 1576 bona
1030 1541 1094 1575 ha-

94 1594 165 1628 bet.
225 1591 409 1641 Lascivus]
438 1594 569 1628 scilicet
584 1595 645 1641 qui
664 1595 813 1629 effundit
829 1595 948 1629 varios
965 1600 1094 1639 gestus,

96 1652 130 1678 et
160 1645 274 1678 utitur
309 1646 430 1679 multis
462 1646 595 1680 deliciis
628 1647 664 1679 in
698 1647 897 1681 scribendo.
960 1646 1092 1679 Seneca

94 1697 257 1741 partibus
273 1697 453 1737 laudatur,
477 1698 615 1731 etiamsi
633 1704 747 1732 totum
767 1710 896 1742 corpus
909 1710 985 1730 non
1002 1698 1093 1731 mul-

95 1755 172 1782 tum
192 1749 282 1781 adeo
301 1750 430 1782 valeat.

199 1798 230 1844 §.
247 1799 308 1834 89.
347 1802 444 1834 Rem·
463 1799 620 1848 yeneris]
658 1800 790 1834 scilicet
810 1799 957 1844 proprie
980 1800 1094 1845 loqui,

95 1851 209 1884 vitare
227 1851 361 1885 alienas
379 1852 521 1895 figuras.

200 1900 230 1946 ἓ.
257 1902 318 1937 91.
361 1905 448 1945 Quia
473 1900 731 1949 Germanicum]
765 1901 944 1935 Laudavit
968 1902 1094 1935 Domi-

96 1953 235 1987 tianum
258 1961 481 1999 praesentem
502 1954 724 1998 temporibus
742 1953 968 1998 Quintiliani.
1023 1954 1094 1986 Vo-

96 2004 164 2037 luit
188 2005 294 2038 etiam
320 2006 493 2051 appellari
511 2005 766 2044 Germanicus,
800 2017 873 2037 non
898 2006 995 2050 quod
1020 2006 1094 2039 eius

98 2057 227 2095 ductu,
249 2058 309 2090 sed
328 2058 401 2091 eius
419 2064 581 2101 tempore
600 2056 659 2089 illa
679 2056 769 2089 bella
789 2063 883 2100 gesta
903 2063 997 2090 suut.
1033 2057 1093 2090 Al-

97 2113 151 2140 ter
169 2106 402 2142 Germanicus
418 2109 485 2142 fuit
510 2109 666 2153 optimus
689 2113 794 2152 poeta
819 2114 853 2140 et
875 2114 1019 2150 orator,
1054 2116 1094 2142 ut

98 2171 178 2192 cum
194 2159 337 2203 optimis
354 2160 427 2193 istis
444 2160 665 2204 temporibus
680 2159 726 2193 sit
744 2165 984 2203 comparatus.

202 2207 232 2253 ᾗ.
252 2209 312 2244 93.
337 2209 487 2259 Satyra]
518 2212 650 2245 scilicet
675 2211 711 2243 in
739 2222 808 2256 qua
825 2208 1094 2255 reprehendun-

96 2267 155 2295 tur
172 2273 291 2295 mores
308 2260 510 2297 hominum.

201 2310 231 2356 ἓ.
250 2312 310 2347 94.
337 2312 452 2361 Salis]
481 2314 613 2348 scilicet
629 2314 718 2348 salse
736 2313 926 2346 dictorum.
979 2315 1094 2347 Hora-

96 2361 185 2411 tius]
212 2363 354 2398 Laudat
376 2372 549 2410 tanquam
572 2366 786 2411 satyricum,
820 2376 895 2397 non
920 2370 1092 2409 tanquam

95 2421 254 2459 poetam.
333 2415 467 2464 Purus]
493 2416 625 2450 scilicet
640 2417 678 2449 in
694 2416 852 2461 epistolis
869 2422 903 2448 et
922 2416 1094 2448 orationi-

94 2467 174 2501 bus.
252 2469 360 2502 Hodie
380 2466 526 2516 quoque]
553 2475 641 2513 puto
667 2480 748 2502 eum
773 2467 970 2511 intelligere
993 2466 1094 2500 Iuve-

95 2518 228 2552 nalem.

203 2567 234 2614 §-
252 2569 313 2604 96.
339 2568 489 2618 Epodos]
518 2571 651 2605 scilicet
666 2570 809 2604 Horatii
824 2582 958 2604 versus.
998 2569 1094 2614 Epo-

98 2620 163 2654 dus
179 2621 223 2655 ab
241 2619 299 2657 ἐπὶ
315 2619 379 2655 καὶ
403 2619 506 2668 ὠδή·
543 2620 711 2670 ἐπᾴδειν,
748 2622 922 2656 accinere.
982 2621 1093 2666 Epos,

820 1328 939 1378 Alter]
961 1332 1094 1365 scilicet

131 2729 180 2760 42)
200 2729 279 2756 ovid.
299 2730 383 2755 'rx-ist.
403 2731 437 2763 11,
456 2731 517 2758 424.

2075 129 2149 164 666

1149 204 1217 239 1106
1238 212 1307 247 est,
1336 207 1456 240 addita
1474 208 1604 242 cantio.
1657 208 1775 253 Epodi
1800 211 1967 246 dicuntur
1992 213 2044 246 illi
2070 226 2149 248 ver-

1149 270 1226 298 sus,
1254 257 1382 303 quibus
1400 259 1586 306 accedit¹¹³)
1607 260 1753 294 brevior
1771 274 1904 296 versus.

1252 307 1282 353 ἓ.
1298 309 1359 343 97.
1387 309 1549 358 Summa]
1578 323 1612 344 es
1632 310 2051 357 istnichtaussgemacht.
2079 316 2149 350 Ne-

1149 371 1241 393 cesse
1265 366 1315 394 est
1339 374 1516 394 summam
1541 362 1646 395 fuisse
1673 363 1884 408 elegantiam
1907 365 2065 399 Graecae
2091 380 2149 400 co-

1148 411 1323 446 moediae.
1345 412 1475 446 Varius
1493 413 1792 459 scripsitAugusti
1809 416 2045 461 temporibus.
2075 418 2149 451 To-

1148 468 1248 506 gatae
1266 463 1406 497 fabulae
1427 465 1607 505 dicuntur,
1636 466 1672 498 in
1690 467 1818 512 quibus
1834 474 2045 512 argumenta
2065 476 2149 503 sunt

1148 513 1333 553 Romana;
1375 515 1542 559 palliatae
1570 528 1676 557 vero,
1719 518 1756 550 in
1783 519 1912 564 quibus
1937 527 2148 563 argumenta

1147 571 1229 597 sunt
1245 565 1394 600 Graeca.
1446 565 1675 611 Thucydides
1692 575 1743 602 est
1761 569 1896 613 gravis,
1925 571 2146 614 splendidus,

1148 621 1182 647 et
1196 616 1418 650 felicissimus
1434 618 1471 650 in
1491 620 1708 661 exponendis
1728 621 1894 655 consiliis.
1930 622 2026 655 Haec
2043 623 2143 657 nullo

1146 668 1255 699 modo
1273 674 1355 700 sunt
1373 668 1409 700 111
1427 668 1605 703 Sallustio.
1660 669 1700 702 111
1722 672 1887 705 omnibus
1910 674 2047 708 artibus
2067 675 2146 719 plu-

1146 729 1202 750 res
1226 725 1309 751 sunt
1333 725 1475 753 autores
1500 720 1647 760 Graeci,
1689 735 1795 767 quam
1821 723 1957 758 Latini.
2023 724 2148 760 Livius

1147 775 1197 801 est
1223 769 1388 810 uberior,
1430 783 1537 816 quam
1561 772 1653 805 ullus
1677 773 1921 815 Graecorum,
1961 789 2050 821 quos
2076 790 2145 811 nos

1145 820 1328 854 babemus.
1380 822 1584 855 Herodotus
1604 830 1654 856 est
1670 825 1788 858 suavis
1805 832 1838 858 et
1854 827 1994 867 mollis,
2023 827 2147 862 Livius

1147 872 1396 916 confragrosus
1412 880 1445 906 et
1462 874 1617 917 grandis.

1249 922 1279 967 ξ.
1299 925 1383 958 104.
1416 924 1598 973 Superest]
1634 926 1738 959 Multi
1763 933 1891 971 putant
1916 941 1991 962 esse
2013 928 2147 962 Corne-

1146 974 1233 1007 lium
1253 975 1418 1009 Tacitum
1433 1003 1442 1016 ,
1471 977 1532 1021 qui
1552 984 1645 1010 certe
1671 978 1755 1012 satis
1780 979 1936 1022 tragicus
1959 986 2009 1013 est
2030 980 2068 1013 111
2095 981 2148 1013 di-

1147 1027 1281 1066 cendo,
1310 1027 1447 1071 gravis,
1474 1029 1638 1071 grandis,
1664 1036 1815 1074 vagatur
1833 1031 1977 1064 interim
1994 1032 2148 1075 longius,

1147 1084 1181 1110 et
1193 1084 1275 1110 sunt
1286 1078 1464 1112 interdum
1478 1078 1709 1125 hyperbolae,
1728 1088 1762 1114 et
1774 1083 2073 1126 amplificationes
2087 1084 2148 1116 ab·

1147 1130 1339 1169 surdiores,
1355 1131 1463 1164 satius
1480 1132 1602 1165 suisset
1619 1144 1698 1165 eum
1717 1133 1822 1166 fuisse
1838 1134 2146 1180 propriore1n⁴3a).

1146 1179 1269 1225 Longe
1302 1188 1352 1214 est
1379 1182 1472 1215 insra
1500 1182 1643 1216 Livium
1676 1185 1883 1228 ponendus,
1928 1187 1995 1219 fuit
2026 1186 2147 1219 minor

1147 1239 1234 1265 natu
1259 1232 1498 1277 Quintiliano.
1557 1235 1647 1267 Aula
1678 1242 1728 1268 est
1756 1235 1949 1280 impatiens
1975 1238 2146 1272 veritatis.

1146 1283 1260 1316 Exeat
1277 1285 1378 1324 aula,
1407 1285 1467 1330 qui
1490 1286 1565 1319 vult
1589 1298 1661 1319 esse
1689 1287 1780 1330 pius.
1840 1288 2038 1333 Praecepta
2064 1295 2148 1322 sunt

1147 1334 1225 1367 viae
1252 1341 1285 1368 et
1312 1336 1430 1376 modi,
1466 1337 1526 1382 qui
1550 1339 1760 1379 ostendunt,
1802 1341 1984 1384 quomodo
2010 1353 2075 1374 nos
2101 1341 2146 1373 ad

1148 1386 1445 1431 compositionem
1467 1394 1500 1420 et
1523 1388 1762 1422 imitationem
1785 1402 1994 1434 comparare
2019 1392 2147 1425 debea-

1147 1450 1238 1472 mus.
1295 1436 1337 1470 I11
1359 1451 1578 1484 unaquaque
1602 1441 1722 1484 lingua
1750 1447 1833 1475 sunt
1858 1443 2014 1487 duplicia
2040 1455 2146 1476 voca-

1146 1489 1252 1530 bula,
1280 1489 1452 1534 simplicia
1471 1497 1505 1523 et
1520 1491 1660 1531 iuncta,
1697 1492 1779 1537 quia
1806 1505 1880 1526 11011
1907 1495 1992 1528 satis
2017 1501 2068 1528 est
2095 1502 2147 1528 te-

1147 1553 1233 1574 nere
1264 1540 1439 1586 simplicia
1471 1543 1601 1582 verba,
1650 1549 1682 1576 et
1715 1545 1863 1577 seorsim
1901 1552 2063 1590 sumpta,
2112 1553 2147 1579 et

1147 1598 1269 1638 postea
1297 1605 1512 1638 componere
1536 1606 1603 1638 pro
1628 1601 1749 1628 nostra
1774 1595 1945 1637 libidine,
1973 1599 2034 1630 sed
2057 1609 2146 1641 opus

1148 1651 1199 1678 est
1227 1644 1415 1677 observare
1439 1643 1587 1689 phrasin
1612 1652 1645 1678 et
1671 1647 1969 1691 compositionem
1985 1655 2145 1682 veterum

1148 1709 1189 1729 ex
1204 1695 1324 1735 libris,
1353 1709 1432 1729 cum
1453 1696 1573 1740 lingua
1598 1698 1751 1741 amplius
1773 1711 1849 1731 non
1875 1700 1919 1733 sit
1942 1701 2146 1734 vernacula.

1147 1746 1411 1795 IVomz'nubitur]
1439 1748 1570 1780 scilicet
1588 1748 1776 1783 Cornelius
1793 1750 1950 1785 Tacitus.

1250 1796 1281 1841 ἓ.
1301 1798 1385 1832 105.
1425 1797 1605 1846 Oratores]
1641 1800 1765 1833 Cicero
1790 1799 1880 1834 mihi
1906 1802 2048 1835 videtur
2072 1814 2145 1835 6556

1148 1849 1285 1882 medius
1300 1850 1393 1883 inter
1402 1848 1680 1883 Demosthenem
1698 1858 1731 1884 et
1748 1851 1952 1894 Isocratem,
1981 1860 2033 1887 est
2048 1865 2146 1897 pres-

1148 1901 1221 1934 sior
1243 1898 1411 1947 hoc‘ssb)‚
1440 1908 1473 1934 et
1496 1901 1609 1936 fusior
1633 1903 1706 1936 illo.
1767 1902 2026 1938 Demosthenes
2051 1905 2146 1937 valet

1148 1948 1351 1998 δεινότητι,
1376 1953 1539 1986 acumine
1564 1954 1842 1995 sententiarum,
1871 1963 1904 1989 et
1922 1956 2144 1996 inventione,

1149 2010 1182 2036 et
1211 2005 1307 2049 quod
1336 2005 1482 2037 decebat
1499 2004 1655 2038 Atticum
1669 2033 1678 2046 ,
1715 2013 1766 2039 est
1783 2007 1968 2052 aliquanto
1987 2007 2144 2041 brevior.

1146 2053 1187 2087 In
1207 2056 1378 2089 Cicerone
1396 2062 1478 2089 sunt
1497 2056 1617 2089 omnia
1635 2057 1836 2101 copiosiora
1856 2065 1891 2091 et
1912 2059 2144 2097 iucundiora;

1147 2107 1185 2140 iu
1211 2105 1453 2140 Demosthene
1478 2114 1561 2141 sunt
1592 2109 1749 2142 tristiora
1781 2116 1814 2142 et
1846 2110 1948 2156 quasi
1972 2111 2144 2144 aculeata.

1147 2158 1214 2191 Vel
1247 2159 1371 2192 Cicero
1405 2165 1456 2193 est
1487 2160 1625 2193 medius
1663 2160 1756 2193 inter
1788 2161 1978 2194 Platonem
2012 2168 2046 2194 et
2074 2161 2145 2194 De-

1147 2208 1384 2244 mosthenem.
1444 2211 1499 2244 Ad
1525 2211 1695 2245 iudicium
1722 2214 1921 2246 acuendum
1946 2213 2144 2256 plurimum

1148 2262 1243 2294 valet
1275 2260 1548 2296 Demosthenes.
1616 2262 1778 2296 Iuventio
1813 2270 1846 2297 et
1872 2263 2058 2308 dispositio
2092 2270 2144 2297 est

1147 2320 1310 2347 naturae.

1252 2363 1282 2409 §-
1302 2364 1386 2398 106.
1418 2367 1570 2399 Densior
1593 2363 1669 2412 ille]
1706 2365 1741 2398 id
1769 2372 1838 2406 est,
1872 2366 2057 2410 angustior
2072 2366 2144 2400 De-

1148 2415 1364 2450 mosthenes.
1426 2415 1537 2450 Instat
1561 2416 1646 2455 sibi,
1682 2416 1772 2450 sicut
1799 2429 1905 2461 supra
1932 2418 1974 2451 de
2000 2415 2144 2463 Thucy-

1148 2467 1240 2501 dide.
1295 2468 1425 2501 Caesar
1452 2467 1603 2501 similior
1626 2468 1766 2502 futurus
1793 2475 1882 2502 esset
1896 2467 2143 2510 Demostheni,

1148 2531 1256 2564 quam
1281 2518 1464 2558 Ciceroni,
1507 2518 1536 2552 si
1567 2518 1738 2552 voluisset
1762 2532 1798 2553 se
1825 2521 1986 2554 conferre
2013 2522 2057 2554 ad
2080 2521 2143 2554 ali-

1180 2643 1230 2671 43)
1248 2643 1370 2673 accedit]
1390 2644 1440 2669 Ed.
1462 2644 1536 2671 1570.
1555 2645 1663 2671 accidit.

1181 2687 1249 2715 43³)
1268 2686 1455 2716 propriorem]
1475 2687 1526 2713 Ed.
1548 2689 1623 2715 1570.
1643 2690 1811 2721 propiorem.

1180 2728 1249 2760 4³1¹)
1268 2730 1332 2759 hoc]
1351 2730 1402 2756 Ed.
1423 2730 1497 2755 1570.
1517 2730 1575 2755 illo.
