2294 2975
119 120 187 155 179

118 206 187 239 bat.
249 206 434 239 Conclusio
461 212 596 239 constat
621 206 830 250 repetitione.
861 203 1042 248 petitionis
1067 210 1101 236 et

117 270 319 294 causarum,
362 269 470 301 quare
497 264 678 301 tantopere
702 256 818 300 cupiat
851 253 917 287 ltoc
943 261 1100 299 tempore

125 320 221 339 suam
251 308 355 340 scribi
386 306 580 341 historiam.

367 409 502 441 Aliud
532 413 852 450 argumentum.

226 483 417 516 Exordium
438 481 541 515 babet
561 480 777 526 Tragisitflt'at‘,
805 480 870 514 hoc
889 487 938 515 est
949 480 1006 524 l⁷),
1023 479 1107 512 libe-

128 547 201 566 ram
234 534 485 566 consessionem
518 545 644 576 parum
671 535 890 565 verecundae
915 530 1108 576 petitionis.

127 585 291 629 Sequitur
316 584 494 621 narratio,
521 596 580 616 seu
606 583 710 627 longa
738 584 933 628 propositio
961 583 1108 625 figurata

130 648 169 666 ex
192 635 301 666 causis
319 641 349 665 et
367 634 649 667 circumstantiis.
701 633 833 679 Estque
852 633 936 667 baec
955 644 1109 666 summa:

129 685 254 727 Cupio,
271 691 308 717 ut
324 685 498 717 describas
514 697 568 717 res
585 697 679 717 meas
698 692 820 727 gestas.
850 685 954 717 l‘xatio
972 689 1111 726 sumpta

129 742 177 767 est
206 735 248 767 ab
275 735 414 777 ingenio
441 735 586 768 autoris.
640 735 775 768 Deinde
800 737 942 769 additur
965 745 1113 777 occupa—

131 786 285 817 tiuncula
312 798 389 818 cuin
415 787 618 825 occasione,
659 799 767 831 quare
794 787 837 818 ab
861 800 902 819 eo
926 792 1042 830 petat,
1076 790 1115 816 ut

131 836 305 869 describat
324 849 377 870 res
400 850 479 870 suas
502 844 624 881 gestas.
678 838 916 879 Argumenta,
945 849 1034 882 quae
1055 835 1114 867 ad-

130 888 281 925 duntur,
317 894 455 931 sumpta
496 895 577 921 sunt
617 887 660 920 ab
694 889 862 932 exemplis
894 895 927 921 et
962 900 982 919 a
1011 886 1115 919 sacili.

132 937 259 970 Postea
294 938 419 971 iterum
446 939 590 982 ponitur
614 939 798 982 occupatio
825 952 904 972 cum
933 938 1116 982 petitione,

133 1000 223 1033 quae
253 995 302 1021 est
327 989 488 1033 repetitio
523 990 792 1033 propositionis:
834 990 957 1033 Rogo,
990 995 1028 1021 ut
1061 999 1117 1020 me

134 1039 358 1083 prolixiusffi)
388 1053 502 1073 ornes.
566 1040 685 1072 Prima
711 1041 802 1072 ratio
836 1038 975 1083 sumpta
1000 1044 1051 1071 est
1074 1038 1117 1070 ab

135 1091 333 1132 argumenti
359 1091 537 1123 varietate.
591 1091 690 1123 Hanc
715 1092 905 1134 amplificat
931 1091 1008 1122 loco
1024 1101 1118 1121 com-

135 1141 254 1179 muni,
283 1142 388 1184 Quod
413 1154 467 1174 res
487 1148 601 1183 gestae
627 1141 749 1173 ordine
773 1148 805 1174 et
831 1142 1018 1184 diligenter
1035 1139 1119 1172 scri-

136 1197 235 1234 ptae,
271 1192 423 1224 maxime
457 1192 630 1224 delectent
663 1204 702 1223 ac
733 1192 915 1224 detineant
939 1191 1119 1222 lectorem.

136 1241 265 1273 Addita
282 1248 363 1274 sunt
381 1243 559 1286 exempla,
587 1254 675 1287 quae
701 1243 876 1286 explicant
891 1243 1006 1274 locum
1027 1252 1120 1272 com-

137 1304 281 1324 munem
309 1293 351 1324 de
380 1291 539 1326 historia.
604 1293 741 1325 Deinde
768 1305 829 1336 per
851 1291 1120 1335 occupationem

136 1342 283 1375 diluitur
307 1351 553 1386 argumentum
577 1343 817 1387 impudentiae
842 1344 885 1375 ab
915 1341 1022 1386 ipsius
1044 1353 1122 1385 per-

138 1405 245 1432 sona,
272 1405 332 1426 seu
356 1395 398 1426 ab
417 1395 490 1438 ipso
516 1394 659 1428 artifice.
710 1395 863 1427 Additur
889 1393 1123 1435 exaggeratio,

141 1445 235 1488 quod
260 1456 332 1476 uon
361 1445 474 1478 solum
509 1458 656 1485 ornare,
690 1447 750 1478 sed
782 1445 887 1478 etiam
920 1443 1123 1477 testimonio

140 1494 262 1527 iuvare
291 1496 410 1539 possit.
470 1495 640 1538 Epilogus
664 1496 875 1528 mirabiliter
900 1501 951 1528 est
976 1494 1124 1537 ampliti-

141 1551 249 1579 catus.
304 1546 434 1578 Ultima
452 1547 543 1579 ratio
563 1545 667 1579 habet
691 1553 938 1590 argumentum
963 1557 981 1577 a
1006 1556 1125 1577 conse-

142 1595 284 1641 quenti,
320 1602 354 1628 et
377 1598 582 1630 intersertos
608 1604 657 1631 est
682 1597 778 1631 locus
803 1596 1019 1635 communis,
1053 1602 1126 1627 tur-

140 1646 323 1690 pissimum
346 1658 436 1687 esse,
465 1650 607 1692 quando
623 1648 749 1692 aliquis
772 1661 898 1693 praeco
917 1647 1032 1680 existit
1049 1658 1127 1679 sua-

143 1709 222 1729 rum
246 1697 404 1731 laudum.
469 1699 654 1732 Postremo
685 1699 762 1732 loco
790 1699 935 1743 ponitur
958 1698 1127 1741 epilogus,

143 1759 214 1792 quo
256 1754 464 1791 repetuntur
502 1750 656 1782 breviter
690 1757 898 1793 argumenta
932 1747 1127 1792 proposita.

143 1797 404 1831 Exordium:
453 1799 558 1843 Quod
592 1801 851 1845 inpraesentia
885 1806 998 1832 tecum
1029 1797 1128 1843 loqui

145 1860 219 1881 non
246 1860 348 1882 ausus
372 1850 441 1889 sui,
470 1850 555 1883 illud
580 1851 724 1884 nuncin
747 1852 871 1885 litteris
889 1850 997 1883 libere
1014 1861 1127 1893 agam.

143 1899 429 1943 Propositio:
470 1900 595 1934 Dicere
619 1915 691 1934 non
715 1914 876 1945 possum,
908 1907 1128 1946 quantopere

146 1949 286 1993 cupiam
307 1948 490 1984 historiam
509 1965 668 1985 mearum
693 1964 812 1986 rerum
841 1966 859 1985 a
888 1959 920 1984 te
944 1950 1130 1991 conscribi,

146 2001 242 2045 quod
260 2000 322 2034 etsi
338 2002 511 2035 facturum
530 2010 562 2036 te
579 2015 682 2048 saepe
699 2002 787 2036 mihi
811 2003 986 2049 pollicitus
1003 2015 1058 2043 es,
1080 2008 1131 2034 ta-

147 2063 229 2083 men
254 2051 423 2095 singulari
447 2054 637 2097 cupiditate
669 2055 849 2095 incensus,
885 2054 985 2100 quasi
1011 2054 1055 2086 de
1078 2052 1132 2085 in-

150 2107 248 2145 tegro
276 2113 295 2134 a
321 2108 354 2135 te
372 2109 491 2146 petere
508 2104 615 2138 volui.
668 2106 781 2150 Supra
798 2107 946 2139 modum
963 2105 1057 2138 enim
1076 2116 1133 2137 ex-

149 2152 237 2196 petit
266 2152 423 2193 animus,
457 2161 496 2187 ut
521 2167 627 2200 quam
651 2156 806 2200 primum
824 2156 892 2191 tuis
917 2156 1055 2201 scriptis
1077 2166 1133 2189 res

152 2214 252 2236 meae
275 2209 391 2247 gestae
417 2205 646 2241 celebrentur.
706 2206 964 2251 Occupatio
999 2207 1132 2251 prima:

154 2252 236 2287 Non
252 2260 324 2287 tam
345 2266 420 2287 mea
439 2267 555 2297 causa,
582 2269 688 2302 quam
705 2264 744 2291 ut
760 2259 860 2292 vivus
876 2255 990 2292 adhuc
1005 2257 1134 2301 scripta

155 2308 215 2336 tua
233 2304 335 2347 plena
360 2305 550 2341 maiestatis
572 2308 692 2342 videre
714 2308 857 2353 possim.
909 2308 955 2342 Et
978 2309 1022 2342 ob
1044 2306 1136 2341 hanc

158 2355 309 2387 maxime
333 2368 472 2390 causam
497 2356 564 2391 hoe
583 2365 742 2403 tempore
766 2372 785 2392 a
809 2366 842 2393 te
865 2359 984 2403 flagito
994 2359 1059 2406 l⁹),
1085 2365 1136 2399 ut,

160 2404 242 2449 quia
264 2414 459 2449 susceptam
486 2406 668 2442 historiam
702 2411 771 2443 iam
796 2422 908 2455 paene
933 2410 1137 2450 absolveris,

159 2454 329 2489 deliberes
354 2463 485 2498 tecum,
521 2461 734 2504 singularem
763 2474 806 2494 ne
829 2462 983 2507 aliquem
1008 2461 1136 2494 librum

197 2588 242 2620 17)
260 2591 309 2616 hoc
327 2594 383 2622 est]
400 2593 466 2617 haec
483 2593 511 2617 in
529 2594 577 2617 Ed.
597 2594 671 2619 ¹556.
689 2595 797 2619 desunt.

200 2632 246 2664 18)
263 2640 306 2657 me
324 2635 468 2664 prolixius]
487 2635 527 2659 sic
543 2635 627 2660 Editt.
646 2637 737 2667 1565„
757 2636 849 2669 1569.‚
869 2635 960 2668 1592.;
994 2635 1044 2660 Ed.
1066 2635 1140 2660 1556.

235 2669 366 2696 prolixius
385 2676 435 2694 me.

199 2711 242 2742 19)
263 2711 616 2743 flagitonicEditt,1565.‚
636 2713 720 2744 1569„
740 2713 831 2745 1592.;
849 2713 898 2738 Ed.
918 2711 991 2737 1556.
1012 2711 1153 2743 efflagito.-

682 119 802 155 PHIL.
840 118 950 153 MEL.
986 115 1188 151 SCRIPTA
1224 113 1560 151 PHILOLOGICA.

2064 117 2137 152 180

1153 201 1189 234 in
1214 213 1290 234 mea
1315 199 1462 235 historia
1488 201 1671 235 scribenda
1691 200 1854 243 inchoes,
1882 214 1927 235 an
1948 214 2033 235 vero
2057 201 2140 235 reli-

1155 253 1233 298 quis
1256 253 1359 285 rebus
1384 253 1487 296 gestis
1503 259 1646 287 attexas.

1700 255 1801 298 Quae
1819 253 2026 286 deliberatio
2039 279 2047 292 ,
2075 251 2139 286 etsi

1155 315 1229 336 non
1253 303 1297 337 sit
1323 304 1441 347 magni
1475 304 1665 343 momenti,

1710 311 1830 337 tamen
1861 311 1957 337 tanta
1987 310 2038 337 est
2061 315 2139 336 mea

1157 354 1371 398 expectatio,
1409 360 1448 387 ut
1470 354 1611 387 mallem
1642 361 1674 388 te
1697 354 1922 399 singulariter
1943 353 2077 388 versari
2106 354 2142 386 in

1159 411 1368 448 argumento
1386 405 1428 437 de
1454 417 1531 438 mea
1550 417 1719 449 persona,
1746 407 1842 451 quod
1858 404 1925 439 boc
1941 406 2048 438 modo
2073 416 2145 438 me-

1159 456 1225 488 lius
1251 461 1285 488 et
1307 455 1440 488 facilius
1467 456 1603 500 singula
1634 457 1806 500 explicare
1830 457 1953 501 possis.
2006 456 2082 488 Hoc
2104 454 2145 487 li-

1160 506 1278 538 berius
1304 518 1322 538 a
1349 512 1381 538 te
1414 513 1514 549 peto,
1556 508 1651 551 quod
1682 507 1877 540 existimem
1910 505 1998 540 mihi
2024 505 2144 540 omnia

1162 557 1266 589 licere
1284 558 1376 600 apud
1404 557 1508 589 talem
1534 557 1700 591 amicum.
1763 558 1877 590 Porro
1902 558 1940 590 in
1966 568 2148 590 recensen-

1163 608 1215 640 dis
1237 608 1339 640 rebus
1365 607 1451 639 meis
1481 608 1584 650 gestis
1615 608 1724 640 amice
1755 609 1893 648 seceris,
1930 608 1959 642 si
1981 607 2148 651 neglectis

1165 658 1333 692 historiae
1357 658 1511 701 legibus,
1546 665 1717 703 quantum
1743 659 1817 691 sieri
1840 665 1973 703 potest,
2001 658 2149 701 diligen·

1167 709 1297 742 tissime
1321 708 1457 752 singula
1483 720 1559 740 mea
1593 709 1683 741 facta
1708 710 1977 753 praedicaveris.
2044 709 2151 753 Quod

1166 762 1258 793 sactu
1282 772 1355 792 non
1380 759 1447 791 erit
1469 759 1626 798 difficile,
1651 761 1758 792 niodo
1783 760 1882 793 initia
1901 767 1933 793 et
1952 761 2036 794 sines
2055 772 2151 792 nieo-

1171 823 1249 843 rum
1285 810 1508 854 negotiorum
1541 810 1704 854 persequi
1737 811 1843 844 voles.
1903 811 1975 855 Qui
2001 812 2089 844 ordo
2115 810 2153 842 in

1169 860 1324 895 historiis
1363 861 1574 893 mirabiliter
1603 861 1709 893 aflicit
1737 867 1770 893 et
1805 861 1939 894 detinet
1971 862 2153 900 lectorem,

1169 912 1376 956 praesertim
1406 912 1558 944 recitatis
1589 912 1724 944 casibus
1756 911 2002 945 diversissimis
2031 923 2151 944 rerum

1169 962 1405 995 humanarum
1419 989 1427 1002 ,
1455 962 1581 1007 quibus
1606 962 1702 995 lectis
1720 974 1856 995 necesse
1884 969 1934 996 est
1951 962 2050 1008 sequi
2066 961 2154 995 alios

1171 1020 1275 1058 atque
1298 1013 1385 1046 alios
1409 1014 1563 1046 affectus.
1617 1014 1723 1056 Quod
1744 1020 1860 1045 autem
1883 1020 2067 1057 tantopere
2090 1024 2155 1056 po-

1171 1065 1296 1097 stulem
1320 1076 1338 1095 a
1364 1070 1396 1095 te
1421 1076 1492 1095 uno
1520 1063 1676 1102 laudari,
1710 1075 1783 1095 non
1807 1063 1886 1096 ideo
1908 1064 2019 1104 facio,
2054 1062 2153 1108 quasi

1171 1115 1382 1148 assentando
1412 1114 1446 1145 id
1470 1125 1488 1145 a
1515 1119 1547 1144 te
1575 1113 1645 1155 peti
1671 1119 1853 1155 oporteat,
1882 1126 1985 1158 quem
2004 1113 2075 1147 scio
2102 1112 2157 1145 iu-

1171 1164 1406 1197 sensissimum
1440 1174 1512 1196 esse
1560 1163 1836 1197 assentatoribus
1872 1164 2053 1205 omnibus,
2097 1164 2159 1197 sed

1173 1215 1272 1254 ideo,
1312 1220 1351 1247 ut
1372 1214 1476 1247 simul
1504 1225 1583 1246 cum
1615 1213 1701 1246 meis
1730 1214 1830 1247 factis
1852 1220 1952 1248 tuum
1975 1214 2158 1259 ingenium

1173 1267 1233 1298 fiat
1256 1264 1436 1297 illustrius.
1486 1264 1696 1304 Praeterea,
1724 1265 1819 1309 quod
1837 1271 1874 1298 tu
1890 1277 1981 1299 unus
1996 1265 2111 1299 verbis
2126 1270 2161 1298 et

1175 1315 1378 1349 testimonio
1398 1315 1475 1358 plus
1492 1314 1528 1346 in
1543 1312 1609 1346 hoc
1627 1315 1768 1358 negotio
1786 1316 1907 1349 testari
1922 1322 2033 1360 potes,
2051 1328 2159 1362 quam

1176 1367 1323 1412 quisque
1348 1365 1447 1398 alius.
1507 1364 1583 1397 Hoc
1606 1365 1676 1398 nisi
1699 1377 1719 1398 a
1751 1372 1784 1398 te
1807 1366 2065 1410 impetravero,
2100 1367 2161 1399 ad-

1176 1420 1299 1451 ductus
1323 1416 1547 1455 necessitate,
1575 1422 1609 1448 et
1630 1416 1781 1449 aliorum
1806 1417 1990 1462 exemplis,
2016 1418 2090 1462 ipse
2108 1418 2162 1451 su-

1178 1475 1276 1501 turus
1310 1480 1386 1500 sum
1418 1479 1579 1499 mearum
1610 1466 1809 1513 laudum‘20)
1845 1480 1987 1512 praeco.
2056 1468 2163 1513 Quod

1179 1519 1239 1564 qui
1266 1518 1367 1557 facit,
1399 1530 1537 1550 necesse
1561 1522 1609 1550 est
1635 1518 1827 1550 multorum
1853 1519 2025 1552 invidiam
2049 1525 2083 1552 et
2106 1530 2162 1552 ca-

1178 1569 1331 1602 lumnias
1355 1569 1524 1601 incurrat.
1592 1567 1711 1611 Quare
1737 1575 1835 1601 tanto
1860 1569 1998 1610 studi0‚
2027 1576 2161 1615 quanto

1180 1633 1340 1664 possum,
1381 1631 1400 1651 a
1431 1625 1463 1651 te
1497 1619 1696 1658 contende,
1731 1625 1770 1651 ut
1796 1617 1863 1652 hoc
1894 1620 2048 1654 officium
2072 1618 2163 1653 mihi

1180 1676 1352 1715 praestes,
1387 1670 1543 1703 facturus
1569 1669 1672 1702 nohis
1701 1669 1866 1704 omnibus
1898 1682 1976 1704 rem
2009 1671 2164 1716 gratissi-

1180 1733 1287 1755 mam.

1230 1803 1553 1848 Argumentum
1581 1809 1624 1836 et
1655 1800 1832 1837 scholia
1866 1804 1912 1837 in
1945 1804 2113 1849 episto-

1541 1854 1627 1886 lam
1654 1853 1797 1901 X11121).

1282 1921 1432 1956 Orditur
1466 1932 1486 1953 a
1526 1921 1817 1966 comprobatione
1856 1921 1981 1963 officii,
2022 1928 2056 1956 et
2088 1922 2162 1958 eius

1182 1973 1395 2013 sententiae,
1425 1983 1514 2017 quae
1538 1972 1727 2017 praecipue
1750 1973 1844 2005 valet
1868 1973 1906 2006 in
1933 1974 2163 2015 consolando,

1185 2025 1345 2057 videlicet
1366 2024 1619 2068 praestandum
1642 2035 1734 2063 esse,
1760 2036 1805 2056 ne
1823 2025 2040 2068 pendeamus
2057 2037 2076 2058 a
2092 2026 2165 2058 for-

1185 2082 1290 2116 tuna,
1315 2076 1375 2109 sed
1399 2073 1506 2107 simus
1531 2074 1687 2107 contenti
1706 2074 1855 2115 virtute,
1882 2075 2056 2121 quidquid
2079 2075 2168 2109 acci-

1185 2126 1287 2160 derit.
1336 2125 1469 2170 Estque
1492 2131 1631 2169 sumpta
1648 2126 1693 2158 ad
1711 2126 1859 2171 verbum
1877 2138 1917 2159 ex
1933 2127 2102 2168 Platone,
2128 2127 2166 2160 in

1187 2177 1349 2210 oratione
1376 2175 1515 2209 funebri
1525 2175 1584 2223 22).
1643 2175 1706 2209 Est
1729 2182 1847 2210 autem
1880 2178 2018 2222 elegans
2041 2179 2166 2222 figura,

1220 2284 1412 2343 2031331dum]
1444 2283 1484 2308 sic
1506 2283 1589 2308 Editt.
1615 2284 1706 2314 1556.,
1737 2284 1827 2316 1592.;
1864 2285 1947 2310 Editt.
1978 2286 2064 2319 1565„
2096 2287 2170 2312 1569.

1268 2325 1302 2343 au
1323 2325 1384 2342 mm.

1223 2361 1273 2389 21)
1292 2359 1379 2388 xm]
1397 2358 1437 2382 sic
1455 2359 1504 2383 Ed.
1524 2358 1597 2382 ¹56⁰.
1617 2360 1644 2382 et
1661 2360 1710 2383 Ed.
1730 2360 1834 2390 Orell.;
1869 2361 1953 2385 Editt.
1974 2362 2065 2394 154⁰„
2085 2363 2171 2396 1544,

1258 2394 1346 2452 {ggilq
1364 2393 1454 2458 3355„
1475 2392 1559 2424 1552,
1580 2393 1771 2418 1565-1596.:
1790 2395 2066 2428 Xtv.(Editt.1545.‚
2085 2397 2172 2430 1546„

1223 2471 1272 2499 22)
1292 2471 1364 2494 Haec
1375 2471 1500 2498 spectant
1517 2469 1550 2493 ad
1566 2469 1635 2493 hunc
1649 2470 1735 2496 locum
1748 2472 1871 2496 Platonis
1883 2473 1987 2497 Menex.
1999 2474 2057 2502 (op.
2077 2475 2118 2499 ed.
2136 2476 2171 2499 fl.

1258 2504 1348 2534 steph.
1365 2504 1475 2527 Tourtl.
1494 2510 1518 2533 p.
1530 2503 1609 2527 247e.
1625 2504 1723 2536 248a.;
1743 2507 1782 2530 ed.
1798 2506 2021 2536 Bipout.v01.v.
2043 2515 2066 2537 p.
2079 2509 2170 2539 3020:

1254 2536 1322 2570 ὀἵῳ
1330 2535 1383 2569 γάρ
1392 2535 1471 2568 ἀνδρὶ
1480 2538 1515 2565 εἰς
1524 2535 1622 2562 ἑαυτὸν
1628 2536 1773 2570 ἀνήρτηται
1779 2537 1870 2564 πάντα
1879 2539 1912 2565 τά
1919 2538 1987 2580 πρὸς
1995 2539 2173 2574 εὐδαιμονίαν

1258 2572 1390 2603 (pineum,
1401 2569 1503 2604 6'6717155
1511 2569 1618 2602 τούτου,
1629 2571 1675 2595 καὶ
1682 2571 1720 2604 μή
1728 2573 1759 2598 ἐν
1765 2572 1854 2601 ἄλλοις
1861 2573 2017 2605 ἄνθρωποις
2025 2577 2173 2610 αἰωρεῖται,

1259 2605 1288 2634 ἐξ
1303 2604 1342 2629 ὠν
1360 2603 1375 2635 ἢ
1393 2605 1422 2630 εὖ
1444 2605 1460 2637 ἦ
1477 2606 1564 2633 κακῶς
1581 2605 1745 2637 πραξάντων
1763 2607 1922 2633 πλανᾶσθαι
1939 2606 2106 2642 ἠνάγκασται
2126 2612 2174 2637 καὶ

1258 2637 1291 2664 ἰα’
1311 2638 1432 2674 ἐκείνου,
1461 2638 1547 2674 τούτᾳέ
1567 2638 1665 2672 ἄριστα
1683 2641 1902 2673 παρεσκεύασται
1918 2643 1972 2673 ζῆν·
2000 2639 2079 2672 οὗτός
2095 2645 2170 2671 ἔστιν

1261 2672 1274 2697 ὁ
1294 2673 1431 2706 σώφρων,
1449 2673 1495 2699 καὶ
1514 2675 1593 2702 οὗτος
1610 2673 1624 2698 ὁ
1643 2672 1766 2707 ἀνδρεῖος
1784 2675 1830 2700 καὶ
1848 2676 1991 2710 φρόνιμος.
2032 2679 2082 2702 uis
2100 2681 2171 2705 enim

1260 2708 1383 2733 Platonis
1409 2710 1501 2735 verbis
1526 2710 1694 2740 respondent
1718 2711 1858 2736 Ciceronis
1883 2711 1909 2745 §.
1929 2714 1952 2738 1.
1975 2712 2054 2738 huius
2072 2714 2169 2747 epist:
