2351 2990
133 128 206 164 555

137 208 318 256 piscentia.
372 205 417 239 Et
437 204 633 249 gratulatur
649 200 713 236 sibi
727 199 849 233 Cicero
866 196 908 229 de
927 195 1021 252 sama
1039 204 1124 227 suae

139 258 365 296 mutationis,
391 256 602 302 promittens
620 265 654 287 se
673 264 751 284 cum
771 247 910 282 meliori
926 252 1017 303 vita,
1043 255 1127 289 pro-

140 313 231 346 batis
256 310 414 343 moribus
437 320 476 340 ac
500 303 677 346 studiis-⁴⁴)
706 307 879 334 acturum.
937 295 1081 329 Initium
1109 306 1127 326 a

144 363 351 398 narratione
386 359 526 393 ducitur
561 357 602 388 de
639 351 789 397 acceptis
818 348 944 382 litteris
971 344 1129 380 Tironis.

145 414 307 449 Subiecta
352 418 404 445 est
441 405 636 452 propositio
670 404 712 436 de
745 403 859 435 forma
896 404 1055 432 mutatae
1090 407 1131 453 ac

145 466 352 499 emendatae
375 461 485 497 vitae,
522 468 628 501 quam
652 466 686 487 se
711 457 1001 486 conservaturum
1028 447 1133 504 polli—

147 524 264 554 cetur,
292 516 332 547 de
360 523 427 556 qua
454 515 492 542 ut
514 508 618 540 tidem
641 505 790 544 faceret,
821 503 1014 536 detestatur
1038 510 1134 543 prio-

147 580 242 604 rem,
277 576 366 610 quae
390 562 426 593 in
453 570 603 603 pravum
628 556 782 595 abierat,
817 566 857 587 ac
881 551 975 585 vitiis
998 550 1135 606 imbuta

148 625 222 653 erat
240 616 322 648 xiia.
374 610 513 646 Deinde
532 608 756 642 emendatam
779 604 918 650 prolixa
942 608 976 636 et
996 611 1135 645 egregia

147 663 487 703 commemoratione
522 658 715 698 describit,
761 667 914 702 quorum
949 663 1137 686 conversa-

146 722 262 758 tione,
289 716 416 762 quibus
434 711 611 755 magistris
628 722 667 742 ac
689 706 978 754 praeceptoribus
1004 709 1137 741 utatur,

151 773 234 805 item
254 769 381 815 quibus
402 763 574 798 exercitiis
596 760 734 794 deditus
751 759 806 792 sit.
858 757 952 789 Haec
970 764 1137 805 magnam

152 822 351 855 doctrinam
368 815 541 862 praebent
557 810 858 847 adolescentibus,
884 813 923 841 ut
940 819 981 840 ex
995 803 1064 838 hoc
1084 816 1140 858 ετξ-

150 873 267 917 emplo
293 871 431 904 discant
456 867 670 910 depravatae
694 862 788 894 vitae
818 853 1140 903 poenitudinem‘ffi)

154 912 279 959 atl'erre
292 949 300 962 ,
329 927 363 954 et
378 919 505 964 quibus
522 914 695 948 exercitiis
712 911 827 946 studia
844 910 1042 942 litterarum
1059 917 1142 950 pro-

154 975 333 1021 sequenda
362 972 443 1005 sint.
510 967 556 1000 Et
581 965 727 999 omnino
754 968 827 995 tota
856 959 1003 1004 epistola
1027 961 1144 1012 potest

155 1040 227 1062 esse
261 1026 378 1066 imago
411 1017 647 1063 resipiscentis
680 1011 932 1047 adolescentuli
957 1010 994 1042 in
1021 1007 1144 1041 meho-

157 1091 233 1114 rem
252 1088 349 1121 spem
365 1071 581 1108 amicorum,
609 1065 698 1100 etin
714 1063 822 1097 alacri
844 1061 961 1096 studio
988 1066 1021 1093 et
1048 1069 1145 1115 exer-

156 1132 237 1165 citio
264 1129 441 1160 bonarum
471 1119 601 1153 artium
631 1115 815 1150 versantis.
885 1112 948 1146 His
979 1115 1145 1155 expositis

158 1194 220 1228 per
252 1175 500 1212 transitionem
533 1181 674 1203 causam
705 1165 822 1200 reddit
847 1164 992 1202 Cicero,
1036 1171 1145 1216 quare

157 1231 329 1275 Gorgiam
342 1226 388 1272 ⁴¹⁶)
413 1223 592 1258 rhetorem
616 1217 830 1256 deseruerit,
872 1213 1036 1247 videlicet
1063 1222 1146 1256 quia

158 1291 258 1330 pater
277 1281 312 1313 id
335 1289 415 1311 eum
439 1277 639 1308 monuerat.
700 1269 833 1313 Estque
858 1266 908 1299 ibi
930 1266 1027 1297 locus
1054 1274 1148 1295 com—

159 1334 297 1371 munis,
325 1328 422 1375 quod
444 1336 517 1359 non
534 1324 580 1358 sit
597 1320 857 1354 adversandum
882 1322 977 1349 recta
1000 1324 1149 1346 monen-

160 1389 274 1423 tibus,
309 1388 342 1414 et
370 1379 431 1417 iis,
464 1375 526 1421 qui
550 1386 616 1407 usu
639 1383 760 1405 rerum
785 1375 890 1413 atque
920 1370 1034 1399 aetate
1067 1375 1149 1407 pru-

162 1436 341 1471 dentiores
358 1431 438 1464 sint.
487 1425 639 1469 Reliqua
657 1423 700 1455 ad
717 1422 822 1454 finem
841 1413 1150 1472 adiectaianiilia-

162 1491 215 1522 ria
236 1492 327 1520 sunt.
387 1477 592 1522 Respondet
613 1474 707 1506 enim
732 1469 882 1514 negotiis
905 1466 1152 1522 familiaribus,

164 1544 206 1574 de
224 1537 351 1583 quibus
367 1532 456 1565 Tiro
482 1525 683 1573 quaesierat
711 1528 744 1555 et
768 1522 805 1554 in
831 1519 901 1553 suis
920 1518 1045 1550 litteris
1070 1527 1153 1549 scri-

167 1594 295 1636 pserat.

410 1654 546 1690 Aliud
574 1653 901 1694 argumentum.

269 1726 425 1772 Exponit
447 1723 538 1756 filius
564 1716 764 1755 Ciceronis,
808 1718 948 1757 sumpta
973 1708 1155 1743 occasione

170 1799 210 1818 es
226 1780 350 1816 litteris
366 1774 511 1810 Tironis
523 1799 532 1812 ,
560 1775 691 1816 quanta
710 1765 892 1810 diligentia
911 1761 978 1796 hoc
997 1767 1156 1818 tempore

171 1839 328 1868 xersetur
360 1829 396 1860 in
425 1823 568 1862 studiis,
613 1826 647 1853 et
669 1818 765 1864 quod
787 1815 934 1849 omnino
959 1812 1157 1846 satisfacere

171 1886 254 1919 xelit
279 1883 320 1915 de
345 1892 380 1913 se
412 1871 659 1920 expectationi.
727 1867 838 1902 Addit
866 1870 1049 1922 praeterea
1079 1873 1158 1917 cau-

171 1949 264 1974 sam,
299 1942 409 1977 quare
436 1938 511 1960 non
537 1929 658 1957 utatur
681 1919 833 1964 amplius
861 1928 968 1960 opera
994 1916 1158 1955 (Jorgme.

171 1989 265 2021 Haec
292 1981 412 2016 omnia
438 1975 589 2012 iucunde
613 1974 887 2005 commemorat3
929 1972 1049 2009 estque
1075 1962 1160 1995 haec

176 2035 344 2083 epistolae
378 2042 460 2075 pars
496 2023 722 2070 dignissima,
764 2031 871 2065 quani
908 2028 1010 2072 saepe
1044 2015 1161 2069 legant

175 2089 430 2123 adolescentes,
474 2078 535 2125 qui
570 2079 756 2107 versantur
793 2071 828 2102 in
863 2069 999 2123 studiis.
1072 2064 1161 2096 Hmc

176 2139 289 2186 parti,
314 2146 405 2181 quae
430 2138 481 2164 est
504 2124 729 2173 principalis,
760 2127 880 2165 postea
907 2116 1163 2174 varra-addun-

178 2200 255 2230 tur,
288 2194 327 2221 ut
348 2186 391 2218 de
416 2181 562 2227 praedio
589 2181 728 2219 empto,
764 2172 882 2204 addita
908 2169 1163 2213 pollicitatione

177 2250 210 2276 et
232 2238 412 2285 petitione.

428 2305 561 2342 Aliud
595 2304 922 2345 argumentum.

286 2377 482 2414 Exordium
503 2377 684 2415 sumptum
709 2374 759 2400 est
781 2378 798 2397 a
827 2360 1089 2408 praedicatione
1115 2371 1169 2391 ac-

187 2440 305 2477 ceptae
321 2427 474 2462 laetitiae
491 2436 532 2457 ex
550 2421 685 2455 nuntiis
703 2425 736 2450 et
754 2428 794 2449 ex
809 2414 933 2448 litteris
954 2411 1061 2445 lectis.
1112 2410 1170 2443 Se-

224 2548 270 2578 44)
291 2544 406 2572 studiis]
438 2542 478 2565 sic
507 2538 705 2565 Editt.1556.,
737 2534 835 2563 ¹565.;
871 2531 954 2555 Editt.
978 2528 1067 2558 ¹571„
1100 2526 1173 2550 1596.

261 2580 360 2604 studia.

227 2633 274 2660 45)
293 2625 509 2660 poenitudinem]
531 2623 571 2647 sie
581 2623 664 2646 Editt.
677 2621 762 2650 i556.‚
783 2618 873 2646 1585.;
898 2614 980 2638 Editt.
995 2612 1080 2641 ¹57¹..
1102 2612 1175 2636 1596.

263 2661 463 2695 poenitendum.

226 2717 275 2743 46)
295 2711 440 2743 Gorgiam]
460 2709 508 2733 Ed.
524 2707 598 2732 1556.
619 2711 714 2730 errore
733 2707 862 2734 typogr.:
887 2698 1041 2729 Goon-giam.

709 112 830 149 PHIL.
864 109 976 145 MEL.
1017 105 1218 143 SCRIPTA
1252 107 1586 146 PHILOLOGICA.

2088 109 2163 146 556

1179 194 1300 240 quitur
1315 194 1534 240 propositio,
1561 194 1615 229 cui
1633 195 1751 229 addita
1774 202 1825 230 est
1847 195 2058 241 pollicitatio
2081 209 2163 230 suae

1180 246 1382 289 diligentiae
1408 247 1445 279 in
1469 247 1593 280 litteris
1617 253 1651 280 et
1671 247 1833 281 moribus
1857 248 2025 282 colendis.

1181 309 1249 342 que
1266 297 1406 341 elegans
1430 298 1656 332 intersertum
1681 295 1805 338 πάθος
1822 299 1864 331 de
1888 299 2031 338 dolore,
2060 311 2166 344 quem

1182 347 1220 381 in
1235 348 1308 381 dies
1327 348 1442 392 capiat
1459 361 1501 382 ex
1521 355 1681 382 anteacta
1709 349 1792 384 vita.

1183 399 1275 432 ratio
1301 400 1343 432 de
1366 406 1595 444 praeceptore
1613 400 1802 445 Cratippo,
1836 407 1870 434 et
1895 402 1937 434 de
1958 400 2036 434 aliis
2058 399 2170 433 doctis

1184 449 1289 490 vifis,
1325 462 1477 496 quorum
1496 457 1617 484 utatur
1631 451 1902 490 consuetudine3
1938 448 2022 485 item
2046 452 2088 484 de
2114 462 2171 483 ra-

2088 247 2165 280 list-

1852 349 1990 383 Deinde
2012 355 2063 383 est
2086 361 2168 382 nar-

1186 501 1284 534 tione
1318 513 1464 534 suorum
1494 502 1706 536 studiorum.
1781 502 1875 536 Tum
1898 503 2005 536 etiam
2029 513 2170 536 causam

1188 552 1360 596 assignat,
1402 564 1511 597 quare
1534 564 1553 586 a
1578 565 1612 586 se
1639 552 1809 597 Gorgiam
1835 554 2018 587 dimiserit.
2082 553 2173 587 Kar-

1188 603 1364 636 rationem
1386 603 1545 648 sequitur
1561 604 1749 648 gratulatio
1769 604 1877 648 empti
1896 604 2044 648 praedii.
2094 603 2174 637 Est-

1189 666 1256 699 que
1282 654 1379 687 iocus
1405 654 1558 688 additus.
1610 653 1651 687 In
1673 656 1741 688 {ine
1764 661 1815 689 est
1836 655 2044 700 pollicitatio
2068 655 2174 688 officii

1190 717 1268 739 cum
1284 704 1468 749 petitione.

1299 816 1621 859 Argumentum
1650 815 1870 860 epistolae
1898 813 2069 861 XX11.⁴⁷).

1298 890 1428 924 Omnia
1449 897 1531 924 sunt
1544 890 1732 924 familiaria
1753 891 1790 924 in
1807 889 1873 924 hac
1892 891 2051 935 epistola.
2086 890 2178 924 Nam

1195 941 1312 986 primo
1335 943 1380 974 ad
1404 942 1598 975 curandam
1615 942 1855 976 valetudinem
1873 942 2044 975 Tironem
2061 939 2182 974 horta-

1197 999 1265 1026 tur.
1316 992 1453 1025 Deinde
1471 993 1514 1025 de
1537 993 1644 1027 variis
1663 994 1767 1027 rebus
1791 993 1958 1037 privatis,
1994 994 2036 1026 de
2061 993 2183 1025 obscu—

1197 1049 1273 1076 rata
1308 1043 1415 1076 etiam
1451 1049 1485 1076 et
1518 1044 1670 1088 elliptica
1705 1044 1866 1078 oratione
1899 1043 2040 1082 scribit,
2076 1055 2181 1088 quam

1199 1094 1304 1127 etiam
1332 1094 1608 1128 coniecturando
1636 1095 1693 1127 vix
1719 1095 1857 1140 assequi
1884 1107 2082 1139 possumus.

1449 1181 1582 1214 Aliud
1610 1187 1938 1224 argumentum.

1303 1256 1434 1300 Magna
1468 1268 1508 1289 ex
1543 1262 1643 1300 parte
1680 1256 1828 1300 epistola
1863 1263 1914 1289 est
1947 1256 2185 1289 mandatoria.

1201 1307 1397 1340 Exordium
1429 1307 1581 1340 sumitur
1605 1307 1648 1339 ab
1675 1304 1946 1346 adhortatione,
1985 1312 2024 1340 ut
2055 1307 2188 1339 valetu-

1203 1359 1323 1391 dinem
1348 1358 1535 1402 diligenter
1559 1364 1667 1390 curet.
1732 1357 1937 1402 Sequuntur
1959 1357 2082 1390 breves
2108 1368 2189 1390 nar-

1203 1409 1381 1448 rationes,
1421 1408 1547 1453 qnibus
1575 1408 1719 1452 exponit
1742 1407 1778 1440 in
1800 1420 1958 1447 summa,
1998 1419 2089 1452 quae
2115 1407 2190 1440 fieri

1204 1460 1288 1492 velit
1312 1471 1330 1492 a
1356 1459 1496 1492 liberto.
1561 1457 1599 1490 In
1629 1459 1697 1491 tine
1729 1464 1780 1491 est
1803 1459 1919 1492 brevis
1941 1458 2106 1502 repetitio
2130 1459 2190 1491 ad-

1204 1509 1431 1543 hortationis.

1457 1594 1591 1627 Aliud
1619 1599 1944 1638 argumentum.

1308 1664 1540 1698 Narrationes
1572 1669 1653 1695 sunt
1688 1661 1806 1693 variae
1837 1662 1880 1693 de
1912 1671 1974 1693 sua
2012 1659 2192 1692 voluntate

1209 1728 1288 1759 erga
1305 1715 1498 1753 Tironem,
1527 1719 1560 1745 et
1577 1715 1618 1746 de
1635 1713 1696 1752 iis,
1725 1724 1815 1757 quae
1840 1710 1996 1754 expediri
2021 1722 2085 1754 per
2110 1723 2194 1743 eun-
2311 1694 2314 1761 i

1210 1768 1291 1799 dem
1319 1766 1448 1809 cupiat.
1514 1763 1555 1797 In
1585 1765 1653 1796 fine
1682 1762 1787 1807 est⁴⁸)
1813 1760 2121 1795 adhortatiuncula
2150 1762 2192 1793 de
2311 1772 2315 1801 χ

1211 1817 1412 1851 valetudine
1428 1815 1615 1859 diligenter
1631 1815 1799 1847 curanda.
2310 1788 2315 1897 t

2310 1898 2313 1915 Ι

2310 1920 2313 1942 v

1338 1928 1665 1969 Argumentum
1696 1922 1922 1966 epistolae
1951 1919 2071 1953 XXIII.

1314 2001 1547 2036 Narrationes
1560 1999 1618 2045 ⁵⁹).

1432 2083 1566 2117 Aliud
1593 2079 1980 2125 argumentumw).

2308 2102 2310 2120 [

1318 2151 1414 2184 Haec
1431 2150 1578 2195 epistola
1597 2148 1754 2181 continet
1778 2159 1833 2181 res
1858 2148 2051 2180 admodum
2076 2146 2198 2179 obscu-
2308 2124 2310 2214 Ι

1219 2216 1294 2244 ras,
1323 2215 1364 2236 eo
1382 2203 1476 2247 quod
1494 2200 1654 2245 privatae
1670 2199 1758 2239 sint,
1786 2205 1819 2231 et
1845 2211 1918 2231 non
1939 2198 2022 2232 satis
2049 2197 2200 2242 explica·
2315 2181 2322 2230 i

1255 2337 1301 2366 47)
1322 2337 1379 2360 Hoc
1398 2335 1586 2365 argumentum
1605 2334 1631 2355 et
1650 2332 1701 2355 dno
1721 2331 1862 2361 sequentia
1880 2330 1907 2354 in
1926 2329 2099 2355 Editt.1556.
2111 2346 2118 2358 ,
2136 2330 2202 2353 ¹565
2324 2360 2325 2364 Ἰ

1292 2370 1408 2393 -1596,
1426 2368 1592 2395 afferuntur3
1628 2367 1656 2389 in
1678 2366 1758 2389 Editt.
1780 2365 1986 2394 1537—1554.‚
2008 2364 2097 2393 1557.,
2119 2364 2203 2389 156⁰..
2322 2379 2324 2381 .

1293 2405 1366 2428 1601.
1399 2409 1485 2432 neque
1514 2403 1703 2428 araunwntum
1732 2406 1819 2430 neque
1843 2399 1946 2423 scholia
1970 2398 2150 2422 Melanthonis
2176 2397 2203 2420 in
2320 2372 2327 2457 ⁴

1291 2440 1359 2462 hanc
1376 2436 1519 2467 epistolam
1537 2438 1654 2458 exstant.

1260 2491 1306 2517 48]
1327 2489 1384 2516 est]
1403 2487 1444 2510 sic
1463 2487 1511 2511 Ed.
1534 2486 1623 2512 1556.:
1650 2486 1677 2508 in
1696 2485 1779 2509 Editt.
1799 2484 1884 2513 1565„
1904 2483 1995 2512 157i.‚
2016 2482 2089 2505 ¹596.
2109 2481 2203 2505 omiss.

1259 2541 1306 2566 49)
1328 2539 1396 2562 Huic
1420 2537 1580 2561 brevissimo
1605 2539 1766 2567 argumento
1791 2536 1817 2558 in
1842 2535 1890 2558 Ed.
1907 2534 1980 2557 1540.
2006 2532 2125 2562 praefixa
2142 2534 2206 2554 sunt.

1298 2574 1355 2598 Cic.
1375 2573 1458 2595 verba
1477 2571 1517 2599 (S.
1534 2572 1586 2597 l.]:
1613 2572 1653 2594 Tu
1675 2577 1740 2594 vero
1759 2568 1881 2600 confice.
1907 2568 2001 2597 quibus
2021 2566 2047 2589 in
2067 2566 2114 2590 Ed.
2132 2565 2205 2589 1537.

1299 2609 1324 2631 iu
1344 2606 1466 2636 margine
1486 2609 1528 2628 est
1548 2606 1716 2635 appositum:
1741 2604 1767 2627 in
1787 2603 1887 2626 ceteris
1905 2602 1987 2625 Editt.
2008 2600 2093 2624 deest.

1263 2660 1310 2687 50)
1331 2659 1387 2681 Hoc
1405 2658 1592 2687 argumentum
1613 2659 1638 2679 et
1657 2656 1708 2679 duo
1728 2653 1870 2684 sequeutia
1888 2653 1916 2676 iu
1934 2651 2015 2676 [Δία.
2034 2651 2125 2678 1556..
2146 2650 2211 2673 1565

1301 2691 1416 2716 -1596,
1435 2691 1619 2714 inveniuntur.
