2294 2975
114 122 182 156 131

747 200 783 232 ln
804 200 870 231 line
888 197 985 230 addit
1002 208 1097 228 com-

114 256 376 289 mendationem
394 254 592 287 studiorum
613 252 761 284 iunioris
781 248 905 283 Sci-vii.

113 206 169 239 sed
191 211 324 237 tantuin
344 215 444 236 eausa
466 202 693 234 admonendi.

165 366 482 409 Argumentum
512 370 547 395 et
585 359 760 395 scholia
798 359 842 391 in
877 358 1050 403 episto-

518 414 603 445 lam
640 411 697 444 IV.

219 490 411 523 lix-ordinm
447 487 597 521 sumitur
628 500 645 518 a
680 483 955 530 reprehensione
990 483 1103 518 cuius-

121 543 201 574 dam
228 542 292 573 loci
319 541 353 572 in
379 539 523 583 epistola
550 537 661 569 Servii
687 538 728 569 de
761 549 887 580 genere
920 534 1104 568 orationis.

121 593 256 625 Deinde
281 590 438 635 sequitur
462 588 619 620 narratio
647 589 689 621 de
714 588 900 625 Marcello;
939 587 999 620 sed
1023 583 1105 618 huic

121 644 198 676 sarit
228 643 359 674 aditum
386 640 538 685 quadam
566 639 765 672 collatione.
824 638 965 672 Servius
986 636 1106 681 deplo-

121 699 258 726 raverat
283 698 411 724 statum
438 690 654 734 provinciae.
721 689 796 734 lpse
830 689 982 722 vicissim
1010 687 1107 720 urhis

122 742 306 787 statutum)
330 742 502 785 deplorat.
556 741 693 773 Deinde
713 740 834 773 attexit
851 739 1107 772 correctionem

123 796 164 827 de
182 793 349 827 Marcello
361 792 418 837 31).

225 843 254 888 ξ.
273 845 304 877 1.
331 846 468 886 Accipio
487 839 754 888 causationem]
783 840 978 874 Exordium
1001 853 1041 873 ex
1058 839 1109 871 di-

124 896 275 929 visione:
305 894 423 926 Probo
448 893 707 926 excusationem
733 892 850 937 aliqua
877 905 917 925 ex
942 891 1110 936 partem),

125 948 242 991 aliqua
263 958 302 978 ex
323 952 423 988 parte
440 957 512 977 non
532 945 656 989 probo.
736 943 1014 987 εἰρωνεύεσθαι]
1043 942 1110 974 dis-

126 998 292 1031 simulare
309 996 366 1039 33).
483 991 780 1040 εἷρωνευόλιιειός]
816 994 1039 1027 dissimulans
1053 992 1111 1038 33).

129 1051 171 1082 Et
203 1044 468 1093 eli‘yaizticee³²)]
504 1046 673 1087 Elegans,
716 1042 972 1089 1·eynlich³¹a)‚
1016 1044 1110 1089 quod

127 1099 266 1132 estsine
286 1098 474 1129 immodico
495 1097 597 1135 luxu,
633 1095 691 1128 ubi
719 1096 837 1127 omnia
863 1102 943 1128 suut
967 1094 1110 1138 propria

128 1156 160 1182 et
178 1150 322 1181 munda.
375 1147 556 1190 Elegantia
580 1152 697 1179 autem
723 1145 949 1190 peculiariter
973 1157 1113 1189 compe—

128 1200 169 1232 tit
186 1199 332 1244 proprio
350 1198 469 1241 generi
485 1197 668 1230 orationis.

230 1249 259 1294 §-
278 1252 312 1284 2.
343 1250 522 1284 Consilium
540 1246 652 1294 tuum]
681 1247 860 1281 Narratio.

234 1301 263 1338 ξ.
287 1302 320 1334 3.
361 1303 431 1333 ζἰῖο
453 1304 484 1332 fe
507 1297 664 1345 vicimus]
699 1298 776 1330 Alia
803 1296 975 1330 narratio.
1063 1299 1116 1330 De

127 1356 201 1387 iure
215 1349 362 1397 publico]
390 1351 583 1394 Postquain
602 1362 640 1381 ea
658 1362 732 1389 res,
761 1361 850 1393 quae
874 1348 948 1381 iure
968 1347 1117 1380 debehat

131 1402 335 1441 diiudicari,
364 1401 470 1434 armis
487 1401 676 1433 diiudicata
696 1406 757 1433 est.

235 1452 264 1497 ξ.
289 1453 322 1487 4.
357 1455 498 1486 Praeter
534 1449 735 1497 Volcatium]
779 1449 960 1482 Volcatius
990 1447 1056 1481 snit
1071 1447 1116 1494 ³⁵)

132 1506 289 1543 Stoicus,
315 1503 438 1536 similis
455 1502 583 1535 Gitoni
605 1501 770 1534 Uticensi.
848 1501 993 1543 Negavit
1007 1511 1041 1532 se
1061 1499 1118 1542 sct-

131 1553 281 1602 cturnm]
317 1554 446 1587 scilicet
469 1559 505 1585 ut
531 1553 677 1596 supplex
700 1554 797 1584 tieret
814 1550 966 1584 Caesari.
1045 1552 1118 1583 lta-

133 1620 193 1652 que
212 1607 364 1649 pluribus
388 1602 575 1650 z·e›·bis³⁶)]
610 1603 716 1635 natio
740 1602 824 1635 novi
855 1600 1013 1640 consilii,
1058 1612 1119 1632 cur

134 1658 260 1690 iterum
288 1655 432 1699 incipiat
456 1655 571 1687 dicere
598 1660 756 1686 veterum
779 1665 891 1686 inore.
974 1654 1016 1685 Et
1039 1653 1120 1684 meis

133 1705 273 1754 studiis]
311 1706 399 1739 Nam
425 1706 578 1749 optimos
602 1705 680 1738 illos
704 1705 812 1737 libros
835 1705 877 1736 de
901 1702 1119 1735 divinatione

134 1765 168 1791 et
191 1759 233 1790 de
259 1764 382 1790 natura
410 1756 587 1795 Deorum,
631 1768 720 1800 quae
746 1761 797 1787 est
820 1766 903 1787 vera
927 1760 960 1786 et
983 1752 1119 1785 erudita

135 1806 379 1854 philosophia,
407 1807 545 1850 scripsit
565 1807 623 1838 illo
644 1808 718 1850 ipso
737 1812 906 1849 tempore.

240 1859 269 1903 ᾗ.
286 1858 320 1892 5.
355 1861 495 1892 Seri-ins
518 1855 612 1903 huss]
651 1857 886 1890 (jousnlnerat
913 1855 1119 1887 Ciceronem

137 1911 279 1944 Servius
308 1909 500 1953 Sulpicius,
544 1916 662 1941 utrum
695 1908 837 1939 deberet
869 1918 910 1939 ex
938 1904 1121 1950 provincia

175 2042 221 2072 30)
242 2044 358 2071 statum]
378 2043 424 2065 Ed.
441 2043 513 2065 1546.
535 2048 629 2065 errore
648 2043 774 2072 typogrst
794 2039 894 2063 statim.

174 2094 223 2123 ³1)
244 2096 299 2118 Hoc
317 2096 505 2124 argumentum
524 2094 663 2117 exhibetur
677 2094 709 2115 ab
724 2092 805 2115 Editt.
822 2090 1020 2120 1537—1554.‚
1041 2090 1126 2120 1552,

211 2130 283 2153 1560.
304 2131 331 2152 et
350 2130 381 2151 ab
401 2129 448 2151 Ed.
466 2128 555 2153 1601..
575 2133 642 2157 quae
662 2130 751 2149 autem
770 2132 818 2155 pro
837 2125 929 2148 verbis
948 2125 1126 2155 „correctio-

212 2170 273 2186 nem
292 2164 324 2186 de
342 2160 497 2186 Marcello'’
522 2163 601 2184 hahet
619 2162 698 2184 haee:
730 2160 941 2191 „narrationem
961 2159 993 2182 de
1010 2159 1126 2183 restitu-

213 2198 286 2220 tione
303 2197 443 2226 Mareeili‚
469 2196 608 2225 redditque
626 2195 759 2218 rationem
779 2194 841 2218 novi
859 2193 983 2221 consilii,
1007 2199 1055 2216 cur
1074 2193 1127 2216 ite-

213 2237 271 2255 rum
296 2231 406 2260 incipiat
430 2231 519 2252 dicere
544 2232 667 2252 veterum
696 2235 779 2253 inore.
822 2228 964 2250 Postremo
991 2229 1018 2250 et
1038 2227 1127 2250 servii

216 2266 315 2294 filiique
341 2266 414 2288 illius
441 2264 618 2287 eruditionem
643 2264 670 2286 et
695 2263 856 2292 probitatem
879 2262 981 2286 laudat.
1033 2261 1128 2291 ltaque

216 2300 298 2322 mixta
317 2302 359 2322 est
377 2296 524 2328 epistola.”

182 2348 229 2377 32)
249 2349 338 2378 aliqua
357 2356 388 2372 ex
407 2351 498 2379 parte]
518 2349 583 2372 haec
603 2348 627 2371 in
649 2348 696 2371 Ed.
719 2347 792 2371 1545.
811 2348 874 2370 sunt
895 2346 1007 2371 omissa.

183 2400 232 2428 33)
250 2400 420 2423 dissimulare
441 2413 468 2416 —
491 2400 681 2427 dissimulans]
704 2399 750 2422 Ed.
772 2397 845 2421 1546.
864 2397 891 2420 id
910 2398 968 2427 est,
1000 2396 1129 2421 dissimu-

219 2435 278 2457 lare
296 2448 329 2451 —
349 2435 373 2457 id
392 2436 450 2465 est,
474 2434 656 2457 dissimulans.

187 2485 234 2516 3⁴)
255 2486 326 2508 Haec
346 2485 401 2508 Cic.
421 2486 505 2508 verba
523 2484 549 2508 in
568 2485 650 2508 Editt.
670 2484 754 2515 1537„
775 2483 859 2513 1545„
879 2482 953 2506 ¹560.
971 2480 1032 2505 huic
1050 2483 1131 2505 notae

219 2520 345 2548 apposita
363 2520 435 2542 sunt.

188 2570 256 2598 ΒΗ)
274 2569 411 2599 reynlich]
431 2568 478 2590 Ed.
499 2569 572 2593 1500.
593 2574 688 2592 errore
706 2570 833 2599 tuingia:
856 2565 988 2597 reyhh'ch.

188 2622 238 2650 35)
255 2620 397 2644 Volcatius
414 2619 478 2646 fuit]
497 2619 579 2643 Editt.
601 2619 690 2649 lata,
717 2619 790 2642 1560.
810 2618 835 2642 Is
854 2617 913 2641 suit.

188 2673 236 2699 36)
256 2671 307 2694 Pro
333 2670 374 2693 his
398 2669 452 2694 Cic.
475 2669 567 2691 verbis
589 2668 615 2691 in
641 2669 722 2693 Editt.
743 2668 833 2699 1545„
859 2667 934 2692 1560.
966 2666 1027 2691 huic
1051 2668 1133 2692 notae

225 2705 344 2736 praefi-ta
362 2705 440 2728 sunt:
466 2703 565 2734 Freqit
582 2703 634 2727 hoc
651 2709 750 2727 meum.

680 115 798 149 mul..
831 112 942 147 MEL.
977 107 1177 145 scmPTA
1211 107 1544 143 PHILOLOGICA.

1131 758 1143 1182 ———.—.—....—

1138 1184 1161 2719 ———-——————-———-——-——-——-.————-—-——

2059 107 2138 143 132

1149 194 1329 228 decedere.
1383 194 1506 227 Cicero
1522 194 1713 238 respondet
1728 191 1817 228 nihil
1833 194 2033 228 faciendum
2054 205 2138 227 con-

1152 251 1204 278 tra
1224 246 1440 278 voluntatem
1458 245 1629 279 Caesaris.

1377 338 1511 372 Aliud
1540 337 1922 384 argumentumffl).

1256 407 1497 451 Responsoria
1527 414 1578 441 est
1599 407 1765 452 epistola,
1806 406 1841 440 in
1865 419 1932 452 qua
1955 407 2142 451 praecipue

1155 458 1285 502 prohat
1308 458 1493 491 consilinm
1520 458 1685 502 Sulpicii,
1721 458 1782 504 qui
1806 464 2006 502 susceperat
2032 457 2144 490 admi-

1156 509 1402 542 nistrationem
1419 507 1572 542 Achaiae
1585 536 1594 549 ,
1620 521 1664 542 ne
1682 509 1718 541 in
1737 509 1939 553 perturbata
1963 508 2143 552 republica

1158 559 1255 592 domi
1277 560 1395 592 vivere
1420 567 1615 603 cogeretur.
1675 560 1766 604 Quia
1792 572 1876 593 xero
1900 572 2029 603 magno
2056 559 2146 592 desi-

1159 611 1256 643 derio
1273 623 1418 644 snorum
1437 611 1634 650 tenebatur,
1660 611 1832 653 significat
1848 611 1877 643 ei
1890 610 2025 649 Cicero,
2052 621 2146 642 nunc

1160 674 1232 694 non
1250 674 1322 695 esse
1342 674 1421 694 enm
1445 661 1659 705 reipublicae
1684 669 1832 700 statinn,
1865 668 1903 694 nt
1931 672 2146 705 magnopere

1160 725 1327 757 praesens
1345 714 1464 745 adesse
1483 718 1606 756 optare
1626 713 1761 745 debeat.
1814 713 1929 745 Porro
1956 725 2065 745 unum
2094 712 2147 744 in—

1161 764 1257 807 signe
1281 764 1478 807 exemplum
1508 763 1712 796 clementiae
1731 763 1916 796 Caesarem
1943 763 2148 801 ostendisse,

1163 815 1256 860 quod
1289 814 1516 852 Marcellum,
1557 813 1619 859 qui
1649 814 1861 858 Pompeium
1893 821 2030 848 secutus
2060 819 2148 853 erat,

1162 866 1365 899 restitnerit.
1434 865 1544 897 Addit
1574 865 1680 897 etiam
1712 867 1754 898 de
1789 877 1852 898 sno
1885 865 2052 904 consilio,
2087 876 2150 897 cur

1164 916 1233 949 iam
1261 917 1321 949 diu
1343 916 1582 949 intermissum
1606 916 1747 949 dicendi
1761 915 1915 949 studium
1936 915 2150 960 repetiverit.

1165 967 1290 999 Oratio
1319 974 1458 1006 autem,
1500 979 1606 1012 quam
1638 965 1693 999 hic
1720 979 1755 1000 se
1779 967 1815 999 in
1840 973 1965 1000 senatu
1986 965 2150 1000 habuisse

1165 1018 1270 1057 dicit,
1314 1024 1407 1050 extat
1440 1018 1531 1050 inter
1562 1017 1717 1062 reliquas
1748 1017 1929 1051 Ciceronis
1959 1018 2151 1056 orationes,

1167 1069 1267 1101 titulo
1291 1080 1356 1112 pro
1381 1068 1429 1101 M.
1456 1068 1637 1102 Marcello.
1703 1068 1898 1100 Exordium
1925 1068 2064 1112 elegans
2089 1074 2151 1106 est,

1167 1119 1201 1151 in
1227 1132 1297 1164 quo
1323 1119 1445 1151 laudat
1471 1118 1661 1150 dictionem
1686 1118 1831 1162 Sulpicii
1863 1125 1898 1151 et
1925 1118 2154 1163 reprehendit

1168 1182 1268 1209 eum,
1308 1170 1402 1214 quod
1435 1169 1623 1213 scripserat
1645 1182 1680 1202 se
1703 1170 1748 1201 ob
1773 1169 1932 1213 inopiam
1961 1170 2154 1203 verborum

1167 1221 1239 1253 fere
1259 1222 1382 1253 eodem
1400 1220 1560 1264 exemplo
1577 1219 1696 1264 plures
1713 1220 1847 1253 litteras
1863 1220 2015 1255 mittere.
2059 1220 2156 1254 Dicit

1169 1271 1262 1304 enim
1288 1283 1362 1303 non
1385 1277 1459 1303 tam
1483 1271 1626 1315 inopem
1652 1283 1724 1304 esse
1749 1271 1961 1311 verborum,
2003 1273 2064 1305 sed
2087 1271 2155 1304 ele-

1169 1322 1286 1365 gantia
1319 1328 1353 1354 et
1386 1321 1578 1355 subtilitate
1608 1333 1642 1354 se
1673 1321 1774 1354 facile
1804 1333 1824 1354 a
1855 1321 2010 1367 Sulpicio
2048 1322 2154 1357 vinci.

1168 1373 1295 1406 Postea
1320 1379 1516 1417 sequuntur
1540 1373 1628 1405 duae
1655 1371 1889 1406 narrationes.
1947 1373 2069 1406 Altera
2093 1385 2156 1418 ap-

1169 1422 1417 1468 probationem
1443 1423 1601 1456 contiuet
1625 1423 1762 1456 consilii
1779 1423 1943 1468 Sulpicii,
1971 1425 2068 1469 quod
2084 1436 2158 1459 sus-

1171 1475 1317 1518 cepisset
1350 1474 1695 1507 administrationem
1717 1472 1884 1509 Achaiae.
1951 1475 2072 1508 Altera
2104 1481 2156 1509 est

1171 1527 1213 1558 de
1246 1525 1468 1557 restitutione
1501 1524 1679 1564 Marcelli,
1731 1525 1787 1558 cui
1817 1526 1935 1559 addita
1967 1532 2018 1559 est
2050 1526 2157 1566 ratio,

1172 1588 1281 1621 quare
1299 1576 1426 1608 iterum
1443 1575 1589 1619 incipiat
1605 1576 1719 1608 dicere
1737 1576 1847 1608 veteri
1866 1588 1977 1610 more.
2028 1575 2070 1610 In
2084 1576 2157 1621 epi-

1172 1627 1251 1670 logo
1270 1626 1367 1659 varia
1385 1628 1560 1671 quaedam
1579 1627 1755 1669 congerit,
1787 1627 1950 1660 videlicet
1971 1628 2014 1661 de
2031 1628 2156 1662 Servio

1172 1678 1244 1710 filio
1257 1704 1266 1717 ,
1293 1678 1336 1710 de
1353 1690 1414 1711 sua
1432 1677 1626 1717 sententia,
1653 1683 1687 1710 et
1706 1678 1748 1710 de
1764 1684 1857 1712 statu
1871 1678 1981 1712 urbis.

1419 1768 1555 1801 Aliud
1590 1776 1918 1813 argumentum.

1276 1835 1516 1879 Responsoria
1544 1842 1594 1869 est
1620 1836 1787 1880 epistola,
1830 1837 1867 1869 in
1893 1849 1962 1882 qua
1994 1838 2160 1879 ostendit,

1176 1887 1357 1932 quomodo
1401 1887 1575 1931 acceperit
1610 1887 1871 1921 excusationem
1903 1888 2074 1932 Sulpicii,
2125 1895 2160 1923 et

1177 1938 1274 1983 quod
1301 1949 1439 1981 semper
1466 1938 1671 1981 probaverit
1701 1939 1886 1972 consilium
1911 1939 2036 1974 Servii.
2094 1940 2161 1974 His

1177 1989 1314 2022 duobus
1336 1988 1422 2021 locis
1439 1989 1536 2021 addit
1553 1989 1595 2021 de
1614 1989 1836 2023 restitutione
1853 1990 2030 2031 Marcelli,
2061 1997 2095 2024 et
2117 1992 2160 2024 de

1177 2039 1248 2073 suis
1263 2039 1397 2073 studiis.
1434 2038 1628 2071 Exordium
1645 2040 1808 2085 inprimis
1824 2041 1963 2085 elegans
1978 2047 2040 2082 est,
2065 2043 2163 2087 quod

1179 2096 1315 2124 constat
1331 2089 1521 2129 divisione,
1549 2090 1712 2124 videlicet
1729 2104 1764 2125 se
1782 2098 1918 2125 tantum
1937 2092 2096 2137 accipere
2113 2092 2162 2125 al-

1179 2148 1290 2174 teram
1326 2140 1559 2174 excusationis
1591 2148 1749 2185 partem‚
1784 2149 1817 2175 et
1839 2143 1944 2177 simul
1966 2144 2089 2177 laudat
2110 2143 2163 2177 di-

1180 2193 1332 2225 ctionem
1358 2191 1503 2235 Sulpicii
1527 2203 1547 2224 a
1574 2192 1765 2226 subtilitate
1792 2200 1826 2226 et
1852 2194 2036 2238 elegantia.
2099 2194 2162 2228 Se-

1181 2243 1301 2289 quitur
1316 2243 1475 2275 narratio
1492 2243 1535 2275 de
1554 2243 1700 2276 consilio
1717 2244 1881 2288 Sulpicii,
1910 2245 1990 2291 qui,
2016 2257 2061 2279 ne
2076 2251 2164 2279 esset

1180 2295 1217 2327 in
1238 2294 1442 2338 perturbata
1472 2294 1671 2337 republica,
1711 2302 1911 2339 susceperat
1940 2296 2165 2330 administra-

1181 2346 1314 2379 tionem
1332 2344 1556 2388 provinciae,
1581 2351 1614 2377 et
1631 2346 1728 2378 addit
1743 2347 2021 2381 confutationem
2040 2358 2165 2393 quere-

1182 2398 1236 2429 lae
1252 2408 1314 2440 per
1332 2395 1568 2428 collationem.
1622 2396 1762 2430 Servius
1780 2397 1873 2430 enim
1893 2399 1930 2432 in
1946 2400 2016 2432 suis
2038 2397 2164 2433 litteris

1183 2448 1430 2491 deploraverat
1452 2446 1656 2490 provinciae
1680 2455 1829 2489 statum,
1864 2449 1987 2483 Cicero
2011 2448 2165 2482 vicissim

1183 2499 1279 2531 urbis
1295 2503 1423 2530 statum
1448 2497 1620 2541 deplorat.
1673 2499 1800 2533 Postea
1826 2500 1967 2534 additur
1990 2500 2058 2533 alia
2082 2511 2164 2532 nar-

1184 2549 1293 2588 ratio,
1320 2548 1476 2592 primum
1493 2549 1536 2581 de
1553 2549 1714 2584 restituto
1729 2550 1897 2584 Marcello
1909 2577 1918 2591 ,
1946 2551 2007 2597 qui
2025 2556 2163 2585 secutus

1217 2665 1265 2693 37)
1283 2664 1545 2722 ιῗςξΐὸνὲιιηῐιξηῑὶιυη
1562 2665 1590 2688 et
1607 2666 1660 2690 duo
1679 2667 1821 2698 sequentia
1839 2667 1865 2691 in
1883 2667 1967 2693 Editt.
1985 2669 2076 2701 1556„
2096 2671 2163 2695 1565

1253 2711 1284 2715 —
1309 2707 1325 2722 o
1348 2708 1367 2723 s.
1387 2705 1434 2722 cxs
1468 2704 1503 2722 n.
