2351 2990
121 127 220 164 1043

127 225 234 260 qnam
263 210 357 243 cuim
381 208 497 241 maior
521 218 655 239 merces
683 202 903 241 ostenditur,
937 205 1058 233 tamen
1084 198 1119 232 id

128 263 243 307 exigui
267 261 438 305 temporis
464 265 526 293 est.

230 314 281 347 Ac
304 313 391 346 tales
412 311 555 357 quidem
579 314 660 341 suut
682 318 737 339 res
752 301 1121 348 Peloponnesiorum;

129 372 272 401 nostrae
289 370 406 398 autem
424 363 472 396 sic
489 373 524 395 se
544 358 686 392 habent.
740 356 879 389 Absunt
904 352 991 387 haec
1010 353 1123 397 impe-

131 419 310 455 dimenta,
342 427 432 460 quae
455 414 491 445 in
517 410 602 455 ipsis
626 407 941 453 reprehendimus,
968 410 1002 438 et
1016 402 1124 437 habe—

132 482 211 503 mus
228 468 296 501 alia
318 477 446 508 magna
465 462 667 501 commoda,
696 472 786 505 quae
805 458 872 502 ipsi
889 469 963 490 non
978 454 1124 489 habent.

133 522 169 556 Si
190 527 282 553 terra
311 519 440 550 ducent
467 513 658 548 exercitum
679 512 715 544 in
732 510 907 549 Atticam,
931 520 996 541 nos
1017 508 1125 541 classe

133 575 178 607 ad
208 572 366 615 ipsorum
394 568 513 600 littora
548 565 765 597 accedemus.
833 560 879 594 Et
905 571 1125 605 quamquam

133 626 268 658 iactura
297 619 413 653 maior
448 624 499 652 cst
533 616 569 649 in
595 616 703 648 totius
728 613 867 648 Atticae
892 610 1126 656 populatione

134 687 242 723 quam
267 671 378 717 partis
399 667 655 714 Peloponnesi:
691 673 812 699 tamen
829 664 879 697 illi
895 663 970 697 sine
988 661 1127 707 proelio

134 728 242 761 aliam
266 731 398 757 terram
428 732 599 767 quaerere
625 730 699 751 non
723 723 892 762 possunt,
927 713 1032 747 nobis
1059 713 1127 746 alia

135 781 213 813 loca
235 781 357 821 patent
372 775 409 806 in
427 771 549 806 insulis
565 777 598 803 et
613 769 830 803 continente.
884 766 1056 809 Magnum
1079 770 1131 798 est

137 830 232 865 enim
251 826 361 872 potiri
378 824 482 858 mari.
532 822 762 855 Considerate
782 819 875 853 enim
889 845 898 858 ,
925 817 955 851 si
975 815 1131 851 insulani

139 891 294 916 essemus
306 905 314 917 ,
342 874 634 921 inexpugnabiles
648 884 813 907 essemus.

240 931 297 965 Ad
319 927 411 962 hanc
436 927 612 960 rationem
640 924 781 968 dirigite
808 920 1062 965 cogitationes,
1099 925 1133 952 et

141 995 245 1029 agros
268 988 303 1015 et
329 980 431 1012 villas
456 990 522 1022 pro
548 976 723 1010 derelictis
745 973 883 1007 habete.
937 972 1006 1005 Sed
1023 970 1132 1004 maris

141 1044 175 1071 et
190 1034 287 1069 urbis
304 1030 499 1065 custodiam
518 1035 720 1067 teneamus,
747 1038 812 1059 nec
832 1024 1041 1058 dimicemus
1059 1022 1132 1055 acie

143 1100 221 1122 cum
258 1081 529 1127 Peloponnesiis
564 1079 663 1113 iratis
707 1083 855 1123 propter
897 1075 1132 1109 vastationem

143 1148 330 1183 agrorum,
373 1133 434 1178 qui
473 1131 702 1165 multitudine
746 1128 973 1162 antecellunt.
1042 1126 1134 1160 Nam

144 1187 282 1225 etiamsi
311 1185 554 1222 vinceremus,
598 1194 721 1215 rursus
755 1180 998 1213 dimicandum
1034 1183 1135 1217 esset,

144 1248 178 1276 et
192 1241 222 1275 si
237 1240 479 1275 vinceremur,
503 1234 589 1268 socii
613 1234 815 1267 deficerent.
868 1232 924 1265 Ad
950 1228 1015 1263 hos
1040 1229 1135 1262 enim

145 1293 313 1327 accedent
334 1285 609 1332 Peloponnesii,
655 1285 683 1318 si
708 1283 864 1317 viderint
890 1295 955 1316 nos
979 1280 1137 1314 imbecil-

145 1345 252 1378 liores
279 1353 362 1375 esse.
431 1339 504 1372 Nec
531 1349 698 1381 agrorum
728 1342 763 1368 et
787 1335 952 1367 villarum
981 1331 1138 1370 amissio,

147 1397 208 1430 sed
233 1392 421 1428 hominum
445 1389 667 1434 deploranda
690 1393 753 1420 est.
805 1386 889 1419 Non
916 1384 1010 1417 enim
1036 1394 1139 1427 prae-

147 1448 204 1481 dia
224 1444 411 1491 potiuntur
427 1441 532 1480 viris,
559 1440 619 1473 sed
636 1439 703 1471 viri
722 1436 890 1482 praediis.
943 1434 990 1468 Et
1014 1435 1042 1467 si
1070 1432 1141 1465 exi-

149 1499 330 1534 stimarem
346 1506 409 1527 vos
426 1491 633 1537 persuaderi
653 1501 768 1534 posse,
792 1488 949 1521 iuberem
966 1498 1029 1519 vos
1046 1485 1141 1529 ipsos

151 1548 291 1594 egredi,
319 1553 353 1579 et
376 1550 512 1578 vestras
533 1543 635 1575 villas
659 1541 870 1578 incendere,
898 1545 932 1571 et
956 1537 1143 1571 ostendere

150 1596 422 1644 Peloponnesiis
439 1607 502 1628 vos
519 1606 593 1626 non
612 1599 818 1636 accepturos
842 1603 915 1624 esse
936 1588 1144 1623 servitutem

153 1659 250 1687 metu
267 1649 367 1683 istius
384 1645 517 1680 damni.

256 1701 380 1734 Habeo
398 1705 432 1732 et
450 1697 517 1730 alia
538 1695 648 1729 multa
661 1721 669 1733 ,
698 1705 788 1739 quae
807 1704 904 1737 spem
921 1689 1011 1724 mihi
1034 1689 1146 1722 victo-

153 1755 228 1788 riae
243 1752 396 1790 faciunt,
424 1749 453 1782 si
472 1748 588 1780 maior
606 1746 673 1779 erit
690 1757 772 1778 cura
797 1742 1013 1778 defensionis
1038 1753 1145 1786 quam

154 1803 336 1851 potentiae
354 1800 610 1846 acquirendae,
638 1798 735 1843 quod
752 1809 829 1829 cum
846 1796 904 1836 fit,
930 1794 1068 1828 maiora
1088 1804 1147 1836 pe-

154 1857 267 1891 ricula
284 1855 378 1888 ultro
395 1849 636 1885 attrahuntur.
690 1848 804 1892 Magis
824 1847 918 1880 enim
941 1852 1060 1879 metuo
1085 1845 1148 1876 do-

157 1907 300 1942 mestica
321 1910 451 1943 errata,
475 1915 582 1948 quam
601 1899 758 1934 hostium
776 1899 934 1933 consilia.
971 1897 1038 1931 Sed
1057 1907 1148 1941 quae

158 1959 260 1993 nobis
278 1956 434 1991 cavenda
454 1960 536 1987 sunt
553 1953 589 1985 in
606 1952 699 1985 bello
712 1978 721 1991 ,
749 1964 813 1985 suo
838 1958 999 1994 tempore
1025 1959 1149 1980 mone-

158 2012 295 2049 bimus,
323 2020 402 2041 cum
428 2018 488 2046 ea,
517 2017 607 2051 quae
626 2009 795 2048 agentur,
824 1999 1148 2047 praemonitionem

160 2061 400 2107 postulabant.

706 115 830 152 PHIL.
863 113 978 148 MEL.
1012 111 1215 147 SCRIPTA
1253 110 1591 149 PHILOLOGICA.

2076 109 2176 146 1044

1276 197 1380 232 Nunc
1404 206 1522 232 autem
1547 199 1683 243 legatos
1714 196 1955 236 dimittamus,
1999 196 2083 229 dato
2115 209 2170 230 re-

1173 261 1317 293 sponso.
1370 250 1638 293 Megarensibus
1664 261 1737 282 non
1765 248 2018 281 interdicemus
2040 254 2165 281 nostro

1173 300 1252 333 foro
1278 307 1312 334 et
1335 301 1520 345 portibus,
1564 301 1593 335 si
1616 300 1890 334 Lacedaemonii
1922 311 1997 332 non
2021 298 2168 333 eiiciunt

1175 350 1333 396 hospites
1353 364 1438 392 nos,
1465 358 1499 385 et
1522 358 1663 386 nostros
1685 352 1810 386 socios.
1869 351 2045 386 Neutrum
2073 350 2168 384 enim

1178 402 1371 448 prohibent
1385 404 1544 437 foedera.
1593 403 1708 437 Urbes
1727 410 1843 437 autem
1861 402 1966 437 nobis
1985 401 2170 435 adiunctas

1178 456 1335 490 sinemus
1357 455 1410 488 uti
1436 455 1507 489 suis
1531 454 1666 499 legibus
1680 454 1748 500 ⁸²³),
1776 466 1866 501 quae
1890 455 1927 487 iu
1948 454 2090 487 foedere
2105 465 2171 486 no-

1178 506 1343 540 minatim
1367 504 1436 540 hoc
1458 511 1724 551 expresserunt,
1751 513 1790 539 ut
1816 506 1919 539 lIceat
1939 505 1991 539 uti
2015 504 2172 550 propriis

1180 559 1337 603 legibus,
1365 558 1472 604 idque
1499 564 1583 591 tunc
1607 557 1795 597 faciemus,
1830 570 1908 591 cum
1933 556 2174 590 Lacedaemo—

1180 611 1232 643 nii
1258 611 1352 643 idem
1383 610 1579 643 concedent
1602 608 1669 643 sibi
1696 608 1890 648 adiunctis,
1922 621 1967 642 ne
1996 607 2177 641 Lacedae-

1182 662 1389 696 moniorum
1410 661 1559 694 arbitrio
1576 666 1746 704 regantur
1755 659 1820 706 ²⁴),
1846 660 1906 693 sed
1921 665 1961 693 ut
1977 659 2061 704 ipsis
2079 659 2177 693 libet.

1182 714 1378 748 Offerimus
1395 713 1500 746 etiam
1521 725 1586 746 nos
1606 713 1649 744 ad
1668 711 1811 752 iudicia,
1830 710 1926 745 iuxta
1944 711 2087 745 foedera
2103 711 2177 745 bel-

1183 767 1255 800 lum
1276 777 1351 798 non
1367 764 1578 804 inferemus,
1606 764 1666 796 sed
1685 763 1822 796 illatum
1839 762 2068 808 depellemus.

1272 817 1368 850 Haec
1388 815 1573 860 responsio
1591 815 1681 848 iusta
1700 821 1762 855 est,
1779 821 1813 847 et
1831 814 2046 848 conveniens
2064 812 2178 856 digni-

1185 868 1249 903 tati
1272 868 1370 902 urbis
1395 874 1544 901 vestrae.
1613 865 1749 899 Interea
1778 863 1846 899 hoc
1874 866 2046 907 sciamus,
2083 870 2179 898 certo

1184 921 1317 955 bellum
1339 921 1497 953 futurum
1521 930 1615 957 esse,
1643 919 1736 963 quod
1762 918 1791 951 si
1816 918 2032 962 excipiemus
2051 915 2181 950 animis

1186 972 1407 1011 volentibus,
1449 970 1568 1003 minus
1601 969 1784 1003 audebunt
1805 981 1950 1002 movere
1975 967 2184 1001 adversarii.

1187 1024 1392 1068 Cogitemus
1421 1028 1454 1055 et
1473 1020 1557 1055 hoc:
1583 1033 1624 1054 ex
1648 1020 1812 1054 maximis
1833 1020 1999 1066 periculis
2023 1020 2130 1054 urbes
2152 1024 2187 1052 et

1188 1077 1349 1121 privatos
1364 1072 1528 1107 homines
1545 1072 1693 1116 adipisci
1711 1084 1876 1116 magnam
1897 1071 2069 1117 gloriam,
2096 1070 2187 1105 sicut

1189 1134 1223 1161 et
1245 1126 1399 1160 maiores
1422 1124 1536 1158 nostri
1560 1123 1686 1157 Medos
1713 1123 1977 1165 sustinuerunt,
2022 1122 2084 1169 qui
2107 1121 2186 1168 qui-

1190 1180 1271 1212 dem
1294 1178 1456 1211 nondum
1485 1175 1648 1209 instructi
1671 1181 1769 1208 tanta
1794 1175 1973 1220 potentia,
1998 1174 2110 1207 immo
2132 1185 2187 1207 re-

1189 1230 1280 1264 lictis
1296 1229 1401 1262 rebus
1419 1227 1640 1266 domesticis,
1667 1238 1706 1259 ac
1727 1227 1804 1271 plus
1821 1227 1969 1261 consilio
1987 1237 2095 1272 quam
2112 1226 2186 1259 for·-

1190 1289 1275 1315 tuna
1293 1280 1528 1318 confidentes,
1565 1284 1599 1310 et
1621 1278 1733 1321 magis
1759 1278 1905 1311 audacia
1924 1289 2032 1323 quam
2048 1277 2185 1310 viribus

1192 1331 1422 1370 dimicantes,
1457 1329 1630 1363 barbaros
1658 1336 1923 1373 represserunt,
1958 1335 1992 1362 et
2016 1327 2188 1373 reipubli-

1193 1396 1253 1417 cae
1279 1381 1347 1415 hoc
1370 1381 1559 1425 imperium
1587 1386 1824 1424 pepererunt,
1869 1381 1966 1425 quod
1996 1391 2071 1412 non
2100 1379 2189 1413 abii-

1195 1435 1357 1468 ciendum
1378 1439 1448 1472 est,
1476 1433 1535 1465 sed
1555 1429 1673 1464 hostes
1691 1431 1912 1475 reprimendi
1926 1436 2009 1465 sunt
2024 1431 2191 1465 omnibus

1194 1486 1351 1524 viribus,
1381 1490 1415 1516 et
1440 1484 1644 1516 conandum
1667 1488 1738 1524 est,
1765 1495 1809 1516 ne
1827 1484 1979 1527 posteris
1997 1483 2193 1528 rempubli-

1196 1550 1272 1570 cam
1289 1536 1523 1568 infirmiorem
1541 1535 1738 1568 tradamus.

1310 1587 1406 1619 Haec
1424 1599 1503 1619 cum
1522 1586 1677 1619 Pericles
1695 1585 1858 1626 dixisset,
1881 1583 2116 1619 Athenienses
2133 1586 2193 1619 de-

1199 1645 1332 1672 cretum
1358 1639 1518 1671 fecerunt
1543 1638 1639 1671 iuxta
1674 1637 1785 1682 ipsius
1816 1637 2050 1677 sententiam,
2092 1635 2193 1678 haec,

1200 1703 1290 1736 quae
1309 1690 1416 1734 petita
1436 1695 1557 1729 erant,
1585 1701 1620 1723 se
1637 1701 1710 1722 non
1727 1690 1883 1723 facturos
1902 1701 1974 1722 esse
1987 1716 1996 1730 ,
2023 1688 2105 1734 quia
2125 1688 2193 1722 sibi

1201 1743 1244 1775 ab
1268 1742 1336 1776 illis
1361 1740 1533 1785 imperari
1554 1741 1712 1781 nollent,
1747 1741 1808 1774 sed
1831 1740 1868 1773 in
1893 1740 2026 1774 iudicio
2051 1739 2194 1786 aequali

1201 1806 1236 1827 se
1256 1795 1300 1826 ad
1320 1793 1458 1826 obiecta
1477 1804 1713 1836 responsuros
1731 1804 1815 1826 esse.

1236 1952 1285 1981 23)
1305 1952 1427 1976 sinemus
1446 1952 1486 1976 uti
1504 1952 1564 1977 suis
1583 1952 1707 1981 legibus]
1733 1952 1773 1975 sic
1799 1952 1876 1974 recte
1894 1951 1945 1976 Ed.
1964 1951 2037 1976 1562.
2057 1951 2085 1975 in
2103 1952 2194 1977 corri-

1272 1987 1370 2018 gendis
1389 1996 1424 2009 z
1442 1988 1562 2017 Thucyd.
1589 1984 1761 2018 αὐτονόμους
1787 1982 1952 2017 ἅφήσομενς
1982 1987 2011 2010 in
2040 1986 2103 2017 ipsa
2129 1993 2195 2012 ora-

1272 2022 1347 2046 tione
1366 2022 1391 2046 h.
1406 2022 1425 2045 l.
1445 2023 1547 2052 legitur
1566 2023 1694 2053 uostris,
1715 2027 1765 2051 pro
1784 2022 1855 2045 suis.

1237 2065 1285 2094 24)
1304 2066 1453 2096 regantur]
1472 2066 1521 2090 Ed.
1536 2066 1611 2090 1562.
1634 2070 1730 2089 errore
1749 2066 1877 2095 typogr.:
1897 2064 1938 2088 rei
1957 2065 2067 2096 gantur.

457 2307 814 2346 ORATIONES
855 2307 935 2343 EX
974 2304 1160 2343 LIBRO
1205 2301 1482 2340 SECUNDO
1523 2300 1898 2339 THUCYDIDIS

384 2377 673 2408 CONVERSAE
701 2377 749 2405 IN
777 2376 995 2405 LATINUM
1024 2373 1294 2404 SERMONEM
1324 2374 1346 2400 A
1371 2368 1597 2400 PHILIPPO
1626 2370 1975 2400 MELANTHONE.

391 2472 554 2506 Oratio
582 2469 850 2506 Archidami
866 2470 926 2516 25).

267 2541 345 2574 Viri
361 2539 615 2585 Peloponnesii
634 2539 803 2584 sociique.
850 2537 896 2572 Et
911 2537 1025 2571 nostri
1042 2537 1155 2569 maio-

165 2607 219 2628 res
252 2594 413 2627 fecerunt
443 2592 572 2624 multas
607 2590 848 2635 expeditiones
876 2590 968 2622 intra
997 2595 1031 2622 et
1058 2595 1153 2621 extra

164 2646 476 2690 Peloponnesum,
514 2649 548 2675 et
582 2642 674 2675 inter
709 2655 774 2676 nos
802 2642 873 2682 illi,
909 2641 970 2687 qui
997 2640 1154 2674 seniores

1206 2473 1307 2507 sunt,
1339 2478 1415 2500 non
1448 2471 1530 2499 sunt
1565 2464 1722 2509 imperiti
1756 2463 1946 2498 bellorum.
2005 2463 2199 2510 Nunquam

1206 2525 1326 2551 tamen
1352 2531 1431 2552 cum
1459 2522 1559 2549 tanto
1577 2523 1751 2561 apparatu
1768 2514 1962 2555 exivimus,
1989 2515 2079 2549 sicut
2092 2527 2200 2550 nune.

1205 2570 1273 2604 Sed
1296 2582 1390 2603 nunc
1416 2569 1583 2602 adversus
1605 2569 1728 2601 urbem
1750 2566 1976 2613 procedimus
1994 2566 2198 2611 potentissi-

1205 2633 1321 2661 mam,
1364 2627 1397 2654 et
1421 2620 1663 2653 antecellimus
1691 2619 1838 2666 reliquis
1859 2617 2004 2651 Graecis
2036 2618 2196 2653 multitu-

1205 2673 1304 2714 dine,
1339 2679 1373 2706 et
1399 2672 1568 2717 opinione
1590 2671 1641 2704 rei
1667 2671 1842 2705 militaris.
1894 2668 2029 2703 Iustum
2056 2676 2107 2704 est
2133 2669 2200 2714 igi-

201 2748 249 2776 25)
271 2746 390 2777 Thucyd.
404 2744 438 2776 11,
453 2744 495 2769 ¹1.
1204 2732 1282 2766 tur,
1310 2737 1375 2758 nos
1392 2736 1465 2757 non
1481 2723 1594 2757 videri
1618 2729 1679 2756 aut
1695 2722 1888 2756 deteriores
1911 2721 2106 2756 maioribus
2135 2733 2201 2754 no-
