2294 2975
137 134 185 170 55
710 126 833 163 PHIL.
869 125 982 162 MEL.
1015 121 1216 160 SCRIPTA
1241 123 1579 162 PHILOLOGICA.
2121 122 2173 161 56

142 234 198 254 ine
216 218 414 258 revocavit,
443 216 549 250 etiam
572 216 730 249 animum
754 213 910 252 addidit,
943 218 983 245 ut
1005 209 1128 244 amicis

145 275 232 305 bene
247 273 289 304 de
305 283 359 303 me
376 268 510 302 meritis
523 295 532 308 ,
567 268 663 312 qnod
690 278 769 300 cum
792 263 1006 309 reipublicae
1032 262 1129 294 bono

149 326 207 356 fiat
219 350 226 361 ,
255 324 372 355 deesse
389 320 521 359 nolim,
550 331 587 351 ac
604 318 733 351 multos
752 316 894 361 quidem
911 312 1059 347 offendit
1073 310 1131 346 hic

147 386 246 407 meus
263 372 449 418 splendor,
477 370 573 416 quod
591 369 627 402 in
644 368 830 413 pristinam
847 365 1055 409 dignitatem
1078 375 1133 396 re-

149 425 288 459 stitutus
305 436 402 463 sum,
428 422 488 455 sed
511 421 532 453 ii
553 420 662 462 magis
687 423 906 464 queruntur,
934 416 1031 461 quod
1048 414 1134 447 Cae-

151 488 265 510 sarem
281 475 368 508 meis
383 471 564 507 sententiis
581 482 718 509 ornem,
746 468 847 514 quasi
865 466 1015 512 pristina
1032 476 1135 498 causa

151 526 357 560 destiterim.
408 523 483 566 Ego
502 528 618 555 antem
637 521 813 553 rationem
831 518 969 553 consilii
988 516 1060 550 mei
1075 513 1137 549 ha-

152 579 238 618 beo,
265 577 353 610 sicut
370 586 447 608 eam
463 579 543 606 ante
563 583 739 617 exponere
764 570 875 615 coepi.
934 569 1017 604 Non
1043 566 1138 601 enim

155 630 247 661 idem
265 633 315 661 est
332 627 509 658 bonorum
526 636 667 663 sensus,
695 622 757 668 qni
776 627 856 654 ante
873 620 960 660 suit,
994 619 1054 653 sed
1077 618 1140 663 qui

155 691 235 713 eum
261 676 351 711 tueri
373 676 567 715 debebant,
602 674 845 708 deseruerunt.
909 671 1030 716 Quare
1052 667 1141 702 mihi

156 730 220 764 soli
240 740 313 761 non
333 727 413 760 licet
427 726 640 765 reclamare,
667 737 711 757 ne
733 723 869 768 patriae
886 723 959 755 vim
983 721 1140 766 aliquam

155 781 281 813 afferre
306 779 449 817 videar,
483 777 578 822 quod
606 776 707 809 Plato
729 772 934 819 probibuit,
977 773 1038 818 qui
1062 772 1140 804 ideo

157 845 190 866 se
209 831 254 864 ad
278 828 536 873 rempublicam
562 839 636 860 non
661 825 841 859 accessisse
861 823 1018 869 dicit75),
1047 822 1143 868 quod

156 881 308 927 populus
332 878 559 913 Atheniensis
591 878 663 910 iam
697 877 794 911 senio
824 875 1000 919 desipiens
1026 873 1060 905 vi
1087 885 1143 906 co-

157 934 290 978 gendus
317 937 416 965 esset.
468 927 558 962 Mihi
581 935 696 962 autern
711 955 719 968 ,
747 927 809 972 qni
826 927 870 959 ad
888 924 1143 970 rempublicam

159 983 292 1029 populo
323 994 398 1015 non
429 980 622 1024 desipiente
654 978 799 1017 accessi,
841 989 935 1010 nnnc
966 977 1143 1019 integrum

158 1047 232 1068 non
256 1040 306 1068 est
324 1045 401 1066 eam
418 1032 598 1070 deserere,
625 1031 761 1074 gaudeo
778 1035 897 1061 tamen
924 1039 1003 1061 enm
1031 1024 1145 1059 adhuc

159 1098 278 1120 rerum
306 1083 465 1117 omnium
491 1088 620 1115 statum
647 1094 738 1121 esse,
771 1086 830 1118 ut,
872 1091 962 1124 quae
985 1077 1085 1111 utilia
1113 1082 1146 1109 et

162 1143 257 1171 recta
276 1142 355 1169 sunt
368 1162 376 1174 ,
403 1134 589 1167 defendere
606 1132 725 1164 liceat:
753 1137 872 1163 tamen
893 1130 1063 1162 accedunt
1077 1125 1146 1160 huc

160 1187 328 1221 beneficia
354 1183 512 1219 Caesaris
535 1184 572 1215 in
598 1195 654 1215 me
677 1188 711 1214 et
735 1182 902 1221 fratrem,
941 1180 997 1213 cui
1022 1179 1145 1212 saltem

163 1240 207 1273 ob
225 1237 397 1271 maximas
415 1247 470 1269 res
488 1241 601 1279 gestas
617 1232 798 1267 adversari
813 1244 888 1265 non
905 1231 1061 1270 decebat,
1083 1236 1146 1263 etc.

212 1332 537 1375 Argumentum
573 1335 614 1361 et
649 1325 823 1362 scholia
858 1324 901 1357 in
933 1322 1099 1367 episto-

541 1379 625 1412 lam
659 1377 768 1424 X.⁷⁶”).

264 1450 387 1484 Cicero
409 1446 547 1492 scripsit
569 1453 639 1480 tres
662 1446 772 1479 libros
795 1443 994 1476 carminum
1016 1441 1058 1473 de
1085 1452 1147 1473 suo

163 1501 425 1547 consulzitti⁷⁷)‚
466 1500 527 1532 sed
552 1510 610 1531 eos
632 1509 705 1530 non
731 1495 859 1533 edidit,
900 1494 942 1526 de
965 1492 1091 1537 quibus
1116 1496 1149 1523 et

163 1556 246 1589 item
267 1554 309 1586 de
329 1551 404 1584 aliis
421 1550 490 1584 suis
508 1548 646 1592 scriptis
665 1546 721 1581 hic
737 1545 890 1579 Lentulo
907 1543 1039 1578 scribit.

266 1603 378 1648 Epist.
392 1601 449 1634 lx.
487 1599 591 1643 §23-
633 1601 725 1640 Quod
748 1609 846 1640 royas
867 1593 950 1641 ete]
980 1593 1033 1627 De
1065 1591 1148 1625 scri-

164 1657 234 1703 ptis
256 1652 509 1697 narrati0773).
588 1652 657 1684 Sed
679 1652 756 1695 quia
780 1644 936 1693 verebar]
967 1644 1049 1677 Ideo
1075 1655 1148 1676 non

167 1707 278 1746 edidi,
329 1704 411 1750 quia
444 1703 592 1735 verebar
621 1713 695 1733 non
727 1698 909 1737 inimicos,
955 1708 1042 1741 quos
1071 1706 1148 1738 per-

164 1757 308 1796 strinxi,
337 1755 396 1790 sed
414 1754 581 1792 verebar,
610 1764 653 1785 ne
668 1752 757 1784 bene
784 1749 902 1782 meriti
925 1760 942 1780 a
967 1759 1023 1779 ine
1048 1757 1148 1790 prae-

166 1810 261 1844 teriti
271 1808 317 1853 ἵεἶ)
336 1806 612 1839 offenderentur.

269 1858 298 1903 ἓ.
318 1857 377 1893 24.
413 1858 504 1897 Quae
525 1857 568 1888 ad
592 1866 641 1887 me
664 1855 703 1886 de
725 1854 792 1886 tuis
814 1847 933 1895 rebus]
970 1847 1023 1880 De
1045 1847 1149 1880 rebus

166 1909 366 1946 domesticis
383 1906 525 1939 Lentuli
543 1912 576 1938 et
592 1904 668 1937 aliis
686 1900 932 1945 leviorihusffl)
950 1899 1111 1942 negotiis.

267 1960 297 2006 ξ.
314 1957 374 1995 25.
408 1959 621 1991 Provinciam
643 1955 763 1988 habere
775 1950 848 1998 80)]
883 1951 989 1983 Aliud
1013 1956 1063 1983 est
1086 1949 1150 1980 iin-

164 2013 302 2059 perium
330 2008 480 2048 habere,
517 2007 612 2039 aliud
638 2003 768 2038 habere
796 2001 1027 2048 provinciam.
1081 2000 1151 2032 Ha-

164 2067 247 2098 bere
263 2060 505 2108 provinciam,
533 2064 583 2092 est
601 2063 738 2090 tantum
756 2065 916 2099 praeesse
934 2051 1150 2097 provinciae.

199 2166 248 2192 75)
267 2163 328 2186 Vid.
348 2160 469 2186 Platonis
494 2159 572 2190 epist.
592 2159 628 2183 V.
650 2158 678 2181 in
697 2157 751 2181 fine
779 2158 853 2186 (opp.
873 2155 923 2179 Ed.
944 2154 1035 2184 steph.
1059 2154 1088 2177 T.
1106 2152 1151 2176 111.

234 2206 260 2229 p.
273 2198 332 2222 322.
345 2202 369 2221 a.
383 2198 422 2225 b.;
446 2195 494 2218 Ed.
513 2194 619 2223 Bipont.
638 2192 702 2215 Vol.
715 2191 761 2214 XI.
780 2198 805 2220 p.
818 2191 886 2218 89)

199 2242 247 2269 76)
270 2241 297 2264 in
322 2238 466 2269 epistolam
483 2237 536 2265 X.]
564 2235 603 2259 sic
626 2235 710 2259 Editt.
732 2233 806 2257 1537.
838 2234 963 2260 (numero
996 2229 1101 2261 quidem
1125 2229 1151 2253 in

234 2276 285 2298 hac
309 2275 358 2297 Ed.
385 2278 439 2295 non
464 2268 633 2300 adscripto),
660 2269 753 2296 154³,
781 2267 872 2295 1546„
899 2266 990 2294 1560.,
1022 2265 1095 2287 1601.
1125 2264 1151 2287 in

236 2310 312 2332 textu
331 2309 358 2331 et
377 2305 505 2333 scholiis,
536 2306 563 2328 et
584 2304 667 2327 Editt.
688 2303 779 2331 1544„
801 2301 890 2329 ¹554.,
910 2299 984 2323 1557.
1009 2298 1035 2321 in
1061 2300 1152 2326 textu3

236 2343 264 2366 in
288 2342 337 2365 Ed.
359 2340 443 2365 orell.
466 2341 573 2367 autem,
604 2342 683 2368 quam
707 2336 734 2359 in
761 2333 947 2358 adscribendjs
973 2333 1153 2363 paragraphis

235 2377 396 2406 sequimur,
432 2374 498 2397 haec
522 2372 639 2402 epistola
661 2372 790 2400 tanquam
814 2366 859 2400 ἐξ.
884 2367 1020 2391 23—26.
1047 2367 1152 2396 episto-

237 2411 281 2434 lae
300 2410 346 2433 lx.
373 2409 499 2432 adiuncta
526 2408 586 2433 est.
618 2405 711 2429 itidem
733 2403 922 2434 argumentum
949 2402 976 2424 et
999 2401 1101 2424 scholia
1119 2400 1153 2423 ad

236 2450 295 2468 eam
316 2442 481 2473 pertinentia
500 2441 525 2464 in
545 2440 626 2464 Editt.
649 2439 734 2469 15⁴0„
756 2438 841 2467 1544„
862 2436 954 2465 1554.‚
975 2435 1050 2458 1557.
1069 2440 1152 2464 prae-

235 2478 340 2502 cedenti
363 2476 495 2505 epistolae
513 2476 577 2498 sunt
595 2479 712 2497 annexa.

201 2521 249 2549 77)
269 2520 371 2543 Horum
390 2518 537 2541 carminum
550 2517 708 2544 fragmenta
721 2521 780 2538 cum
795 2512 889 2537 Nobbii
905 2510 1082 2535 adnotatione
1097 2511 1151 2534 vid.

237 2556 265 2579 iu
283 2555 331 2578 Ed.
352 2553 437 2577 orell.
456 2552 518 2574 Vol.
534 2551 581 2575 1V.
600 2551 630 2574 Ρ.
645 2551 676 2573 11.
697 2557 721 2579 p.
736 2548 787 2572 567
802 2547 894 2571 -570,

201 2599 271 2626 77³)
289 2598 362 2620 Haec
381 2596 445 2618 nota
464 2593 488 2616 in
510 2593 569 2615 sola
587 2593 635 2615 Ed.
654 2591 726 2615 1537.
748 2591 773 2614 in
795 2590 918 2621 margine
935 2588 1083 2619 reperitur.

201 2642 250 2670 78)
269 2638 426 2670 praeteriti]
446 2636 493 2659 Ed.
514 2635 585 2658 1580.
606 2633 794 2663 praetermitti.

201 2685 249 2712 79)
268 2680 432 2708 levioribus]
453 2678 533 2702 Editt.
555 2677 645 2705 1545..
668 2677 740 2700 15⁶0.
762 2675 939 2700 brevioribus,

202 2726 250 2754 80)
269 2724 385 2752 habere]
403 2721 473 2751 apud
492 2719 652 2745 Ciceronem
670 2718 771 2749 legitur
790 2718 814 2741 Ιι,
829 2717 847 2742 1.
866 2717 990 2742 nuberet.

1180 212 1320 246 Habere
1339 211 1549 256 imperium,
1583 217 1633 245 est
1655 209 1787 246 habere
1808 211 1861 246 ius
1887 211 1993 246 etiam
2018 210 2177 246 conscri-

1181 263 1290 321 bendi
1317 263 1500 298 exercitus.
1578 265 1667 307 Leqe
1689 261 1842 311 curiata]
1870 263 2003 298 scilicet
2027 263 2071 296 de
2093 273 2178 307 pro·-

1184 326 1321 348 vinens.

1289 362 1319 408 ἓ.
1337 364 1398 400 26.
1426 366 1577 399 Litteras
1591 365 1631 398 de
1653 361 1863 410 publicanis]
1889 362 2079 398 Publicani
2099 362 2175 398 fue·

1186 421 1271 449 runt
1287 416 1381 460 apud
1396 415 1581 450 Romanos
1600 415 1734 461 equites
1751 421 1785 448 et
1801 413 1937 448 nobiles
1954 415 2036 450 viri.

1409 506 1542 541 Aliud
1570 513 1881 552 argumentum
1895 506 1956 554 81).

1290 574 1490 619 Respondit
1505 573 1674 609 hactenus
1687 575 1810 609 Cicero
1828 575 1933 620 longa
1952 576 2178 610 excusatione

1192 627 1234 660 de
1253 637 1357 660 causa
1373 625 1427 659 sui
1444 626 1600 666 consilii,
1625 628 1722 671 quod
1743 626 1906 660 videlicet
1921 638 1986 671 pro
2006 633 2180 671 opportu-

1192 678 1304 711 nitate
1323 683 1527 721 temporum
1544 677 1711 710 maluerit
1728 683 1846 711 tenere
1862 678 1899 710 in
1923 677 2106 722 republica
2130 678 2182 718 id,

1193 729 1290 774 quod
1323 727 1461 773 potuit,
1517 740 1624 773 quam
1658 728 1787 761 frustra
1823 728 1935 762 multa
1970 734 2107 762 tentare
2121 727 2182 776 82).

1194 780 1297 814 Nunc
1333 779 1525 823 respondet
1558 779 1603 811 ad
1638 778 1869 822 petitionem,
1911 785 2063 825 suntque
2090 779 2182 813 duae

1194 830 1431 863 narrationes.
1482 829 1603 862 Altera
1620 830 1662 862 de
1677 829 1748 863 suis
1765 829 1922 874 scriptis,
1950 842 2042 874 quae
2059 829 2184 863 omnia

1197 882 1300 915 offert
1324 880 1495 920 Lentulo,
1531 886 1565 913 et
1588 880 1729 914 subiicit
1755 880 1829 914 eius
1852 879 1996 915 iudicio.
2061 880 2185 914 Altera

1197 939 1248 966 est
1279 933 1321 965 de
1350 932 1455 965 rebus
1479 931 1680 965 domesticis
1702 930 1846 965 Lentuli
1868 937 1903 964 et
1927 931 1970 964 de
1995 930 2040 976 Q.
2063 932 2186 966 fratre.

1196 983 1326 1016 Addita
1347 989 1397 1016 est
1413 994 1506 1015 nova
1525 982 1670 1026 petitio,
1697 988 1736 1015 ut
1753 983 1795 1015 de
1821 981 1986 1015 omnibus
2007 982 2112 1016 rebus
2130 981 2184 1015 di-

1197 1033 1426 1078 ligentissime
1450 1033 1591 1066 scribat.
1656 1033 1720 1066 His
1751 1033 1887 1066 duabus
1917 1033 2186 1067 narrationibus

1199 1085 1305 1118 aliam
1330 1084 1510 1130 quandam
1533 1083 1673 1117 subiicit
1699 1084 1741 1116 de
1772 1084 1933 1117 instituto
1957 1082 2086 1128 Appii,
2124 1082 2187 1129 qui

1200 1135 1347 1169 omnino
1367 1135 1576 1175 contendat,
1604 1146 1711 1179 quam
1728 1134 1885 1178 primum
1903 1133 2188 1167 succedereLen-

1200 1187 1273 1220 tulo
1297 1187 1334 1219 in
1356 1185 1553 1230 provincia.
1604 1184 1697 1218 Eum
1722 1185 1862 1230 itaque,
1897 1184 1958 1230 qui
1978 1184 2111 1220 invitus
2134 1184 2187 1218 vi-

1200 1239 1349 1271 debatur
1372 1237 1605 1276 discessurus,
1646 1236 1833 1280 diligenter
1860 1233 2044 1276 hortatur,
2087 1235 2187 1270 utin

1201 1301 1240 1321 ea
1265 1300 1304 1321 re
1329 1287 1415 1321 vitet
1439 1299 1581 1320 omnem
1605 1287 1841 1331 suspicionem
1865 1286 2079 1331 cupiditatis.
2144 1285 2186 1320 In

1200 1340 1268 1373 fine
1288 1345 1339 1373 est
1352 1350 1446 1371 nova
1463 1335 1666 1371 adhortatio
1686 1339 1727 1371 de
1745 1337 1962 1382 publicanis,
1991 1344 2032 1371 ut
2052 1348 2116 1371 sua
2137 1337 2187 1371 le-

1201 1391 1311 1423 nitate
1329 1402 1388 1423 eos
1405 1389 1471 1423 sibi
1489 1389 1710 1428 reconciliet,
1738 1395 1772 1422 et
1789 1388 1920 1422 amicos
1945 1389 2099 1422 retineat
2121 1400 2187 1433 po-

1202 1442 1288 1482 tius,
1316 1453 1423 1487 quam
1442 1439 1616 1474 inimicos.

1201 1552 1526 1597 Argumentum
1555 1558 1595 1584 et
1622 1548 1796 1584 scholia
1826 1549 2052 1595 epistolae
2069 1549 2187 1598 XI.⁸³).

1304 1629 1399 1662 Haec
1422 1628 1570 1673 epistola
1593 1634 1643 1661 est
1665 1628 1849 1672 responsio
1868 1634 1902 1660 et
1917 1625 2118 1661 adhortatio
2128 1627 2189 1675 84),

1201 1688 1240 1715 ut
1256 1682 1377 1714 redeat
1397 1680 1433 1712 in
1450 1680 1574 1712 urbem
1586 1706 1594 1719 ,
1623 1685 1656 1712 et
1673 1677 1762 1711 nihil
1777 1677 1886 1711 habet
1901 1678 2126 1714 difficultatis.

1303 1732 1402 1765 Nihil
1417 1727 1635 1777 respondeas]
1664 1730 1794 1763 scilicet
1813 1730 1855 1763 de
1880 1729 1969 1764 iure.

1419 1822 1556 1855 Aliud
1584 1821 1968 1865 argume11t11m⁸⁵).

1301 1889 1461 1934 Epistola
1492 1889 1622 1934 partim
1656 1896 1706 1923 est
1739 1889 1878 1928 iocosa,
1912 1888 2043 1933 partim
2067 1900 2187 1933 repre-

1203 1939 1381 1975 hensoria.
1457 1940 1688 1974 Occasionem
1721 1946 1838 1973 antem
1867 1940 2051 1985 utriusque
2081 1939 2190 1973 sumit

1205 1993 1327 2026 Cicero
1353 2004 1393 2025 ex
1419 2004 1481 2032 eo,
1521 1993 1617 2037 quod
1640 1991 1802 2024 Valerius
1823 1990 1936 2023 videri
1961 1990 2074 2024 voluit
2095 1991 2190 2024 inter

1204 2043 1470 2077 iurisconsultos
1502 2054 1728 2088 nequaquam
1760 2048 1960 2086 postremus
1992 2054 2085 2082 esse,
2126 2040 2189 2088 qui

1239 2169 1288 2225 81¹)
1307 2168 1365 2225 {inc
1391 2166 1584 2198 argumentum·
1610 2166 1643 2189 ab
1667 2165 1750 2190 Editt.
1772 2166 1863 2198 ¹556.,
1892 2167 2082 2193 1565—1596.
2107 2173 2189 2200 prae-

1280 2209 1303 2226 )e
1319 2208 1359 2225 ur.

1238 2246 1286 2274 82)
1306 2245 1428 2272 tentare]
1451 2243 1491 2266 sic
1515 2243 1590 2266 recte
1608 2243 1658 2266 Ed.
1680 2243 1771 2273 1556.;

1272 2281 1365 2308 rupte:
1390 2278 1503 2301 laetare.

1238 2322 1285 2349 83]
1306 2320 1423 2350 epistola
1441 2319 1504 2347 XL]
1531 2318 1570 2342 sic
1588 2318 1614 2342 in
1641 2319 1697 2342 illis
1716 2319 1799 2343 Editt,
1818 2319 1908 2349 1537..
1929 2321 2132 2353 ¹544-1601.,
2161 2322 2190 2346 in

1274 2355 1369 2385 quibus
1389 2354 1434 2383 SS.
1451 2353 1573 2377 23-26.
1595 2354 1728 2383 epistolae
1742 2354 1789 2378 lx.
1810 2354 1936 2378 editionis
1956 2355 2042 2379 Orell.
2060 2357 2189 2386 tanquam

1273 2394 1346 2413 nova
1366 2388 1497 2419 (epistola
1516 2388 1566 2415 X.)
1585 2389 1790 2417 proponuntur,
1818 2389 1880 2412 vide
1906 2389 2112 2418 praecedentem
2136 2396 2189 2415 no-

1272 2426 1327 2446 tam
1337 2422 1378 2446 76.
1406 2422 1435 2445 ln
1456 2422 1602 2446 Ed.0re11.
1621 2422 1687 2445 haec
1706 2422 1838 2452 inscripta
1855 2424 1899 2446 est
1918 2423 2062 2453 „Epistola
2081 2422 2146 2455 ΚΡ,
2160 2425 2190 2448 in

1271 2457 1320 2480 Ed.
1333 2456 1405 2481 1540.
1425 2458 1515 2479 autem
1530 2454 1760 2486 „Epist01a1x.·’‚
1777 2457 1840 2486 quia
1858 2457 1887 2481 in
1903 2458 1953 2481 hac
1962 2457 2010 2481 Ed.
2028 2463 2082 2481 non
2100 2459 2188 2483 solum

1273 2491 1390 2520 epistola
1409 2490 1442 2513 X.
1470 2490 1578 2513 inarum
1604 2490 1751 2514 editionum
1776 2491 1909 2521 epistolae
1935 2491 2109 2521 praecedenti
2133 2498 2186 2517 an-

1272 2530 1361 2581 nexa,
1392 2524 1440 2547 sed
1459 2524 1539 2547 ctiam
1559 2523 1692 2554 epistolae
1711 2524 1743 2549 11.
1763 2526 1790 2548 et
1808 2525 1852 2551 111.
1879 2525 1907 2549 in
1929 2530 2010 2549 unam
2034 2527 2099 2549 sunt
2119 2533 2186 2551 con-

1271 2565 1334 2582 1uuc
1348 2564 1387 2582 ae.

1237 2603 1285 2628 34)
1304 2600 1449 2631 responsio
1469 2601 1495 2623 et
1513 2600 1682 2629 adhortatio]
1711 2599 1752 2625 sic
1769 2600 1853 2626 Editt.
1876 2600 2082 2632 1537—1545.,
2103 2603 2189 2635 1554,

1272 2635 1377 2694 ἔξῗῖἑὲ
1393 2635 1482 2665 156⁰.;
1518 2635 1600 2658 Editt.
1623 2635 1715 2667 1546„
1741 2635 1816 2659 1⁶01.
1840 2636 2018 2665 responsoria
2038 2637 2065 2659 et
2088 2637 2190 2662 adhor-

1351 2676 1359 2692 1
1379 2688 1385 2693 .

1237 2712 1284 2740 85)
1305 2712 1362 2735 Hoc
1379 2712 1567 2741 argumentum
1587 2710 1613 2734 in
1628 2710 1712 2734 Editt.
1728 2710 1813 2742 1556„
1833 2710 2022 2737 miz—¹596.
2040 2710 2188 2737 invenitur.

1803 2243 1886 2268 Editt.
1910 2243 2100 2268 1565-1577.
2125 2250 2190 2270 cnr-

2264 2389 2274 2514 ·‹e-n-
