2351 2990
130 98 226 132 1031

129 191 163 218 et
177 183 464 227 Peloponnesum
486 184 602 218 ducite
622 197 695 218 non
714 185 906 225 minorem,
935 197 1042 230 quam
1063 196 1125 229 pa-

128 242 198 269 tres
218 248 294 268 eam
315 234 416 267 vobis
433 236 669 270 tradiderunt.

323 311 486 344 Oratio
515 309 869 345 Atheniensium
884 311 940 357 ¹³).

232 369 307 404 Etsi
324 383 397 404 non
418 384 459 405 eo
482 372 577 405 missi
605 383 746 411 sumus,
782 377 822 404 ut
849 384 927 405 cum
953 371 1031 405 aliis
1058 368 1126 404 hoc

128 429 288 466 tempore
320 422 562 466 litigaremus,
605 423 666 455 sed
697 428 847 466 propter
872 423 958 455 alias
983 434 1125 456 causas:

127 480 248 507 tamen
274 480 507 518 posteaquam
534 473 737 507 audivimus
762 474 923 519 querelas
948 480 1021 506 tam
1047 486 1126 517 gra-

126 538 184 559 ves
204 526 372 558 adversus
388 537 472 564 nos,
501 524 729 564 accessimus,
757 537 831 557 non
848 532 887 558 ut
908 525 1126 559 accusationi

126 577 424 621 respondeamus,
452 575 543 620 (non
562 576 656 609 enim
674 573 731 609 hic
750 588 932 611 consessus
949 583 999 610 est
1018 583 1057 609 ut
1075 576 1127 609 iu-

125 628 262 672 dicum)
279 627 338 660 sed
356 633 394 660 ut
410 633 594 671 petamus,
621 639 666 660 ne
683 628 726 660 de
745 639 782 660 re
800 634 897 661 tanta
922 628 1039 662 subito
1063 628 1126 660 ali-

127 679 211 725 quid
235 678 409 712 statuatis.
478 677 653 712 Volumus
676 679 783 712 etiam
809 680 852 712 de
878 686 1000 713 nostra
1021 691 1126 724 repu-

124 731 214 763 blica
231 729 347 762 dicere
359 756 368 767 ,
394 741 460 763 nos
477 742 551 763 non
568 729 696 764 iniuste
711 737 831 764 tenere
849 743 887 764 ea
899 758 908 771 ‚
936 743 1027 777 quae
1045 743 1126 775 pos-

124 782 279 815 sidemus
291 808 300 820 ,
324 787 357 814 et
373 787 535 814 nostram
554 781 734 815 civitatem
752 783 842 815 bene
858 783 1024 816 meritam
1042 795 1126 816 esse.

123 833 174 866 Ac
199 838 319 865 vetera
346 832 562 873 omittimus,
605 845 696 878 quae
721 834 832 877 magis
858 834 952 866 fama
968 861 977 874 ,
1017 846 1124 879 quam

125 883 236 918 oculis
255 883 467 927 accepimus.
521 884 590 918 Sed
605 885 737 918 bellum
755 885 946 918 Medorum
970 885 1038 929 ipsi
1062 897 1126 918 no·

125 935 243 975 vistis,
282 935 380 968 cuius
406 936 542 969 mentio
568 936 632 969 etsi
656 936 759 971 nobis
787 936 960 969 invidiam
986 943 1125 970 movet:

124 994 245 1020 tamen
262 999 336 1019 non
355 987 671 1031 praetermittenda
691 994 754 1022 est.
809 988 897 1021 Cum
917 988 1011 1022 enim
1029 995 1126 1028 tunc,

125 1051 205 1072 cum
231 1050 286 1072 res
312 1044 430 1082 gestae
455 1045 554 1079 sunt,
591 1038 749 1083 pericula
773 1045 895 1073 nostra
921 1040 1127 1084 profuerint

125 1090 221 1129 aliis,
251 1101 330 1123 cum
348 1089 491 1135 quidem
509 1102 573 1123 vos
589 1090 753 1123 laborum
777 1090 968 1135 participes
992 1091 1126 1132 essetis,

124 1141 390 1174 concedendum
408 1147 477 1180 est,
505 1147 541 1174 ut
560 1141 711 1175 vicissim
733 1143 837 1176 nobis
861 1143 976 1186 prosit
998 1155 1123 1176 eorum

124 1192 271 1226 mentio.
332 1191 500 1226 Dicemus
518 1199 636 1225 autem
654 1190 742 1227 haec
757 1206 833 1226 non
852 1200 923 1226 tam
941 1194 1125 1239 purgatio-

122 1244 177 1278 nis
195 1255 320 1283 causa,
349 1255 457 1289 quam
477 1250 516 1277 ut
539 1241 747 1285 hortemur,
775 1251 815 1278 ut
830 1245 1009 1289 cogitetis,
1038 1259 1125 1292 qua-

122 1295 164 1330 lis
192 1295 236 1329 sit
261 1294 404 1334 civitas,
437 1307 516 1328 cum
546 1308 616 1341 qua
639 1296 740 1330 vobis
766 1303 944 1330 certamen
973 1297 1060 1337 erit,
1095 1297 1124 1331 si

124 1347 217 1380 mala
239 1346 386 1380 consilia
408 1346 564 1381 vincent.

225 1397 298 1431 Soli
314 1397 351 1430 in
367 1396 581 1431 Marathone
599 1398 838 1442 pugnavimus
857 1411 937 1431 cum
954 1399 1124 1438 barbaro,

122 1455 248 1482 etcum
266 1449 393 1482 deinde
420 1449 600 1489 rediisset,
636 1449 720 1494 quia
746 1449 783 1482 in
810 1456 903 1482 terra
927 1449 993 1483 soli
1019 1462 1123 1494 pares

123 1512 195 1534 esse
226 1506 327 1533 tanto
361 1500 516 1534 exercitu
545 1512 620 1533 non
649 1506 876 1545 poteramus,
916 1501 1121 1534 universam

123 1551 389 1585 multitudinem
424 1551 554 1585 civ1um
588 1558 795 1585 nostrorum
823 1552 974 1586 navibus
1008 1552 1123 1597 impo-

121 1602 273 1642 suimus,
301 1609 334 1635 et
352 1604 396 1636 ad
412 1602 630 1637 Salaminem
649 1603 918 1644 dimicavimus,
953 1616 1043 1649 quae
1067 1617 1123 1638 res

121 1653 189 1688 hoc
220 1654 306 1687 boni
334 1652 479 1695 habuit,
522 1667 566 1687 ne
596 1655 712 1688 classis
741 1655 836 1699 regia
867 1655 1035 1700 populari
1064 1668 1122 1689 ur-

122 1707 182 1739 bes
219 1706 255 1738 in
290 1706 410 1739 littore
440 1712 556 1740 vestro
590 1712 728 1750 posset,
773 1718 864 1752 quae
898 1713 996 1740 tanta
1034 1714 1122 1748 erat,

121 1763 160 1791 ut
188 1757 255 1790 alia
285 1769 368 1802 pars
406 1757 523 1791 classis
560 1758 647 1791 alias
677 1758 783 1792 urbes
815 1758 921 1791 simul
952 1759 1121 1792 invadere

121 1816 251 1854 posset,
279 1821 323 1841 ne
341 1808 471 1842 auxilia
491 1808 580 1842 aliae
591 1809 653 1855 ¹3³)
670 1809 748 1843 aliis
765 1810 960 1844 mitterent.
997 1810 1122 1855 Quan-

120 1867 196 1894 tum
235 1866 352 1894 autem
386 1861 564 1904 profuerit
597 1867 758 1895 nostrum
797 1862 1004 1903 consilium,

121 1913 182 1947 stis
200 1912 274 1957 ipse
292 1912 447 1946 ostendit
463 1912 500 1944 in
517 1924 590 1946 uno
608 1912 721 1946 victus
738 1914 859 1946 navali
876 1914 1028 1958 proelio,
1053 1921 1122 1948 sta-

120 1964 185 1997 tim
203 1964 352 1997 abducta
377 1963 514 1997 maiore
538 1970 639 2008 parte
663 1965 835 1999 exercitus
861 1966 1037 2007 discessit,
1070 1966 1122 1999 iu—

121 2016 243 2049 dicans
278 2028 313 2049 se
343 2015 414 2048 iam
449 2022 593 2049 nostrae
631 2016 731 2050 classi
767 2029 841 2049 non
875 2030 947 2051 esse
983 2030 1122 2062 parem.

124 2067 217 2099 Haec
236 2079 316 2100 cum
342 2067 568 2107 accidissent,
603 2067 821 2101 intellectum
846 2075 897 2102 est
922 2069 1120 2113 potentiam

123 2118 342 2152 Graecorum
368 2118 405 2151 in
432 2118 600 2152 classibus
624 2119 778 2163 positam
812 2132 896 2154 esse.
966 2122 1022 2154 Ad
1054 2119 1122 2154 hoc

122 2169 230 2213 igitur
253 2169 322 2202 tria
349 2170 564 2203 contulimus
589 2171 801 2215 praecipua,
837 2172 1033 2205 maximum
1056 2185 1122 2206 nu-

122 2233 261 2254 merum
278 2220 438 2260 navium,
456 2221 774 2265 prudentissimum
791 2223 930 2263 ducem,
947 2230 979 2256 et
1001 2236 1121 2269 prom-

122 2273 338 2317 ptitudinem
356 2272 486 2305 civium
506 2273 694 2317 egregiam.
741 2273 859 2308 Naves
879 2275 1018 2308 circiter
1035 2288 1122 2322 qua-

122 2324 348 2367 dringentas,
375 2325 448 2356 fere
466 2324 555 2358 duos
579 2324 725 2358 trientes
752 2325 861 2359 totius
887 2326 1023 2365 classis;
1059 2329 1122 2361 du-

123 2386 197 2407 cem
216 2373 515 2415 Themistoclem,
544 2376 605 2421 qui
620 2375 687 2409 fuit
706 2383 810 2410 autor
829 2378 988 2419 consilii,
1023 2385 1063 2412 ut
1084 2379 1122 2411 in

122 2426 293 2469 angustiis
310 2427 409 2459 fieret
426 2426 563 2460 navalis
580 2439 720 2472 pugna,
754 2441 825 2473 quo
854 2429 891 2462 in
914 2430 993 2463 loco
1018 2437 1121 2475 parta

123 2476 292 2516 victoria,
320 2477 508 2522 praecipue
527 2479 682 2512 servavit
698 2479 907 2521 Graeciam,
942 2494 1050 2527 quam
1077 2483 1121 2515 ob

124 2540 267 2561 causam
287 2534 321 2560 et
335 2540 398 2561 vos
418 2527 695 2563 Lacedaemonii
720 2543 803 2564 eum
828 2533 941 2577 magis
963 2531 1122 2566 honora-

123 2579 184 2612 stis
202 2592 310 2624 quam
330 2579 443 2612 ullum
459 2577 650 2625 hospitem.
686 2581 1016 2627 Promptitudinem
1036 2597 1120 2618 vero

158 2668 204 2700 13)
225 2670 344 2701 Thucyd.
363 2671 384 2702 1,
403 2671 530 2697 73—78.

157 2711 224 2742 13³)
242 2713 313 2739 aliae
334 2713 407 2746 (scil.
427 2716 546 2744 urbes)]
565 2716 617 2741 Ed.
634 2717 710 2743 1562.
729 2718 793 2744 alia.

736 97 858 133 PHIL.
887 98 1000 134 MEL,
1029 98 1232 134 SCRIPTA
1258 97 1598 133 PHILOLOGICA.

2077 99 2096 134 1
2102 98 2179 136 032

1178 190 1341 218 nostram
1361 196 1403 217 eo
1425 184 1666 225 ostendimus,
1703 184 1805 230 quia,
1842 196 1921 217 cum
1945 195 2052 217 nemo
2076 184 2182 219 nobis

1180 235 1351 269 auxilium
1369 236 1496 276 ferret,
1523 237 1583 270 sed
1599 235 1746 270 caeteris
1765 248 1876 281 usque
1899 236 1944 268 ad
1960 234 2116 268 Atticam
2141 235 2181 269 in

1179 286 1386 320 servitutem
1410 287 1580 328 redactis,
1607 288 1732 320 urbem
1759 294 1918 321 nostram
1945 286 2181 328 deseruimus,

1180 344 1214 371 et
1228 350 1303 371 rem
1318 337 1533 371 familiarem
1553 339 1797 383 corrupimus,
1825 345 1859 372 et
1878 351 1922 372 ne
1940 345 2001 372 aut
2020 339 2178 384 reliquos

1179 389 1294 423 socios
1311 389 1572 429 desereremus,
1599 396 1660 423 aut
1675 390 1835 435 dissipati
1852 390 1995 424 inutiles
2019 389 2067 424 eis
2088 401 2178 423 esse-

1180 453 1279 479 mus,
1307 440 1343 473 in
1360 452 1470 474 naves
1487 440 1634 484 ingressi
1651 453 1791 482 sumus,
1818 448 1858 475 ut
1875 453 2063 475 commune
2084 440 2179 485 peri-

1181 492 1300 525 culum
1324 491 1523 532 adiremus,
1557 504 1632 525 non
1656 499 1899 527 succensentes
1924 492 2045 533 vobis,
2081 492 2179 537 quod

1182 543 1284 576 citius
1307 555 1381 576 non
1405 543 1582 577 miseratis
1607 542 1750 577 auxilia.
1815 544 1936 590 Quare
1961 556 2035 578 non
2059 543 2179 576 minus

1180 595 1281 628 vobis
1298 594 1413 628 nostri
1429 595 1569 628 labores
1585 594 1816 638 profuerunt,
1850 608 1956 641 quam
1986 594 2091 628 vestri
2114 606 2180 627 no-

1179 646 1245 680 bis.
1313 645 1386 679 Vos
1418 645 1512 679 enim
1549 645 1740 680 accessistis
1770 658 1812 678 ex
1843 646 1990 680 urbibus
2019 645 2179 690 integris,

1181 710 1260 731 cum
1286 697 1358 729 iam
1381 703 1415 730 et
1438 697 1540 730 vobis
1565 696 1756 738 timeretis,
1799 703 1833 729 et
1859 709 1934 730 non
1958 703 2028 730 tam
2055 703 2179 730 nostra

1181 761 1288 794 quam
1306 754 1422 782 vestra
1445 760 1549 782 causa
1567 760 1666 781 arma
1686 748 1846 793 cepistis,
1880 754 1920 782 ut
1943 748 2049 781 salvis
2073 747 2179 781 rebus

1180 800 1306 834 vestris
1323 800 1488 844 deinceps
1511 812 1654 846 quoque
1682 800 1753 834 frui
1777 799 1946 844 possetis,
1976 811 2041 832 nec
2066 810 2179 832 acces-

1180 852 1286 892 sistis,
1310 864 1389 885 cum
1407 849 1523 885 adhuc
1537 851 1663 884 urbem
1682 857 1901 890 teneremus;
1934 862 2001 884 nos
2018 861 2102 883 vero
2121 850 2180 882 de-

1180 909 1271 936 serta
1290 903 1377 936 urbe
1394 902 1591 947 progressi,
1627 908 1661 935 et
1676 915 1743 947 pro
1760 915 1820 941 ea,
1850 914 1958 948 quam
1977 898 2092 935 adhuc
2110 900 2182 935 exi·

1180 966 1246 998 gua
1263 966 1322 998 spe
1340 954 1548 988 tenebamus
1561 981 1570 994 ,
1597 954 1815 998 proeliantes
1830 953 1948 994 simul,
1976 959 2010 986 et
2025 951 2129 986 nobis
2147 956 2182 984 et

1180 1005 1281 1039 vobis
1301 1018 1406 1050 opem
1426 1005 1584 1039 tulimus.
1645 1006 1752 1050 Quod
1769 1006 1798 1039 si
1817 1004 2099 1039 adiunxissemus
2114 1015 2181 1037 nos

1180 1057 1288 1090 Medo
1309 1064 1349 1090 ut
1366 1057 1516 1097 caeteri,
1551 1063 1750 1091 metuentes
1767 1063 1912 1090 nostrae
1929 1055 2088 1100 regioni,
2115 1066 2181 1088 nec

1180 1115 1302 1153 postea
1321 1108 1466 1142 classem
1485 1108 1785 1149 instruxissemus,
1813 1120 1877 1141 nec
1894 1120 1957 1141 vos
1976 1105 2181 1152 potuissetis

1179 1160 1350 1193 dimicare
1366 1166 1515 1204 propter
1530 1160 1747 1204 paucitatem
1765 1159 1929 1193 navium:
1954 1158 2002 1191 ita
2022 1158 2098 1192 sine
2114 1157 2181 1191 dif-

1178 1212 1333 1245 ficultate
1350 1211 1467 1244 Medis
1486 1223 1527 1244 ex
1543 1211 1718 1245 sententia
1735 1209 1802 1244 hae
1819 1223 1874 1245 res
1890 1209 2156 1255 processissent.

1282 1263 1403 1307 Quare
1419 1269 1567 1307 propter
1588 1275 1665 1295 eam
1689 1262 2012 1307 promptitudinem
2039 1267 2074 1294 et
2095 1272 2180 1294 con-

1178 1313 1255 1346 silia
1272 1314 1404 1347 iustum
1423 1319 1492 1353 est,
1522 1326 1588 1347 nos
1605 1320 1753 1358 propter
1769 1313 2010 1358 principatum
2026 1324 2102 1345 non
2116 1324 2180 1345 vo-

1179 1364 1251 1396 cari
1270 1364 1306 1397 in
1323 1364 1495 1397 invidiam
1516 1366 1611 1408 apud
1629 1365 1797 1398 Graecos.
1850 1364 1933 1398 Non
1951 1363 2046 1399 enim
2066 1363 2102 1395 vi
2121 1375 2180 1396 oc-

1178 1416 1406 1460 cupavimus,
1431 1417 1492 1450 sed
1508 1416 1590 1461 quia
1611 1429 1674 1450 vos
1691 1428 1734 1449 ne
1753 1415 1915 1449 voluistis
1932 1414 2076 1461 quidem
2096 1414 2180 1448 reli-

1178 1467 1280 1512 quias
1298 1468 1536 1500 barbarorum
1553 1468 1696 1511 pellere.
1739 1466 1833 1500 Socii
1851 1479 1937 1500 vero
1955 1478 1973 1499 a
1991 1466 2095 1499 nobis
2113 1466 2178 1500 du-

1178 1531 1233 1552 ces
1250 1519 1435 1562 petebant;
1463 1518 1546 1551 inde
1565 1519 1677 1552 coacti
1693 1531 1814 1553 sumus
1832 1518 2074 1563 principatum
2093 1529 2177 1550 con-

1177 1570 1340 1610 firmare,
1380 1570 1537 1615 primum
1565 1577 1682 1612 metu,
1722 1571 1851 1604 deinde
1879 1568 2029 1604 honoris
2059 1580 2177 1610 causa,

1176 1628 1359 1666 postremo
1378 1628 1412 1655 et
1429 1628 1576 1667 propter
1592 1622 1794 1656 utilitatem.
1844 1622 1927 1656 Non
1945 1621 2039 1655 enim
2059 1627 2176 1654 tutum

1176 1673 1280 1707 nobiS
1313 1673 1500 1707 videbatur
1533 1675 1712 1718 deponere
1738 1674 1877 1708 labores
1904 1681 1938 1707 et
1970 1672 2176 1718 imperium,

1177 1738 1256 1758 cum
1273 1724 1310 1757 in
1328 1726 1411 1758 odio
1437 1738 1609 1766 essemus,
1644 1733 1677 1759 et
1704 1725 1774 1758 iam
1799 1725 1958 1771 aliquos,
1994 1724 2057 1770 qui
2082 1724 2176 1757 defe-

1177 1783 1316 1816 cerant,
1360 1778 1404 1810 ad
1438 1777 1679 1811 obedientiam
1716 1777 2004 1816 retraxissemus,
2044 1781 2079 1808 et
2112 1787 2175 1808 vos

1175 1840 1249 1861 non
1267 1829 1386 1862 essetis
1402 1829 1507 1862 nohis
1524 1829 1642 1863 amici.
1694 1829 1786 1863 Nam
1803 1829 1889 1863 socii
1907 1827 2020 1862 nostri
2043 1827 2089 1860 ad
2111 1839 2174 1861 vos

1177 1880 1346 1913 defecturi
1379 1887 1492 1914 erant.
1560 1880 1633 1915 Nec
1659 1893 1743 1914 vero
1769 1881 1938 1915 iniustum
1964 1885 2034 1919 est,
2079 1890 2174 1918 eum,

1176 1931 1238 1977 qui
1256 1932 1292 1964 in
1311 1932 1470 1976 periculo
1487 1945 1618 1976 magno
1640 1939 1818 1973 versatur,
1844 1944 1917 1966 sese
1942 1929 2103 1970 munire,
2139 1935 2175 1963 et

1175 1995 1259 2016 suae
1285 1983 1431 2017 utilitati
1462 1984 1658 2018 consulere.
1726 1984 1782 2017 Sic
1804 1990 1837 2017 et
1860 1996 1923 2017 vos
1949 1982 2109 2017 civitates
2134 1980 2174 2014 in

1175 2035 1447 2080 Peloponneso,
1488 2048 1642 2081 quarum
1677 2036 1782 2069 duces
1814 2035 1947 2076 fuistis,
1989 2032 2174 2066 constitui-

1175 2087 1235 2120 stis
1255 2099 1320 2131 pro
1338 2094 1453 2120 vestra
1473 2087 1637 2121 utilitate.
1687 2087 1738 2120 Ac
1754 2087 1783 2120 si
1800 2087 1837 2120 in
1854 2086 2042 2120 retinendo
2061 2084 2174 2130 impe-

1175 2138 1229 2171 rio
1247 2139 1555 2183 perseverassetis,
1582 2138 1764 2172 venissetis
1783 2138 1819 2171 in
1838 2139 1961 2172 odium
1984 2137 2074 2173 sicut
2095 2149 2174 2178 1105,

1175 2202 1240 2223 nec
1263 2190 1382 2224 minus
1408 2190 1524 2224 acerbi
1551 2190 1703 2224 fuissetis
1736 2190 1839 2224 sociis
1872 2202 1979 2236 quam
2010 2202 2097 2230 nos,
2139 2195 2174 2222 et

1176 2242 1289 2275 coacti
1306 2242 1458 2276 fuissetis
1478 2248 1538 2275 aut
1555 2241 1589 2274 vi
1608 2241 1761 2275 retinere
1786 2242 1998 2287 imperium,
2030 2247 2092 2274 aut
2115 2252 2174 2274 ve-

1176 2293 1252 2326 nire
1271 2293 1308 2326 in
1329 2293 1549 2327 servitutem.

1278 2343 1377 2379 Nihil
1400 2345 1507 2389 igitur
1530 2345 1661 2378 mirum
1688 2345 1838 2379 facimus
1864 2351 1927 2378 aut
1949 2343 2104 2378 alienum
2129 2344 2175 2378 ab

1174 2394 1364 2431 hominum
1390 2396 1571 2436 moribus,
1599 2398 1696 2442 quod
1720 2396 1912 2442 imperium
1936 2396 2040 2430 nobis
2064 2395 2176 2429 tradi-

1175 2455 1250 2482 tum
1268 2448 1479 2493 accepimus,
1508 2459 1572 2480 nec
1589 2449 1815 2492 deponimus,
1841 2461 1921 2482 cum
1937 2448 2091 2482 retinere
2106 2459 2173 2482 nos

1175 2506 1303 2545 cogant
1320 2500 1473 2532 maxime
1490 2500 1689 2534 communis
1715 2508 1848 2541 metus,
1883 2497 1999 2533 honos
2021 2505 2056 2532 et
2076 2498 2173 2533 utili-

1176 2558 1239 2585 tas.
1284 2551 1357 2585 Nec
1374 2551 1482 2595 primi
1502 2557 1644 2585 autores
1661 2565 1781 2586 sumus
1797 2550 1902 2585 huius
1920 2550 2083 2595 exempli,
2110 2551 2172 2584 sed

1174 2615 1315 2647 semper
1330 2600 1399 2635 hoc
1414 2602 1584 2635 usitatum
1602 2603 1688 2644 fuit,
1723 2603 1992 2637 imbecilliorem
2008 2614 2026 2634 a
2044 2607 2171 2646 poten-

1173 2655 1265 2687 tiore
1289 2651 1488 2694 coherceri,
1530 2666 1610 2687 cum
1634 2655 1778 2700 quidem
1806 2652 1904 2698 digni
1929 2653 2040 2687 simus
2065 2653 2174 2687 etiam

1145 2718 1150 2739 ι
1173 2712 1291 2740 vestro
1310 2705 1441 2739 iudicio
1458 2718 1569 2751 usque
1585 2706 1631 2739 ad
1646 2704 1714 2739 hoc
1738 2713 1895 2747 tempus,
1931 2717 2002 2750 quo
2026 2704 2172 2739 utilitati
