<?xml version="1.0" encoding="UTF-8"?>
<!DOCTYPE html PUBLIC "-//W3C//DTD XHTML 1.0 Transitional//EN"
    "http://www.w3.org/TR/xhtml1/DTD/xhtml1-transitional.dtd">
<html xmlns="http://www.w3.org/1999/xhtml" xml:lang="en" lang="en">
 <head>
  <title>
</title>
<meta http-equiv="Content-Type" content="text/html;charset=utf-8" />
  <meta name='ocr-system' content='tesseract 3.04.00' />
  <meta name='ocr-capabilities' content='ocr_page ocr_carea ocr_par ocr_line ocrx_word'/>
</head>
<body>
  <div class='ocr_page' id='page_1' title='image "./operaquaesupersu17melauoft/operaquaesupersu17melauoft_0067.png"; bbox 0 0 2294 2975; ppageno 0'>
   <div class='ocr_carea' id='block_1_1' title="bbox 48 146 339 184">
    <p class='ocr_par' dir='ltr' id='par_1_1' title="bbox 48 146 339 184">
     <span class='ocr_line' id='line_1_1' title="bbox 48 146 339 184; baseline -0.003 -1"><span class='ocrx_word' id='word_1_1' title='bbox 48 148 121 184; x_wconf 84' lang='lat'>109</span> <span class='ocrx_word' id='word_1_2' title='bbox 219 146 339 182; x_wconf 73' lang='lat' dir='ltr'>xxtlt.</span> 
     </span>
    </p>
   </div>
   <div class='ocr_carea' id='block_1_2' title="bbox 8 230 1053 836">
    <p class='ocr_par' dir='ltr' id='par_1_2' title="bbox 8 230 1053 836">
     <span class='ocr_line' id='line_1_2' title="bbox 53 230 1048 276; baseline -0.006 -8"><span class='ocrx_word' id='word_1_3' title='bbox 53 233 159 268; x_wconf 86' lang='lat' dir='ltr'>habet</span> <span class='ocrx_word' id='word_1_4' title='bbox 179 234 405 267; x_wconf 87' lang='lat' dir='ltr'>collationem</span> <span class='ocrx_word' id='word_1_5' title='bbox 423 245 506 266; x_wconf 84' lang='lat' dir='ltr'>suae</span> <span class='ocrx_word' id='word_1_6' title='bbox 531 233 852 266; x_wconf 70' lang='lat' dir='ltr'>administrationis</span> <span class='ocrx_word' id='word_1_7' title='bbox 879 238 909 265; x_wconf 83' lang='lat' dir='ltr'>et</span> <span class='ocrx_word' id='word_1_8' title='bbox 929 230 1048 276; x_wconf 68' lang='lat' dir='ltr'>Appii,</span> 
     </span>
     <span class='ocr_line' id='line_1_3' title="bbox 8 284 1049 328; baseline -0.005 -9"><span class='ocrx_word' id='word_1_9' title='bbox 8 319 13 324; x_wconf 85' lang='grc'>,</span> <span class='ocrx_word' id='word_1_10' title='bbox 55 286 245 320; x_wconf 85' lang='lat' dir='ltr'>ostendens</span> <span class='ocrx_word' id='word_1_11' title='bbox 269 285 446 318; x_wconf 86' lang='lat' dir='ltr'>rationem</span> <span class='ocrx_word' id='word_1_12' title='bbox 470 284 769 318; x_wconf 75' lang='lat' dir='ltr'>dissimilitudinis</span> <span class='ocrx_word' id='word_1_13' title='bbox 798 297 838 317; x_wconf 73' lang='lat' dir='ltr'>ex</span> <span class='ocrx_word' id='word_1_14' title='bbox 864 284 1049 328; x_wconf 86' lang='lat' dir='ltr'>utriusque</span> 
     </span>
     <span class='ocr_line' id='line_1_4' title="bbox 56 335 1050 383; baseline -0.004 -13"><span class='ocrx_word' id='word_1_15' title='bbox 56 350 206 383; x_wconf 72' lang='lat' dir='ltr'>persona</span> <span class='ocrx_word' id='word_1_16' title='bbox 220 364 228 375; x_wconf 80' lang='lat'>,</span> <span class='ocrx_word' id='word_1_17' title='bbox 258 337 363 382; x_wconf 87' lang='lat' dir='ltr'>idque</span> <span class='ocrx_word' id='word_1_18' title='bbox 384 336 463 369; x_wconf 83' lang='lat' dir='ltr'>ideo</span> <span class='ocrx_word' id='word_1_19' title='bbox 482 337 585 376; x_wconf 76' lang='lat' dir='ltr'>facit,</span> <span class='ocrx_word' id='word_1_20' title='bbox 613 348 656 368; x_wconf 88' lang='lat' dir='ltr'>ne</span> <span class='ocrx_word' id='word_1_21' title='bbox 675 336 964 370; x_wconf 71' lang='lat' dir='ltr'>dissimilitudine</span> <span class='ocrx_word' id='word_1_22' title='bbox 990 335 1050 366; x_wconf 82' lang='lat' dir='ltr'>ad-</span> 
     </span>
     <span class='ocr_line' id='line_1_5' title="bbox 56 387 1051 432; baseline -0.004 -10"><span class='ocrx_word' id='word_1_23' title='bbox 56 388 328 422; x_wconf 78' lang='lat' dir='ltr'>ministrationis</span> <span class='ocrx_word' id='word_1_24' title='bbox 346 388 547 420; x_wconf 73' lang='lat' dir='ltr'>offendatur</span> <span class='ocrx_word' id='word_1_25' title='bbox 566 387 713 432; x_wconf 73' lang='lat' dir='ltr'>Appius.</span> <span class='ocrx_word' id='word_1_26' title='bbox 767 387 805 421; x_wconf 87' lang='lat' dir='ltr'>In</span> <span class='ocrx_word' id='word_1_27' title='bbox 823 389 891 420; x_wconf 87' lang='lat' dir='ltr'>fine</span> <span class='ocrx_word' id='word_1_28' title='bbox 917 394 967 421; x_wconf 81' lang='lat' dir='ltr'>est</span> <span class='ocrx_word' id='word_1_29' title='bbox 991 387 1051 419; x_wconf 84' lang='lat' dir='ltr'>ad-</span> 
     </span>
     <span class='ocr_line' id='line_1_6' title="bbox 56 437 1048 486; baseline -0.004 -13"><span class='ocrx_word' id='word_1_30' title='bbox 56 440 148 473; x_wconf 82' lang='lat' dir='ltr'>ditus</span> <span class='ocrx_word' id='word_1_31' title='bbox 175 452 319 484; x_wconf 79' lang='lat' dir='ltr'>prorsus</span> <span class='ocrx_word' id='word_1_32' title='bbox 343 452 458 472; x_wconf 80' lang='lat' dir='ltr'>novus</span> <span class='ocrx_word' id='word_1_33' title='bbox 482 440 599 479; x_wconf 83' lang='lat' dir='ltr'>locus,</span> <span class='ocrx_word' id='word_1_34' title='bbox 645 439 680 472; x_wconf 90' lang='lat' dir='ltr'>in</span> <span class='ocrx_word' id='word_1_35' title='bbox 716 453 786 486; x_wconf 86' lang='lat' dir='ltr'>quo</span> <span class='ocrx_word' id='word_1_36' title='bbox 818 440 950 483; x_wconf 70' lang='lat' dir='ltr'>gratias</span> <span class='ocrx_word' id='word_1_37' title='bbox 979 437 1048 481; x_wconf 72' lang='lat' dir='ltr'>agit</span> 
     </span>
     <span class='ocr_line' id='line_1_7' title="bbox 53 490 1051 536; baseline -0.002 -13"><span class='ocrx_word' id='word_1_38' title='bbox 53 491 170 536; x_wconf 72' lang='lat' dir='ltr'>Appio</span> <span class='ocrx_word' id='word_1_39' title='bbox 189 492 231 523; x_wconf 88' lang='lat' dir='ltr'>de</span> <span class='ocrx_word' id='word_1_40' title='bbox 251 491 363 525; x_wconf 74' lang='lat' dir='ltr'>missis</span> <span class='ocrx_word' id='word_1_41' title='bbox 382 491 528 528; x_wconf 76' lang='lat' dir='ltr'>litteris,</span> <span class='ocrx_word' id='word_1_42' title='bbox 557 498 589 524; x_wconf 79' lang='lat' dir='ltr'>et</span> <span class='ocrx_word' id='word_1_43' title='bbox 609 491 714 524; x_wconf 83' lang='lat' dir='ltr'>sinml</span> <span class='ocrx_word' id='word_1_44' title='bbox 739 491 913 535; x_wconf 77' lang='lat' dir='ltr'>significat</span> <span class='ocrx_word' id='word_1_45' title='bbox 937 490 1051 523; x_wconf 78' lang='lat' dir='ltr'>eidem</span> 
     </span>
     <span class='ocr_line' id='line_1_8' title="bbox 57 542 1052 588; baseline -0.001 -14"><span class='ocrx_word' id='word_1_46' title='bbox 57 542 173 586; x_wconf 74' lang='lat' dir='ltr'>Appio</span> <span class='ocrx_word' id='word_1_47' title='bbox 214 549 345 576; x_wconf 76' lang='lat' dir='ltr'>statum</span> <span class='ocrx_word' id='word_1_48' title='bbox 388 554 473 576; x_wconf 76' lang='lat' dir='ltr'>suae</span> <span class='ocrx_word' id='word_1_49' title='bbox 523 542 741 586; x_wconf 77' lang='lat' dir='ltr'>provinciae.</span> <span class='ocrx_word' id='word_1_50' title='bbox 821 542 1052 588; x_wconf 70' lang='lat' dir='ltr'>Syllogismus</span> 
     </span>
     <span class='ocr_line' id='line_1_9' title="bbox 56 592 1053 638; baseline -0.003 -12"><span class='ocrx_word' id='word_1_51' title='bbox 56 592 178 638; x_wconf 59' lang='lat' dir='ltr'>estffi):</span> <span class='ocrx_word' id='word_1_52' title='bbox 209 594 278 638; x_wconf 82' lang='lat' dir='ltr'>Qui</span> <span class='ocrx_word' id='word_1_53' title='bbox 303 595 397 627; x_wconf 65' lang='lat' dir='ltr'>levat</span> <span class='ocrx_word' id='word_1_54' title='bbox 422 594 578 638; x_wconf 80' lang='lat' dir='ltr'>perditas</span> <span class='ocrx_word' id='word_1_55' title='bbox 597 594 755 628; x_wconf 66' lang='lat' dir='ltr'>cixitatcs</span> <span class='ocrx_word' id='word_1_56' title='bbox 775 594 941 633; x_wconf 79' lang='lat' dir='ltr'>miseriis,</span> <span class='ocrx_word' id='word_1_57' title='bbox 969 592 1053 626; x_wconf 88' lang='lat' dir='ltr'>facit</span> 
     </span>
     <span class='ocr_line' id='line_1_10' title="bbox 55 644 1052 691; baseline -0.002 -14"><span class='ocrx_word' id='word_1_58' title='bbox 55 645 209 679; x_wconf 83' lang='lat' dir='ltr'>officium</span> <span class='ocrx_word' id='word_1_59' title='bbox 230 646 311 679; x_wconf 87' lang='lat' dir='ltr'>iusti</span> <span class='ocrx_word' id='word_1_60' title='bbox 329 659 369 679; x_wconf 83' lang='lat' dir='ltr'>ac</span> <span class='ocrx_word' id='word_1_61' title='bbox 386 646 472 679; x_wconf 91' lang='lat' dir='ltr'>boni</span> <span class='ocrx_word' id='word_1_62' title='bbox 496 647 738 690; x_wconf 81' lang='lat' dir='ltr'>magistratus;</span> <span class='ocrx_word' id='word_1_63' title='bbox 775 659 838 691; x_wconf 83' lang='lat' dir='ltr'>ego</span> <span class='ocrx_word' id='word_1_64' title='bbox 867 644 1052 690; x_wconf 87' lang='lat' dir='ltr'>proposito</span> 
     </span>
     <span class='ocr_line' id='line_1_11' title="bbox 57 695 1053 743; baseline -0.002 -14"><span class='ocrx_word' id='word_1_65' title='bbox 57 696 171 729; x_wconf 87' lang='lat' dir='ltr'>edicto</span> <span class='ocrx_word' id='word_1_66' title='bbox 194 698 237 729; x_wconf 79' lang='lat' dir='ltr'>de</span> <span class='ocrx_word' id='word_1_67' title='bbox 259 698 459 743; x_wconf 83' lang='lat' dir='ltr'>sumptibus</span> <span class='ocrx_word' id='word_1_68' title='bbox 483 698 596 731; x_wconf 80' lang='lat' dir='ltr'>levavi</span> <span class='ocrx_word' id='word_1_69' title='bbox 624 698 780 742; x_wconf 85' lang='lat' dir='ltr'>perditas</span> <span class='ocrx_word' id='word_1_70' title='bbox 804 697 964 730; x_wconf 75' lang='lat' dir='ltr'>civitates</span> <span class='ocrx_word' id='word_1_71' title='bbox 988 695 1053 728; x_wconf 88' lang='lat' dir='ltr'>mi-</span> 
     </span>
     <span class='ocr_line' id='line_1_12' title="bbox 57 746 1053 793; baseline -0.002 -13"><span class='ocrx_word' id='word_1_72' title='bbox 57 748 174 782; x_wconf 75' lang='lat' dir='ltr'>seriis:</span> <span class='ocrx_word' id='word_1_73' title='bbox 204 762 288 793; x_wconf 82' lang='lat' dir='ltr'>ergo</span> <span class='ocrx_word' id='word_1_74' title='bbox 312 762 376 793; x_wconf 82' lang='lat' dir='ltr'>ego</span> <span class='ocrx_word' id='word_1_75' title='bbox 397 750 462 782; x_wconf 73' lang='lat' dir='ltr'>feci</span> <span class='ocrx_word' id='word_1_76' title='bbox 488 749 641 783; x_wconf 77' lang='lat' dir='ltr'>osticium</span> <span class='ocrx_word' id='word_1_77' title='bbox 670 750 750 784; x_wconf 88' lang='lat' dir='ltr'>iusti</span> <span class='ocrx_word' id='word_1_78' title='bbox 775 756 808 783; x_wconf 89' lang='lat' dir='ltr'>et</span> <span class='ocrx_word' id='word_1_79' title='bbox 834 748 919 781; x_wconf 82' lang='lat' dir='ltr'>boni</span> <span class='ocrx_word' id='word_1_80' title='bbox 942 746 1053 791; x_wconf 84' lang='lat' dir='ltr'>magi-</span> 
     </span>
     <span class='ocr_line' id='line_1_13' title="bbox 56 806 197 836; baseline 0.021 -5"><span class='ocrx_word' id='word_1_81' title='bbox 56 806 197 836; x_wconf 75' lang='lat' dir='ltr'>stratus.</span> 
     </span>
    </p>
   </div>
   <div class='ocr_carea' id='block_1_3' title="bbox 98 911 1007 958">
    <p class='ocr_par' dir='ltr' id='par_1_3' title="bbox 98 911 1007 958">
     <span class='ocr_line' id='line_1_14' title="bbox 98 911 1007 958; baseline -0.001 -13"><span class='ocrx_word' id='word_1_82' title='bbox 98 914 423 958; x_wconf 72' lang='lat' dir='ltr'>Argumentum</span> <span class='ocrx_word' id='word_1_83' title='bbox 461 920 501 947; x_wconf 88' lang='lat' dir='ltr'>et</span> <span class='ocrx_word' id='word_1_84' title='bbox 535 912 711 947; x_wconf 83' lang='lat' dir='ltr'>scholia</span> <span class='ocrx_word' id='word_1_85' title='bbox 751 913 794 945; x_wconf 91' lang='lat' dir='ltr'>in</span> <span class='ocrx_word' id='word_1_86' title='bbox 833 911 1007 956; x_wconf 77' lang='lat' dir='ltr'>episto-</span> 
     </span>
    </p>
   </div>
   <div class='ocr_carea' id='block_1_4' title="bbox 469 964 642 999">
    <p class='ocr_par' dir='ltr' id='par_1_4' title="bbox 469 964 642 999">
     <span class='ocr_line' id='line_1_15' title="bbox 469 964 642 999; baseline 0.012 -2"><span class='ocrx_word' id='word_1_87' title='bbox 469 966 553 997; x_wconf 82' lang='lat' dir='ltr'>lam</span> <span class='ocrx_word' id='word_1_88' title='bbox 584 964 642 999; x_wconf 79' lang='lat' dir='ltr'>IX.</span> 
     </span>
    </p>
   </div>
   <div class='ocr_carea' id='block_1_5' title="bbox 161 1040 692 1076">
    <p class='ocr_par' dir='ltr' id='par_1_5' title="bbox 161 1040 692 1076">
     <span class='ocr_line' id='line_1_16' title="bbox 161 1040 692 1076; baseline 0.008 -4"><span class='ocrx_word' id='word_1_89' title='bbox 161 1040 254 1073; x_wconf 75' lang='lat' dir='ltr'>Haec</span> <span class='ocrx_word' id='word_1_90' title='bbox 290 1047 341 1074; x_wconf 89' lang='lat' dir='ltr'>est</span> <span class='ocrx_word' id='word_1_91' title='bbox 373 1042 474 1076; x_wconf 73' lang='lat' dir='ltr'>valde</span> <span class='ocrx_word' id='word_1_92' title='bbox 502 1040 692 1076; x_wconf 79' lang='lat' dir='ltr'>rhetorica.</span> 
     </span>
    </p>
   </div>
   <div class='ocr_carea' id='block_1_6' title="bbox 59 1040 1057 1125">
    <p class='ocr_par' dir='ltr' id='par_1_6' title="bbox 59 1040 1057 1125">
     <span class='ocr_line' id='line_1_17' title="bbox 752 1040 1057 1085; baseline -0.007 -10"><span class='ocrx_word' id='word_1_93' title='bbox 752 1040 859 1075; x_wconf 86' lang='lat' dir='ltr'>Prior</span> <span class='ocrx_word' id='word_1_94' title='bbox 890 1052 971 1085; x_wconf 89' lang='lat' dir='ltr'>pars</span> <span class='ocrx_word' id='word_1_95' title='bbox 1006 1047 1057 1073; x_wconf 88' lang='lat' dir='ltr'>est</span> 
     </span>
     <span class='ocr_line' id='line_1_18' title="bbox 59 1090 186 1125; baseline 0.016 -2"><span class='ocrx_word' id='word_1_96' title='bbox 59 1090 186 1125; x_wconf 81' lang='lat' dir='ltr'>brevis.</span> 
     </span>
    </p>
   </div>
   <div class='ocr_carea' id='block_1_7' title="bbox 43 1092 1063 2155">
    <p class='ocr_par' dir='ltr' id='par_1_7' title="bbox 59 1092 1057 1291">
     <span class='ocr_line' id='line_1_19' title="bbox 253 1092 1057 1138; baseline 0 -13"><span class='ocrx_word' id='word_1_97' title='bbox 253 1093 436 1138; x_wconf 83' lang='lat' dir='ltr'>Principio</span> <span class='ocrx_word' id='word_1_98' title='bbox 467 1092 574 1127; x_wconf 85' lang='lat' dir='ltr'>habet</span> <span class='ocrx_word' id='word_1_99' title='bbox 598 1094 798 1127; x_wconf 84' lang='lat' dir='ltr'>litterarum</span> <span class='ocrx_word' id='word_1_100' title='bbox 825 1092 1057 1137; x_wconf 84' lang='lat' dir='ltr'>approbatio-</span> 
     </span>
     <span class='ocr_line' id='line_1_20' title="bbox 59 1144 1056 1189; baseline 0.002 -15"><span class='ocrx_word' id='word_1_101' title='bbox 59 1154 160 1181; x_wconf 75' lang='lat' dir='ltr'>nem,</span> <span class='ocrx_word' id='word_1_102' title='bbox 187 1146 342 1177; x_wconf 86' lang='lat' dir='ltr'>secundo</span> <span class='ocrx_word' id='word_1_103' title='bbox 367 1146 665 1188; x_wconf 79' lang='lat' dir='ltr'>gratulationem,</span> <span class='ocrx_word' id='word_1_104' title='bbox 692 1146 797 1178; x_wconf 88' lang='lat' dir='ltr'>tertio</span> <span class='ocrx_word' id='word_1_105' title='bbox 826 1144 1056 1189; x_wconf 86' lang='lat' dir='ltr'>petitionem;</span> 
     </span>
     <span class='ocr_line' id='line_1_21' title="bbox 62 1194 1057 1242; baseline 0.003 -16"><span class='ocrx_word' id='word_1_106' title='bbox 62 1194 191 1238; x_wconf 81' lang='lat' dir='ltr'>partim</span> <span class='ocrx_word' id='word_1_107' title='bbox 232 1197 527 1236; x_wconf 74' lang='lat' dir='ltr'>demonstrativi,</span> <span class='ocrx_word' id='word_1_108' title='bbox 575 1198 705 1242; x_wconf 75' lang='lat' dir='ltr'>partim</span> <span class='ocrx_word' id='word_1_109' title='bbox 736 1196 886 1231; x_wconf 89' lang='lat' dir='ltr'>suasorii</span> <span class='ocrx_word' id='word_1_110' title='bbox 918 1196 1057 1240; x_wconf 79' lang='lat' dir='ltr'>generis</span> 
     </span>
     <span class='ocr_line' id='line_1_22' title="bbox 61 1245 179 1291; baseline 0.025 -14"><span class='ocrx_word' id='word_1_111' title='bbox 61 1245 179 1291; x_wconf 57' lang='lat' dir='ltr'>estw).</span> 
     </span>
    </p>

    <p class='ocr_par' dir='ltr' id='par_1_8' title="bbox 43 1304 1058 1560">
     <span class='ocr_line' id='line_1_23' title="bbox 163 1304 1057 1355; baseline 0.003 -15"><span class='ocrx_word' id='word_1_112' title='bbox 163 1304 193 1349; x_wconf 54' lang='grc' dir='ltr'>ᾗ.</span> <span class='ocrx_word' id='word_1_113' title='bbox 220 1307 252 1340; x_wconf 84' lang='grc'>1.</span> <span class='ocrx_word' id='word_1_114' title='bbox 296 1309 366 1341; x_wconf 66' lang='lat' dir='ltr'>Vix</span> <span class='ocrx_word' id='word_1_115' title='bbox 388 1310 523 1342; x_wconf 79' lang='lat' dir='ltr'>tandem</span> <span class='ocrx_word' id='word_1_116' title='bbox 549 1306 633 1355; x_wconf 63' lang='lat' dir='ltr'>legi]</span> <span class='ocrx_word' id='word_1_117' title='bbox 668 1307 866 1341; x_wconf 81' lang='lat' dir='ltr'>Exordium</span> <span class='ocrx_word' id='word_1_118' title='bbox 896 1308 1057 1353; x_wconf 76' lang='grc' dir='ltr'><strong>παθητι-</strong></span> 
     </span>
     <span class='ocr_line' id='line_1_24' title="bbox 43 1355 1058 1409; baseline 0 -16"><span class='ocrx_word' id='word_1_119' title='bbox 43 1355 202 1409; x_wconf 58' lang='grc' dir='ltr'>ικὸνῡθ),</span> <span class='ocrx_word' id='word_1_120' title='bbox 231 1370 321 1404; x_wconf 86' lang='lat' dir='ltr'>quae</span> <span class='ocrx_word' id='word_1_121' title='bbox 341 1359 487 1393; x_wconf 84' lang='lat' dir='ltr'>exordia</span> <span class='ocrx_word' id='word_1_122' title='bbox 502 1366 584 1393; x_wconf 83' lang='lat' dir='ltr'>sunt</span> <span class='ocrx_word' id='word_1_123' title='bbox 609 1360 829 1404; x_wconf 80' lang='lat' dir='ltr'>gratissima,</span> <span class='ocrx_word' id='word_1_124' title='bbox 857 1373 935 1393; x_wconf 87' lang='lat' dir='ltr'>cum</span> <span class='ocrx_word' id='word_1_125' title='bbox 962 1361 1058 1393; x_wconf 75' lang='lat' dir='ltr'>velut</span> 
     </span>
     <span class='ocr_line' id='line_1_25' title="bbox 62 1407 1057 1459; baseline 0.003 -17"><span class='ocrx_word' id='word_1_126' title='bbox 62 1410 105 1442; x_wconf 85' lang='lat' dir='ltr'>ab</span> <span class='ocrx_word' id='word_1_127' title='bbox 122 1407 398 1454; x_wconf 67' lang='lat' dir='ltr'>epiphonemate</span> <span class='ocrx_word' id='word_1_128' title='bbox 423 1411 597 1446; x_wconf 83' lang='lat' dir='ltr'>ordimur.</span> <span class='ocrx_word' id='word_1_129' title='bbox 675 1414 792 1458; x_wconf 78' lang='lat' dir='ltr'>ltaque</span> <span class='ocrx_word' id='word_1_130' title='bbox 813 1415 932 1458; x_wconf 74' lang='grc' dir='ltr'><strong>(μιιιιιίἱ</strong></span> <span class='ocrx_word' id='word_1_131' title='bbox 954 1410 1057 1459; x_wconf 76' lang='lat' dir='ltr'>illud]</span> 
     </span>
     <span class='ocr_line' id='line_1_26' title="bbox 62 1461 1058 1509; baseline 0.003 -16"><span class='ocrx_word' id='word_1_132' title='bbox 62 1461 273 1502; x_wconf 81' lang='lat' dir='ltr'>Conclusio,</span> <span class='ocrx_word' id='word_1_133' title='bbox 301 1461 515 1508; x_wconf 83' lang='lat' dir='ltr'>quaehabet</span> <span class='ocrx_word' id='word_1_134' title='bbox 542 1465 724 1509; x_wconf 77' lang='lat' dir='ltr'>quandam</span> <span class='ocrx_word' id='word_1_135' title='bbox 748 1464 958 1508; x_wconf 82' lang='lat' dir='ltr'>particulam</span> <span class='ocrx_word' id='word_1_136' title='bbox 985 1464 1058 1508; x_wconf 85' lang='lat' dir='ltr'>epi—</span> 
     </span>
     <span class='ocr_line' id='line_1_27' title="bbox 63 1513 365 1560; baseline 0.003 -14"><span class='ocrx_word' id='word_1_137' title='bbox 63 1513 173 1547; x_wconf 82' lang='lat' dir='ltr'>stolae</span> <span class='ocrx_word' id='word_1_138' title='bbox 189 1513 295 1558; x_wconf 78' lang='lat' dir='ltr'>Appii</span> <span class='ocrx_word' id='word_1_139' title='bbox 307 1513 365 1560; x_wconf 79' lang='lat'><strong>9¹).</strong></span> 
     </span>
    </p>

    <p class='ocr_par' dir='ltr' id='par_1_9' title="bbox 64 1572 1059 1774">
     <span class='ocr_line' id='line_1_28' title="bbox 164 1572 1058 1622; baseline -0.003 -12"><span class='ocrx_word' id='word_1_140' title='bbox 164 1572 194 1618; x_wconf 63' lang='grc' dir='ltr'>ξ.</span> <span class='ocrx_word' id='word_1_141' title='bbox 218 1576 253 1610; x_wconf 76' lang='grc'>2.</span> <span class='ocrx_word' id='word_1_142' title='bbox 303 1577 414 1619; x_wconf 77' lang='lat' dir='ltr'>Lonyi</span> <span class='ocrx_word' id='word_1_143' title='bbox 443 1573 612 1622; x_wconf 73' lang='lat' dir='ltr'>subsellii]</span> <span class='ocrx_word' id='word_1_144' title='bbox 655 1575 690 1607; x_wconf 90' lang='lat' dir='ltr'>id</span> <span class='ocrx_word' id='word_1_145' title='bbox 725 1581 801 1613; x_wconf 80' lang='lat' dir='ltr'>est,</span> <span class='ocrx_word' id='word_1_146' title='bbox 849 1575 1058 1619; x_wconf 76' lang='lat' dir='ltr'>suffragatio</span> 
     </span>
     <span class='ocr_line' id='line_1_29' title="bbox 64 1625 1058 1672; baseline 0.001 -14"><span class='ocrx_word' id='word_1_147' title='bbox 64 1625 272 1671; x_wconf 81' lang='lat' dir='ltr'>ignobilium</span> <span class='ocrx_word' id='word_1_148' title='bbox 289 1634 509 1666; x_wconf 81' lang='lat' dir='ltr'>senatorum,</span> <span class='ocrx_word' id='word_1_149' title='bbox 537 1628 598 1672; x_wconf 86' lang='lat' dir='ltr'>qui</span> <span class='ocrx_word' id='word_1_150' title='bbox 615 1626 733 1659; x_wconf 73' lang='lat' dir='ltr'>valent</span> <span class='ocrx_word' id='word_1_151' title='bbox 750 1633 887 1659; x_wconf 87' lang='lat' dir='ltr'>tantum</span> <span class='ocrx_word' id='word_1_152' title='bbox 907 1639 1058 1659; x_wconf 81' lang='lat' dir='ltr'>numero</span> 
     </span>
     <span class='ocr_line' id='line_1_30' title="bbox 64 1676 1059 1724; baseline -0.001 -12"><span class='ocrx_word' id='word_1_153' title='bbox 64 1677 328 1722; x_wconf 78' lang='lat' dir='ltr'>suffragiorum.</span> <span class='ocrx_word' id='word_1_154' title='bbox 406 1680 493 1718; x_wconf 83' lang='lat' dir='ltr'>Sed,</span> <span class='ocrx_word' id='word_1_155' title='bbox 521 1681 552 1712; x_wconf 79' lang='lat' dir='ltr'>si</span> <span class='ocrx_word' id='word_1_156' title='bbox 568 1691 618 1712; x_wconf 88' lang='lat' dir='ltr'>me</span> <span class='ocrx_word' id='word_1_157' title='bbox 641 1676 841 1724; x_wconf 72' lang='lat' dir='ltr'>diliyis⁹2)]</span> <span class='ocrx_word' id='word_1_158' title='bbox 868 1678 1059 1722; x_wconf 71' lang='lat' dir='ltr'>Flagitatio</span> 
     </span>
     <span class='ocr_line' id='line_1_31' title="bbox 64 1729 935 1774; baseline 0.002 -12"><span class='ocrx_word' id='word_1_159' title='bbox 64 1729 203 1774; x_wconf 78' lang='lat' dir='ltr'>scripti,</span> <span class='ocrx_word' id='word_1_160' title='bbox 231 1735 264 1762; x_wconf 87' lang='lat' dir='ltr'>et</span> <span class='ocrx_word' id='word_1_161' title='bbox 285 1729 436 1762; x_wconf 68' lang='lat' dir='ltr'>vicissim</span> <span class='ocrx_word' id='word_1_162' title='bbox 456 1729 570 1762; x_wconf 83' lang='lat' dir='ltr'>simile</span> <span class='ocrx_word' id='word_1_163' title='bbox 588 1741 717 1762; x_wconf 85' lang='lat' dir='ltr'>munus</span> <span class='ocrx_word' id='word_1_164' title='bbox 737 1729 935 1773; x_wconf 81' lang='lat' dir='ltr'>pollicetur.</span> 
     </span>
    </p>

    <p class='ocr_par' dir='ltr' id='par_1_10' title="bbox 62 1788 1061 1926">
     <span class='ocr_line' id='line_1_32' title="bbox 170 1788 1061 1836; baseline 0.001 -14"><span class='ocrx_word' id='word_1_165' title='bbox 170 1788 200 1833; x_wconf 57' lang='grc' dir='ltr'>ἓ.</span> <span class='ocrx_word' id='word_1_166' title='bbox 217 1789 252 1823; x_wconf 81' lang='grc'>3.</span> <span class='ocrx_word' id='word_1_167' title='bbox 281 1791 389 1830; x_wconf 77' lang='lat' dir='ltr'>Quum</span> <span class='ocrx_word' id='word_1_168' title='bbox 407 1791 514 1832; x_wconf 77' lang='lat' dir='ltr'>ipsum</span> <span class='ocrx_word' id='word_1_169' title='bbox 528 1791 750 1833; x_wconf 74' lang='lat' dir='ltr'>coynitionem</span> <span class='ocrx_word' id='word_1_170' title='bbox 764 1788 908 1836; x_wconf 74' lang='lat' dir='ltr'>etc.⁰³)]</span> <span class='ocrx_word' id='word_1_171' title='bbox 941 1789 973 1821; x_wconf 90' lang='lat' dir='ltr'>id</span> <span class='ocrx_word' id='word_1_172' title='bbox 998 1796 1061 1829; x_wconf 87' lang='lat' dir='ltr'>est,</span> 
     </span>
     <span class='ocr_line' id='line_1_33' title="bbox 63 1839 1060 1888; baseline -0.001 -14"><span class='ocrx_word' id='word_1_173' title='bbox 63 1850 182 1888; x_wconf 68' lang='lat' dir='ltr'>utrum</span> <span class='ocrx_word' id='word_1_174' title='bbox 201 1841 258 1873; x_wconf 83' lang='lat' dir='ltr'>illa</span> <span class='ocrx_word' id='word_1_175' title='bbox 283 1840 457 1873; x_wconf 74' lang='lat' dir='ltr'>divinatio</span> <span class='ocrx_word' id='word_1_176' title='bbox 485 1841 640 1886; x_wconf 81' lang='lat' dir='ltr'>aliquam</span> <span class='ocrx_word' id='word_1_177' title='bbox 668 1839 797 1873; x_wconf 76' lang='lat' dir='ltr'>habeat</span> <span class='ocrx_word' id='word_1_178' title='bbox 823 1841 999 1873; x_wconf 84' lang='lat' dir='ltr'>rationem</span> <span class='ocrx_word' id='word_1_179' title='bbox 1024 1841 1060 1873; x_wconf 90' lang='lat' dir='ltr'>in</span> 
     </span>
     <span class='ocr_line' id='line_1_34' title="bbox 62 1900 203 1926; baseline 0 0"><span class='ocrx_word' id='word_1_180' title='bbox 62 1900 203 1926; x_wconf 68' lang='lat' dir='ltr'>natura.</span> 
     </span>
    </p>

    <p class='ocr_par' dir='ltr' id='par_1_11' title="bbox 64 1949 1063 2155">
     <span class='ocr_line' id='line_1_35' title="bbox 167 1949 1062 1998; baseline -0.006 -11"><span class='ocrx_word' id='word_1_181' title='bbox 167 1954 197 1997; x_wconf 58' lang='grc' dir='ltr'>ᾗ.</span> <span class='ocrx_word' id='word_1_182' title='bbox 216 1953 250 1987; x_wconf 88' lang='grc'>4.</span> <span class='ocrx_word' id='word_1_183' title='bbox 297 1955 339 1986; x_wconf 81' lang='lat' dir='ltr'>Ut</span> <span class='ocrx_word' id='word_1_184' title='bbox 365 1949 582 1998; x_wconf 79' lang='lat' dir='ltr'>supplicatio]</span> <span class='ocrx_word' id='word_1_185' title='bbox 618 1950 978 1998; x_wconf 60' lang='lat' dir='ltr'>supplicationemffl)</span> <span class='ocrx_word' id='word_1_186' title='bbox 1003 1952 1062 1984; x_wconf 87' lang='lat' dir='ltr'>de-</span> 
     </span>
     <span class='ocr_line' id='line_1_36' title="bbox 65 2003 1063 2050; baseline -0.003 -12"><span class='ocrx_word' id='word_1_187' title='bbox 65 2017 208 2038; x_wconf 79' lang='lat' dir='ltr'>cernere</span> <span class='ocrx_word' id='word_1_188' title='bbox 241 2011 310 2044; x_wconf 86' lang='lat' dir='ltr'>est,</span> <span class='ocrx_word' id='word_1_189' title='bbox 347 2005 492 2050; x_wconf 85' lang='lat' dir='ltr'>quando</span> <span class='ocrx_word' id='word_1_190' title='bbox 525 2003 653 2049; x_wconf 82' lang='lat' dir='ltr'>aliquis</span> <span class='ocrx_word' id='word_1_191' title='bbox 684 2015 756 2035; x_wconf 89' lang='lat' dir='ltr'>rem</span> <span class='ocrx_word' id='word_1_192' title='bbox 790 2003 878 2035; x_wconf 76' lang='lat' dir='ltr'>hene</span> <span class='ocrx_word' id='word_1_193' title='bbox 908 2009 1063 2045; x_wconf 68' lang='lat' dir='ltr'>gesserat</span> 
     </span>
     <span class='ocr_line' id='line_1_37' title="bbox 65 2053 1061 2102; baseline -0.004 -12"><span class='ocrx_word' id='word_1_194' title='bbox 65 2059 99 2090; x_wconf 82' lang='lat' dir='ltr'>in</span> <span class='ocrx_word' id='word_1_195' title='bbox 124 2056 332 2102; x_wconf 62' lang='lat' dir='ltr'>proxincia,</span> <span class='ocrx_word' id='word_1_196' title='bbox 366 2056 527 2101; x_wconf 81' lang='lat' dir='ltr'>petebat,</span> <span class='ocrx_word' id='word_1_197' title='bbox 562 2062 602 2088; x_wconf 87' lang='lat' dir='ltr'>ut</span> <span class='ocrx_word' id='word_1_198' title='bbox 624 2053 840 2088; x_wconf 79' lang='lat' dir='ltr'>haberentur</span> <span class='ocrx_word' id='word_1_199' title='bbox 866 2055 1061 2098; x_wconf 86' lang='lat' dir='ltr'>processio-</span> 
     </span>
     <span class='ocr_line' id='line_1_38' title="bbox 64 2108 193 2155; baseline 0.008 -13"><span class='ocrx_word' id='word_1_200' title='bbox 64 2108 193 2155; x_wconf 65' lang='lat' dir='ltr'>nesffl‘).</span> 
     </span>
    </p>
   </div>
   <div class='ocr_carea' id='block_1_8' title="bbox 102 2221 701 2274">
    <p class='ocr_par' dir='ltr' id='par_1_12' title="bbox 102 2221 701 2274">
     <span class='ocr_line' id='line_1_39' title="bbox 102 2221 701 2274; baseline -0.01 -4"><span class='ocrx_word' id='word_1_201' title='bbox 102 2247 150 2274; x_wconf 70' lang='lat'>5⁴8)</span> <span class='ocrx_word' id='word_1_202' title='bbox 169 2246 229 2274; x_wconf 74' lang='lat' dir='ltr'>est]</span> <span class='ocrx_word' id='word_1_203' title='bbox 249 2245 315 2267; x_wconf 67' lang='lat' dir='ltr'>hunc</span> <span class='ocrx_word' id='word_1_204' title='bbox 335 2248 387 2266; x_wconf 78' lang='lat' dir='ltr'>vox</span> <span class='ocrx_word' id='word_1_205' title='bbox 407 2242 433 2266; x_wconf 87' lang='lat' dir='ltr'>in</span> <span class='ocrx_word' id='word_1_206' title='bbox 453 2242 501 2265; x_wconf 83' lang='lat' dir='ltr'>Ed.</span> <span class='ocrx_word' id='word_1_207' title='bbox 522 2241 594 2265; x_wconf 79' lang='lat'>1556.</span> <span class='ocrx_word' id='word_1_208' title='bbox 615 2221 701 2265; x_wconf 78' lang='lat' dir='ltr'>deest.</span> 
     </span>
    </p>
   </div>
   <div class='ocr_carea' id='block_1_9' title="bbox 99 2291 1064 2355">
    <p class='ocr_par' dir='ltr' id='par_1_13' title="bbox 99 2291 1064 2355">
     <span class='ocr_line' id='line_1_40' title="bbox 99 2291 1064 2352; baseline -0.007 -31"><span class='ocrx_word' id='word_1_209' title='bbox 99 2299 147 2325; x_wconf 60' lang='lat'>⁸9]</span> <span class='ocrx_word' id='word_1_210' title='bbox 167 2297 225 2321; x_wconf 76' lang='lat' dir='ltr'>Hoc</span> <span class='ocrx_word' id='word_1_211' title='bbox 242 2297 434 2352; x_wconf 52' lang='lat' dir='ltr'>argtutmentum</span> <span class='ocrx_word' id='word_1_212' title='bbox 455 2294 480 2317; x_wconf 86' lang='lat' dir='ltr'>in</span> <span class='ocrx_word' id='word_1_213' title='bbox 500 2294 582 2318; x_wconf 80' lang='lat' dir='ltr'>Editt.</span> <span class='ocrx_word' id='word_1_214' title='bbox 605 2293 670 2318; x_wconf 81' lang='lat'><strong>15³7</strong></span> <span class='ocrx_word' id='word_1_215' title='bbox 683 2306 717 2311; x_wconf 93' lang='lat'>—</span> <span class='ocrx_word' id='word_1_216' title='bbox 734 2292 808 2317; x_wconf 71' lang='lat'>1554.</span> <span class='ocrx_word' id='word_1_217' title='bbox 821 2308 828 2316; x_wconf 78' lang='grc'><strong>.</strong></span> <span class='ocrx_word' id='word_1_218' title='bbox 855 2291 950 2321; x_wconf 75' lang='grc'><strong>1557.,</strong></span> <span class='ocrx_word' id='word_1_219' title='bbox 976 2291 1064 2321; x_wconf 74' lang='grc'>1560.,</span> 
     </span>
     <span class='ocr_line' id='line_1_41' title="bbox 138 2332 332 2355; baseline -0.015 0"><span class='ocrx_word' id='word_1_220' title='bbox 138 2332 210 2355; x_wconf 64' lang='grc' dir='ltr'>1601Δ</span> <span class='ocrx_word' id='word_1_221' title='bbox 232 2337 280 2353; x_wconf 72' lang='lat' dir='ltr'>exs</span> <span class='ocrx_word' id='word_1_222' title='bbox 295 2336 310 2353; x_wconf 86' lang='lat' dir='ltr'>a</span> <span class='ocrx_word' id='word_1_223' title='bbox 327 2348 332 2352; x_wconf 95' lang='lat'>.</span> 
     </span>
    </p>
   </div>
   <div class='ocr_carea' id='block_1_10' title="bbox 103 2378 832 2464">
    <p class='ocr_par' dir='ltr' id='par_1_14' title="bbox 103 2378 832 2464">
     <span class='ocr_line' id='line_1_42' title="bbox 104 2378 832 2413; baseline -0.01 -6"><span class='ocrx_word' id='word_1_224' title='bbox 104 2383 151 2413; x_wconf 68' lang='lat' dir='ltr'>eo)</span> <span class='ocrx_word' id='word_1_225' title='bbox 173 2379 339 2411; x_wconf 52' lang='grc' dir='ltr'>παθητικὸν]</span> <span class='ocrx_word' id='word_1_226' title='bbox 362 2380 445 2406; x_wconf 70' lang='lat' dir='ltr'>mitt.</span> <span class='ocrx_word' id='word_1_227' title='bbox 466 2380 552 2411; x_wconf 64' lang='lat'>1545,</span> <span class='ocrx_word' id='word_1_228' title='bbox 575 2379 648 2404; x_wconf 81' lang='lat'>1560.</span> <span class='ocrx_word' id='word_1_229' title='bbox 669 2378 832 2409; x_wconf 76' lang='lat' dir='ltr'>patheticon.</span> 
     </span>
     <span class='ocr_line' id='line_1_43' title="bbox 103 2431 711 2464; baseline -0.007 -5"><span class='ocrx_word' id='word_1_230' title='bbox 103 2437 151 2462; x_wconf 66' lang='lat' dir='ltr'>tn)</span> <span class='ocrx_word' id='word_1_231' title='bbox 170 2433 266 2464; x_wconf 77' lang='lat' dir='ltr'>Appii]</span> <span class='ocrx_word' id='word_1_232' title='bbox 287 2432 369 2456; x_wconf 79' lang='lat' dir='ltr'>Editt.</span> <span class='ocrx_word' id='word_1_233' title='bbox 392 2432 483 2458; x_wconf 68' lang='grc'>1515...</span> <span class='ocrx_word' id='word_1_234' title='bbox 503 2432 579 2456; x_wconf 82' lang='lat'>1560.</span> <span class='ocrx_word' id='word_1_235' title='bbox 598 2431 711 2462; x_wconf 77' lang='lat' dir='ltr'>Appiae.</span> 
     </span>
    </p>
   </div>
   <div class='ocr_carea' id='block_1_11' title="bbox 103 2481 1065 2580">
    <p class='ocr_par' dir='ltr' id='par_1_15' title="bbox 103 2481 1065 2580">
     <span class='ocr_line' id='line_1_44' title="bbox 103 2481 1065 2514; baseline -0.006 -4"><span class='ocrx_word' id='word_1_236' title='bbox 103 2488 151 2514; x_wconf 59' lang='lat'>252)</span> <span class='ocrx_word' id='word_1_237' title='bbox 172 2487 225 2509; x_wconf 86' lang='lat' dir='ltr'>Pro</span> <span class='ocrx_word' id='word_1_238' title='bbox 244 2485 286 2508; x_wconf 79' lang='lat' dir='ltr'>his</span> <span class='ocrx_word' id='word_1_239' title='bbox 302 2484 356 2508; x_wconf 82' lang='lat' dir='ltr'>Cic.</span> <span class='ocrx_word' id='word_1_240' title='bbox 379 2484 468 2508; x_wconf 79' lang='lat' dir='ltr'>verbis</span> <span class='ocrx_word' id='word_1_241' title='bbox 489 2485 515 2507; x_wconf 85' lang='lat' dir='ltr'>in</span> <span class='ocrx_word' id='word_1_242' title='bbox 529 2484 612 2508; x_wconf 86' lang='lat' dir='ltr'>Editt.</span> <span class='ocrx_word' id='word_1_243' title='bbox 632 2483 717 2509; x_wconf 67' lang='grc'>1545...</span> <span class='ocrx_word' id='word_1_244' title='bbox 739 2483 814 2506; x_wconf 83' lang='grc'>1560.</span> <span class='ocrx_word' id='word_1_245' title='bbox 837 2481 896 2505; x_wconf 76' lang='lat' dir='ltr'>huie</span> <span class='ocrx_word' id='word_1_246' title='bbox 917 2483 998 2505; x_wconf 83' lang='lat' dir='ltr'>notae</span> <span class='ocrx_word' id='word_1_247' title='bbox 1014 2482 1065 2504; x_wconf 79' lang='lat' dir='ltr'>ad-</span> 
     </span>
     <span class='ocr_line' id='line_1_45' title="bbox 140 2517 1065 2550; baseline -0.004 -6"><span class='ocrx_word' id='word_1_248' title='bbox 140 2521 244 2550; x_wconf 74' lang='lat' dir='ltr'>scripta</span> <span class='ocrx_word' id='word_1_249' title='bbox 265 2521 328 2544; x_wconf 81' lang='lat' dir='ltr'>sunt</span> <span class='ocrx_word' id='word_1_250' title='bbox 348 2518 505 2549; x_wconf 76' lang='lat' dir='ltr'>sequentia:</span> <span class='ocrx_word' id='word_1_251' title='bbox 532 2519 574 2543; x_wconf 71' lang='lat' dir='ltr'>Ad</span> <span class='ocrx_word' id='word_1_252' title='bbox 588 2518 792 2547; x_wconf 69' lang='lat' dir='ltr'>111effid.1545.</span> <span class='ocrx_word' id='word_1_253' title='bbox 815 2517 900 2540; x_wconf 71' lang='lat' dir='ltr'>male:</span> <span class='ocrx_word' id='word_1_254' title='bbox 921 2517 957 2540; x_wconf 74' lang='lat' dir='ltr'>At</span> <span class='ocrx_word' id='word_1_255' title='bbox 974 2517 1065 2544; x_wconf 79' lang='lat' dir='ltr'>meas)</span> 
     </span>
     <span class='ocr_line' id='line_1_46' title="bbox 137 2557 264 2580; baseline -0.024 0"><span class='ocrx_word' id='word_1_256' title='bbox 137 2557 264 2580; x_wconf 67' lang='lat' dir='ltr'>cineras.</span> 
     </span>
    </p>
   </div>
   <div class='ocr_carea' id='block_1_12' title="bbox 103 2602 1067 2670">
    <p class='ocr_par' dir='ltr' id='par_1_16' title="bbox 103 2602 1067 2670">
     <span class='ocr_line' id='line_1_47' title="bbox 103 2602 1067 2634; baseline -0.005 -4"><span class='ocrx_word' id='word_1_257' title='bbox 103 2608 154 2634; x_wconf 78' lang='grc'>93)</span> <span class='ocrx_word' id='word_1_258' title='bbox 174 2607 228 2630; x_wconf 83' lang='lat' dir='ltr'>Pro</span> <span class='ocrx_word' id='word_1_259' title='bbox 253 2605 296 2629; x_wconf 74' lang='lat' dir='ltr'>his</span> <span class='ocrx_word' id='word_1_260' title='bbox 322 2605 414 2627; x_wconf 69' lang='lat' dir='ltr'>verbis</span> <span class='ocrx_word' id='word_1_261' title='bbox 439 2605 464 2627; x_wconf 87' lang='lat' dir='ltr'>in</span> <span class='ocrx_word' id='word_1_262' title='bbox 490 2603 587 2628; x_wconf 82' lang='lat' dir='ltr'>iisdem</span> <span class='ocrx_word' id='word_1_263' title='bbox 611 2605 628 2629; x_wconf 78' lang='grc'>2</span> <span class='ocrx_word' id='word_1_264' title='bbox 647 2604 730 2628; x_wconf 75' lang='lat' dir='ltr'>Editt.</span> <span class='ocrx_word' id='word_1_265' title='bbox 756 2603 816 2627; x_wconf 83' lang='lat' dir='ltr'>huic</span> <span class='ocrx_word' id='word_1_266' title='bbox 842 2605 924 2627; x_wconf 78' lang='lat' dir='ltr'>notae</span> <span class='ocrx_word' id='word_1_267' title='bbox 944 2602 1067 2633; x_wconf 74' lang='lat' dir='ltr'>praefixa</span> 
     </span>
     <span class='ocr_line' id='line_1_48' title="bbox 139 2639 580 2670; baseline -0.009 -5"><span class='ocrx_word' id='word_1_268' title='bbox 139 2643 203 2665; x_wconf 84' lang='lat' dir='ltr'>sunt</span> <span class='ocrx_word' id='word_1_269' title='bbox 222 2640 322 2664; x_wconf 80' lang='lat' dir='ltr'>verba:</span> <span class='ocrx_word' id='word_1_270' title='bbox 353 2639 431 2664; x_wconf 79' lang='lat' dir='ltr'>Iuris</span> <span class='ocrx_word' id='word_1_271' title='bbox 452 2640 580 2670; x_wconf 64' lang='grc' dir='ltr'><strong>ιιιιριινὴῗ.</strong></span> 
     </span>
    </p>
   </div>
   <div class='ocr_carea' id='block_1_13' title="bbox 104 2688 1095 2722">
    <p class='ocr_par' dir='ltr' id='par_1_17' title="bbox 104 2688 1095 2722">
     <span class='ocr_line' id='line_1_49' title="bbox 104 2688 1095 2722; baseline -0.004 -6"><span class='ocrx_word' id='word_1_272' title='bbox 104 2694 152 2720; x_wconf 62' lang='grc' dir='ltr'>Μ)</span> <span class='ocrx_word' id='word_1_273' title='bbox 171 2691 419 2722; x_wconf 69' lang='lat' dir='ltr'>supplicationem]</span> <span class='ocrx_word' id='word_1_274' title='bbox 440 2691 488 2714; x_wconf 76' lang='lat' dir='ltr'>Ed.</span> <span class='ocrx_word' id='word_1_275' title='bbox 502 2690 574 2714; x_wconf 82' lang='lat'>¹560.</span> <span class='ocrx_word' id='word_1_276' title='bbox 596 2689 830 2720; x_wconf 77' lang='lat' dir='ltr'>supplicationes3</span> <span class='ocrx_word' id='word_1_277' title='bbox 858 2688 898 2712; x_wconf 71' lang='lat' dir='ltr'>Ed</span> <span class='ocrx_word' id='word_1_278' title='bbox 923 2688 999 2713; x_wconf 72' lang='lat'>¹545.</span> <span class='ocrx_word' id='word_1_279' title='bbox 1019 2693 1066 2711; x_wconf 85' lang='lat' dir='ltr'>er·</span> <span class='ocrx_word' id='word_1_280' title='bbox 1093 2702 1095 2712; x_wconf 55' lang='lat'>³</span> 
     </span>
    </p>
   </div>
   <div class='ocr_carea' id='block_1_14' title="bbox 105 2725 912 2808">
    <p class='ocr_par' dir='ltr' id='par_1_18' title="bbox 105 2725 912 2808">
     <span class='ocr_line' id='line_1_50' title="bbox 140 2725 588 2757; baseline -0.002 -7"><span class='ocrx_word' id='word_1_281' title='bbox 140 2733 203 2750; x_wconf 78' lang='lat' dir='ltr'>rore</span> <span class='ocrx_word' id='word_1_282' title='bbox 222 2728 348 2757; x_wconf 66' lang='lat' dir='ltr'>typogn:</span> <span class='ocrx_word' id='word_1_283' title='bbox 377 2725 588 2755; x_wconf 66' lang='lat' dir='ltr'>Sappho-atione.</span> 
     </span>
     <span class='ocr_line' id='line_1_51' title="bbox 105 2774 912 2808; baseline -0.005 -7"><span class='ocrx_word' id='word_1_284' title='bbox 105 2780 152 2805; x_wconf 57' lang='grc' dir='ltr'>Μ)</span> <span class='ocrx_word' id='word_1_285' title='bbox 172 2777 380 2808; x_wconf 73' lang='lat' dir='ltr'>processiones]</span> <span class='ocrx_word' id='word_1_286' title='bbox 400 2777 483 2801; x_wconf 75' lang='lat' dir='ltr'>Editt.</span> <span class='ocrx_word' id='word_1_287' title='bbox 507 2776 598 2801; x_wconf 71' lang='lat'><strong>15⁴5..</strong></span> <span class='ocrx_word' id='word_1_288' title='bbox 621 2775 694 2801; x_wconf 77' lang='lat'>1560.</span> <span class='ocrx_word' id='word_1_289' title='bbox 714 2774 912 2806; x_wconf 72' lang='lat' dir='ltr'>professiones.</span> 
     </span>
    </p>
   </div>
   <div class='ocr_carea' id='block_1_15' title="bbox 392 140 1928 181">
    <p class='ocr_par' dir='ltr' id='par_1_19' title="bbox 392 140 1928 181">
     <span class='ocr_line' id='line_1_52' title="bbox 392 140 1928 181; baseline -0.001 -2"><span class='ocrx_word' id='word_1_290' title='bbox 392 146 701 181; x_wconf 78' lang='lat' dir='ltr'><strong>ARGUMENTA</strong></span> <span class='ocrx_word' id='word_1_291' title='bbox 729 145 793 179; x_wconf 84' lang='lat' dir='ltr'>ET</span> <span class='ocrx_word' id='word_1_292' title='bbox 821 144 1023 179; x_wconf 77' lang='lat' dir='ltr'>SCHOLLA</span> <span class='ocrx_word' id='word_1_293' title='bbox 1051 143 1098 179; x_wconf 83' lang='grc' dir='ltr'>ΙΝ</span> <span class='ocrx_word' id='word_1_294' title='bbox 1126 143 1273 178; x_wconf 85' lang='lat' dir='ltr'>EPIST.</span> <span class='ocrx_word' id='word_1_295' title='bbox 1301 142 1414 176; x_wconf 75' lang='lat' dir='ltr'><strong>FAM.</strong></span> <span class='ocrx_word' id='word_1_296' title='bbox 1443 140 1528 176; x_wconf 89' lang='lat' dir='ltr'><strong>CIC.</strong></span> <span class='ocrx_word' id='word_1_297' title='bbox 1557 141 1644 176; x_wconf 88' lang='lat' dir='ltr'>LlB.</span> <span class='ocrx_word' id='word_1_298' title='bbox 1662 142 1720 177; x_wconf 84' lang='lat' dir='ltr'>ltt.</span> <span class='ocrx_word' id='word_1_299' title='bbox 1749 142 1821 177; x_wconf 83' lang='grc' dir='ltr'>ΕΡ.</span> <span class='ocrx_word' id='word_1_300' title='bbox 1840 143 1874 177; x_wconf 89' lang='grc'>8.</span> <span class='ocrx_word' id='word_1_301' title='bbox 1893 142 1928 177; x_wconf 89' lang='grc'>9.</span> 
     </span>
    </p>
   </div>
   <div class='ocr_carea' id='block_1_16' title="bbox 2028 143 2101 178">
    <p class='ocr_par' dir='ltr' id='par_1_20' title="bbox 2028 143 2101 178">
     <span class='ocr_line' id='line_1_53' title="bbox 2028 143 2101 178; baseline 0.027 -2"><span class='ocrx_word' id='word_1_302' title='bbox 2028 143 2101 178; x_wconf 85' lang='grc'>110</span> 
     </span>
    </p>
   </div>
   <div class='ocr_carea' id='block_1_17' title="bbox 1321 228 1880 275">
    <p class='ocr_par' dir='ltr' id='par_1_21' title="bbox 1321 228 1880 275">
     <span class='ocr_line' id='line_1_54' title="bbox 1321 228 1880 275; baseline -0.002 -13"><span class='ocrx_word' id='word_1_303' title='bbox 1321 229 1455 263; x_wconf 83' lang='lat' dir='ltr'>Aliud</span> <span class='ocrx_word' id='word_1_304' title='bbox 1487 235 1803 273; x_wconf 77' lang='lat' dir='ltr'>argumentum</span> <span class='ocrx_word' id='word_1_305' title='bbox 1820 228 1880 275; x_wconf 81' lang='lat'>⁹⁶).</span> 
     </span>
    </p>
   </div>
   <div class='ocr_carea' id='block_1_18' title="bbox 1105 295 2119 1423">
    <p class='ocr_par' dir='ltr' id='par_1_22' title="bbox 1105 295 2119 1423">
     <span class='ocr_line' id='line_1_55' title="bbox 1208 295 2100 342; baseline -0.001 -11"><span class='ocrx_word' id='word_1_306' title='bbox 1208 298 1356 332; x_wconf 84' lang='lat' dir='ltr'>Constat</span> <span class='ocrx_word' id='word_1_307' title='bbox 1380 295 1467 331; x_wconf 84' lang='lat' dir='ltr'>haec</span> <span class='ocrx_word' id='word_1_308' title='bbox 1489 297 1636 342; x_wconf 88' lang='lat' dir='ltr'>epistola</span> <span class='ocrx_word' id='word_1_309' title='bbox 1663 296 1771 331; x_wconf 78' lang='lat' dir='ltr'>variis</span> <span class='ocrx_word' id='word_1_310' title='bbox 1796 297 1977 341; x_wconf 80' lang='lat' dir='ltr'>partibus,</span> <span class='ocrx_word' id='word_1_311' title='bbox 2007 297 2100 330; x_wconf 81' lang='lat' dir='ltr'>vide-</span> 
     </span>
     <span class='ocr_line' id='line_1_56' title="bbox 1105 348 2101 393; baseline 0 -11"><span class='ocrx_word' id='word_1_312' title='bbox 1105 350 1185 382; x_wconf 85' lang='lat' dir='ltr'>licet</span> <span class='ocrx_word' id='word_1_313' title='bbox 1201 350 1429 389; x_wconf 70' lang='lat' dir='ltr'>laudatione,</span> <span class='ocrx_word' id='word_1_314' title='bbox 1458 348 1716 393; x_wconf 68' lang='lat' dir='ltr'>gratulatione,</span> <span class='ocrx_word' id='word_1_315' title='bbox 1746 348 1937 392; x_wconf 77' lang='lat' dir='ltr'>petitione,</span> <span class='ocrx_word' id='word_1_316' title='bbox 1965 355 1998 381; x_wconf 87' lang='lat' dir='ltr'>et</span> <span class='ocrx_word' id='word_1_317' title='bbox 2023 349 2101 383; x_wconf 77' lang='lat' dir='ltr'>aliis</span> 
     </span>
     <span class='ocr_line' id='line_1_57' title="bbox 1106 399 2100 447; baseline -0.002 -13"><span class='ocrx_word' id='word_1_318' title='bbox 1106 401 1317 447; x_wconf 77' lang='lat' dir='ltr'>quibusdam</span> <span class='ocrx_word' id='word_1_319' title='bbox 1344 401 1428 434; x_wconf 90' lang='lat' dir='ltr'>locis</span> <span class='ocrx_word' id='word_1_320' title='bbox 1454 399 1507 434; x_wconf 84' lang='lat' dir='ltr'>his</span> <span class='ocrx_word' id='word_1_321' title='bbox 1532 400 1726 439; x_wconf 75' lang='lat' dir='ltr'>similibus,</span> <span class='ocrx_word' id='word_1_322' title='bbox 1763 406 1884 445; x_wconf 79' lang='lat' dir='ltr'>estque</span> <span class='ocrx_word' id='word_1_323' title='bbox 1912 413 2100 443; x_wconf 69' lang='lat' dir='ltr'>argumen-</span> 
     </span>
     <span class='ocr_line' id='line_1_58' title="bbox 1106 451 2101 497; baseline -0.001 -12"><span class='ocrx_word' id='word_1_324' title='bbox 1106 459 1179 486; x_wconf 86' lang='lat' dir='ltr'>tum</span> <span class='ocrx_word' id='word_1_325' title='bbox 1199 454 1303 497; x_wconf 80' lang='lat' dir='ltr'>plane</span> <span class='ocrx_word' id='word_1_326' title='bbox 1326 453 1504 486; x_wconf 80' lang='lat' dir='ltr'>diversum</span> <span class='ocrx_word' id='word_1_327' title='bbox 1526 465 1544 484; x_wconf 85' lang='lat' dir='ltr'>a</span> <span class='ocrx_word' id='word_1_328' title='bbox 1562 451 1805 496; x_wconf 77' lang='lat' dir='ltr'>superioribus</span> <span class='ocrx_word' id='word_1_329' title='bbox 1827 451 1965 485; x_wconf 85' lang='lat' dir='ltr'>litteris.</span> <span class='ocrx_word' id='word_1_330' title='bbox 2019 451 2101 485; x_wconf 64' lang='lat' dir='ltr'>Non</span> 
     </span>
     <span class='ocr_line' id='line_1_59' title="bbox 1107 502 2099 548; baseline 0 -12"><span class='ocrx_word' id='word_1_331' title='bbox 1107 505 1199 537; x_wconf 84' lang='lat' dir='ltr'>enim</span> <span class='ocrx_word' id='word_1_332' title='bbox 1223 502 1279 537; x_wconf 87' lang='lat' dir='ltr'>hic</span> <span class='ocrx_word' id='word_1_333' title='bbox 1305 505 1463 537; x_wconf 83' lang='lat' dir='ltr'>confutat</span> <span class='ocrx_word' id='word_1_334' title='bbox 1489 503 1726 547; x_wconf 72' lang='lat' dir='ltr'>suspiciones,</span> <span class='ocrx_word' id='word_1_335' title='bbox 1760 515 1875 548; x_wconf 82' lang='lat' dir='ltr'>neque</span> <span class='ocrx_word' id='word_1_336' title='bbox 1903 503 2099 546; x_wconf 72' lang='lat' dir='ltr'>expostulat</span> 
     </span>
     <span class='ocr_line' id='line_1_60' title="bbox 1106 553 2101 600; baseline -0.001 -13"><span class='ocrx_word' id='word_1_337' title='bbox 1106 557 1147 587; x_wconf 73' lang='lat' dir='ltr'>dc</span> <span class='ocrx_word' id='word_1_338' title='bbox 1163 555 1284 600; x_wconf 78' lang='lat' dir='ltr'>iniqua</span> <span class='ocrx_word' id='word_1_339' title='bbox 1305 555 1549 593; x_wconf 72' lang='lat' dir='ltr'>accusatione,</span> <span class='ocrx_word' id='word_1_340' title='bbox 1578 556 1636 588; x_wconf 66' lang='lat' dir='ltr'>sed</span> <span class='ocrx_word' id='word_1_341' title='bbox 1663 556 1784 587; x_wconf 84' lang='lat' dir='ltr'>laudat</span> <span class='ocrx_word' id='word_1_342' title='bbox 1800 553 1978 598; x_wconf 82' lang='lat' dir='ltr'>Appium,</span> <span class='ocrx_word' id='word_1_343' title='bbox 2007 555 2101 599; x_wconf 89' lang='lat' dir='ltr'>quod</span> 
     </span>
     <span class='ocr_line' id='line_1_61' title="bbox 1107 605 2102 651; baseline 0 -12"><span class='ocrx_word' id='word_1_344' title='bbox 1107 607 1266 651; x_wconf 84' lang='lat' dir='ltr'>deposita</span> <span class='ocrx_word' id='word_1_345' title='bbox 1285 606 1385 639; x_wconf 85' lang='lat' dir='ltr'>omni</span> <span class='ocrx_word' id='word_1_346' title='bbox 1400 606 1599 650; x_wconf 74' lang='lat' dir='ltr'>suspicione</span> <span class='ocrx_word' id='word_1_347' title='bbox 1617 619 1656 638; x_wconf 77' lang='lat' dir='ltr'>ac</span> <span class='ocrx_word' id='word_1_348' title='bbox 1671 605 1850 639; x_wconf 83' lang='lat' dir='ltr'>simultate</span> <span class='ocrx_word' id='word_1_349' title='bbox 1870 618 1992 639; x_wconf 82' lang='lat' dir='ltr'>verum</span> <span class='ocrx_word' id='word_1_350' title='bbox 2014 607 2102 640; x_wconf 75' lang='lat' dir='ltr'>ami—</span> 
     </span>
     <span class='ocr_line' id='line_1_62' title="bbox 1107 656 2104 702; baseline 0.001 -11"><span class='ocrx_word' id='word_1_351' title='bbox 1107 671 1186 691; x_wconf 90' lang='lat' dir='ltr'>cum</span> <span class='ocrx_word' id='word_1_352' title='bbox 1209 664 1301 702; x_wconf 83' lang='lat' dir='ltr'>agat.</span> <span class='ocrx_word' id='word_1_353' title='bbox 1349 657 1544 690; x_wconf 77' lang='lat' dir='ltr'>Exordium</span> <span class='ocrx_word' id='word_1_354' title='bbox 1566 656 1671 690; x_wconf 80' lang='lat' dir='ltr'>hahet</span> <span class='ocrx_word' id='word_1_355' title='bbox 1688 658 1985 701; x_wconf 78' lang='lat' dir='ltr'>approbationem</span> <span class='ocrx_word' id='word_1_356' title='bbox 2002 671 2104 702; x_wconf 84' lang='lat' dir='ltr'>prae.-</span> 
     </span>
     <span class='ocr_line' id='line_1_63' title="bbox 1107 709 2105 754; baseline -0.001 -10"><span class='ocrx_word' id='word_1_357' title='bbox 1107 709 1260 744; x_wconf 90' lang='lat' dir='ltr'>sentium</span> <span class='ocrx_word' id='word_1_358' title='bbox 1278 709 1476 742; x_wconf 87' lang='lat' dir='ltr'>litterarum</span> <span class='ocrx_word' id='word_1_359' title='bbox 1501 721 1563 753; x_wconf 85' lang='lat' dir='ltr'>per</span> <span class='ocrx_word' id='word_1_360' title='bbox 1586 709 1811 741; x_wconf 87' lang='lat' dir='ltr'>collationem</span> <span class='ocrx_word' id='word_1_361' title='bbox 1841 710 2021 754; x_wconf 82' lang='lat' dir='ltr'>quandam</span> <span class='ocrx_word' id='word_1_362' title='bbox 2047 723 2105 744; x_wconf 89' lang='lat' dir='ltr'>su-</span> 
     </span>
     <span class='ocr_line' id='line_1_64' title="bbox 1107 760 2104 805; baseline 0 -11"><span class='ocrx_word' id='word_1_363' title='bbox 1107 761 1312 805; x_wconf 86' lang='lat' dir='ltr'>periorum,</span> <span class='ocrx_word' id='word_1_364' title='bbox 1340 760 1460 793; x_wconf 84' lang='lat' dir='ltr'>addita</span> <span class='ocrx_word' id='word_1_365' title='bbox 1479 760 1744 804; x_wconf 85' lang='lat' dir='ltr'>praedicatione</span> <span class='ocrx_word' id='word_1_366' title='bbox 1765 760 2034 805; x_wconf 79' lang='lat' dir='ltr'>pollicitationis</span> <span class='ocrx_word' id='word_1_367' title='bbox 2054 762 2104 794; x_wconf 82' lang='lat' dir='ltr'>of-</span> 
     </span>
     <span class='ocr_line' id='line_1_65' title="bbox 1108 811 2104 859; baseline 0.001 -14"><span class='ocrx_word' id='word_1_368' title='bbox 1108 813 1189 846; x_wconf 86' lang='lat' dir='ltr'>ficii.</span> <span class='ocrx_word' id='word_1_369' title='bbox 1250 811 1418 858; x_wconf 82' lang='lat' dir='ltr'>Sequitur</span> <span class='ocrx_word' id='word_1_370' title='bbox 1442 811 1652 855; x_wconf 78' lang='lat' dir='ltr'>significatio</span> <span class='ocrx_word' id='word_1_371' title='bbox 1678 824 1760 845; x_wconf 77' lang='lat' dir='ltr'>suae</span> <span class='ocrx_word' id='word_1_372' title='bbox 1785 812 1960 853; x_wconf 80' lang='lat' dir='ltr'>laetitiae,</span> <span class='ocrx_word' id='word_1_373' title='bbox 1996 825 2104 859; x_wconf 86' lang='lat' dir='ltr'>quam</span> 
     </span>
     <span class='ocr_line' id='line_1_66' title="bbox 1109 861 2105 910; baseline 0.001 -13"><span class='ocrx_word' id='word_1_374' title='bbox 1109 863 1447 910; x_wconf 73' lang='lat' dir='ltr'>cepe1·at⁹⁷);mdito</span> <span class='ocrx_word' id='word_1_375' title='bbox 1474 861 1656 907; x_wconf 85' lang='lat' dir='ltr'>triumpho</span> <span class='ocrx_word' id='word_1_376' title='bbox 1675 862 1801 907; x_wconf 74' lang='lat' dir='ltr'>Appii,</span> <span class='ocrx_word' id='word_1_377' title='bbox 1838 870 1871 896; x_wconf 81' lang='lat' dir='ltr'>et</span> <span class='ocrx_word' id='word_1_378' title='bbox 1896 865 1992 897; x_wconf 81' lang='lat' dir='ltr'>addit</span> <span class='ocrx_word' id='word_1_379' title='bbox 2018 865 2105 909; x_wconf 79' lang='lat' dir='ltr'>peti—</span> 
     </span>
     <span class='ocr_line' id='line_1_67' title="bbox 1110 913 2104 961; baseline 0.002 -13"><span class='ocrx_word' id='word_1_380' title='bbox 1110 916 1242 949; x_wconf 88' lang='lat' dir='ltr'>tionem</span> <span class='ocrx_word' id='word_1_381' title='bbox 1257 942 1266 955; x_wconf 89' lang='lat'>,</span> <span class='ocrx_word' id='word_1_382' title='bbox 1294 921 1333 948; x_wconf 87' lang='lat' dir='ltr'>ut</span> <span class='ocrx_word' id='word_1_383' title='bbox 1348 915 1539 959; x_wconf 86' lang='lat' dir='ltr'>impetrato</span> <span class='ocrx_word' id='word_1_384' title='bbox 1557 913 1739 958; x_wconf 86' lang='lat' dir='ltr'>triumpho</span> <span class='ocrx_word' id='word_1_385' title='bbox 1749 914 1796 961; x_wconf 71' lang='lat'>⁰⁸)</span> <span class='ocrx_word' id='word_1_386' title='bbox 1822 915 1939 948; x_wconf 86' lang='lat' dir='ltr'>statim</span> <span class='ocrx_word' id='word_1_387' title='bbox 1968 916 2104 950; x_wconf 86' lang='lat' dir='ltr'>litteras</span> 
     </span>
     <span class='ocr_line' id='line_1_68' title="bbox 1110 966 2107 1011; baseline 0.001 -11"><span class='ocrx_word' id='word_1_388' title='bbox 1110 968 1228 1001; x_wconf 83' lang='lat' dir='ltr'>mittat</span> <span class='ocrx_word' id='word_1_389' title='bbox 1261 966 1380 1011; x_wconf 73' lang='lat' dir='ltr'>per99)</span> <span class='ocrx_word' id='word_1_390' title='bbox 1415 973 1548 999; x_wconf 85' lang='lat' dir='ltr'>certum</span> <span class='ocrx_word' id='word_1_391' title='bbox 1585 966 1821 1000; x_wconf 77' lang='lat' dir='ltr'>tabellarium.</span> <span class='ocrx_word' id='word_1_392' title='bbox 1894 966 2021 1000; x_wconf 80' lang='lat' dir='ltr'>Postea</span> <span class='ocrx_word' id='word_1_393' title='bbox 2056 974 2107 1001; x_wconf 88' lang='lat' dir='ltr'>est</span> 
     </span>
     <span class='ocr_line' id='line_1_69' title="bbox 1110 1017 2107 1064; baseline -0.003 -11"><span class='ocrx_word' id='word_1_394' title='bbox 1110 1032 1202 1053; x_wconf 79' lang='lat' dir='ltr'>nova</span> <span class='ocrx_word' id='word_1_395' title='bbox 1223 1018 1369 1063; x_wconf 88' lang='lat' dir='ltr'>petitio,</span> <span class='ocrx_word' id='word_1_396' title='bbox 1398 1031 1467 1064; x_wconf 88' lang='lat' dir='ltr'>qua</span> <span class='ocrx_word' id='word_1_397' title='bbox 1487 1017 1621 1061; x_wconf 80' lang='lat' dir='ltr'>flagitat</span> <span class='ocrx_word' id='word_1_398' title='bbox 1639 1018 1683 1051; x_wconf 84' lang='lat' dir='ltr'>ab</span> <span class='ocrx_word' id='word_1_399' title='bbox 1701 1030 1742 1050; x_wconf 91' lang='lat' dir='ltr'>eo</span> <span class='ocrx_word' id='word_1_400' title='bbox 1764 1019 1935 1062; x_wconf 86' lang='lat' dir='ltr'>scriptum</span> <span class='ocrx_word' id='word_1_401' title='bbox 1955 1019 1997 1051; x_wconf 90' lang='lat' dir='ltr'>de</span> <span class='ocrx_word' id='word_1_402' title='bbox 2017 1018 2107 1052; x_wconf 82' lang='lat' dir='ltr'>divi-</span> 
     </span>
     <span class='ocr_line' id='line_1_70' title="bbox 1110 1069 2107 1114; baseline -0.001 -10"><span class='ocrx_word' id='word_1_403' title='bbox 1110 1071 1274 1111; x_wconf 84' lang='lat' dir='ltr'>natione,</span> <span class='ocrx_word' id='word_1_404' title='bbox 1302 1069 1421 1102; x_wconf 90' lang='lat' dir='ltr'>addita</span> <span class='ocrx_word' id='word_1_405' title='bbox 1446 1069 1703 1114; x_wconf 86' lang='lat' dir='ltr'>pollicitatione</span> <span class='ocrx_word' id='word_1_406' title='bbox 1723 1069 1846 1103; x_wconf 87' lang='lat' dir='ltr'>similis</span> <span class='ocrx_word' id='word_1_407' title='bbox 1864 1070 2012 1104; x_wconf 81' lang='lat' dir='ltr'>alicuius</span> <span class='ocrx_word' id='word_1_408' title='bbox 2031 1083 2107 1103; x_wconf 91' lang='lat' dir='ltr'>mu-</span> 
     </span>
     <span class='ocr_line' id='line_1_71' title="bbox 1111 1120 2108 1167; baseline -0.002 -11"><span class='ocrx_word' id='word_1_409' title='bbox 1111 1123 1216 1157; x_wconf 83' lang='lat' dir='ltr'>neris.</span> <span class='ocrx_word' id='word_1_410' title='bbox 1280 1121 1319 1154; x_wconf 83' lang='lat' dir='ltr'>ln</span> <span class='ocrx_word' id='word_1_411' title='bbox 1345 1122 1413 1154; x_wconf 88' lang='lat' dir='ltr'>fine</span> <span class='ocrx_word' id='word_1_412' title='bbox 1437 1121 1543 1154; x_wconf 87' lang='lat' dir='ltr'>etiam</span> <span class='ocrx_word' id='word_1_413' title='bbox 1570 1128 1621 1155; x_wconf 81' lang='lat' dir='ltr'>est</span> <span class='ocrx_word' id='word_1_414' title='bbox 1647 1120 1790 1165; x_wconf 86' lang='lat' dir='ltr'>petitio,</span> <span class='ocrx_word' id='word_1_415' title='bbox 1835 1129 1872 1155; x_wconf 85' lang='lat' dir='ltr'>ut</span> <span class='ocrx_word' id='word_1_416' title='bbox 1902 1134 2009 1167; x_wconf 84' lang='lat' dir='ltr'>quam</span> <span class='ocrx_word' id='word_1_417' title='bbox 2036 1122 2108 1166; x_wconf 87' lang='lat' dir='ltr'>pri-</span> 
     </span>
     <span class='ocr_line' id='line_1_72' title="bbox 1111 1172 2109 1218; baseline -0.002 -10"><span class='ocrx_word' id='word_1_418' title='bbox 1111 1188 1210 1209; x_wconf 87' lang='lat' dir='ltr'>mum</span> <span class='ocrx_word' id='word_1_419' title='bbox 1244 1172 1455 1218; x_wconf 88' lang='lat' dir='ltr'>supplicatio</span> <span class='ocrx_word' id='word_1_420' title='bbox 1485 1174 1697 1206; x_wconf 84' lang='lat' dir='ltr'>decernatur</span> <span class='ocrx_word' id='word_1_421' title='bbox 1727 1184 1793 1217; x_wconf 86' lang='lat' dir='ltr'>pro</span> <span class='ocrx_word' id='word_1_422' title='bbox 1824 1174 1928 1207; x_wconf 87' lang='lat' dir='ltr'>rebus</span> <span class='ocrx_word' id='word_1_423' title='bbox 1960 1174 2109 1207; x_wconf 79' lang='lat' dir='ltr'>feliciter</span> 
     </span>
     <span class='ocr_line' id='line_1_73' title="bbox 1111 1224 2109 1272; baseline -0.002 -13"><span class='ocrx_word' id='word_1_424' title='bbox 1111 1226 1232 1272; x_wconf 78' lang='lat' dir='ltr'>gestis,</span> <span class='ocrx_word' id='word_1_425' title='bbox 1260 1227 1457 1258; x_wconf 83' lang='lat' dir='ltr'>admonens</span> <span class='ocrx_word' id='word_1_426' title='bbox 1473 1225 1578 1258; x_wconf 89' lang='lat' dir='ltr'>simul</span> <span class='ocrx_word' id='word_1_427' title='bbox 1595 1225 1638 1257; x_wconf 89' lang='lat' dir='ltr'>de</span> <span class='ocrx_word' id='word_1_428' title='bbox 1663 1224 1787 1257; x_wconf 83' lang='lat' dir='ltr'>litteris</span> <span class='ocrx_word' id='word_1_429' title='bbox 1814 1225 1982 1269; x_wconf 80' lang='lat' dir='ltr'>publicis,</span> <span class='ocrx_word' id='word_1_430' title='bbox 2017 1237 2109 1270; x_wconf 85' lang='lat' dir='ltr'>quae</span> 
     </span>
     <span class='ocr_line' id='line_1_74' title="bbox 1112 1276 2109 1316; baseline -0.005 -3"><span class='ocrx_word' id='word_1_431' title='bbox 1112 1278 1223 1313; x_wconf 85' lang='lat' dir='ltr'>serius</span> <span class='ocrx_word' id='word_1_432' title='bbox 1243 1277 1390 1316; x_wconf 84' lang='lat' dir='ltr'>missae,</span> <span class='ocrx_word' id='word_1_433' title='bbox 1416 1276 1529 1309; x_wconf 82' lang='lat' dir='ltr'>serius</span> <span class='ocrx_word' id='word_1_434' title='bbox 1553 1276 1659 1308; x_wconf 88' lang='lat' dir='ltr'>etiam</span> <span class='ocrx_word' id='word_1_435' title='bbox 1680 1283 1849 1309; x_wconf 66' lang='lat' dir='ltr'>venerant</span> <span class='ocrx_word' id='word_1_436' title='bbox 1869 1278 1913 1309; x_wconf 82' lang='lat' dir='ltr'>ad</span> <span class='ocrx_word' id='word_1_437' title='bbox 1932 1283 2109 1315; x_wconf 83' lang='lat' dir='ltr'>senatum,</span> 
     </span>
     <span class='ocr_line' id='line_1_75' title="bbox 1113 1326 2110 1375; baseline -0.001 -13"><span class='ocrx_word' id='word_1_438' title='bbox 1113 1329 1282 1375; x_wconf 87' lang='lat' dir='ltr'>additque</span> <span class='ocrx_word' id='word_1_439' title='bbox 1301 1340 1441 1361; x_wconf 86' lang='lat' dir='ltr'>causam</span> <span class='ocrx_word' id='word_1_440' title='bbox 1455 1354 1464 1367; x_wconf 91' lang='lat'>,</span> <span class='ocrx_word' id='word_1_441' title='bbox 1493 1339 1602 1373; x_wconf 85' lang='lat' dir='ltr'>quare</span> <span class='ocrx_word' id='word_1_442' title='bbox 1622 1326 1689 1360; x_wconf 74' lang='lat' dir='ltr'>hoc</span> <span class='ocrx_word' id='word_1_443' title='bbox 1706 1328 1893 1362; x_wconf 86' lang='lat' dir='ltr'>consilium</span> <span class='ocrx_word' id='word_1_444' title='bbox 1921 1328 1957 1360; x_wconf 86' lang='lat' dir='ltr'>in</span> <span class='ocrx_word' id='word_1_445' title='bbox 1983 1328 2110 1361; x_wconf 82' lang='lat' dir='ltr'>litteris</span> 
     </span>
     <span class='ocr_line' id='line_1_76' title="bbox 1114 1379 2119 1423; baseline -0.008 -8"><span class='ocrx_word' id='word_1_446' title='bbox 1114 1381 1250 1415; x_wconf 88' lang='lat' dir='ltr'>tardius</span> <span class='ocrx_word' id='word_1_447' title='bbox 1267 1379 1449 1413; x_wconf 82' lang='lat' dir='ltr'>mittendis</span> <span class='ocrx_word' id='word_1_448' title='bbox 1466 1392 1538 1412; x_wconf 91' lang='lat' dir='ltr'>non</span> <span class='ocrx_word' id='word_1_449' title='bbox 1557 1379 1752 1423; x_wconf 79' lang='lat' dir='ltr'>displiceat.</span> <span class='ocrx_word' id='word_1_450' title='bbox 2118 1380 2119 1383; x_wconf 76' lang='grc'>’</span> 
     </span>
    </p>
   </div>
   <div class='ocr_carea' id='block_1_19' title="bbox 1357 1462 1490 1495">
    <p class='ocr_par' dir='ltr' id='par_1_23' title="bbox 1357 1462 1490 1495">
     <span class='ocr_line' id='line_1_77' title="bbox 1357 1462 1490 1495; baseline 0.008 -1"><span class='ocrx_word' id='word_1_451' title='bbox 1357 1462 1490 1495; x_wconf 75' lang='lat' dir='ltr'>Aliud</span> 
     </span>
    </p>
   </div>
   <div class='ocr_carea' id='block_1_20' title="bbox 1114 1528 2117 2032">
    <p class='ocr_par' dir='ltr' id='par_1_24' title="bbox 1114 1528 2117 2032">
     <span class='ocr_line' id='line_1_78' title="bbox 1214 1528 2114 1576; baseline -0.007 -10"><span class='ocrx_word' id='word_1_452' title='bbox 1214 1531 1374 1576; x_wconf 85' lang='lat' dir='ltr'>Epistola</span> <span class='ocrx_word' id='word_1_453' title='bbox 1412 1530 1540 1575; x_wconf 87' lang='lat' dir='ltr'>partim</span> <span class='ocrx_word' id='word_1_454' title='bbox 1572 1536 1622 1563; x_wconf 86' lang='lat' dir='ltr'>est</span> <span class='ocrx_word' id='word_1_455' title='bbox 1657 1531 1795 1574; x_wconf 81' lang='lat' dir='ltr'>generis</span> <span class='ocrx_word' id='word_1_456' title='bbox 1828 1528 2114 1569; x_wconf 84' lang='lat' dir='ltr'>demonstrativi,</span> 
     </span>
     <span class='ocr_line' id='line_1_79' title="bbox 1114 1580 2115 1630; baseline -0.007 -11"><span class='ocrx_word' id='word_1_457' title='bbox 1114 1592 1148 1619; x_wconf 84' lang='lat' dir='ltr'>et</span> <span class='ocrx_word' id='word_1_458' title='bbox 1175 1584 1305 1630; x_wconf 86' lang='lat' dir='ltr'>partim</span> <span class='ocrx_word' id='word_1_459' title='bbox 1330 1581 1481 1615; x_wconf 87' lang='lat' dir='ltr'>suasorii</span> <span class='ocrx_word' id='word_1_460' title='bbox 1502 1581 1652 1625; x_wconf 74' lang='lat' dir='ltr'>generis.</span> <span class='ocrx_word' id='word_1_461' title='bbox 1705 1581 1901 1614; x_wconf 78' lang='lat' dir='ltr'>Exordium</span> <span class='ocrx_word' id='word_1_462' title='bbox 1929 1587 1980 1614; x_wconf 88' lang='lat' dir='ltr'>est</span> <span class='ocrx_word' id='word_1_463' title='bbox 2004 1580 2115 1613; x_wconf 68' lang='lat' dir='ltr'>veluti</span> 
     </span>
     <span class='ocr_line' id='line_1_80' title="bbox 1115 1633 2113 1684; baseline -0.004 -14"><span class='ocrx_word' id='word_1_464' title='bbox 1115 1638 1291 1684; x_wconf 84' lang='lat' dir='ltr'>quaedam</span> <span class='ocrx_word' id='word_1_465' title='bbox 1329 1633 1489 1667; x_wconf 77' lang='lat' dir='ltr'>narratio</span> <span class='ocrx_word' id='word_1_466' title='bbox 1525 1634 1567 1666; x_wconf 88' lang='lat' dir='ltr'>dc</span> <span class='ocrx_word' id='word_1_467' title='bbox 1605 1633 1865 1677; x_wconf 87' lang='lat' dir='ltr'>approbatione</span> <span class='ocrx_word' id='word_1_468' title='bbox 1899 1633 2113 1666; x_wconf 83' lang='lat' dir='ltr'>litterarum.</span> 
     </span>
     <span class='ocr_line' id='line_1_81' title="bbox 1114 1683 2114 1735; baseline -0.008 -12"><span class='ocrx_word' id='word_1_469' title='bbox 1114 1688 1282 1735; x_wconf 81' lang='lat' dir='ltr'>Sequitur</span> <span class='ocrx_word' id='word_1_470' title='bbox 1307 1685 1499 1730; x_wconf 72' lang='lat' dir='ltr'>gratulatio</span> <span class='ocrx_word' id='word_1_471' title='bbox 1527 1686 1568 1717; x_wconf 84' lang='lat' dir='ltr'>de</span> <span class='ocrx_word' id='word_1_472' title='bbox 1599 1683 1783 1728; x_wconf 81' lang='lat' dir='ltr'>triumpho</span> <span class='ocrx_word' id='word_1_473' title='bbox 1809 1684 1916 1729; x_wconf 86' lang='lat' dir='ltr'>Appii</span> <span class='ocrx_word' id='word_1_474' title='bbox 1947 1684 1984 1716; x_wconf 85' lang='lat' dir='ltr'>in</span> <span class='ocrx_word' id='word_1_475' title='bbox 2014 1683 2114 1716; x_wconf 79' lang='lat' dir='ltr'>brevi</span> 
     </span>
     <span class='ocr_line' id='line_1_82' title="bbox 1114 1735 2117 1781; baseline -0.006 -6"><span class='ocrx_word' id='word_1_476' title='bbox 1114 1744 1247 1775; x_wconf 75' lang='lat' dir='ltr'>tuturo,</span> <span class='ocrx_word' id='word_1_477' title='bbox 1302 1738 1440 1770; x_wconf 86' lang='lat' dir='ltr'>Deinde</span> <span class='ocrx_word' id='word_1_478' title='bbox 1472 1737 1515 1769; x_wconf 87' lang='lat' dir='ltr'>ad</span> <span class='ocrx_word' id='word_1_479' title='bbox 1541 1738 1645 1769; x_wconf 84' lang='lat' dir='ltr'>linem</span> <span class='ocrx_word' id='word_1_480' title='bbox 1668 1749 1780 1781; x_wconf 87' lang='lat' dir='ltr'>usque</span> <span class='ocrx_word' id='word_1_481' title='bbox 1805 1742 1888 1770; x_wconf 88' lang='lat' dir='ltr'>sunt</span> <span class='ocrx_word' id='word_1_482' title='bbox 1912 1735 2117 1780; x_wconf 86' lang='lat' dir='ltr'>petitiones,</span> 
     </span>
     <span class='ocr_line' id='line_1_83' title="bbox 1115 1787 2115 1833; baseline -0.007 -7"><span class='ocrx_word' id='word_1_483' title='bbox 1115 1792 1279 1826; x_wconf 81' lang='lat' dir='ltr'>videlicet</span> <span class='ocrx_word' id='word_1_484' title='bbox 1295 1796 1333 1823; x_wconf 89' lang='lat' dir='ltr'>ut</span> <span class='ocrx_word' id='word_1_485' title='bbox 1353 1801 1457 1833; x_wconf 69' lang='lat' dir='ltr'>saepe</span> <span class='ocrx_word' id='word_1_486' title='bbox 1481 1788 1628 1827; x_wconf 85' lang='lat' dir='ltr'>scribat,</span> <span class='ocrx_word' id='word_1_487' title='bbox 1660 1795 1699 1821; x_wconf 89' lang='lat' dir='ltr'>ut</span> <span class='ocrx_word' id='word_1_488' title='bbox 1727 1788 1887 1821; x_wconf 81' lang='lat' dir='ltr'>absolvat</span> <span class='ocrx_word' id='word_1_489' title='bbox 1912 1788 2044 1820; x_wconf 86' lang='lat' dir='ltr'>librum</span> <span class='ocrx_word' id='word_1_490' title='bbox 2071 1787 2115 1820; x_wconf 90' lang='lat' dir='ltr'>de</span> 
     </span>
     <span class='ocr_line' id='line_1_84' title="bbox 1116 1839 2113 1888; baseline -0.006 -11"><span class='ocrx_word' id='word_1_491' title='bbox 1116 1849 1293 1888; x_wconf 80' lang='lat' dir='ltr'>auguratu</span> <span class='ocrx_word' id='word_1_492' title='bbox 1311 1841 1512 1875; x_wconf 84' lang='lat' dir='ltr'>institutum</span> <span class='ocrx_word' id='word_1_493' title='bbox 1525 1866 1534 1880; x_wconf 92' lang='lat'>‚</span> <span class='ocrx_word' id='word_1_494' title='bbox 1567 1852 1672 1885; x_wconf 88' lang='lat' dir='ltr'>quem</span> <span class='ocrx_word' id='word_1_495' title='bbox 1692 1839 1857 1873; x_wconf 89' lang='lat' dir='ltr'>Ciceroni</span> <span class='ocrx_word' id='word_1_496' title='bbox 1873 1840 2113 1878; x_wconf 79' lang='lat' dir='ltr'>dedicaverat,</span> 
     </span>
     <span class='ocr_line' id='line_1_85' title="bbox 1116 1891 2116 1936; baseline -0.007 -7"><span class='ocrx_word' id='word_1_497' title='bbox 1116 1903 1150 1929; x_wconf 89' lang='lat' dir='ltr'>ut</span> <span class='ocrx_word' id='word_1_498' title='bbox 1170 1897 1383 1928; x_wconf 79' lang='lat' dir='ltr'>decernatur</span> <span class='ocrx_word' id='word_1_499' title='bbox 1400 1891 1612 1936; x_wconf 86' lang='lat' dir='ltr'>supplicatio</span> <span class='ocrx_word' id='word_1_500' title='bbox 1639 1903 1705 1935; x_wconf 88' lang='lat' dir='ltr'>pro</span> <span class='ocrx_word' id='word_1_501' title='bbox 1731 1892 1835 1925; x_wconf 86' lang='lat' dir='ltr'>rebus</span> <span class='ocrx_word' id='word_1_502' title='bbox 1858 1891 1948 1924; x_wconf 90' lang='lat' dir='ltr'>bene</span> <span class='ocrx_word' id='word_1_503' title='bbox 1972 1891 2007 1923; x_wconf 93' lang='lat' dir='ltr'>in</span> <span class='ocrx_word' id='word_1_504' title='bbox 2032 1902 2116 1934; x_wconf 86' lang='lat' dir='ltr'>pro·</span> 
     </span>
     <span class='ocr_line' id='line_1_86' title="bbox 1116 1942 2116 1990; baseline -0.006 -10"><span class='ocrx_word' id='word_1_505' title='bbox 1116 1947 1230 1980; x_wconf 69' lang='lat' dir='ltr'>vincia</span> <span class='ocrx_word' id='word_1_506' title='bbox 1249 1945 1366 1990; x_wconf 81' lang='lat' dir='ltr'>gestis,</span> <span class='ocrx_word' id='word_1_507' title='bbox 1394 1950 1429 1976; x_wconf 88' lang='lat' dir='ltr'>et</span> <span class='ocrx_word' id='word_1_508' title='bbox 1444 1942 1575 1976; x_wconf 72' lang='lat' dir='ltr'>habeat</span> <span class='ocrx_word' id='word_1_509' title='bbox 1591 1943 1768 1976; x_wconf 86' lang='lat' dir='ltr'>rationem</span> <span class='ocrx_word' id='word_1_510' title='bbox 1786 1944 2000 1981; x_wconf 78' lang='lat' dir='ltr'>litterarum,</span> <span class='ocrx_word' id='word_1_511' title='bbox 2024 1953 2116 1987; x_wconf 84' lang='lat' dir='ltr'>quae</span> 
     </span>
     <span class='ocr_line' id='line_1_87' title="bbox 1118 1994 1757 2032; baseline -0.008 0"><span class='ocrx_word' id='word_1_512' title='bbox 1118 1999 1252 2032; x_wconf 87' lang='lat' dir='ltr'>tardius</span> <span class='ocrx_word' id='word_1_513' title='bbox 1271 2003 1351 2031; x_wconf 87' lang='lat' dir='ltr'>sunt</span> <span class='ocrx_word' id='word_1_514' title='bbox 1372 1995 1499 2028; x_wconf 84' lang='lat' dir='ltr'>missae</span> <span class='ocrx_word' id='word_1_515' title='bbox 1519 1994 1562 2026; x_wconf 91' lang='lat' dir='ltr'>ad</span> <span class='ocrx_word' id='word_1_516' title='bbox 1582 2001 1757 2027; x_wconf 87' lang='lat' dir='ltr'>senatum.</span> 
     </span>
    </p>
   </div>
   <div class='ocr_carea' id='block_1_21' title="bbox 1532 1468 1863 1505">
    <p class='ocr_par' dir='ltr' id='par_1_25' title="bbox 1532 1468 1863 1505">
     <span class='ocr_line' id='line_1_88' title="bbox 1532 1468 1863 1505; baseline 0.006 -12"><span class='ocrx_word' id='word_1_517' title='bbox 1532 1468 1863 1505; x_wconf 74' lang='lat' dir='ltr'>argumentum.</span> 
     </span>
    </p>
   </div>
   <div class='ocr_carea' id='block_1_22' title="bbox 1369 2088 1864 2132">
    <p class='ocr_par' dir='ltr' id='par_1_26' title="bbox 1369 2088 1864 2132">
     <span class='ocr_line' id='line_1_89' title="bbox 1369 2088 1864 2132; baseline -0.004 -11"><span class='ocrx_word' id='word_1_518' title='bbox 1369 2088 1506 2122; x_wconf 87' lang='lat' dir='ltr'>Aliud</span> <span class='ocrx_word' id='word_1_519' title='bbox 1541 2093 1864 2132; x_wconf 79' lang='lat' dir='ltr'>argumentum.</span> 
     </span>
    </p>
   </div>
   <div class='ocr_carea' id='block_1_23' title="bbox 1117 2155 2119 2459">
    <p class='ocr_par' dir='ltr' id='par_1_27' title="bbox 1117 2155 2119 2459">
     <span class='ocr_line' id='line_1_90' title="bbox 1218 2155 2116 2202; baseline -0.003 -9"><span class='ocrx_word' id='word_1_520' title='bbox 1218 2157 1402 2202; x_wconf 87' lang='lat' dir='ltr'>Principio</span> <span class='ocrx_word' id='word_1_521' title='bbox 1443 2163 1494 2191; x_wconf 88' lang='lat' dir='ltr'>est</span> <span class='ocrx_word' id='word_1_522' title='bbox 1529 2156 1677 2201; x_wconf 83' lang='lat' dir='ltr'>simplex</span> <span class='ocrx_word' id='word_1_523' title='bbox 1714 2155 1931 2200; x_wconf 84' lang='lat' dir='ltr'>propositio:</span> <span class='ocrx_word' id='word_1_524' title='bbox 1982 2156 2116 2190; x_wconf 64' lang='lat' dir='ltr'>(iratae</span> 
     </span>
     <span class='ocr_line' id='line_1_91' title="bbox 1117 2207 2117 2252; baseline -0.005 -6"><span class='ocrx_word' id='word_1_525' title='bbox 1117 2210 1205 2246; x_wconf 83' lang='lat' dir='ltr'>mihi</span> <span class='ocrx_word' id='word_1_526' title='bbox 1239 2217 1322 2246; x_wconf 86' lang='lat' dir='ltr'>sunt</span> <span class='ocrx_word' id='word_1_527' title='bbox 1351 2216 1432 2243; x_wconf 85' lang='lat' dir='ltr'>tuae</span> <span class='ocrx_word' id='word_1_528' title='bbox 1463 2208 1614 2242; x_wconf 86' lang='lat' dir='ltr'>litterae.</span> <span class='ocrx_word' id='word_1_529' title='bbox 1682 2207 1808 2247; x_wconf 73' lang='lat' dir='ltr'>Ratio,</span> <span class='ocrx_word' id='word_1_530' title='bbox 1839 2219 1929 2252; x_wconf 84' lang='lat' dir='ltr'>quae</span> <span class='ocrx_word' id='word_1_531' title='bbox 1955 2207 2117 2252; x_wconf 87' lang='lat' dir='ltr'>sequitur</span> 
     </span>
     <span class='ocr_line' id='line_1_92' title="bbox 1118 2258 2119 2310; baseline -0.007 -12"><span class='ocrx_word' id='word_1_532' title='bbox 1118 2263 1424 2310; x_wconf 85' lang='lat' dir='ltr'>propositionem,</span> <span class='ocrx_word' id='word_1_533' title='bbox 1452 2258 1561 2293; x_wconf 84' lang='lat' dir='ltr'>habet</span> <span class='ocrx_word' id='word_1_534' title='bbox 1577 2259 1805 2292; x_wconf 79' lang='lat' dir='ltr'>collationem</span> <span class='ocrx_word' id='word_1_535' title='bbox 1832 2259 2045 2303; x_wconf 85' lang='lat' dir='ltr'>praeteritae</span> <span class='ocrx_word' id='word_1_536' title='bbox 2072 2259 2119 2293; x_wconf 89' lang='lat' dir='ltr'>si-</span> 
     </span>
     <span class='ocr_line' id='line_1_93' title="bbox 1118 2309 2116 2358; baseline -0.006 -8"><span class='ocrx_word' id='word_1_537' title='bbox 1118 2316 1297 2355; x_wconf 87' lang='lat' dir='ltr'>multatis,</span> <span class='ocrx_word' id='word_1_538' title='bbox 1326 2319 1360 2346; x_wconf 86' lang='lat' dir='ltr'>et</span> <span class='ocrx_word' id='word_1_539' title='bbox 1375 2311 1571 2358; x_wconf 85' lang='lat' dir='ltr'>praesentis</span> <span class='ocrx_word' id='word_1_540' title='bbox 1590 2310 1902 2344; x_wconf 83' lang='lat' dir='ltr'>reconciliationis.</span> <span class='ocrx_word' id='word_1_541' title='bbox 1964 2309 2116 2345; x_wconf 88' lang='lat' dir='ltr'>Conclu-</span> 
     </span>
     <span class='ocr_line' id='line_1_94' title="bbox 1118 2361 2115 2413; baseline -0.006 -11"><span class='ocrx_word' id='word_1_542' title='bbox 1118 2369 1170 2403; x_wconf 85' lang='lat' dir='ltr'>sio</span> <span class='ocrx_word' id='word_1_543' title='bbox 1190 2365 1446 2413; x_wconf 76' lang='lat' dir='ltr'>propositionis</span> <span class='ocrx_word' id='word_1_544' title='bbox 1463 2362 1621 2396; x_wconf 84' lang='lat' dir='ltr'>continet</span> <span class='ocrx_word' id='word_1_545' title='bbox 1638 2362 1835 2406; x_wconf 87' lang='lat' dir='ltr'>gratiarum</span> <span class='ocrx_word' id='word_1_546' title='bbox 1853 2361 2030 2396; x_wconf 87' lang='lat' dir='ltr'>actionem</span> <span class='ocrx_word' id='word_1_547' title='bbox 2049 2375 2115 2408; x_wconf 90' lang='lat' dir='ltr'>pro</span> 
     </span>
     <span class='ocr_line' id='line_1_95' title="bbox 1118 2414 2116 2459; baseline -0.007 -5"><span class='ocrx_word' id='word_1_548' title='bbox 1118 2421 1235 2454; x_wconf 85' lang='lat' dir='ltr'>delato</span> <span class='ocrx_word' id='word_1_549' title='bbox 1254 2417 1383 2452; x_wconf 83' lang='lat' dir='ltr'>officio.</span> <span class='ocrx_word' id='word_1_550' title='bbox 1436 2415 1574 2448; x_wconf 77' lang='lat' dir='ltr'>Deinde</span> <span class='ocrx_word' id='word_1_551' title='bbox 1596 2414 1755 2459; x_wconf 81' lang='lat' dir='ltr'>sequitur</span> <span class='ocrx_word' id='word_1_552' title='bbox 1778 2414 1969 2458; x_wconf 80' lang='lat' dir='ltr'>gratulatio</span> <span class='ocrx_word' id='word_1_553' title='bbox 1995 2416 2038 2447; x_wconf 89' lang='lat' dir='ltr'>de</span> <span class='ocrx_word' id='word_1_554' title='bbox 2062 2416 2116 2447; x_wconf 80' lang='lat' dir='ltr'>su-</span> 
     </span>
    </p>
   </div>
   <div class='ocr_carea' id='block_1_24' title="bbox 1151 2533 2117 2594">
    <p class='ocr_par' dir='ltr' id='par_1_28' title="bbox 1151 2533 2117 2594">
     <span class='ocr_line' id='line_1_96' title="bbox 1151 2533 2117 2566; baseline -0.002 -6"><span class='ocrx_word' id='word_1_555' title='bbox 1151 2537 1200 2564; x_wconf 76' lang='lat'>96)</span> <span class='ocrx_word' id='word_1_556' title='bbox 1222 2536 1278 2559; x_wconf 78' lang='lat' dir='ltr'>Hoc</span> <span class='ocrx_word' id='word_1_557' title='bbox 1296 2536 1488 2566; x_wconf 73' lang='lat' dir='ltr'>argumentum</span> <span class='ocrx_word' id='word_1_558' title='bbox 1507 2536 1534 2558; x_wconf 84' lang='lat' dir='ltr'>et</span> <span class='ocrx_word' id='word_1_559' title='bbox 1553 2533 1605 2557; x_wconf 85' lang='lat' dir='ltr'>duo</span> <span class='ocrx_word' id='word_1_560' title='bbox 1626 2533 1770 2564; x_wconf 74' lang='lat' dir='ltr'>sequentia</span> <span class='ocrx_word' id='word_1_561' title='bbox 1792 2533 1825 2556; x_wconf 77' lang='lat' dir='ltr'>ab</span> <span class='ocrx_word' id='word_1_562' title='bbox 1844 2533 1927 2560; x_wconf 78' lang='lat' dir='ltr'>Editt,</span> <span class='ocrx_word' id='word_1_563' title='bbox 1945 2534 2030 2563; x_wconf 52' lang='lat'>1556„</span> <span class='ocrx_word' id='word_1_564' title='bbox 2052 2535 2117 2558; x_wconf 70' lang='lat'>1565</span> 
     </span>
     <span class='ocr_line' id='line_1_97' title="bbox 1188 2570 1495 2594; baseline -0.003 0"><span class='ocrx_word' id='word_1_565' title='bbox 1188 2571 1304 2594; x_wconf 79' lang='lat'>-1596.</span> <span class='ocrx_word' id='word_1_566' title='bbox 1325 2570 1495 2594; x_wconf 79' lang='lat' dir='ltr'>exhihentur.</span> 
     </span>
    </p>
   </div>
   <div class='ocr_carea' id='block_1_25' title="bbox 1152 2612 1677 2679">
    <p class='ocr_par' dir='ltr' id='par_1_29' title="bbox 1152 2612 1677 2679">
     <span class='ocr_line' id='line_1_98' title="bbox 1152 2612 1677 2645; baseline -0.002 -7"><span class='ocrx_word' id='word_1_567' title='bbox 1152 2613 1199 2645; x_wconf 79' lang='grc'>97)</span> <span class='ocrx_word' id='word_1_568' title='bbox 1220 2614 1344 2643; x_wconf 75' lang='lat' dir='ltr'>ceperat]</span> <span class='ocrx_word' id='word_1_569' title='bbox 1364 2613 1415 2637; x_wconf 77' lang='lat' dir='ltr'>Ed.</span> <span class='ocrx_word' id='word_1_570' title='bbox 1437 2612 1510 2636; x_wconf 71' lang='lat'>1556.</span> <span class='ocrx_word' id='word_1_571' title='bbox 1531 2613 1677 2642; x_wconf 79' lang='lat' dir='ltr'>coeperat:</span> 
     </span>
     <span class='ocr_line' id='line_1_99' title="bbox 1188 2650 1276 2679; baseline 0 -7"><span class='ocrx_word' id='word_1_572' title='bbox 1188 2650 1276 2679; x_wconf 83' lang='lat' dir='ltr'>perat.</span> 
     </span>
    </p>
   </div>
   <div class='ocr_carea' id='block_1_26' title="bbox 1153 2689 2119 2755">
    <p class='ocr_par' dir='ltr' id='par_1_30' title="bbox 1153 2689 2119 2755">
     <span class='ocr_line' id='line_1_100' title="bbox 1153 2689 2119 2722; baseline -0.003 -6"><span class='ocrx_word' id='word_1_573' title='bbox 1153 2691 1201 2722; x_wconf 71' lang='lat'>98)</span> <span class='ocrx_word' id='word_1_574' title='bbox 1220 2690 1317 2721; x_wconf 77' lang='lat' dir='ltr'>Appii,</span> <span class='ocrx_word' id='word_1_575' title='bbox 1338 2692 1364 2714; x_wconf 84' lang='lat' dir='ltr'>et</span> <span class='ocrx_word' id='word_1_576' title='bbox 1382 2689 1458 2714; x_wconf 76' lang='lat' dir='ltr'>addit</span> <span class='ocrx_word' id='word_1_577' title='bbox 1477 2689 1653 2720; x_wconf 79' lang='lat' dir='ltr'>petitionem,</span> <span class='ocrx_word' id='word_1_578' title='bbox 1674 2693 1703 2714; x_wconf 82' lang='grc' dir='ltr'>ιιι</span> <span class='ocrx_word' id='word_1_579' title='bbox 1722 2690 1868 2720; x_wconf 78' lang='lat' dir='ltr'>impetrato</span> <span class='ocrx_word' id='word_1_580' title='bbox 1882 2690 2032 2720; x_wconf 79' lang='lat' dir='ltr'>triumpho]</span> <span class='ocrx_word' id='word_1_581' title='bbox 2051 2690 2119 2714; x_wconf 74' lang='lat' dir='ltr'>haec</span> 
     </span>
     <span class='ocr_line' id='line_1_101' title="bbox 1189 2724 1998 2755; baseline 0 -6"><span class='ocrx_word' id='word_1_582' title='bbox 1189 2727 1273 2749; x_wconf 82' lang='lat' dir='ltr'>verba</span> <span class='ocrx_word' id='word_1_583' title='bbox 1293 2725 1321 2748; x_wconf 89' lang='lat' dir='ltr'>in</span> <span class='ocrx_word' id='word_1_584' title='bbox 1339 2725 1389 2748; x_wconf 87' lang='lat' dir='ltr'>Ed.</span> <span class='ocrx_word' id='word_1_585' title='bbox 1409 2724 1484 2748; x_wconf 79' lang='lat'>1556.</span> <span class='ocrx_word' id='word_1_586' title='bbox 1505 2725 1667 2755; x_wconf 73' lang='lat' dir='ltr'>typothetae</span> <span class='ocrx_word' id='word_1_587' title='bbox 1687 2731 1784 2748; x_wconf 86' lang='lat' dir='ltr'>errore</span> <span class='ocrx_word' id='word_1_588' title='bbox 1803 2726 1868 2749; x_wconf 88' lang='lat' dir='ltr'>sunt</span> <span class='ocrx_word' id='word_1_589' title='bbox 1886 2725 1998 2749; x_wconf 78' lang='lat' dir='ltr'>omissa.</span> 
     </span>
    </p>
   </div>
   <div class='ocr_carea' id='block_1_27' title="bbox 1155 2767 2002 2798">
    <p class='ocr_par' dir='ltr' id='par_1_31' title="bbox 1155 2767 2002 2798">
     <span class='ocr_line' id='line_1_102' title="bbox 1155 2767 2002 2798; baseline 0 -5"><span class='ocrx_word' id='word_1_590' title='bbox 1155 2769 1204 2797; x_wconf 78' lang='lat'>99)</span> <span class='ocrx_word' id='word_1_591' title='bbox 1226 2769 1289 2798; x_wconf 78' lang='lat' dir='ltr'>per]</span> <span class='ocrx_word' id='word_1_592' title='bbox 1310 2768 1349 2792; x_wconf 68' lang='lat' dir='ltr'>nic</span> <span class='ocrx_word' id='word_1_593' title='bbox 1369 2769 1445 2792; x_wconf 81' lang='lat' dir='ltr'>recte</span> <span class='ocrx_word' id='word_1_594' title='bbox 1464 2767 1548 2792; x_wconf 73' lang='lat' dir='ltr'>Editt.</span> <span class='ocrx_word' id='word_1_595' title='bbox 1570 2768 1777 2794; x_wconf 71' lang='lat'>1565-1577.:</span> <span class='ocrx_word' id='word_1_596' title='bbox 1802 2768 1851 2792; x_wconf 78' lang='lat' dir='ltr'>Ed.</span> <span class='ocrx_word' id='word_1_597' title='bbox 1872 2768 1946 2793; x_wconf 76' lang='lat'><strong>¹556.</strong></span> <span class='ocrx_word' id='word_1_598' title='bbox 1967 2769 2002 2793; x_wconf 81' lang='lat' dir='ltr'>et.</span> 
     </span>
    </p>
   </div>
   <div class='ocr_carea' id='block_1_28' title="bbox 1714 2611 2116 2637">
    <p class='ocr_par' dir='ltr' id='par_1_32' title="bbox 1714 2611 2116 2637">
     <span class='ocr_line' id='line_1_103' title="bbox 1714 2611 2116 2637; baseline 0 -2"><span class='ocrx_word' id='word_1_599' title='bbox 1714 2611 1799 2635; x_wconf 79' lang='lat' dir='ltr'>Editt.</span> <span class='ocrx_word' id='word_1_600' title='bbox 1822 2612 1886 2636; x_wconf 77' lang='lat'>1565</span> <span class='ocrx_word' id='word_1_601' title='bbox 1903 2627 1934 2632; x_wconf 85' lang='lat'>-</span> <span class='ocrx_word' id='word_1_602' title='bbox 1951 2612 2024 2637; x_wconf 78' lang='lat'>1577.</span> <span class='ocrx_word' id='word_1_603' title='bbox 2051 2617 2116 2635; x_wconf 78' lang='lat' dir='ltr'>cae·</span> 
     </span>
    </p>
   </div>
  </div>
 </body>
</html>
