2351 2990
163 128 227 160 5:31

162 204 406 253 §.demeum-j
436 203 638 238 Translatio
663 202 796 246 culpae.

160 256 357 305 laxximofss
386 257 492 290 rianio
516 269 556 289 ex
575 253 736 288 honesto.

263 308 293 353 3.
321 309 354 342 3.
395 310 539 351 Lepidus
564 301 745 349 {amen²³)]
781 301 858 335 Alia
888 302 1069 342 narratio,
1104 303 1147 335 de

164 364 342 396 xoluiitate
363 358 506 403 Lepidi,
535 363 565 389 et
583 356 734 388 aliorum
755 352 903 386 :uxiliis

876 203 917 234 E!
939 203 1023 246 quod
1047 213 1145 235 acer-

455 442 482 473 A
495 452 511 471 ι·
523 452 543 482 g
555 444 779 471 nmentum
797 437 837 482 ²).

264 509 487 547 §innixum-ia
509 513 556 539 est
576 505 743 549 epistola,
772 516 863 550 qnae
883 510 1021 538 constat
1038 503 1148 548 pluri—

163 569 224 598 !›us
245 559 525 597 narrationibus,
551 557 712 590 xidelicet
733 558 775 589 de
792 556 970 595 Antonio,
998 556 1040 588 de
1056 554 1149 587 Ven-

163 616 248 648 tidio
272 614 404 649 Biduo,
430 611 472 642 de
492 608 646 652 Lepido,
683 615 712 640 el
744 609 785 640 de
811 619 872 640 sua
900 607 1085 639 voluntate
1110 618 1149 638 ac

164 666 278 698 ..tullio
300 664 335 695 in
353 660 588 705 opprimendo
599 658 768 692 Antonio.
804 658 867 691 His
884 658 1050 691 brevibus
1068 669 1148 689 nar-

162 715 362 751 ratiouilzns,
373 711 556 746 subiicitur
575 710 751 744 excusatio
769 721 834 753 pro
851 710 958 741 fratre
971 735 979 747 ‚
1007 708 1068 753 qui
1089 720 1149 740 va-

158 766 325 800 numinis
351 776 452 797 causa
480 761 610 794 relictis
634 761 754 794 castris
779 773 819 793 ac
844 759 1012 804 depositis
1040 759 1149 792 armis

164 822 196 850 in
221 818 344 851 urlwm
371 813 486 847 rediit.
554 812 681 845 Postea
707 811 866 856 sequitur
889 811 957 843 alia
988 810 1147 843 narratio

161 872 201 901 dc
228 869 408 900 voluntate
427 862 572 908 Lepidi,
607 869 640 895 ct
661 862 798 895 auxiliis
822 862 974 895 alioruin
998 873 1064 905 pro
1092 862 1149 893 (le-

163 919 335 952 tondenda
356 915 534 959 republica
556 920 678 946 contra
695 913 905 947 Antonium.
960 911 1148 945 Conclusio

162 976 298 1005 constat
312 966 524 1003 salutatione
545 971 578 997 et
593 963 855 997 adhortatione.

405 1049 541 1082 Aliud
571 1053 894 1091 argumentum.

263 1122 356 1154 'I'ota
375 1117 521 1162 epistola
540 1122 591 1149 est
607 1114 827 1151 narratoria,
857 1119 889 1146 et
906 1113 1016 1145 dixidi
1036 1119 1150 1157 potest

164 1180 197 1207 {n
224 1181 292 1206 tres
316 1172 422 1203 locos.
488 1167 594 1200 Initio
619 1166 713 1198 enini
736 1165 887 1203 indicat,
920 1164 1005 1208 quid
1030 1176 1148 1197 rerum

164 1231 243 1268 :gat
258 1221 435 1256 Antonius
453 1225 487 1251 et
503 1230 609 1263 qnam
628 1218 701 1260 ipse
720 1228 817 1260 spem
837 1213 977 1249 habeat.
1012 1215 1150 1248 Deinde

163 1291 195 1309 <e
215 1279 373 1311 excusat,
401 1282 461 1303 cnr
480 1271 624 1302 fratrem
642 1268 794 1300 Romam
814 1266 960 1299 miserit.
1014 1266 1150 1305 Tertio,

163 1327 244 1373 quid
264 1323 418 1368 Lepidus
439 1320 627 1358 moliatur,
655 1325 689 1351 et
704 1318 790 1363 qnid
813 1319 855 1350 de
877 1329 918 1349 eo
935 1315 1150 1360 reipubIIcae

162 1377 374 1422 sperandum
397 1372 459 1412 sit,
488 1370 652 1404 ostendit.

408 1456 545 1491 Aliud
578 1458 904 1498 argumentum.

267 1526 436 1562 Narratio
458 1530 510 1557 est
532 1527 695 1555 constans
716 1519 828 1552 tribus
852 1518 1030 1562 partibus,
1066 1531 1152 1564 qua-

165 1594 244 1615 rum
263 1579 379 1624 prima
399 1581 449 1609 est
471 1575 512 1607 de
537 1571 690 1606 exercitu
706 1569 875 1609 Antonii,
903 1576 1025 1602 contra
1046 1582 1150 1615 quem

164 1631 301 1665 sortiter
333 1641 367 1662 se
397 1630 637 1671 pugnaturum
670 1634 736 1666 pro
767 1621 1008 1654 conservanda
1046 1633 1152 1665 repu-

161 1683 252 1716 blica
272 1679 470 1725 pollicetur.
531 1674 571 1707 In
596 1673 749 1707 secunda
773 1678 873 1716 parte
898 1677 949 1704 est
973 1672 1150 1705 excusatio

162 1733 266 1771 sacti,
296 1742 404 1776 quare
422 1728 567 1760 fratrem
583 1737 657 1758 non
680 1722 834 1756 tenuerit
858 1722 893 1754 in
917 1723 1057 1763 castris,
1092 1724 1151 1756 sed

162 1786 316 1818 Romam
332 1779 479 1813 miserit.
525 1776 661 1809 Ultima
679 1787 759 1819 pars
779 1780 829 1807 est
844 1774 886 1806 de
903 1773 1152 1807 coniunctione

166 1848 244 1868 snm
274 1831 430 1876 Lepido,
479 1828 540 1873 qui
571 1825 637 1860 hac
671 1824 853 1858 occasione
882 1821 973 1856 nihil
1004 1823 1152 1869 posthac

166 1889 318 1919 facturus
334 1883 377 1916 sit
394 1885 517 1914 contra
534 1877 723 1911 utilitatem
743 1874 970 1920 reipublicae.

385 1964 518 1998 Aliud
547 1965 853 2004 argumentum
869 1958 936 2004 ⁴²²).

267 2034 371 2068 Initio
397 2037 521 2065 narrat
543 2030 584 2062 ‹le
609 2034 702 2062 statu
728 2039 848 2060 rerum
873 2038 1030 2060 suarum.
1083 2025 1154 2058 De-

165 2090 246 2121 inde
268 2090 407 2119 excusat
421 2083 567 2115 fratrem
581 2107 590 2120 ,
617 2079 676 2124 qui
694 2077 905 2111 valetudinis
923 2089 1025 2111 causa
1042 2077 1079 2110 in
1095 2089 1154 2111 ur-

165 2141 244 2171 bem
263 2150 303 2171 ex
321 2134 442 2169 castris
456 2132 635 2166 rediturus
651 2136 736 2162 erat.

412 2208 550 2243 Aliud
585 2210 912 2250 argumentum.

268 2280 363 2313 Haec
394 2282 469 2310 tota
499 2273 648 2319 epistola
682 2278 733 2305 est
769 2271 944 2316 quaedam
983 2270 1156 2311 narratio,

171 2333 255 2377 qnid
272 2336 351 2374 agat
367 2326 543 2361 Antonius
555 2352 564 2366 ,
591 2323 652 2358 ubi
670 2323 732 2363 sit,
759 2322 845 2368 quid
862 2321 991 2355 caeteri
1006 2322 1157 2355 molian-

208 2447 238 2473 ⁴2)
258 2446 310 2468 Pro
331 2443 371 2466 his
389 2442 444 2466 Cic.
463 2439 557 2464 verbis
577 2438 604 2462 in
622 2437 706 2461 Editt.
724 2437 810 2465 1545..
831 2436 905 2460 1560.
926 2436 987 2461 huic
1005 2438 1087 2461 notae
1106 2437 1158 2461 ad-

242 2479 341 2506 m-i-ipta
360 2478 422 2499 sunt
441 2474 598 2504 sequentia:
625 2472 775 2496 Nudatam
793 2471 849 2496 tali
867 2471 940 2495 cive.

211 2523 240 2551 3)
261 2520 288 2542 ln
309 2518 401 2541 iisdem
419 2517 435 2540 2
455 2517 538 2539 Editt.
564 2514 625 2538 hnic
644 2516 726 2538 notae
746 2520 795 2544 pro
814 2513 856 2536 liis
876 2513 1002 2543 apposita
1020 2514 1083 2537 sunt
1102 2513 1158 2538 Cic.

246 2554 328 2575 verba
346 2550 551 2574 antecedentia:
579 2549 661 2579 Quod
678 2550 704 2572 si
722 2549 791 2580 quid
808 2549 948 2573 vestrum.

212 2598 240 2625 4)
261 2595 317 2617 Hoc
336 2593 522 2621 argumentum
542 2593 568 2614 et
588 2591 638 2614 duo
665 2590 809 2621 sequentia
832 2590 867 2614 ab
883 2589 967 2614 Editt.
985 2589 1074 2621 1556..
1096 2589 1162 2613 1565

245 2626 361 2650 ,159st
381 2625 548 2648 exhihentur.

213 2671 262 2697 42)
283 2669 341 2691 Hoc
359 2667 547 2697 argumentum
573 2666 599 2688 et
619 2671 736 2696 sequens
754 2665 782 2689 in
800 2665 884 2692 Editt.
901 2665 1093 2694 15657-1596.
1114 2671 1163 2690 ex-

247 2704 328 2726 Stant.

718 115 838 151 I'llIL.
874 115 984 150 MEL.
1020 111 1221 150 SCRIPTA
1254 113 1589 152 PHILOLOGICA.

2119 118 2194 155 352

1201 206 1278 241 tur,
1311 208 1346 235 et
1370 202 1455 248 quid
1475 202 1550 246 ipse
1576 201 1717 236 consilii
1742 202 1884 247 ceperit.
1953 202 2040 237 Item
2066 205 2108 238 de
2134 207 2194 238 ad-

1199 258 1308 286 ventu
1327 253 1446 288 fratris
1463 253 1631 288 Romam.

1252 345 1575 389 Argumentum
1611 352 1653 379 et
1687 344 1865 380 scholia
1895 347 1938 381 in
1966 348 2142 392 episto-

1574 397 1585 429 l
1598 408 1616 429 a
1626 410 1661 430 m
1689 396 1809 431 XVIII.

1304 472 1471 506 Narratio
1489 472 1543 506 sui
1558 472 1717 513 consilii,
1745 486 1854 519 quare
1871 474 1954 507 velit
1972 487 2007 508 se
2031 487 2108 507 cum
2126 473 2192 507 Le-

1203 523 1285 568 pido
1304 523 1537 567 coniungere,
1565 529 1646 556 ante
1671 526 1863 558 adventum
1880 525 2004 565 Bruti,
2030 525 2191 558 videlicet

1201 581 1240 608 ut
1265 574 1418 607 retineat
1442 572 1510 606 hoc
1534 575 1641 606 modo
1667 576 1857 609 exercitum
1882 576 2028 621 Lepidi,
2068 589 2112 608 nc
2144 577 2187 608 ad

1202 625 1397 659 Antonium
1417 630 1572 658 transeat
1585 624 1627 670 5).

1305 675 1334 720 ἓ.
1358 677 1389 710 1.
1419 677 1506 716 Quid
1523 674 1708 723 inanimo]
1736 675 1950 717 Exordium,
1988 676 2152 723 71ct'1903‘3)
2170 689 2189 710 a

1201 727 1347 771 periculi
1366 725 1623 770 magnitudine.

1304 777 1334 821 3
1350 781 1385 813 2.
1413 780 1529 822 ltaque
1542 776 1878 825 postzliscessmn7)]
1906 778 2091 817 Narratio,
2121 790 2190 822 qua

1203 829 1364 873 exponit,
1393 829 1489 873 quod
1507 827 1614 861 suerit
1630 827 1867 872 periculosum
1889 828 1976 861 illud
1993 829 2190 862 consilinm.

1202 881 1355 914 Sciebam
1372 877 1480 925 enim]
1510 878 1714 911 confutatio
1736 879 1956 913 obiectionis.

1304 929 1334 974 3.
1352 931 1386 964 3.
1422 930 1662 963 Sollicitc'orem
1683 928 1790 977 certe]
1819 926 2089 975 Epiphonema,
2126 935 2191 962 est-

1204 992 1271 1026 que
1287 981 1437 1014 mutatio
1461 992 1652 1024 personam
1687 980 1728 1013 de
1751 980 1826 1026 ses)
1851 981 1887 1013 in
1910 981 2014 1014 tertia
2039 991 2191 1025 persona

1202 1031 1373 1077 loquitur.
1426 1030 1561 1064 Gellius
1576 1031 1667 1063 libro
1687 1030 1721 1065 4.
1748 1043 1822 1076 cap.
1844 1031 1901 1066 15.
1981 1033 2023 1066 Si
2039 1033 2119 1076 quid
2136 1033 2190 1064 ἰη-

1201 1088 1258 1117 tra
1274 1080 1398 1129 cutem]
1426 1081 1579 1125 Elegans
1596 1080 1842 1128 μεταφορά9).
1906 1085 1974 1117 Sed
1990 1080 2096 1128 certe]
2121 1081 2189 1114 Ex-

1204 1133 1305 1177 ponit
1321 1133 1416 1165 illam
1435 1131 1705 1165 similitudinem
1716 1131 1772 1177 ¹⁰).

1417 1206 1551 1240 Aliud
1580 1213 1898 1250 argumentum
1912 1206 1969 1252 ¹¹).

1306 1274 1419 1318 Supra
1438 1275 1582 1318 exponit
1596 1274 1752 1308 studium
1771 1287 1872 1307 snum
1898 1274 1934 1306 in
1962 1273 2192 1306 reconcilian-

1204 1326 1249 1358 do
1267 1324 1417 1369 Lepido.
1470 1325 1536 1357 Hic
1561 1337 1646 1358 vero
1671 1325 1828 1358 rationes
1856 1324 2006 1369 explicat
2030 1324 2085 1358 sui
2108 1336 2192 1357 con-

1204 1375 1293 1415 silii,
1321 1388 1431 1421 quare
1449 1382 1634 1420 tantopere
1653 1375 1772 1420 cupiat
1790 1388 1829 1408 ac
1844 1376 2002 1416 laboret,
2028 1381 2068 1408 ut
2084 1387 2191 1420 quam

1204 1426 1361 1470 primum
1378 1439 1413 1460 se
1439 1439 1518 1460 cum
1544 1426 1682 1470 Lepido
1705 1433 1786 1460 ante
1808 1427 2001 1459 adventum
2024 1426 2194 1470 collegae,

1203 1477 1307 1510 Bruti
1332 1477 1515 1518 videlicet,
1550 1477 1758 1521 coniungat,
1793 1483 1827 1510 et
1854 1477 2044 1510 exercitum
2067 1476 2194 1521 Lepidi

1204 1528 1379 1568 detineat,
1407 1540 1451 1561 ne
1467 1528 1579 1572 possit
1602 1528 1752 1561 transire
1776 1528 1895 1561 statim
1921 1529 1966 1560 ad
1982 1527 2193 1561 Antonium.

1204 1578 1399 1612 Exordium
1429 1579 1587 1623 primum
1612 1584 1663 1612 est
1680 1577 1750 1625 ¹¹³)
1771 1579 1960 1622 figuratum
1989 1578 2192 1612 reiectione.

1204 1629 1343 1662 Deinde
1358 1628 1464 1663 habet
1479 1627 1604 1668 πάθος
1618 1636 1798 1674 sumptum
1823 1642 1842 1662 a
1865 1629 2110 1673 magnitudine
2133 1642 2193 1673 pe-

1205 1681 1318 1714 riculi.
1371 1680 1539 1714 Narratio
1556 1679 1662 1712 habet
1679 1680 1937 1724 expositionem
1946 1679 1971 1699 ¹¹
1983 1679 2015 1726 b)
2033 1680 2088 1713 sui
2109 1692 2192 1714 con-

1205 1731 1273 1765 silii
1292 1732 1486 1764 admodum
1503 1731 1706 1775 periculosi,
1734 1730 1853 1764 addita
1871 1730 2113 1764 confutatione
2132 1732 2192 1765 ob-

1206 1782 1384 1821 iectionis‚
1412 1793 1521 1827 quare
1539 1793 1612 1815 non
1638 1781 1756 1826 potius
1787 1781 1884 1814 aliud
1905 1781 2092 1815 consilium
2117 1793 2192 1814 ma-

1205 1833 1255 1877 gis
1280 1839 1395 1866 tutum
1421 1833 1465 1866 sit
1493 1838 1642 1866 secutus.
1708 1832 1836 1866 Postea
1868 1838 1918 1865 est
1943 1829 2193 1876 epiphonema,

1206 1884 1302 1929 quod
1317 1883 1477 1928 pluribus
1495 1883 1658 1927 exponit,
1685 1884 1727 1916 de
1744 1895 1806 1917 sua
1824 1882 2060 1916 sollicitudine
2086 1883 2124 1916 in
2150 1896 2190 1916 eo

1207 1935 1353 1968 consilio
1372 1935 1564 1980 sequendo.
1600 1933 1807 1977 significans
1823 1946 1858 1967 se
1874 1946 1947 1966 non
1963 1933 2042 1966 ideo
2061 1934 2193 1974 secisse,

1207 1985 1308 2031 quasi
1324 1985 1522 2019 Antonium
1540 1996 1613 2018 non
1631 1984 1839 2028 cogitaverit
1855 1984 2039 2028 impedire.
2101 1985 2193 2019 Con-

1207 2036 1316 2070 clusio
1335 2042 1472 2070 constat
1486 2035 1708 2080 repetitione.

1242 2155 1351 2213 mugioolt:
1369 2154 1558 2186 argumentum
1574 2153 1673 2177 habent
1688 2152 1771 2176 Editt.
1787 2152 1986 2181 1537—1554.,
2008 2153 2092 2185 ¹55⁷„
2110 2154 2196 2186 156⁰„

1240 2233 1272 2261 6)
1290 2227 1398 2261 πόθος]
1417 2230 1502 2255 Editt.
1521 2229 1614 2262 1545„
1635 2229 1709 2253 1560.
1729 2230 1834 2260 pathos.

1243 2276 1275 2304 7)
1295 2275 1348 2299 Pro
1367 2274 1409 2298 his
1429 2273 1485 2298 Cic.
1504 2272 1596 2296 verbis
1616 2272 1643 2295 in
1662 2272 1746 2297 Editt.
1764 2273 1849 2303 1545„
1871 2273 1945 2296 1560.
1964 2272 2026 2297 hnic
2044 2274 2127 2298 notae
2144 2274 2195 2298 ad-

1278 2309 1383 2339 scripta
1401 2309 1466 2331 sunt
1484 2306 1700 2337 praecedentia:
1730 2307 1844 2331 Accidit
1863 2307 1941 2331 milti.

1243 2352 1273 2379 Β)
1293 2352 1326 2375 de
1345 2352 1391 2380 se]
1411 2350 1453 2374 sic
1470 2350 1555 2373 Editt.
1574 2349 1661 2377 1537..
1682 2350 1768 2381 1545„
1789 2350 1881 2381 1560.;
1905 2349 2091 2383 Editt.1540.‚
2112 2351 2197 2381 1544„

1287 2386 1377 2417 1554„
1399 2384 1472 2409 1557.
1492 2384 1525 2407 de
1544 2390 1574 2406 se
1593 2383 1676 2407 enini.

1245 2429 1275 2458 9)
1296 2425 1458 2459 μεταφοριέ]
1479 2426 1519 2450 sic
1537 2426 1586 2451 Ed.
1608 2425 1698 2454 1537.;
1725 2428 1788 2450 cett.
1807 2426 1894 2452 Editt.
1916 2428 2085 2458 metaphora.

1247 2472 1293 2499 10)
1313 2471 1387 2494 Haec
1404 2470 1469 2493 nota
1488 2468 1515 2491 in
1533 2467 1617 2491 Editt.
1638 2468 1729 2499 1545„
1751 2469 1823 2493 1560.
1847 2469 1933 2495 deest.

1248 2514 1295 2541 11)
1315 2512 1372 2536 Hoc
1391 2511 1579 2541 argumentum
1599 2511 1625 2533 et
1646 2510 1697 2534 duo
1717 2510 1859 2542 sequentia
1876 2509 1904 2534 in
1921 2510 2006 2535 Editt.
2022 2509 2113 2541 1556„
2133 2509 2199 2535 1565

1281 2546 1396 2570 -1596,
1416 2544 1598 2568 inveniuntur.

1249 2589 1315 2617 1¹²1)
1334 2587 1448 2618 primum
1468 2587 1524 2615 est]
1544 2585 1584 2610 sic
1602 2585 1686 2610 Editt.
1708 2587 1800 2619 1565„
1823 2586 1916 2616 1571.‚
1937 2586 2028 2617 1596.;
2054 2586 2103 2612 Ed.
2124 2587 2199 2611 1556.

1257 2643 1263 2647 .
1283 2624 1326 2646 est
1345 2622 1468 2652 primum.

1249 2663 1318 2694 11¹¹]
1338 2664 1548 2696 expositionem]
1566 2663 1697 2690 sicEditt.
1715 2663 1799 2695 1556„
1816 2663 1907 2693 1565.;
1927 2663 2011 2688 mitt.
2027 2663 2112 2695 1571..
2127 2663 2202 2689 159⁶.

1284 2699 1497 2724 excusationem.
