2351 2990
174 124 239 156 511

366 201 548 237 Scliolia
579 201 621 233 in
655 197 890 244 epistolam
918 193 977 228 IV.

281 274 309 311 ξ.
332 275 361 306 l.
392 275 459 315 1390
475 270 600 312 minus]
616 266 821 301 Exordium.
855 261 1044 296 Excusatio
1061 260 1164 294 silen-

179 328 228 359 tii.
310 327 376 367 [390
393 336 465 356 reru
483 322 527 364 {e}
556 320 699 350 Yotum.

281 374 311 418 ξ.
328 378 362 409 2.
391 377 459 407 Nos
476 371 663 405 Brundusii
676 362 742 412 ¹²')]
772 365 953 399 Narratio.

474 446 795 487 Argumentum
807 438 866 484 ²⁰).

284 516 396 549 l‘luius
412 511 580 556 epistolae
599 522 653 543 res
671 515 704 541 et
720 507 835 540 oratio
853 504 1008 539 hominis
1026 502 1167 537 calami—

184 570 250 603 tosi
278 574 308 599 et
334 561 651 597 vellenlentissimis
675 558 879 598 affectibus,
921 569 960 589 ac
984 553 1168 588 doloribus

182 619 282 653 {iuncti
307 614 496 657 imaginem
519 613 638 645 refert.
699 609 891 643 Continent
923 606 1018 640 enim
1050 605 1168 649 primo

182 669 425 713 gravissimam
462 663 730 697 detestationem
764 672 847 694 suae
883 656 1085 703 cupiditatis
1120 655 1170 687 vi-

183 720 306 759 vendi,
334 728 424 762 quae
442 715 650 749 Ciceronem
673 713 709 745 in
732 710 794 745 lias
821 710 1030 744 afflictiones
1055 706 1170 740 conie-

184 773 279 804 cerit.
333 768 454 813 ltaque
470 767 579 799 vitam
598 770 800 801 execratur,
828 763 915 795 sicut
932 760 1020 793 solet
1034 757 1112 790 fieri
1133 756 1171 788 in

185 819 340 863 angustis
366 819 482 851 rebus.
542 816 731 849 Praeterea
755 813 791 845 in
816 812 911 845 Deos
942 816 976 843 et
1009 807 1172 842 homines

184 870 375 906 invehitur.
428 869 525 902 Solet
549 866 643 900 enim
668 865 806 897 animus
830 861 1006 895 humanus
1030 859 1172 891 immer-

184 938 240 958 sus
266 920 427 967 procellis
454 918 694 963 periculorum
720 913 883 948 dubitare
907 919 979 945 tam
1013 911 1055 943 de
1080 909 1173 942 Deo-

186 988 286 1013 rum,
314 983 421 1018 quam
442 968 628 1003 hominum
649 978 727 1010 ope.
787 964 873 997 Post
894 961 958 996 lias
984 960 1174 994 execratio-

187 1039 248 1060 nes
265 1022 417 1057 instituit
433 1020 675 1054 narrationem
694 1017 735 1048 de
752 1015 822 1049 suis
842 1014 1027 1047 itineribus
1043 1018 1076 1044 et
1090 1023 1175 1045 uxo-

186 1079 234 1110 ris
252 1076 425 1112 adventu,
454 1084 559 1116 quam
580 1068 678 1102 miris
695 1066 876 1099 affectibus
893 1063 1071 1108 expressit.
1105 1062 1176 1094 Vo-

187 1129 251 1161 luit
268 1132 384 1158 autem
402 1121 585 1156 dehortari
603 1131 750 1153 uxorem
762 1144 771 1158 ‚
798 1129 842 1150 ne
861 1117 905 1148 ad
923 1128 958 1149 se
975 1114 1114 1154 veniat,
1141 1113 1177 1144 id

187 1179 282 1224 quod
301 1175 403 1209 tacite
431 1180 569 1206 tantum
594 1170 722 1203 innuit.
782 1167 1035 1202 Narrationem
1061 1163 1178 1209 sequi-

187 1238 245 1263 tur
270 1225 465 1261 consolatio
493 1236 510 1256 a
544 1234 605 1266 spe
637 1220 781 1253 reditus.
849 1218 1036 1251 Caeterum
1069 1227 1177 1259 genus

190 1278 362 1313 orationis
381 1277 428 1308 ita
447 1281 497 1308 est
517 1272 715 1318 praecisum
741 1276 774 1303 et
795 1270 1032 1312 interruptum
1045 1293 1054 1306 ,
1089 1266 1177 1299 sicut

188 1335 284 1363 dccet
305 1330 340 1361 in
359 1326 518 1359 onmium
536 1335 655 1357 rerum
673 1321 879 1355 confusione
897 1326 931 1351 et
946 1317 1177 1350 afflictionum

189 1378 446 1425 magnitudine.

436 1450 577 1484 Aliud
605 1451 932 1491 argumentum.

307 1519 532 1564 ‘responsoria
547 1523 599 1550 est
615 1514 762 1559 epistola
780 1512 824 1545 ad
842 1511 977 1544 litteras
993 1507 1125 1547 uxoris,
1142 1506 1180 1539 in

191 1586 259 1619 qua
277 1571 385 1606 simili
401 1570 513 1603 utitur
531 1566 694 1613 querela,
721 1576 812 1609 quae
829 1568 880 1596 est
895 1561 932 1593 in
950 1560 1062 1592 tribus
1078 1569 1181 1602 prae-

191 1623 392 1657 cedentibus
416 1622 458 1653 de
480 1617 631 1652 miseriis
654 1615 775 1649 uxoris
807 1620 841 1647 et
868 1612 1082 1650 liberorum,
1121 1609 1180 1641 ad-

192 1677 266 1709 dita
297 1671 553 1717 significatione
583 1673 775 1713 perpetuae
806 1676 889 1698 suae
923 1659 1181 1696 sollicitudinis.

193 1726 342 1759 Orditur
359 1729 477 1756 autem
492 1722 535 1754 ab
555 1718 777 1752 excusatione
793 1713 935 1754 silentii,
957 1712 1078 1746 addito
1096 1717 1180 1744 voto

192 1779 234 1810 de
261 1775 407 1810 summis
430 1773 501 1806 suis
534 1770 636 1804 malis
666 1775 700 1801 et
730 1768 773 1800 de
803 1764 976 1799 desiderio
1008 1763 1180 1795 ridendae

193 1828 325 1861 uxoris.
379 1825 584 1869 Sequuntur
608 1819 852 1857 narrationes,
886 1817 979 1848 inter
1002 1826 1089 1860 quas
1112 1820 1182 1846 tres

194 1885 275 1913 sunt
297 1876 519 1922 praecipuae.
586 1871 727 1909 Prima,
762 1881 852 1914 quae
874 1865 981 1900 habet
1006 1863 1183 1899 laudatio-

193 1942 273 1962 nem
291 1925 509 1960 constantiae
525 1922 579 1956 sui
594 1921 762 1965 hospitis,
790 1919 851 1964 qui
868 1916 1050 1962 proposita
1067 1915 1183 1960 publi-

195 1980 332 2013 catione
353 1980 531 2010 bonorum
556 1986 574 2005 a
601 1971 748 2011 Clodio,
782 1969 885 2002 exilio
910 1974 944 2000 et
967 1973 1082 1999 morte
1107 1978 1183 1998 ma—

194 2031 299 2065 luerit
315 2028 401 2062 haec
419 2026 537 2060 omnia
557 2022 712 2068 perpeti,
737 2033 844 2066 quam
868 2017 1064 2051 custodiam
1089 2016 1183 2060 capi-

195 2083 238 2115 tis
256 2079 435 2114 Ciceronis
454 2076 643 2109 dimittere.
683 2072 841 2106 Secunda
861 2067 967 2102 habet
984 2067 1183 2113 querelam;

198 2134 301 2165 tertia
333 2127 625 2174 significationem
655 2136 737 2157 suae
769 2121 962 2155 sententiae
995 2121 1037 2152 de
1074 2117 1184 2152 servis

199 2191 231 2217 et
255 2185 296 2216 de
318 2180 465 2215 familia.
517 2178 645 2210 Postea
671 2174 817 2219 ponitur
841 2170 1035 2204 consolatio
1060 2182 1101 2202 ex
1121 2166 1186 2201 ho-

198 2241 310 2267 nesto.
363 2231 403 2264 ln
421 2232 487 2263 line
507 2227 662 2261 breviter
683 2226 851 2258 admonet
873 2224 915 2255 de
938 2221 1004 2254 fide
1028 2232 1187 2265 quorun-

200 2288 280 2317 dam
295 2311 303 2322 ,
330 2283 449 2315 addita
469 2278 692 2313 salutatione.

445 2355 580 2389 Aliud
607 2355 933 2397 argumentum.

306 2424 499 2458 Exordium
541 2421 699 2454 continet
741 2416 1002 2451 excusationem
1048 2414 1189 2447 silentii.

203 2476 357 2511 Additur
375 2481 519 2513 votum,
546 2479 584 2505 ut
609 2470 802 2516 aliquando
825 2467 935 2512 possit
960 2465 1079 2498 videre
1104 2478 1190 2498 uxo—

241 2585 289 2613 19)
306 2581 482 2608 Brundusii]
509 2578 549 2602 sie
574 2578 638 2601 illae
658 2577 742 2600 Editt.
768 2581 878 2604 omnes;
916 2573 965 2597 Ed.
986 2572 1071 2597 oren.
1091 2572 1192 2597 Brun-

277 2619 356 2643 disii.

242 2662 290 2689 20)
310 2661 366 2684 flue
383 2656 573 2686 argumentum
591 2655 617 2677 et
639 2653 692 2677 tria
711 2651 853 2684 sequeutia
871 2651 898 2675 iu
916 2649 1000 2675 Editt.
1018 2650 1106 2681 1556.,
1128 2650 1194 2674 1565

276 2708 308 2714 —
320 2693 394 2717 1596.
414 2690 529 2714 exstant.

746 109 868 146 PHIL.
901 107 1012 143 MEL.
1047 106 1250 143 SCRIPTA
1281 108 1616 145 PHILOLOGICA.

2129 111 2203 150 512

1216 206 1303 228 rem.
1369 196 1498 231 Postea
1532 200 1730 242 sequuntur
1764 196 1990 232 narrationes
2017 197 2202 232 interserta

1218 246 1372 290 querela.
1413 247 1551 281 Deinde
1569 253 1621 281 est
1637 247 1833 282 consolatio
1852 248 1896 281 ab
1913 246 2076 282 honesto.
2120 248 2204 293 Epi-

1218 297 1318 354 logiis
1343 299 1500 332 continet
1522 299 1666 332 brevem
1691 296 1981 333 adhortationem
2009 311 2089 333 cum
2116 300 2205 333 salu-

1219 353 1366 383 tatione.

1474 424 1608 459 Aliud
1635 432 1961 470 argumentum.

1324 489 1419 523 Haec
1440 497 1521 524 ante
1544 491 1744 536 superiores
1769 492 1898 537 scripta
1921 497 1973 526 est
1995 503 2068 525 non
2092 492 2209 536 longe,

1222 545 1410 586 postquam
1428 541 1465 574 in
1481 542 1625 576 exilium
1643 542 1730 576 abiit
1746 542 1881 577 Cicero,
1940 541 2045 576 Initio
2070 549 2211 576 excusat

1221 591 1404 625 raritatem
1433 592 1644 627 litterarum.
1702 592 1840 627 Deinde
1861 594 2006 626 brevem
2029 594 2210 639 querelam

1224 642 1333 676 addit.
1376 643 1504 677 Postea
1522 643 1810 678 narratiunculae
1827 650 2042 690 sequuntur,
2068 645 2104 677 in
2122 656 2210 690 quas

1223 693 1351 737 sparsit
1364 694 1495 728 multas
1512 694 1684 739 querelas.

1358 784 1684 829 Argumentum
1713 785 1941 828 epistolae
1969 786 2080 832 V.‘²¹).

1328 850 1420 884 Tota
1439 851 1586 896 epistola
1604 857 1654 885 est
1670 851 1901 892 nuntiatoria‚
1922 858 1955 884 et
1974 858 2111 886 constat
2126 853 2212 886 dua-

1225 900 1290 934 bus
1308 902 1479 947 partibus.
1532 902 1716 947 Principio
1734 902 1867 935 indicat
1892 904 2067 948 quaedam
2084 905 2126 936 de
2150 915 2212 937 sua

1226 952 1470 996 navigatione,
1514 955 1695 999 quomodo
1729 953 1884 987 adversis
1919 954 2032 987 ventis
2054 952 2212 988 Athenas

1227 1004 1409 1046 pervenit,
1427 1011 1547 1050 -atque
1570 1004 1621 1037 ibi
1641 1004 1776 1048 accepit
1799 1003 1933 1037 litteras
1958 1005 2147 1038 Terentiae
2172 1006 2214 1037 de

1228 1055 1469 1098 expectatione
1487 1055 1620 1089 reditus
1633 1056 1688 1089 sui
1707 1062 1740 1088 et
1756 1055 1960 1089 turbulento
1981 1062 2074 1089 statu
2098 1056 2215 1099 reipu-

1228 1104 1351 1140 blicae.
1404 1105 1443 1138 In
1463 1107 1531 1139 fine
1548 1104 1652 1140 huius
1669 1107 1779 1150 partis
1802 1106 1922 1150 paucis
1938 1112 2040 1150 rogat
2055 1118 2215 1144 uxorem,

1230 1162 1269 1188 ut
1290 1156 1356 1190 sibi
1378 1157 1542 1191 redeunti
1565 1163 1738 1190 occurrat.
1793 1156 1931 1190 Deinde
1955 1163 2094 1197 monet,
2129 1156 2216 1202 quid

1230 1208 1273 1239 de
1307 1208 1424 1241 oblata
1453 1220 1471 1241 a
1497 1208 1641 1241 Praetio
1669 1207 1918 1241 iurisconsulto
1942 1208 1979 1240 in
2003 1214 2213 1242 testamento

1231 1255 1448 1292 haereditate
1467 1259 1670 1292 faciendum
1689 1258 1744 1292 sit.

1476 1341 1611 1375 Aliud
1647 1348 1973 1385 argumentum.

1335 1407 1483 1441 Constat
1502 1406 1589 1442 haec
1612 1409 1759 1453 epistola
1781 1409 1918 1454 aliquot
1940 1409 2219 1444 narrationibus.

1231 1457 1354 1490 Prima
1371 1464 1421 1490 est
1437 1459 1480 1491 de
1496 1471 1560 1492 suo
1576 1459 1694 1492 reditu
1708 1471 1749 1491 ex
1764 1460 1949 1501 provincia
1960 1487 1970 1498 ,
2006 1467 2041 1491 et
2063 1460 2106 1491 de
2126 1460 2219 1491 litte-

1232 1507 1280 1541 ris
1298 1507 1419 1540 uxoris
1435 1507 1596 1552 acceptis.
1651 1507 1812 1541 Secunda
1829 1508 1870 1540 de
1887 1521 1950 1542 suo
1965 1508 2086 1541 animo
2102 1520 2143 1541 ac
2158 1520 2220 1541 vo-

1232 1558 1367 1592 luntate
1390 1569 1472 1603 erga
1490 1559 1746 1603 rempublicam
1759 1585 1768 1599 ‚
1805 1559 2054 1593 dissidentibus
2070 1559 2218 1593 Caesare

1234 1609 1464 1666 etPompeio.
1517 1609 1639 1643 Tertia
1655 1616 1707 1643 est
1719 1609 1836 1643 brevis
1852 1608 2076 1650 adhortatio,
2102 1616 2142 1643 ut
2157 1610 2219 1642 ob-

1234 1673 1327 1693 viam
1345 1660 1466 1693 veniat
1480 1661 1595 1695 uxori.
1646 1660 1780 1693 Ultima
1798 1658 1906 1694 habet
1925 1660 2219 1705 significationem

1233 1724 1316 1745 suae
1340 1711 1533 1744 sententiae
1551 1713 1593 1744 de
1611 1709 1828 1744 haereditate
1845 1712 2048 1746 Praetiana⁴
2098 1711 2221 1756 Epito-

1234 1775 1296 1807 gus
1311 1768 1449 1796 constat
1463 1763 1563 1796 brevi
1582 1761 1827 1795 admonitione
1851 1764 1894 1796 de
1916 1775 1980 1797 suo
2004 1764 2159 1796 adventu
2187 1768 2222 1794 et

1234 1813 1459 1847 salutatione.

1476 1888 1613 1921 Aliud
1641 1894 1968 1932 argumentum.

1338 1956 1461 1989 Primo
1492 1956 1570 1989 loco
1603 1962 1787 2000 ponuntur
1815 1955 1953 2000 aliquot
1987 1955 2222 1989 narrationes.

1235 2006 1373 2040 Deinde
1388 2007 1547 2052 sequitur
1563 2006 1679 2040 brevis
1696 2005 1839 2050 petitio,
1876 2012 1914 2039 ut
1929 2006 1966 2038 in
1985 2013 2144 2050 ternpore
2161 2007 2222 2039 ob-

1237 2057 1330 2091 viam
1347 2058 1478 2091 veniat.
1529 2057 1717 2091 Postremo
1734 2057 1812 2089 loco
1831 2063 1882 2090 est
1899 2054 2223 2096 adhortatiuncula,

1237 2115 1277 2141 ut
1300 2109 1448 2142 sollicite
1473 2114 1570 2141 curet
1595 2106 1849 2141 haereditatem
1874 2107 2115 2142 Praetianam.
2183 2106 2223 2140 In

1238 2160 1306 2193 fine
1325 2166 1376 2193 est
1393 2159 1570 2193 salutatio.

1487 2240 1622 2275 Aliud
1657 2248 1983 2284 argumentum.

1341 2309 1436 2342 Haec
1452 2309 1581 2352 scripta
1596 2314 1647 2341 est
1663 2314 1788 2341 octavo
1808 2320 1902 2342 anno
1920 2315 2002 2354 post
2013 2309 2226 2354 superiores,

1243 2373 1321 2394 cum
1345 2360 1468 2393 Cicero
1492 2371 1533 2392 ex
1559 2358 1680 2392 Cilicia
1712 2359 1898 2403 provincia
1929 2360 2107 2394 rediturus
2136 2367 2225 2393 esset

1242 2412 1395 2445 Romam
1411 2410 1475 2443 sub
1497 2409 1639 2442 initium
1653 2409 1737 2442 belli
1754 2410 1865 2445 civilis
1880 2411 1973 2444 inter
1990 2411 2175 2446 Caesarem
2193 2416 2226 2442 et

1242 2461 1466 2506 Pompeium.
1517 2459 1580 2494 Est
1593 2467 1712 2493 autem
1727 2462 1899 2496 narratIO.

1278 2582 1326 2609 21)
1345 2581 1404 2605 Hoc
1421 2580 1611 2609 argumentum
1629 2581 1657 2603 et
1674 2578 1728 2603 tria
1747 2578 1890 2609 sequentia
1908 2578 1935 2602 in
1950 2577 2033 2603 Editt.
2051 2577 2142 2607 1556„
2163 2577 2229 2601 1565

1311 2614 1428 2639 -1596,
1448 2613 1607 2638 afferuntur.
1625 2626 1659 2630 ——
1702 2614 1786 2637 Editt.
1807 2612 2011 2643 1537—1554.,
2033 2611 2122 2640 1557„
2142 2611 2228 2640 1560„

1315 2649 1389 2673 1601.
1410 2648 1436 2671 in
1455 2648 1507 2671 hac
1526 2648 1643 2678 epistola
1662 2650 1689 2672 et
1709 2647 1833 2677 sequenti
1852 2653 1939 2676 neque
1957 2647 2121 2677 argumenta
2138 2651 2225 2675 neque

1313 2682 1416 2706 scholia
1434 2682 1617 2706 Melanthonis
1637 2682 1786 2706 continent.

2329 2142 2332 2148 ⁴
2331 2022 2339 2125 —-›aoe>
2335 1988 2339 2012 ψ
2334 1954 2339 1975 .—
