2351 2990
129 115 202 151 950

231 201 384 234 Maxime
404 213 487 234 xero
505 215 692 236 succenseo
710 202 772 240 iis,
801 202 861 247 qui
886 202 934 235 sic
958 214 1038 234 eum
1064 213 1121 234 ex-

127 260 269 290 cusani,
297 254 392 298 quod
410 253 580 287 discessus
597 266 669 286 non
694 253 737 286 sit
762 253 918 297 proditio
937 252 1004 296 Π),
1041 265 1120 286 cum

128 313 161 339 et
180 305 332 338 maiores
357 305 469 338 nostri
497 305 581 338 olim
609 305 728 337 relicta
757 305 843 337 urbe
871 304 1122 347 navigaverint

126 357 163 389 in
173 356 389 390 Salaminem
409 356 598 401 pugnaturi
617 369 695 389 cum
713 356 819 390 classe
836 356 969 390 Xerxis.
999 355 1120 400 Quan-

128 416 161 441 ta
180 420 264 441 xero
284 408 438 440 amentia
459 414 527 446 est,
556 405 836 451 pulcherrimum
858 414 892 441 et
909 406 1120 451 gloriosissi-

128 473 226 493 mum
243 460 371 492 factum
392 459 543 492 cixitatis
560 465 703 492 nostrae
720 460 764 491 ad
788 459 1030 504 turpissimam
1056 456 1120 491 bu-

128 513 181 545 ius
197 513 315 555 sugam
335 511 494 542 conferre
514 509 577 556 ⁴⁸)!
607 509 701 543 Toto
719 510 814 544 enim
832 517 1009 544 terrarum
1032 510 1118 542 orbe

129 564 238 596 virtus
256 562 397 594 Illorum
419 561 579 594 virorum
597 562 751 596 aeternis
776 562 940 596 laudibus
966 561 1120 595 celebra-

128 623 203 652 tur,
239 619 391 646 nectam
418 613 632 652 malevolus,
667 626 731 647 nec.
758 620 829 646 tam
855 614 1003 657 ignavus
1025 612 1119 658 quis-

127 678 232 712 quam
255 671 323 704 est,
353 664 412 709 qui
435 677 470 698 sc
487 676 560 697 non
587 671 685 709 optet
710 665 844 699 socium
871 665 963 698 illius
988 664 1119 709 glorio-

126 716 253 751 sissimi
280 715 429 760 periculi
455 716 579 754 suiss‹=;
624 728 698 749 non
724 716 817 749 enim
845 716 999 761 patriam
1023 716 1120 749 dese-

126 774 294 807 ruerunt,
329 768 389 801 sed
413 767 530 800 locuni
554 780 694 812 pugnae
717 768 979 812 sapientissimo
1007 766 1120 800 consi-

127 820 174 853 lio
191 819 410 864 delegerunt.

229 871 319 904 Cum
337 870 430 903 enim
448 869 640 904 Eteonicus
658 869 963 904 Lacedaemonius
985 876 1019 903 et
1035 869 1121 902 Adi-

127 929 268 956 mantus
285 919 493 955 Corinthius
518 928 552 955 et
575 922 693 956 classis
719 921 975 966 Aeginetarum
999 922 1120 965 sugere

126 974 410 1013 constituissent,
445 973 574 1007 deserti
601 986 617 1005 a
644 973 791 1007 caeteris
807 973 971 1013 Graecis,
1007 972 1120 1005 maio-

127 1039 181 1060 res
198 1025 311 1059 nostri
328 1032 516 1058 servarunt
532 1037 591 1058 eos
609 1036 721 1069 paene
744 1031 984 1069 repugnantes
997 1051 1005 1065 ‚
1040 1036 1120 1057 cum

127 1084 292 1122 cogerent
310 1090 368 1110 eos
386 1076 421 1109 in
441 1076 612 1120 angustiis
628 1076 696 1110 illis
713 1077 758 1109 ad
776 1076 993 1110 Salaminem
1017 1075 1121 1108 dimi-

126 1141 205 1162 care
218 1155 227 1168 ‚
255 1135 288 1160 et
304 1128 370 1161 soli
387 1134 556 1173 utrosque
577 1135 794 1172 superarunt
808 1125 927 1162 hostes
944 1134 978 1160 et
994 1127 1121 1167 socios,

126 1181 255 1213 alteros
270 1179 442 1213 beneficio
453 1206 462 1219 ,
482 1180 612 1213 alteros
627 1179 765 1225 proelio
782 1179 841 1226 ⁴⁹).

228 1231 322 1266 Num
341 1229 423 1264 huic
439 1231 532 1264 facto
552 1231 676 1265 similis
694 1237 745 1264 est
760 1231 840 1274 suga
869 1229 1053 1276 quatridui
1076 1229 1122 1262 ad

139 1283 319 1317 ‘thodum'a‘
348 1282 404 1315 An
423 1295 507 1315 vero
524 1295 675 1328 usquam
695 1282 857 1316 tulissent
874 1280 1056 1321 homines,
1081 1292 1120 1313 ac

126 1348 199 1370 non
219 1335 337 1379 potius
355 1334 534 1378 lapidibus
559 1335 780 1373 obruissent,
809 1331 1035 1367 detrahentes
1058 1331 1121 1364 ali-

127 1387 212 1434 quid
231 1387 273 1419 de
289 1385 492 1419 excellentia
510 1383 641 1419 horum
661 1384 847 1418 virorum?
864 1385 921 1418 Sic
932 1384 1025 1417 enim
1039 1390 1121 1416 tunc

127 1450 249 1473 omnes
265 1438 464 1471 dilexerunt
481 1437 653 1481 patriam,
681 1443 719 1470 ut
737 1436 979 1469 Alexandrum
1000 1447 1120 1479 regem

126 1489 420 1529 Macedonicum,
448 1489 510 1534 qui
535 1495 618 1523 tunc
643 1488 746 1522 nobis
772 1487 905 1520 amicus
931 1493 1025 1527 erat,
1061 1498 1121 1530 pe-

128 1550 259 1576 tentem
270 1541 394 1574 Xerxis
412 1540 558 1574 nomine
576 1547 707 1574 terram
729 1545 763 1572 et
781 1551 911 1584 aquam
928 1538 987 1584 ⁵⁰),
1007 1549 1120 1583 paene

128 1594 305 1639 lapidibus
325 1593 537 1625 obruissent.

232 1645 322 1678 Cum
349 1649 466 1676 autem
492 1648 639 1687 propter
665 1642 797 1675 dictum
825 1639 1006 1684 indignius
1030 1638 1121 1671 iudi-

129 1697 243 1731 carint
272 1696 389 1728 virum
418 1707 534 1739 poena
565 1694 712 1737 dignum
741 1705 834 1732 esse,
870 1692 983 1725 multo
1009 1689 1121 1734 magis

128 1750 219 1782 facto
253 1748 463 1792 prodentem
495 1745 675 1779 civitatem
706 1743 881 1789 supplicio
913 1742 1121 1775 affecissent.

128 1801 226 1834 Talis
253 1811 332 1831 cum
356 1798 498 1830 illorum
524 1797 636 1830 virtus
661 1803 770 1836 esset,
811 1794 1035 1840 septuaginta
1061 1805 1122 1825 an-

129 1865 193 1885 nos
211 1850 382 1885 Graeciae
398 1848 637 1893 principatum
657 1853 851 1881 tenuerunt
865 1846 912 1893 5¹)
924 1873 932 1885 ‚
967 1843 1122 1878 Phoeni-

130 1915 192 1936 cen
211 1909 241 1935 et
262 1901 420 1935 Ciliciam
441 1900 602 1945 populati
620 1906 720 1939 sunt,
752 1899 876 1932 eodem
902 1898 958 1930 die
975 1897 1121 1930 classem

128 1954 305 1988 Persicam
326 1954 369 1985 ad
385 1952 690 1997 Eurymedontem
712 1958 746 1983 et
772 1951 809 1983 in
834 1950 911 1994 ripa
939 1954 1122 1981 terrestres

130 2006 248 2051 copias
269 2017 395 2048 magna
423 2003 553 2036 virtute
582 2009 615 2035 ct
639 2002 808 2035 felicitate
833 2001 1015 2040 vicerunt,
1044 2011 1123 2032 cen-

129 2065 203 2091 tum
235 2057 395 2089 triremes
428 2055 665 2087 barbarorum
699 2059 889 2098 ceperunt,
923 2058 957 2084 et
983 2063 1023 2083 ex
1047 2057 1122 2083 toto

130 2110 246 2142 littore
264 2108 368 2141 Asiae
387 2107 537 2151 praedas
564 2112 729 2149 egerunt;
766 2111 800 2137 et
822 2103 992 2136 victoriae
1017 2103 1122 2135 finem

130 2173 202 2194 esse
228 2160 405 2193 duxerunt
431 2170 504 2190 non
530 2155 743 2201 trophaeum
768 2156 805 2188 in
829 2154 1028 2194 Salamine,
1064 2155 1124 2187 sed

129 2212 315 2245 universae
341 2210 511 2244 Graeciae
543 2209 746 2242 libertatem
781 2206 981 2240 constitutis
1003 2205 1124 2238 limiti-

166 2328 211 2356 ⁴7)
234 2329 264 2352 H.
285 2329 301 2352 1.
323 2329 349 2351 iu
369 2328 465 2352 iisdem
485 2327 567 2352 Editt.
594 2328 660 2350 nota
685 2325 818 2356 margum
850 2324 956 2353 Quarta
982 2323 1124 2354 refutatio,

201 2363 270 2392 quod
290 2362 437 2387 discessus
457 2363 493 2385 sit
513 2361 642 2392 proditio.

168 2414 214 2440 ⁴8)
240 2415 272 2439 H.
300 2415 316 2438 l.
344 2415 371 2438 in
395 2414 493 2438 iisdem
512 2413 595 2437 Editt.
621 2414 687 2437 nota
711 2412 843 2443 margin:
869 2410 1125 2435 Dissimilitudinem

201 2449 315 2477 exempli
334 2449 464 2475 ostendit.

839 2498 1036 2522 Themistocles
1057 2497 1125 2521 dici-

865 2539 956 2556 socios
982 2538 1048 2556 vero
1075 2538 1125 2562 pa-

167 2499 214 2526 ⁴9)
236 2500 266 2522 u.
286 2500 303 2522 1.
323 2499 349 2522 in
369 2500 463 2524 iisdem
484 2500 568 2525 Editt.
589 2502 654 2524 nota
673 2499 806 2528 margin*

202 2535 372 2591 {?er„11¹¹a⁰⁵te⁵
400 2535 505 2564 quidem
531 2535 692 2558 fortitudine
717 2534 834 2562 vicisse,

167 2621 214 2648 50)
235 2620 266 2643 Η.
292 2620 308 2644 Ι.
330 2620 355 2643 in
383 2620 479 2643 iisdem
505 2621 587 2645 Editt.
615 2622 680 2645 nota.
705 2621 838 2651 margin:
866 2620 923 2643 flac
949 2618 1020 2642 enim
1046 2624 1124 2641 cere-

203 2655 294 2678 monia
313 2654 413 2678 deditio
435 2654 652 2685 significabatur.

168 2707 216 2732 51)
240 2707 271 2730 H.
294 2707 310 2729 1.
330 2706 356 2729 in
382 2706 477 2729 iisdem
496 2707 579 2729 Editt.
605 2708 671 2730 nota
695 2707 827 2737 margin.:
861 2707 962 2736 Nempe
992 2707 1054 2735 post
1080 2705 1125 2729 fu-

204 2746 264 2770 gam
285 2741 386 2765 Xerxis
407 2747 439 2764 ex
459 2741 584 2771 Europa,
604 2747 690 2771 usque
709 2741 743 2764 ad
762 2743 866 2772 tempus
886 2740 1037 2771 Lysandri.

185 115 201 123 '
713 115 835 150 PHlL.
873 114 985 150 MEL.
1017 115 1220 149 SCfflPTA
1254 115 1592 154 PHILOLOGICA.

2092 118 2168 156 956

1174 202 1239 235 bus
1257 201 1293 234 in
1311 203 1576 238 conditionibus
1594 204 1702 249 pacis,
1723 217 1766 238 ne
1784 205 1913 238 Persae
1929 216 2058 249 magna
2077 217 2166 240 nave

1174 253 1268 286 intra
1287 253 1448 298 Cyaneos
1465 255 1630 300 scopulos
1647 256 1860 300 navigarent
1876 262 1910 288 et
1929 262 1968 289 ut
1987 255 2058 290 suis
2082 257 2167 301 legi-

1174 305 1239 338 bus
1257 304 1419 337 viverent
1435 305 1563 339 Graeci
1579 306 1615 339 in
1633 307 1778 352 Europa
1806 314 1839 340 et
1856 306 1952 341 Asia.
2006 307 2114 352 Quod
2138 308 2167 342 si

1174 362 1257 389 tunc
1275 355 1429 400 patriam
1454 357 1689 392 deseruissent
1714 359 1825 399 cives,
1853 365 1893 392 ut
1915 358 1997 391 fecit
2014 358 2168 392 Leocra-

1174 414 1243 447 tes,
1271 419 1335 440 nec
1352 407 1433 440 illae
1450 420 1505 442 res
1523 407 1783 452 pulcherrimae
1801 417 1918 454 gestae
1937 416 2071 449 essent,
2100 422 2166 443 nec

1173 470 1236 492 vos
1252 456 1344 491 hanc
1359 459 1476 492 sedem
1497 460 1674 494 teneretis.
1726 461 1776 495 Ut
1791 462 1898 505 igitur
1914 462 2028 495 bonos
2044 467 2078 494 et
2093 462 2166 494 for-

1173 516 1224 543 tes
1242 510 1337 543 viros
1361 510 1514 543 laudatis
1537 517 1571 543 et
1594 508 1731 545 honore
1757 513 1914 552 afficitis,
1952 512 1999 545 ita
2027 524 2168 546 necesse

1173 567 1243 601 est,
1283 561 1471 595 sceleratos
1505 562 1619 595 odisse
1652 574 1691 595 ac
1721 563 1868 607 punire,
1912 570 1946 597 et
1974 565 2165 608 praecipue

1172 611 1400 652 Leocratem,
1429 613 1569 658 quivos
1585 625 1650 646 nec
1670 613 1789 647 timuit
1811 626 1875 647 nec
1899 614 2072 648 reveritus
2096 621 2166 653 est;

1173 670 1208 697 et
1223 675 1314 710 quae
1333 664 1377 697 sit
1394 663 1547 697 civitatis
1564 665 1729 698 voluntas
1741 691 1750 705 ‚
1778 664 1860 698 inde
1876 665 2084 700 existimate.

1274 714 1354 748 Vox
1386 715 1538 749 civitatis
1561 722 1644 749 sunt
1666 716 1758 759 leges
1785 722 1819 749 et
1842 715 2002 749 instituta
2027 729 2167 756 eorum,

1174 766 1235 812 qui
1251 766 1507 811 rempublicam
1525 767 1806 807 constituerunt,
1833 767 1960 812 quibus
1979 766 2009 801 si
2032 768 2167 801 obtem-

1173 817 1366 863 perabitis,
1400 817 1490 851 iuste
1524 818 1658 852 facietis
1683 825 1717 851 et
1741 830 1867 863 graves
1888 824 1923 852 et
1946 817 2046 861 digni
2068 825 2167 851 tanta

1173 869 1354 914 republica
1372 869 1631 905 iudicabimini.
1684 869 1936 904 Iusiurandum
1962 869 2058 903 enim
2082 869 2170 903 dant

1175 933 1298 954 omnes
1317 921 1408 954 cives
1425 933 1466 954 ex
1484 919 1628 966 ephebis
1646 921 1775 966 egressi
1791 919 1845 955 his
1863 921 1997 955 verbis:
2025 920 2099 955 Nec
2117 932 2172 954 sa-

1175 985 1232 1005 cra
1261 985 1361 1005 arma
1392 973 1634 1013 dedecorabo,
1670 985 1735 1006 nec
1757 973 1868 1006 aciem
1894 973 2075 1012 deseram,
2110 972 2171 1004 de-

1173 1025 1316 1057 fendam
1333 1023 1488 1068 patriam
1507 1030 1540 1057 et
1557 1024 1741 1058 meliorem
1761 1025 1922 1058 reddam.

1276 1075 1353 1108 Hoc
1378 1075 1625 1109 iusiurandum
1652 1076 1682 1109 si
1705 1076 1837 1109 iuravit
1857 1075 2066 1114 Leocrates,
2095 1085 2173 1107 rna-

1174 1126 1298 1160 nifeste
1315 1127 1480 1172 periurus
1500 1133 1569 1167 est,
1597 1139 1662 1160 nec
1687 1133 1825 1160 tantum
1856 1127 1892 1159 in
1918 1139 1981 1160 vos
2007 1125 2174 1166 iniustus,

1174 1179 1235 1212 sed
1260 1179 1429 1212 adversus
1447 1178 1563 1212 Deum
1590 1178 1721 1223 impius
1743 1184 1805 1212 est.
1866 1178 1930 1211 Sin
1955 1183 2074 1211 autem
2098 1188 2174 1210 non

1174 1229 1325 1270 iuravit,
1365 1230 1488 1263 fefellit
1517 1230 1717 1270 civitatem,
1759 1236 1793 1262 et
1816 1230 1929 1263 multo
1957 1235 2039 1262 ante
2067 1240 2103 1261 se
2128 1228 2174 1261 ad

1174 1282 1376 1314 nocendum
1392 1281 1632 1326 praeparavit.
1683 1281 1804 1326 Quare
1821 1287 1855 1313 et
1878 1281 2012 1314 iustum
2040 1285 2111 1319 est,
2138 1284 2173 1312 et

1175 1333 1220 1365 ad
1236 1331 1412 1366 honorem
1432 1332 1501 1365 Dei
1520 1332 1693 1376 pertinet,
1721 1339 1761 1365 ut
1779 1344 1895 1377 poena
1919 1331 2118 1364 adficiatur.

1403 1423 1526 1456 Recita
1554 1425 1624 1457 Ius
1636 1426 1646 1457 ἰ
1656 1436 1676 1456 α
1685 1436 1733 1457 να
1742 1425 1826 1457 ndu
1835 1435 1868 1457 m
1894 1422 1954 1469 5²).

1276 1492 1354 1524 Hoc
1372 1492 1619 1526 iusiurandum
1638 1505 1717 1525 cum
1733 1492 1779 1525 sit
1793 1489 1985 1525 honestum
2004 1497 2038 1524 et
2060 1490 2174 1535 pium,

1175 1550 1209 1576 et
1240 1556 1318 1577 cum
1349 1555 1472 1577 omnes
1506 1543 1674 1577 articulos
1696 1543 1840 1576 violarit
1863 1542 2072 1583 Leocrates,
2108 1541 2176 1574 im-

1174 1594 1273 1639 pium
1291 1607 1371 1628 eum
1389 1601 1423 1627 et
1440 1595 1617 1639 perfidum
1637 1607 1709 1628 esse
1727 1595 1955 1628 manifestum
1976 1599 2039 1627 est.
2075 1593 2175 1638 Quo-

1177 1647 1285 1680 modo
1310 1646 1405 1679 enim
1429 1646 1542 1689 magis
1567 1647 1756 1680 dedecoret
1782 1645 1910 1692 aliquis
1936 1656 2036 1678 sacra
2061 1656 2176 1685 arma,

1176 1710 1286 1744 quarn
1313 1697 1342 1731 si
1365 1704 1502 1731 recuset
1527 1710 1565 1731 ea
1591 1699 1634 1731 ad
1660 1698 1831 1731 arcendos
1864 1694 1985 1730 hostes
2009 1695 2177 1730 sumere?

1176 1750 1370 1795 Quomodo
1404 1761 1479 1782 non
1515 1749 1651 1782 dicetur
1675 1750 1835 1783 desertor
1859 1747 2098 1793 manipularis
2120 1747 2176 1780 sui

1177 1808 1240 1835 aut
1255 1800 1364 1841 aciei,
1393 1801 1453 1846 qui
1470 1801 1580 1845 fugit,
1608 1813 1652 1834 ne
1675 1800 1712 1833 in
1736 1813 1800 1834 suo
1827 1800 1952 1833 ordine
1983 1799 2175 1832 collocare-

1177 1852 1258 1888 tur?
1287 1852 1358 1886 Ubi
1376 1865 1442 1897 pro
1462 1852 1570 1886 sacris
1588 1852 1791 1892 dimicabit,
1827 1852 1886 1896 qui
1911 1851 2011 1884 nullo
2030 1851 2067 1883 in
2094 1850 2175 1883 loco

1176 1911 1315 1950 partem
1343 1904 1474 1949 publici
1501 1904 1649 1948 periculi
1675 1903 1848 1937 sustinet?
1891 1902 2086 1947 Quomodo
2113 1912 2176 1946 pa-

1177 1956 1282 1990 triam
1305 1955 1416 2000 magis
1436 1957 1588 2000 prodere
1604 1954 1799 2000 potuisset?
1826 1954 1918 1988 Nam
1938 1959 2115 1999 quantum
2137 1952 2175 1986 in

1177 2009 1243 2042 isto
1263 2014 1325 2048 est,
1343 2007 1464 2040 relicta
1484 2008 1633 2040 venitin
1649 2004 1805 2040 hostium
1825 2011 2049 2050 potestatem.
2076 2004 2175 2038 Num

1177 2060 1285 2104 igitur
1300 2066 1354 2092 tot
1378 2059 1551 2092 scelerum
1577 2071 1658 2092 reus
1683 2070 1761 2091 curn
1788 2057 1852 2097 sit,
1884 2069 1959 2090 non
1986 2056 2175 2089 interficie-

1178 2111 1260 2145 tur?
1288 2112 1344 2143 An
1365 2123 1450 2143 vero
1471 2110 1519 2142 illi
1540 2116 1676 2143 tantum
1697 2109 1872 2153 supplicio
1891 2108 2065 2141 afficiendi
2080 2113 2176 2148 sunt,

1179 2164 1238 2209 qni
1260 2169 1397 2207 partem
1417 2162 1572 2207 aliquam
1594 2159 2040 2194 iurisiurandiviolarunt?
2068 2158 2176 2204 Quod

1178 2215 1206 2249 si
1223 2215 1270 2247 ita
1290 2220 1359 2254 est,
1386 2213 1505 2246 minus
1523 2212 1671 2257 periculi
1691 2213 1785 2257 apud
1805 2224 1868 2245 vos
1889 2211 1974 2252 erit,
2002 2211 2114 2244 multa
2141 2216 2175 2243 et

1179 2266 1347 2299 atrociter
1376 2265 1624 2310 peccantibus,
1661 2276 1769 2310 quam
1804 2276 1917 2308 pauca
1943 2268 1976 2296 et
2003 2262 2094 2296 levia
2120 2274 2174 2295 er-

1178 2325 1255 2351 rata
1272 2317 1553 2350 admittentibus.

1281 2368 1372 2402 Illud
1389 2374 1506 2401 autem
1534 2366 1704 2411 cogitate,
1732 2379 1883 2400 nervum
1907 2366 2016 2399 totius
2040 2363 2175 2409 publici

1178 2427 1288 2455 status
1322 2432 1394 2454 esse
1426 2419 1686 2452 iusiurandum.
1753 2418 1840 2452 Cum
1876 2417 1970 2451 enim
2004 2416 2073 2449 tria
2101 2415 2172 2449 sint

1212 2531 1260 2559 52)
1281 2532 1338 2554 Hoc
1357 2530 1546 2554 iusim-andum
1566 2529 1685 2553 Atticum
1713 2530 1738 2555 Ιι.
1764 2530 1783 2553 1.
1807 2529 1834 2553 in
1860 2529 1937 2552 textu
1963 2532 2062 2558 graeco
2089 2527 2171 2556 atque

1249 2566 1275 2589 in
1295 2566 1344 2588 hac
1364 2565 1591 2594 interpretatione
1611 2565 1671 2588 solo
1699 2565 1794 2590 titulo.
1822 2570 1874 2588 uon
1900 2564 1988 2587 autem
2014 2561 2082 2591 ipsis
2107 2566 2172 2583 ver-

1247 2601 1288 2624 bis
1307 2599 1438 2626 afl‘ertur;
1468 2600 1535 2622 lianc
1555 2600 1588 2622 ob
1614 2605 1725 2623 causam
1749 2605 1766 2623 a
1783 2599 1972 2627 Melanthum,
1997 2597 2027 2619 ut
2051 2596 2171 2619 lectores

1248 2635 1281 2658 de
1301 2641 1332 2658 eo
1355 2634 1490 2658 certiores
1510 2634 1610 2663 faciat,
1637 2634 1663 2657 in
1683 2634 1766 2657 Editt.
1785 2634 1843 2657 suis
1863 2634 1955 2656 textus
1976 2630 2070 2661 graeci
2088 2632 2170 2660 atque

1248 2670 1274 2693 in
1294 2670 1343 2692 hac
1363 2668 1591 2698 interpretatione
1611 2668 1699 2692 latina
1717 2668 1744 2692 iu
1764 2668 1818 2692 fine
1842 2665 1976 2691 orationis
2001 2665 2171 2694 adscriptum

1247 2706 1308 2733 est,
1329 2702 1414 2734 (conf.
1434 2703 1563 2734 Prolegg.
1585 2703 1710 2732 praeced.
1737 2704 1764 2727 et
1783 2701 1973 2726 Iusiurandum
1992 2699 2109 2723 Atticum
2129 2699 2170 2722 in-

1245 2739 1288 2762 fra
1308 2737 1503 2769 subsequens)
