2294 2975
103 125 176 162 219
681 113 803 149 PfflL.
839 110 950 146 MEL.
987 107 1188 144 SCRIPTA
1222 108 1566 145 PHILOLOGICA.
2059 113 2134 148 220

103 209 280 244 manendo
311 205 441 239 diutius
464 202 612 237 Caecina
625 201 670 245 ⁰³)
703 200 738 232 in
763 196 893 231 Sicilia.
961 195 1089 228 Postea

103 274 164 306 per
192 258 438 292 transitionem
463 253 605 298 exponit
631 263 731 285 suum
758 247 965 287 consilium,
993 247 1089 292 quod

104 311 260 344 continet
283 308 386 342 liuius
412 305 580 351 epistolae.
605 299 901 346 propositionem.
968 297 1089 336 Ratio,

104 375 192 408 quac
218 361 399 405 sequitur,
427 362 564 399 sumpta
589 359 638 386 est
664 364 681 384 a
709 348 972 383 circumstantia
997 348 1091 380 loco-

104 426 204 450 rum,
240 418 271 444 et
305 410 392 443 utili.
460 408 643 439 Postremo
668 402 745 434 loco
769 400 924 434 studium
949 411 988 432 ac
1013 398 1091 432 dili-

104 464 257 507 gentiam
274 474 372 495 suam
391 461 425 491 in
446 456 609 490 omuibus
629 452 828 497 pollicetur.

155 565 316 599 Argum
333 565 479 592 cutum
518 562 559 588 et
591 552 769 589 scholia
798 552 843 587 in
870 550 1042 596 episto-

223 600 235 607 Μ
513 607 597 639 lam
627 604 684 639 IX.

208 682 534 726 canunondaiioffl)
557 687 619 715 est.
684 677 887 724 Orditur⁹⁵)
916 674 1093 711 narratio—

106 753 185 773 nem
211 739 254 770 al»
279 736 360 769 Auli
386 733 526 771 ol‘liciis,
570 744 679 777 quare
705 730 794 763 tueri
819 728 1006 761 Caecinam
1034 727 1093 758 (le-

102 793 193 823 lwat.
262 787 306 820 lit
338 793 387 820 est
414 784 612 817 communis
638 783 752 815 forma
781 777 1095 812 commendaticia-

107 840 253 884 rmum).

208 889 238 927 ξ.
264 891 295 922 1.
344 890 424 921 Cum
461 888 503 919 A.
540 881 702 929 Caecina]
745 879 1019 914 Commendatio
1035 877 1094 924 ⁹⁷).

105 946 192 976 Nam
211 928 246 973 H
268 936 384 985 patre]
413 936 603 974 Narratio,
639 946 728 979 quac
756 931 862 965 habet
885 935 1094 975 argumenta

106 994 148 1025 ab
173 991 305 1024 officiis.

327 1071 461 1104 Aliud
491 1082 507 1101 a
520 1072 803 1112 rgumentum
815 1065 874 1111 9S).

207 1140 366 1186 Epistola
401 1143 451 1170 est
480 1133 773 1168 commendaticia
810 1132 1003 1164 admodum
1029 1131 1095 1163 elc—

108 1206 204 1237 gans.
258 1192 355 1224 Hanc
374 1187 532 1231 scripsit,
555 1186 644 1219 sicut
668 1185 740 1229 ipse
763 1189 910 1217 testatur
933 1183 969 1215 in
995 1195 1095 1226 prac-

109 1235 243 1277 cedcnti
265 1241 434 1286 epistola,
458 1243 603 1281 rogatus
620 1237 663 1268 ab
680 1235 800 1268 amicis
815 1234 1006 1273 Caecinae,
1035 1233 1094 1278 qui

112 1295 359 1329 existimabant
402 1290 487 1322 tales
530 1288 664 1321 litteras
704 1286 855 1319 inultum
899 1285 1095 1317 effecturus.

108 1347 230 1380 Primo
263 1345 340 1377 loco
372 1341 519 1386 ponitur
549 1338 731 1377 narratio,
776 1348 865 1381 quae
897 1337 967 1369 duo
991 1333 1095 1367 habet

109 1397 288 1435 membra,
329 1392 570 1426 laudationem
596 1399 789 1433 personae,
831 1393 864 1419 et
887 1392 1094 1430 argumenta

110 1447 233 1485 oflicii,
280 1445 375 1490 quod
406 1442 534 1475 merito
568 1441 675 1472 talem
706 1450 746 1470 ae
776 1443 915 1469 tantum
941 1437 1093 1468 amicum

110 1497 343 1532 commendet.
406 1492 546 1525 Deinde
570 1489 730 1534 sequitur
754 1486 897 1531 petitio,
933 1498 1022 1531 quae
1046 1491 1097 1519 est

110 1547 287 1583 conclusio
317 1543 422 1578 huius
454 1541 642 1586 epistolae,
684 1545 723 1572 ut
749 1537 937 1571 Caecinam
968 1535 1096 1571 habeat

111 1595 510 1634 commendatissimum.

350 1680 490 1714 Aliud
518 1681 845 1720 argumentum.

214 1747 486 1785 Commendatio
506 1752 555 1779 est
572 1742 770 1777 communis
786 1747 820 1775 et
835 1740 963 1780 brevis,
989 1752 1096 1785 qnam

111 1804 248 1849 scripsit
270 1807 412 1845 rogatus
434 1799 477 1831 ab
500 1796 622 1829 amicis
648 1793 838 1832 Caecinae,
879 1792 940 1837 qui
966 1791 1097 1824 iudica-

110 1859 195 1890 bant
211 1853 278 1888 hoc
296 1853 494 1885 litterarum
513 1859 621 1893 genus
639 1852 673 1878 et
689 1843 924 1878 necessarium
945 1854 1036 1881 esse,
1064 1848 1097 1873 et

110 1907 260 1940 inultum
279 1904 506 1949 profuturum
524 1899 618 1943 apud
637 1902 851 1941 praetorem.
913 1892 1096 1936 Principio

111 1965 161 1992 cst
182 1955 362 1993 narratio,
397 1964 488 1997 quae
516 1948 622 1983 habet
645 1946 887 1980 laudationem
912 1955 1097 1989 personae,

112 2017 145 2043 et
162 2011 409 2051 argumentum
435 2003 478 2034 ab
496 2000 631 2038 officio,
668 1998 764 2042 quod
791 1997 918 2040 dignus
945 1996 1008 2035 sit,
1036 1994 1097 2039 qui

110 2060 295 2101 diligenter
313 2053 592 2090 commendetur,
620 2049 737 2081 addita
756 2047 959 2086 reiectione,
987 2058 1096 2092 quare

110 2102 198 2145 nihil
223 2120 310 2153 opus
334 2106 379 2140 sit
399 2105 502 2147 longa
525 2098 876 2134 commemoratione.
930 2097 1097 2142 Sequitur

112 2161 254 2206 petitio,
298 2168 386 2203 quae
410 2161 460 2188 est
480 2155 554 2197 ipsa
587 2149 805 2195 propositiO,
845 2155 885 2181 ut
908 2149 1095 2181 Caecinam

108 2212 236 2245 babeat
253 2204 652 2243 commendatissimum.
699 2200 739 2234 In
754 2201 822 2232 fine
839 2200 986 2244 ponitur
1003 2200 1096 2233 clau-

108 2264 193 2297 sula.

145 2395 192 2425 93)
213 2393 342 2419 caecina]
364 2390 444 2414 Editt.
462 2388 553 2417 1565.,
575 2386 648 2410 1569.
667 2384 751 2409 male:
776 2383 948 2408 Caecinnam.

142 2439 190 2464 91)
211 2435 274 2459 tluic
295 2433 353 2457 voci
374 2433 398 2455 in
418 2431 501 2456 Editt.
522 2430 612 2456 ¹540..
640 2429 729 2456 1544„
756 2427 846 2456 ¹554„
874 2426 949 2450 1557.
974 2425 1095 2456 praefixa

176 2475 240 2494 sunt
261 2469 315 2492 Cic.
336 2468 420 2489 verba
439 2464 477 2496 (ξ,
494 2466 547 2491 1,);
577 2464 648 2488 Cum
667 2463 698 2487 Α.
720 2462 854 2486 Caecina.

140 2515 189 2539 95)
212 2511 338 2537 orditur]
360 2509 422 2531 illae
441 2510 456 2530 4
475 2508 573 2530 Edam
601 2506 713 2530 orditur
732 2505 830 2528 autem.

139 2559 188 2583 943)
210 2556 264 2577 Hoc
289 2552 477 2581 argumentum
503 2549 628 2572 exhibent
654 2548 739 2572 Editt.
761 2546 975 2575 1537-1554.,
1009 2545 1092 2581 1557„

177 2590 267 2617 ¹5b0.‚
294 2586 367 2609 1601.

140 2634 190 2659 97)
213 2632 287 2654 Hanc
307 2630 397 2651 notam
417 2625 498 2649 Editt.
519 2624 612 2654 1532,
633 2625 723 2653 1:345„
747 2623 822 2648 1560.
843 2623 866 2647 11.
886 2623 903 2646 l.
924 2622 1031 2646 habent.

137 2676 187 2700 98)
208 2674 264 2696 Ηοο
283 2670 471 2700 argumentum
491 2668 518 2691 et
537 2667 587 2692 duo
607 2667 750 2697 sequentia
767 2666 795 2691 in
814 2665 897 2691 Editt.
912 2665 1005 2697 1556„
1026 2664 1093 2690 1565

176 2706 288 2730 -1596.
311 2704 494 2728 inveniuntur.

1402 196 1536 230 Aliud
1564 202 1889 240 argumentum.

1242 261 1412 296 Narratio
1446 275 1566 297 causas
1600 263 1758 296 continet
1786 268 1986 296 contractae
2012 262 2132 296 amici-

1143 312 1212 345 tiae
1232 325 1309 345 cum
1329 313 1500 354 Caecina,
1528 326 1569 347 ex
1585 314 1713 360 quibus
1729 314 1863 347 aditum
1887 313 1954 347 sibi
1978 314 2061 347 facit
2087 315 2132 347 ad

1144 364 1425 408 propositionem
1438 391 1447 405 ,
1475 377 1545 410 qua
1565 366 1791 398 commendat
1810 364 2010 399 Caecinam.

1195 471 1517 516 Argumentum
1551 480 1594 507 et
1623 471 1799 508 scholia
1834 475 1878 507 in
1912 473 2082 519 episto-

1556 525 1641 558 lam
1671 525 1713 559 X.

1245 596 1497 646 Exordiumffl)
1515 611 1534 632 a
1558 599 1897 633 commemoratione
1921 599 2135 632 benevolen-

1146 648 1234 688 tiae,
1258 654 1291 680 ct
1308 649 1470 693 querela,
1498 652 1594 695 quod
1619 662 1734 696 neque
1758 650 1867 694 ipsius
1895 650 2048 683 consiliis
2072 661 2133 683 au-

1145 699 1367 739 scultaverit,
1394 712 1508 745 neque
1525 701 1594 734 cito
1612 707 1797 734 revocatus
1812 701 1857 734 sit
1873 713 1891 734 a
1905 701 2053 735 Caesare
2062 699 2136 746 ¹⁰⁰).

1249 748 1279 793 §-
1298 751 1330 783 1.
1356 752 1448 784 Ilaec
1462 753 1593 796 quidem
1608 749 1715 797 certe]
1743 751 1967 796 Propositio,
1999 752 2037 784 in
2063 762 2133 796 qua

1147 800 1333 845 pollicetur
1355 801 1509 834 osticium
1526 814 1629 835 snum
1648 801 1831 837 Trebatio.

1251 849 1281 895 ἓ.
1299 854 1334 886 2.
1368 854 1482 897 Neque
1505 855 1594 886 enim
1618 850 1707 899 ipse]
1736 852 1863 894 Ratio,
1894 865 1984 899 quae
2008 852 2134 886 confir-

1148 908 1222 935 mat
1237 902 1520 947 propositionem
1532 903 1573 948 ¹).

1252 951 1281 997 §-
1308 952 1342 986 4.
1386 955 1463 987 Tali
1487 956 1575 988 enim
1599 951 1808 1000 tenvpore2)]
1844 954 2048 988 Consolatio
2073 954 2136 986 du-

1148 1003 1248 1046 plex,
1275 1016 1293 1036 a
1309 1004 1387 1036 loco
1407 1005 1609 1045 communi,
1642 1011 1676 1038 et
1703 1005 1746 1038 ab
1772 1006 1989 1049 argumentis
2012 1006 2054 1038 de
2082 1016 2136 1037 re-

1148 1054 1236 1087 ditu-

1252 1102 1282 1147 §-
1306 1102 1341 1138 5.
1378 1107 1469 1139 Nam
1491 1111 1522 1139 et
1545 1103 1633 1152 ipse]
1672 1105 1844 1138 Rationes
1868 1105 1911 1137 de
1936 1105 2073 1145 reditu,
2115 1116 2134 1137 a

1148 1166 1299 1198 persona
1317 1155 1497 1195 Caesaris,
1525 1162 1559 1188 et
1575 1168 1591 1188 a
1610 1156 1825 1200 reipublicae
1841 1162 1946 1189 statu.

1248 1204 1282 1249 ἓ.
1299 1206 1333 1239 6.
1368 1209 1484 1252 Itaque
1507 1207 1590 1240 illud
1612 1205 1823 1253 alterum3)]
1853 1206 2059 1246 Conclusio,
2100 1205 2138 1238 in

1149 1266 1218 1300 qua
1237 1257 1425 1299 pollicetur
1443 1257 1612 1290 Trebatio
1629 1258 1794 1290 reditum.

1375 1346 1512 1380 Aliud
1540 1347 1912 1392 argumentum&

1250 1413 1344 1446 Haec
1362 1413 1509 1457 epistola
1529 1419 1579 1447 est
1597 1426 1636 1446 ex
1654 1426 1695 1446 eo
1714 1426 1861 1457 genere,
1890 1425 1977 1458 quas
2003 1413 2136 1447 officio-

1149 1474 1204 1495 sas
1222 1464 1414 1506 appellant.
1468 1464 1558 1495 Sunt
1573 1470 1691 1496 autem
1713 1465 1805 1496 duae
1829 1463 1902 1496 eius
1924 1463 2136 1507 praecipuae

1149 1519 1279 1557 partes.
1309 1512 1349 1546 In
1367 1513 1487 1557 priore
1505 1514 1617 1546 desert
1631 1513 1681 1545 illi
1701 1513 1855 1546 offic-ium
1871 1525 1985 1548 suum.
2013 1515 2136 1548 Poste-

1149 1564 1224 1596 rior
1254 1576 1338 1608 pars
1367 1570 1417 1597 est
1447 1564 1584 1608 generis
1609 1564 1851 1604 deliberativi,
1886 1565 2136 1600 consolatoria.

1150 1615 1358 1648 Trebatium
1375 1615 1468 1648 enim
1493 1615 1604 1648 civem
1620 1615 1825 1648 Romanum
1850 1610 2029 1659 egregium
2055 1628 2137 1649 con-

1149 1666 1283 1700 solatur
1296 1666 1439 1705 Cicero,
1465 1666 1524 1711 qui
1545 1666 1590 1698 ob
1614 1667 1762 1699 eandem
1780 1678 1938 1706 causam,
1966 1667 2011 1700 ob
2030 1679 2139 1713 quam

1150 1717 1357 1757 Marcellus,
1382 1717 1578 1760 Sulpicius,
1602 1716 1767 1760 Figulus,
1795 1717 1967 1757 Caecina,
2006 1724 2040 1751 et
2063 1718 2135 1762 ple-

1149 1768 1250 1813 rique
1274 1768 1334 1800 alii
1358 1768 1473 1812 patria
1499 1774 1532 1800 et
1556 1767 1707 1801 fortunis
1730 1767 1800 1802 suis
1822 1769 2007 1809 carebant,
2047 1770 2136 1803 urbe

1150 1820 1332 1859 exulabat,
1373 1832 1390 1851 a
1417 1830 1485 1864 qua
1509 1816 1766 1863 prohibebatur
1796 1831 1837 1853 eo
1868 1819 1997 1863 magis,
2032 1821 2136 1865 -quod

1149 1870 1242 1903 victo
1260 1870 1453 1914 Pompeio,
1480 1869 1553 1903 eius
1570 1882 1711 1903 causam
1726 1882 1799 1903 non
1815 1871 2028 1904 deseruerat.
2066 1871 2135 1906 Ex-

1150 1922 1291 1955 ordium
1308 1919 1415 1957 habet
1430 1922 1518 1954 duos
1534 1921 1630 1954 locos
1641 1947 1651 1961 ,
1679 1921 2058 1955 commemorationem
2074 1923 2134 1956 be-

1148 1973 1371 2005 nevolentiae
1389 1978 1423 2005 et
1440 1972 1618 2018 querelam
1631 1998 1640 2012 ,
1668 1973 1764 2018 quod
1781 1984 1894 2018 neque
1919 1972 2028 2016 ipsius
2051 1985 2134 2007 cou-

1149 2024 1234 2057 siliis
1270 2023 1538 2062 auscultaverit,
1580 2035 1694 2068 neque
1726 2024 1793 2056 cito
1826 2030 2011 2058 revocatus
2041 2024 2086 2058 sit
2115 2037 2135 2058 a

1150 2075 1310 2109 Caesare.
1364 2074 1531 2120 Sequitur
1546 2074 1764 2118 propositio,
1792 2075 1830 2107 in
1853 2087 1922 2120 qua
1947 2075 2133 2119 pollicetur

1150 2126 1303 2159 osticium
1321 2139 1422 2160 suum
1438 2125 1618 2159 Trebatio.
1670 2126 1800 2158 Addita
1819 2132 1870 2159 est
1885 2127 1975 2158 ratio
1993 2126 2134 2170 longior

1150 2190 1168 2210 a
1192 2190 1343 2224 persona
1361 2176 1538 2216 Caesaris,
1574 2188 1643 2222 qua
1671 2177 1900 2212 confirmatur
1923 2178 2133 2221 propositio.

1181 2314 1229 2341 99)
1249 2312 1316 2336 Huic
1335 2309 1395 2334 voci
1414 2309 1440 2333 in
1459 2309 1542 2333 Editt.
1563 2308 1653 2335 15⁸0.,
1682 2309 1773 2338 1544„
1802 2309 1893 2339 1554„
1919 2309 1993 2334 1557.
2012 2311 2133 2341 praefixa

1218 2349 1281 2370 sunt
1301 2346 1354 2370 Cio.
1375 2345 1458 2367 verba
1477 2342 1518 2374 (ξ.
1536 2344 1587 2370 1.);
1610 2343 1687 2374 Εμο,
1707 2344 1810 2374 quanti
1829 2345 1857 2368 te
1874 2344 1993 2375 faciam.

1184 2391 1245 2417 100)
1267 2390 1323 2412 Hoc
1340 2387 1528 2417 argumentum
1551 2386 1585 2408 ab
1603 2386 1686 2409 Editt.
1708 2386 1915 2418 1537—1554.‚
1935 2387 2025 2418 1557.,
2046 2388 2131 2418 156⁰„

1219 2425 1292 2449 1601.
1312 2423 1467 2451 praebetur.

1184 2466 1211 2497 1)
1232 2467 1305 2490 Haec
1323 2465 1387 2488 uota
1406 2463 1433 2486 in
1452 2461 1534 2486 Editt.
1556 2462 1646 2492 15⁴5„
1669 2461 1741 2486 ¹560.
1762 2462 1847 2486 deest.

1179 2511 1209 2537 2)
1229 2509 1282 2532 Pro
1300 2507 1341 2530 his
1361 2506 1415 2530 Cic.
1435 2505 1527 2529 verbis
1546 2505 1572 2528 iu
1590 2504 1686 2527 iisdem
1705 2505 1722 2528 2
1739 2506 1822 2528 Editt.
1840 2504 1902 2529 huic
1925 2507 2007 2530 notae
2023 2506 2131 2532 adscri-

1214 2544 1261 2573 pta
1279 2543 1343 2565 sunt
1362 2539 1569 2569 subsequentia:
1596 2539 1799 2564 Consolatione
1816 2547 1874 2564 non
1891 2540 2006 2565 utebar.

1179 2586 1210 2614 3)
1229 2585 1345 2608 Eaedem
1363 2583 1379 2607 2
1392 2583 1476 2607 Editt.
1496 2582 1519 2606 11.
1540 2582 1558 2605 l.
1578 2581 1675 2604 habeut
1695 2588 1769 2611 seqq.
1789 2582 1843 2606 Cic.
1863 2583 1962 2606 verba:
1986 2583 2026 2607 Tu
2044 2584 2129 2609 velim

1213 2620 1369 2645 existimes.

1178 2664 1209 2691 4)
1231 2663 1288 2685 Hoc
1305 2660 1493 2690 argumentum
1512 2659 1538 2682 et
1558 2658 1609 2682 duo
1628 2657 1771 2688 sequentia
1785 2658 1932 2683 exstantia
1947 2658 2031 2685 Editt.
2043 2659 2126 2688 1556„

1213 2694 1401 2721 1565-1596.
