2351 2990
164 134 231 168 411

164 223 335 252 mortem,
360 218 530 255 tanquam
551 204 707 239 hominis
731 201 835 235 amici
860 205 893 231 et
916 195 1086 242 principis
1111 194 1146 251 in

164 265 343 311 republica
360 273 462 305 aegre
481 266 513 292 et
530 257 628 302 gravi
647 254 766 287 animo
779 279 787 289 ‚
816 256 847 282 et
865 254 966 305 erant
983 245 1147 302 nonnulli

164 321 300 351 l'mmae
313 341 322 355 ‚
350 313 476 358 quibus
494 308 559 342 1111(-
575 305 798 350 displicebat,
832 306 865 333 et
883 300 1005 331 Cicero
1028 296 1149 353 scribit

166 371 217 405 ei,
254 373 287 399 et
311 369 499 398 excusatse
524 358 615 403 apud
642 354 812 389 Matium,
855 350 1028 393 significat
1058 359 1088 380 ei
1112 358 1148 379 se

167 432 238 453 esse
256 421 417 450 amanter
434 424 512 453 erga
535 411 646 453 ipsum
666 404 842 437 allectum.
896 399 935 432 ln
959 397 1149 444 posteriori

167 476 266 515 parte
286 466 425 509 oblique
451 468 483 494 et
511 459 632 491 leviter
658 451 905 499 reprehendit,
941 457 974 483 et
997 460 1150 483 comme-

167 525 304 555 morat,
345 514 464 560 quales
497 519 676 543 sermones
701 505 838 539 soleant
868 501 985 546 spargi
1012 500 1150 533 Romae

169 574 210 604 tlt·
241 581 292 601 00.

269 665 453 702 Scholia
485 662 528 694 in
562 658 805 705 epistolam
833 652 1052 698 XXVIII.¹·2).

271 744 301 780 ξ.
323 745 353 776 l.
382 742 547 782 Maynam
565 731 777 779 voluptatem]
806 729 1001 764 Exordium
1019 734 1069 761 est
1086 723 1154 760 πά-

172 782 294 839 nuens)
324 805 364 825 ex
383 788 564 824 Ciceronis
590 787 632 819 de
651 783 819 826 Mniioffl)
850 780 991 814 iudicio.
1070 779 1156 812 Con-

171 833 260 882 scius
284 838 478 887 cuttem¹⁵)]
512 837 618 871 Ratio
643 849 682 869 ex
706 846 788 868 suae
814 829 1047 865 conscientiae
1069 828 1158 883 fidu·

174 900 243 933 cia:
272 891 477 940 perstringit
496 889 659 933 oblique,
687 886 782 930 qnod
801 883 920 927 inique
936 880 1157 930 iudicarent.

276 953 306 992 ξ.
324 956 358 987 2.
396 952 483 984 Vitio
498 949 581 982 milei
597 941 760 990 clccnt10)]
790 940 968 975 Narratio,
1045 939 1159 982 Neque

174 1011 262 1041 enim
279 993 482 1046 ”enom-em]
517 995 735 1040 Propositio:
772 993 862 1025 Fero
889 989 1042 1035 graviter
1064 999 1160 1020 nior-

177 1067 246 1091 tem
281 1052 452 1088 Caesaris.
554 1051 668 1092 Neque
700 1040 903 1088 bellnm¹⁷)]
945 1038 1159 1082 Occupatio:

175 1109 258 1143 Bon
280 1102 430 1150 probavi
454 1099 591 1132 civilem
616 1095 883 1129 dissensionem.
916 1138 918 1140 v
987 1093 1102 1135 Itaque
1125 1091 1161 1122 ἱη

177 1154 335 1202 victoria]
363 1153 482 1196 Signa.
561 1149 693 1183 Civibus
713 1142 828 1191 victis]
855 1140 1093 1187 Efflhymema
1121 1151 1161 1196 ex

178 1210 335 1242 minore:
370 1204 407 1237 Si
423 1202 509 1234 alios
526 1211 597 1232 esse
614 1197 711 1230 volui
728 1196 863 1234 salvos,
892 1198 1026 1238 quanto
1049 1202 1161 1233 magis

450 1251 609 1285 Pertinet
639 1254 755 1281 autem
789 1246 833 1278 ad
868 1242 1163 1289 propositionem.

792 1299 838 1330 At
859 1298 939 1328 haee
963 1296 1065 1327 etiam
1088 1303 1163 1324 ser-

782 1347 969 1380 Libertatis
992 1339 1162 1387 auctores]

179 1261 375 1293 Caesarem.

181 1310 337 1344 Flecteris
355 1300 514 1349 ei·yo¹⁸)]
543 1299 716 1333 obiectio.
743 1324 747 1326 μ

181 1357 310 1405 1·is¹⁰)]
339 1353 461 1392 ,πάθος
485 1365 525 1385 ex
553 1350 697 1383 minori.

181 1410 299 1444 lrouia
311 1408 369 1453 ⁸³⁰).

283 1466 313 1506 ξ.
331 1466 364 1500 4.
396 1465 531 1498 Nullius
559 1454 785 1505 ztnquam21)]
827 1454 933 1486 Ratio
969 1453 1012 1485 ab
1049 1451 1163 1485 officio

181 1506 368 1554 amicitiae.
447 1516 492 1547 At
508 1513 604 1545 debeo
613 1507 688 1554 ι32)]
717 1505 879 1539 Οέ1ἰρςὶίο
899 1505 1062 1537 secunda.
1126 1504 1166 1535 ld

183 1573 312 1617 quidem
330 1579 379 1600 me
394 1575 510 1606 cupere
519 1559 595 1607 23)]
623 1557 781 1591 Reiectio
799 1568 839 1587 ex
857 1554 976 1597 signis.

283 1625 313 1670 ξ.
333 1623 367 1658 5.
396 1626 506 1664 Quare
531 1614 710 1662 maiorem]
741 1613 928 1647 Conclusio
958 1610 1164 1655 petitionem

184 1677 378 1712 continens.
455 1675 531 1710 An,
564 1670 647 1714 quod
669 1661 875 1710 adolescens]
907 1661 959 1695 Ex
985 1666 1166 1693 anteactae

184 1730 276 1762 vitae
294 1723 471 1768 exemplis.

220 1863 266 1889 12)
285 1861 362 1884 Hane
381 1855 524 1886 epistolam
543 1852 570 1876 in
583 1853 599 1875 4
613 1850 697 1875 Editt.
718 1849 851 1888 epistolae
864 1845 978 1870 xxvll.
993 1844 1169 1875 praecedere,

254 1899 334 1924 supra
352 1892 380 1915 iu
399 1892 464 1913 nota
483 1890 507 1913 4.
528 1889 807 1910 counnemorawnius.

222 1939 266 1965 13)
285 1934 388 1962 πάθος]
410 1932 493 1956 Editt.
513 1930 602 1957 1⁵⁴5..
623 1927 697 1951 1560.
716 1926 739 1949 11.
759 1925 777 1949 l.
797 1926 823 1948 et
842 1924 868 1946 in
889 1929 978 1952 seqq.:
998 1922 1102 1951 pathos.

224 1983 269 2008 1-1)
290 1978 386 2005 Matio]
407 1975 456 1998 Ed.
478 1973 552 1996 1560.
573 1975 669 1993 errore
687 1970 812 1997 typogr.:
841 1965 949 1988 Martis.

223 2023 267 2053 15)
289 2022 340 2045 Pro
367 2018 408 2041 llis
436 2016 491 2040 Cic.
517 2013 610 2037 verbis
631 2011 657 2034 in
683 2009 765 2032 Editt.
789 2008 878 2034 15⁴5..
907 2006 982 2030 1560,
1007 2006 1068 2029 huie
1091 2006 1172 2029 notae

257 2054 377 2086 praefixa
395 2052 458 2074 sunt
476 2047 632 2078 sequentia:
664 2045 705 2068 Eo
724 2043 818 2067 minus
837 2041 991 2065 credebam.

224 2100 268 2125 16)
288 2098 315 2120 111
347 2094 442 2118 iisdem
464 2091 481 2114 2
500 2090 584 2113 Editt.
610 2087 669 2109 hnic
694 2086 774 2108 notae
802 2089 850 2113 pro
877 2082 918 2105 liis
945 2081 1085 2111 adscripta
1110 2083 1173 2105 sunt

256 2133 312 2156 Cic.
333 2129 417 2152 verba
434 2122 639 2149 antecedentia:
666 2120 744 2143 Nota
764 2119 838 2142 enim
855 2117 934 2140 milii.

223 2175 268 2205 17)
288 2171 404 2196 Eaedem
421 2168 437 2191 2
457 2166 540 2190 Editt.
560 2164 584 2186 11.
601 2163 618 2186 1.
637 2162 736 2184 habent
755 2159 809 2182 Cic.
830 2158 914 2180 verba
932 2156 1089 2187 sequentia:
1115 2157 1173 2181 Aut

256 2208 342 2232 eliam
364 2207 490 2227 causum.

224 2251 269 2277 13)
291 2246 407 2270 Eaedem
432 2243 449 2266 2
468 2241 550 2264 Editt.
570 2239 593 2261 11.
613 2237 631 2260 l.
651 2236 749 2259 habent
768 2234 825 2258 Cic.
853 2234 937 2257 verba
964 2239 1057 2263 seqq:
1095 2234 1175 2263 Quae

256 2288 338 2306 nunc.

226 2327 270 2352 19)
290 2322 405 2346 Eaedem
423 2318 440 2342 2
459 2315 542 2340 Editt.
562 2315 586 2337 11.
602 2314 620 2337 1.
640 2313 740 2336 liabent
758 2310 844 2333 verba
863 2315 953 2338 seqq:
980 2309 1100 2334 Nullius
1120 2317 1175 2334 un„

279 2363 350 2381 uam.

224 2366 274 2431 2οἵ
291 2400 363 2422 naec
387 2396 452 2419 nota
477 2393 503 2416 ia
530 2391 614 2414 Editt.
641 2388 732 2413 ¹545..
765 2386 838 2409 1560.
863 2391 922 2424 cum
946 2385 1121 2423 praecedenti
1148 2386 1175 2409 in

259 2439 336 2456 unam
356 2431 393 2453 sie
414 2431 457 2452 est
481 2426 641 2449 coniuncta:
675 2423 711 2446 At
737 2422 805 2445 haec
830 2420 917 2443 eham
941 2420 1048 2447 servis]
1077 2420 1176 2443 Pathos

260 2474 293 2490 ex
313 2463 417 2488 minori.
453 2461 553 2484 Ironia.

226 2511 275 2537 21)
296 2508 348 2531 Pro
373 2505 414 2527 liis
443 2503 497 2526 Cic.
523 2499 615 2523 verbis
640 2498 667 2521 in
691 2497 786 2520 iisdem
803 2495 820 2519 2
838 2495 920 2520 Editt.
941 2494 999 2518 Iiuic
1026 2497 1106 2519 notae
1126 2501 1176 2525 ap-

262 2541 351 2572 posita
371 2540 434 2561 sunt
451 2534 607 2565 sequentia:
632 2532 788 2561 Nunquam
806 2531 886 2554 enim.

227 2586 275 2611 22)
295 2582 411 2606 Eaedem
435 2579 451 2602 2
472 2577 554 2600 Editt.
579 2576 638 2599 11,1.
663 2575 760 2597 habent
785 2572 973 2596 antecedentia
992 2572 1048 2595 Cic.
1077 2572 1175 2595 verba:

270 2618 323 2642 Sed
342 2615 409 2645 quid
427 2611 507 2635 mihi.

228 2661 277 2688 23]
296 2660 325 2682 111
345 2656 438 2680 iisdem
455 2653 471 2677 2
490 2651 572 2675 Editt.
592 2649 652 2672 huic
670 2650 751 2674 notae
778 2649 899 2679 praefixa
927 2651 991 2671 sunt
1010 2647 1066 2672 Cic.
1093 2648 1176 2671 verba

261 2688 463 2718 antecedentia:
489 2685 579 2715 Οιιμὶο
599 2684 679 2708 enim.
1200 2660 1206 2712 l

735 114 857 151 PHIL.
893 112 1005 147 MEL.
1038 106 1239 145 SCRIPTA
1265 104 1598 142 PHILOLOGICA.

2108 104 2183 142 412

1302 192 1331 237 ἓ.
1353 193 1386 227 6.
1421 195 1467 226 At
1497 188 1610 237 ludos]
1651 188 1855 223 Confutatio
1890 201 1931 222 ex
1961 188 2185 223 distinctione

1199 243 1330 288 publici
1352 250 1383 276 et
1403 242 1533 287 privati
1552 240 1669 274 officii.

1306 293 1336 338 ἓ.
1353 294 1387 327 7.
1415 296 1483 328 Sed
1500 305 1582 339 quae
1597 289 1696 339 haec]
1720 290 1774 324 Ab
1791 290 1950 334 exemplo
1974 289 2144 324 Caesari&

1490 378 1820 422 Argumentum
1836 375 1896 421 21).

1304 443 1400 476 luter
1417 443 1607 476 familiares
1625 443 1785 476 Caesaris
1807 443 1878 475 sere
1894 440 2104 485 praecipuus
2122 441 2187 474 suit

1204 496 1242 528 C.
1261 493 1403 527 Matius.
1462 493 1584 539 ltaque
1602 506 1680 527 cum
1700 494 1829 527 Caesar
1847 493 1890 525 ab
1908 491 2190 525 interfectoribus

1205 552 1293 579 esset
1319 545 1469 583 occisus,
1512 544 1635 589 iniquo
1663 544 1782 576 animo
1818 555 1894 576 eam
1921 544 2062 576 caedem
2098 542 2189 575 tulit.

1206 597 1311 641 Quod
1327 608 1404 628 cnm
1424 595 1581 640 plerique
1598 595 1726 627 civium
1752 595 1816 639 ipsi
1842 594 1928 626 vitio
1955 595 2099 633 darent,
2126 593 2190 626 sic-

1207 660 1274 693 que
1297 647 1636 690 interpretarentur,
1678 646 1773 690 quod
1798 644 1973 689 privatam
1998 643 2189 677 amicitiam

1208 699 1397 731 anteferret
1414 696 1518 730 saluti
1540 694 1773 740 reipublicae,
1809 707 1956 740 eamque
1979 696 2023 728 ob
2050 706 2190 728 causam

1209 749 1340 782 Matius
1359 748 1454 780 varie
1480 746 1747 784 criminaretur,
1784 746 1897 778 voluit
1912 746 2094 785 Ciceroni,
2130 745 2189 790 qui

1209 798 1300 833 hanc
1319 810 1417 832 suam
1442 797 1677 831 constantiam
1694 808 1769 828 non
1787 796 2030 840 improbabat,
2057 809 2092 829 se
2110 807 2192 840 pnr-

1210 857 1331 894 gatum
1355 849 1501 881 reddere
1526 854 1560 880 et
1582 848 1766 880 ostendere
1790 858 1929 886 causas,
1966 858 2027 880 cur
2052 847 2102 879 illi
2127 846 2192 878 ini-

1212 913 1278 946 que
1303 901 1476 938 facerent,
1513 898 1573 943 qui
1596 911 1698 931 suum
1723 897 1883 930 dolorem
1907 898 1949 929 de
1977 898 2091 931 occiso
2109 896 2194 930 Cae-

1211 963 1288 985 sare
1313 951 1598 983 criminarentur.
1659 948 1723 982 Est
1745 948 1864 993 itaque
1887 948 2034 991 epistola
2059 948 2195 992 generis

1211 1002 1403 1040 iudicialis,
1437 1012 1514 1033 cum
1532 999 1663 1032 Matius
1687 1010 1785 1032 suam
1810 999 2048 1042 integritatem
2073 999 2197 1031 adver-

1212 1065 1269 1086 sus
1303 1051 1567 1084 criminationes
1601 1050 1766 1082 defendat
1781 1049 1838 1094 ²⁵).
1917 1048 2112 1082 Exordium
2147 1055 2198 1082 est

1212 1100 1366 1148 ἠθικὸν,
1394 1114 1464 1146 quo
1483 1100 1549 1134 sibi
1565 1100 1762 1143 gratulatur
1778 1100 1820 1131 de
1837 1099 2083 1132 benevolentia
2100 1099 2196 1132 Cice-

1216 1153 1333 1193 ronis,
1364 1159 1397 1185 et
1421 1164 1462 1184 ex
1484 1163 1525 1183 eo
1550 1150 1647 1183 ducit
1667 1149 1966 1194 propositionem:
1999 1149 2198 1183 Defendam

1214 1216 1270 1237 me
1297 1210 1419 1236 contra
1441 1201 1699 1235 malevolorum
1724 1200 1999 1234 criminationes.
2060 1200 2198 1233 Deinde

1216 1259 1472 1288 commemorat
1501 1251 1625 1284 ordine
1659 1251 1795 1296 aliquot
1819 1251 1987 1291 crimina,
2023 1263 2113 1297 quae
2136 1252 2198 1284 ad-

1215 1305 1364 1338 versarii
1380 1304 1430 1336 illi
1447 1303 1669 1340 obiecerunt,
1698 1313 1808 1346 eaque
1825 1302 1981 1335 modeste
1997 1308 2031 1335 et
2045 1303 2199 1346 pruden-

1217 1363 1269 1389 ter
1297 1356 1409 1387 clevat
1435 1360 1540 1398 atque
1563 1352 1708 1392 refellit,
1751 1359 1784 1384 et
1815 1352 1967 1385 ostendit
1991 1364 2091 1386 suam
2117 1365 2199 1386 con-

1217 1406 1382 1440 stantiam
1401 1406 1437 1437 in
1455 1404 1608 1436 amando
1628 1403 1775 1435 Caesare
1793 1415 1866 1435 non
1891 1415 1991 1447 posse
2014 1409 2108 1437 recte
2133 1404 2199 1436 im-

1216 1456 1374 1501 probari.
1441 1455 1559 1498 Quare
1590 1453 1695 1485 etiam
1724 1453 1759 1485 in
1791 1454 1931 1497 epilogo
1956 1460 2123 1494 testatur,
2165 1467 2200 1489 se

1217 1508 1317 1540 illum
1342 1518 1501 1539 amorem
1524 1505 1561 1536 in
1585 1504 1771 1536 Caesarem
1795 1510 2018 1538 servaturum
2043 1517 2133 1545 esse,
2168 1512 2202 1538 et

1218 1559 1292 1591 sine
1316 1557 1385 1590 ulla
1412 1556 1500 1588 iusta
1527 1552 1802 1598 reprehensione
1826 1566 1925 1587 suam
1948 1554 2057 1588 vitam
2087 1556 2142 1588 vel
2164 1556 2201 1588 iu

1219 1608 1323 1642 exilio
1335 1634 1344 1647 ‚
1370 1607 1425 1639 vel
1443 1606 1480 1639 in
1496 1605 1675 1649 republica
1690 1604 1885 1637 finiturum.

1466 1689 1603 1721 Aliud
1630 1693 1954 1731 argumentum.

1321 1755 1562 1801 Responsoria
1582 1761 1633 1789 est
1657 1756 1702 1788 ad
1726 1755 1994 1800 praecedentem
2005 1755 2051 1802 26)
2076 1757 2211 1802 episto-v

1219 1810 1291 1842 lam
1308 1808 1506 1848 Ciceronis,
1533 1807 1571 1839 in
1589 1818 1658 1851 qua
1672 1806 1827 1850 primum
1855 1807 2023 1839 admonet
2044 1807 2086 1840 de
2111 1807 2201 1841 litte-

1221 1860 1270 1893 ris
1286 1859 1456 1903 acceptis,
1484 1869 1574 1903 quae
1589 1858 1692 1900 longe
1709 1857 1852 1890 suerunt
1868 1857 2096 1900 gratissimae.
2134 1858 2204 1892 De-

1222 1911 1304 1943 inde
1323 1910 1468 1954 exponit
1490 1921 1591 1942 suum
1616 1909 1767 1947 sactum,
1801 1908 1896 1952 quod
1918 1907 2063 1951 plurimi
2087 1921 2204 1953 repre—

1222 1960 1403 2000 hendunt,
1430 1958 1616 1992 honestum
1643 1971 1713 1991 esse
1739 1964 1772 1990 et
1795 1958 1897 1990 laude
1920 1958 2078 2002 dignum.
2138 1960 2205 1994 Or-

1224 2013 1320 2045 ditur
1337 2017 1454 2045 autem
1472 2023 1491 2043 a
1509 2008 1799 2053 comprobatione
1816 2009 2014 2042 litterarum
2031 2016 2064 2043 et
2084 2010 2206 2044 iudicii

1225 2063 1423 2102 Ciceronis,
1451 2061 1568 2094 addita
1584 2060 1722 2092 ratione
1747 2071 1765 2091 a
1790 2059 1992 2092 testimonio
2016 2073 2098 2094 suae
2124 2074 2207 2095 con-

1224 2114 1401 2148 scientiae.
1424 2124 1427 2149 ·,
1441 2111 1607 2157 Sequitur
1622 2110 1831 2154 propositiO,
1855 2112 1950 2155 quod
1965 2112 2048 2144 velit
2063 2124 2208 2156 respon-

1225 2167 1307 2198 dere
1331 2166 1376 2197 ad
1399 2164 1458 2196 illa
1480 2162 1647 2201 crimina,
1679 2173 1768 2206 quae
1792 2161 2018 2196 obiiciuntur.
2069 2162 2206 2197 Deinde

1259 2291 1307 2318 24)
1334 2290 1403 2347 *¹¹95ss
1411 2289 1599 2346 argupieititum
1618 2290 1644 2312 et
1664 2288 1715 2312 duo
1735 2288 1877 2318 sequentia
1896 2288 1923 2312 in
1941 2288 2024 2314 Editt.
2041 2289 2125 2322 1556„
2146 2291 2211 2315 1565

1296 2337 1328 2342 —
1352 2332 1369 2347 ο
1405 2342 1410 2348 .
1431 2330 1478 2347 exs
1494 2329 1526 2346 an
1543 2340 1549 2345 .

1260 2367 1308 2423 251)η
1329 2366 1468 2423 dgfetndat]
1489 2365 1528 2388 sic
1546 2364 1628 2388 Editt.
1650 2365 1742 2395 1556.‚
1763 2365 1855 2394 1565„
1880 2365 1971 2395 1596.;
1996 2365 2045 2389 Ed.
2067 2366 2140 2391 1571.
2160 2367 2209 2391 de-

1309 2407 1339 2423 en
1363 2407 1375 2423 e
1392 2419 1396 2424 .

1260 2443 1308 2470 26)
1328 2442 1547 2472 praecedentem]
1561 2441 1601 2465 sic
1616 2441 1733 2471 sci-ipsi;
1753 2442 1799 2466 Ed.
1812 2442 1886 2466 1556.
1903 2442 1981 2465 hahet
2000 2441 2208 2472 „sequentem’',

1297 2477 1422 2506 qnoniam
1442 2475 1559 2505 epistola
1574 2475 1704 2504 XXVII..,
1723 2476 1756 2499 ad
1776 2481 1853 2505 quain
1873 2477 1938 2499 haec
1957 2477 2098 2506 spectant,
2118 2477 2144 2499 111
2157 2477 2209 2500 nac

1296 2511 1345 2534 Ed.
1371 2510 1514 2539 epistolam
1533 2509 1658 2532 XXVIII.
1684 2510 1823 2539 sequitui-3
1861 2510 1885 2532 in
1904 2510 1986 2532 Editt.
2006 2510 2095 2537 1565..
2120 2510 2208 2538 1571..

1298 2545 1371 2568 1596.
1390 2546 1496 2569 autem,
1516 2543 1542 2565 in
1558 2543 1653 2573 quibus
1668 2543 1784 2573 epistota
1797 2543 1911 2567 XXVII.
1933 2543 2066 2572 epistolae
2078 2544 2206 2568 XXVIII.

1296 2578 1449 2609 praecedit.
1480 2578 1546 2600 haec
1571 2584 1625 2600 vox
1651 2575 1858 2607 „sequentem”
1882 2583 1915 2600 ex
1939 2577 1988 2600 illa
2005 2577 2054 2602 Ed.
2073 2577 2143 2601 falso
2162 2584 2209 2601 re-

1298 2618 1363 2636 cusa
1383 2613 1442 2641 est;
1466 2616 1527 2634 nam
1546 2613 1656 2641 propter
1675 2612 1852 2641 epistolarum
1866 2610 1986 2634 ordinem
1999 2612 2129 2634 mutatum
2143 2612 2210 2635 haee

1298 2652 1401 2676 quoque
1423 2651 1476 2668 vox
1496 2646 1519 2670 11,
1539 2645 1556 2669 I.
1577 2651 1663 2675 aeque
1681 2651 1714 2668 ae
1732 2645 1760 2668 in
1785 2645 1899 2674 epistola
1916 2645 2031 2671 XXVII.
2055 2646 2132 2674 (vide
2158 2651 2208 2670 uo—

1299 2683 1353 2704 tam
1371 2680 1412 2708 9.)
1431 2679 1559 2703 mutanda
1581 2681 1641 2703 erat
1660 2679 1686 2703 in
1705 2676 1970 2711 „praecedentem”
