2351 2990
80 120 127 154 78
134 120 151 154 1
217 119 245 151 X
252 118 372 153 XXIX.

80 207 180 239 facile
200 206 333 250 primas
358 202 465 238 habet
488 205 563 238 iste.
616 204 663 238 iit
690 211 729 238 ut
754 211 891 238 caetera
920 212 1077 251 praeter-

84 258 244 297 mittam,
273 257 422 290 veniunt
444 256 481 289 in
501 256 708 297 conciones,
735 257 796 289 ubi
820 270 881 291 vos
905 258 1077 291 dicendae

83 308 280 344 sententiae
298 314 509 353 potestatem
529 308 577 341 eis
593 308 741 347 fecistis,
770 321 844 342 non
863 310 980 343 locum
1002 322 1076 343 esse

82 360 244 394 voluistis
272 359 496 405 improbitati
528 366 563 393 et
595 359 837 404 impudentiae
866 373 1076 405 expromen-

82 414 168 452 dae,
205 424 246 445 ac
270 411 510 451 vociferandi,
546 411 772 445 conviciandi
796 419 829 445 et
854 413 1076 446 calumnian-

82 464 119 497 di
133 463 176 510 8).
221 463 323 509 Quae
339 476 417 497 cum
435 462 595 496 officiunt
618 463 771 497 maxime
790 463 825 496 iu
845 465 1075 504 consulendo,

82 523 157 550 tum
177 515 284 548 etiam
304 514 508 559 turpissima
534 521 627 548 sunt.
681 514 727 548 Et
748 513 802 549 his
828 516 988 549 moribus
1013 528 1076 560 op-

80 573 287 611 presserunt
314 566 436 600 omnia
466 566 564 599 urbis
593 566 776 607 instituta,
817 567 927 611 leges,
965 567 1075 611 magi-

81 625 232 659 stratus,
267 618 480 658 relationes,
515 618 679 651 ordinem
707 618 847 652 dicendi
870 618 1074 652 sententias.

80 670 189 716 Quod
209 670 238 703 si
257 669 358 703 vobis
377 669 563 703 autoribus
582 669 645 703 ista
666 672 767 710 siunt,
795 682 868 703 non
886 677 948 710 est,
978 670 1075 715 quod

81 733 299 766 magnopere
317 722 542 759 laboremus;
570 721 625 754 sin
643 727 761 755 autem
783 722 1013 765 corrigenda,
1041 726 1075 753 et

79 772 338 818 rempublicam
370 773 415 805 ab
443 772 517 806 istis
548 773 795 806 labefactatam
820 774 856 805 in
881 772 1073 817 pristinum

78 831 210 859 statum
226 825 483 858 restituendam
502 836 575 857 esse
592 823 730 863 ducitis,
757 836 831 856 non
848 830 888 857 ut
904 822 1074 857 hactenus

78 876 331 916 consuevistis,
358 877 418 909 sed
440 887 561 908 severe
586 875 743 909 iudicare
767 875 923 914 debetis,
960 881 994 908 et
1016 888 1075 908 ve-

77 928 149 961 reri
164 927 272 968 Deos,
300 934 335 961 et
351 926 608 960 inexorabilem
626 926 787 960 ultricem
805 927 975 960 scelerum
989 927 1075 959 Vin-

80 979 212 1013 dictam
227 978 278 1023 9),
306 990 414 1024 quam
432 975 599 1021 Orpheus
618 977 684 1024 ¹⁰),
716 978 777 1023 qui
795 979 896 1011 vobis
918 990 1075 1011 ceremo-

76 1030 154 1064 nias
189 1030 355 1068 tradidit,
400 1029 496 1062 iuxta
533 1028 626 1062 Iovis
668 1030 787 1062 sedem
825 1030 999 1069 assidere,
1042 1036 1076 1062 et

78 1082 239 1116 omnium
258 1079 448 1115 hominum
464 1081 555 1113 sacta
575 1092 720 1114 cernere
741 1081 840 1115 dixit.
894 1081 996 1114 Hanc
1020 1094 1076 1113 ca-

78 1140 175 1171 vete,
203 1145 248 1166 ne
273 1132 490 1166 contumelia
517 1132 697 1171 afficiatis,
725 1139 759 1165 et
777 1132 948 1176 cogitate,
977 1133 1075 1178 quod

77 1185 198 1219 oculos
221 1185 259 1217 in
284 1184 442 1228 singulos
473 1183 654 1221 defixerit,
696 1191 731 1216 et
754 1185 851 1229 quod
876 1181 983 1217 hodie
1013 1196 1077 1228 pa-

77 1237 145 1270 tria
171 1248 272 1270 suam
297 1235 507 1279 dignitatem
532 1236 627 1279 apud
653 1248 716 1268 vos
743 1236 966 1280 deposuerit,
996 1242 1030 1268 et
1055 1248 1075 1268 a

74 1287 176 1321 vobis
199 1287 448 1321 iusiurandum
472 1286 632 1330 pignoris
656 1286 735 1319 loco
760 1286 945 1330 receperit.
998 1286 1076 1320 Nisi

76 1340 172 1374 enim
197 1352 277 1373 cum
295 1336 362 1372 hac
382 1337 554 1382 religione
572 1338 618 1370 ad
634 1337 865 1371 iudicandum
890 1338 1076 1372 accesseri-

75 1392 138 1432 tis,
173 1392 234 1426 sed
253 1390 299 1438 ¹¹)
332 1389 586 1434 negligentiam
617 1395 792 1427 vestram,
829 1401 899 1435 qua
927 1401 1075 1423 consue-

75 1442 174 1477 vistis
199 1442 272 1481 uti‚
301 1439 370 1474 huc
393 1440 560 1474 adferetis
576 1441 643 1487 ¹¹²),
679 1453 826 1480 vereor,
862 1453 907 1474 ne
929 1438 998 1473 hoc
1018 1453 1075 1473 ac-

75 1495 190 1536 cidat,
233 1500 273 1527 ut
300 1505 362 1526 vos
389 1492 508 1537 potius
539 1504 720 1526 accusasse
753 1492 940 1525 videamur
965 1505 1073 1537 quam

72 1544 369 1590 Aristogitonem.
434 1544 528 1578 Nam
553 1543 582 1577 si
607 1544 770 1577 convicto
797 1544 1002 1578 adversario
1029 1545 1074 1577 ad

72 1599 209 1633 crimen
256 1609 370 1643 usque
416 1596 505 1629 adeo
547 1595 776 1629 manifestum
825 1595 1073 1635 connivebitis,

71 1649 234 1685 haerebit
253 1649 290 1682 in
315 1648 416 1682 vobis
441 1654 616 1692 perpetuo
639 1645 744 1680 liuius
769 1647 916 1680 infamia
939 1647 1073 1680 iudicii.

73 1703 143 1737 Sed
166 1703 209 1735 de
234 1698 290 1734 his
314 1700 411 1734 satis.
464 1698 540 1743 Ego
566 1705 683 1733 autem
710 1705 750 1732 ut
766 1698 993 1732 familiariter
1010 1711 1072 1731 vo-

72 1755 208 1788 biscum
226 1764 350 1796 agam,
380 1757 432 1790 et,
459 1752 557 1796 quod
576 1762 632 1784 res
650 1757 719 1790 cst,
745 1751 859 1784 dicam
874 1777 884 1791 ,
911 1763 990 1783 cum
1014 1762 1072 1783 me

71 1804 155 1840 huic
181 1816 307 1838 causae
333 1809 490 1836 actorem
517 1801 793 1842 constitueritis,
836 1802 967 1836 invitus
993 1814 1072 1835 eam

72 1856 222 1901 suscepi.
270 1855 500 1900 Quamquam
527 1854 622 1887 enim
645 1854 798 1887 sciebam
826 1866 900 1886 non
924 1853 1071 1898 impune

74 1921 146 1944 esse
162 1908 244 1941 talia
264 1906 398 1950 flagitia
420 1906 626 1950 designare,
655 1911 776 1938 tamen
793 1905 895 1938 video
914 1917 976 1939 vos
993 1917 1068 1938 non

76 1967 158 1995 ante
176 1957 371 2004 expergisci
393 1958 438 1990 ad
464 1958 677 1991 sumendum
703 1956 917 2001 supplicium
941 1957 985 1989 de
1008 1956 1072 1989 ali-

74 2024 165 2058 quo,
194 2023 302 2056 qnam
328 2009 477 2042 irritarit
496 2009 541 2054 l³)
566 2021 629 2042 vos
645 2020 720 2041 non
736 2020 809 2041 uno
828 2008 958 2042 scelere
971 2035 980 2047 ,
1003 2020 1068 2041 nec

108 2115 140 2144 8)
164 2115 197 2138 H.
216 2113 235 2136 l.
262 2112 290 2136 in
308 2112 393 2135 Editt.
411 2112 503 2139 1527..
532 2111 607 2135 1547.
628 2112 693 2134 nota
713 2110 894 2141 marginalis:
920 2110 1070 2135 insectatio

142 2148 395 2178 sycophantarum,
415 2148 444 2169 ut
461 2146 565 2170 iudices
586 2145 669 2169 officii
690 2145 731 2169 sui
749 2146 903 2169 admoneat.

105 2194 137 2222 9)
162 2191 230 2216 Huic
257 2190 317 2214 voci
344 2190 370 2214 in
390 2190 580 2217 Editt.1559.,
609 2189 803 2214 1564-1587.
831 2189 857 2212 in
876 2189 1002 2220 margine
1020 2189 1070 2213 ad-

145 2227 250 2256 scripta
270 2227 313 2248 est
331 2224 491 2249 annotatio:
513 2224 641 2248 Vindicta
661 2224 738 2247 iuxta
757 2223 848 2247 sedem
867 2224 948 2247 lovis.

109 2271 155 2298 10)
189 2270 230 2293 De
261 2268 371 2298 Orpheo
413 2267 484 2292 conf.
518 2267 628 2297 Pauly:
664 2267 733 2290 Rea!
753 2280 766 2284 -
783 2267 896 2297 Encycl.
937 2267 1010 2291 Tom.
1035 2268 1070 2291 Υ.

141 2312 166 2335 p.
185 2303 238 2328 992
256 2309 315 2333 sqq.

110 2347 155 2375 11)
176 2346 322 2376 receperit.
365 2345 425 2369 Nisi
451 2344 521 2368 enini
541 2351 601 2369 cuin
619 2345 669 2368 hac
688 2345 825 2376 religione
846 2345 880 2368 ad
901 2345 952 2369 ind.
972 2351 1070 2369 acces-

142 2381 255 2411 seritis,
279 2381 328 2404 sed
354 2381 420 2408 etc.]
446 2379 487 2403 sic
511 2380 559 2404 Ed.
579 2379 654 2403 ¹547.
681 2378 727 2410 (=
747 2380 822 2403 Dein.
843 2397 848 2403 .
870 2399 876 2404 .
897 2399 903 2405 .
926 2378 1068 2411 πατρίδος.

144 2414 197 2447 ὡς,
223 2415 247 2439 εἴ
264 2413 302 2447 μή
325 2413 425 2438 τοῦτον
444 2412 514 2441 ἕξετε
534 2412 583 2438 ῐόν
602 2411 722 2446 τρόπον,
742 2411 801 2438 ‹in’
821 2414 904 2445 etc.):
924 2414 973 2439 Ed.
995 2415 1069 2439 1527.

143 2450 299 2481 receperit,
323 2449 377 2473 nisi
401 2456 462 2472 enm
481 2456 542 2473 cuin
560 2449 609 2473 hac
628 2449 764 2480 religione
782 2449 816 2472 ad
837 2449 889 2472 iud.
911 2449 1069 2472 accesseri-

143 2487 188 2511 tis.
226 2485 280 2510 Sed
303 2486 371 2514 etc.;
404 2484 595 2513 Editt.1559„
617 2484 808 2508 1564—1587.
833 2484 987 2514 receperit,
1013 2483 1069 2507 nisi

143 2524 200 2545 tum
224 2526 285 2545 cum
308 2520 359 2543 hac
383 2519 521 2550 religione
544 2518 579 2542 ad
603 2518 659 2544 iud.
683 2518 866 2542 accesseritis.
919 2519 973 2542 sed
999 2520 1068 2547 etc.;

141 2556 191 2581 Ed.
208 2555 284 2579 1562.
304 2553 456 2584 receperit,
480 2552 535 2577 nisi
559 2554 609 2577 hac
628 2553 765 2584 religione
783 2553 818 2577 ad
837 2553 891 2577 iud.
911 2553 1068 2577 accesseri-

142 2591 189 2614 tis.
226 2589 281 2615 sed
300 2590 352 2613 etc.

107 2635 153 2661 ¹2)
181 2634 236 2658 huc
261 2632 413 2661 adferetis]
442 2630 482 2655 sic
507 2631 590 2655 Editt.
614 2631 824 2662 ¹527—1559.,
857 2631 1067 2662 1564—1587.;

141 2668 190 2692 Ed.
205 2667 281 2692 1562.
300 2667 325 2691 si
344 2668 396 2690 huc
414 2666 558 2691 adferetis.

106 2712 152 2739 13)
179 2710 312 2739 irritarit]
339 2710 380 2734 sic
405 2710 488 2734 Editt.
506 2708 597 2740 ¹527„
626 2709 718 2741 1547.;
743 2710 939 2741 Editt.1559.,
961 2710 1068 2734 1564-

142 2745 217 2771 1587.
236 2745 380 2775 irritaret:
400 2745 449 2769 Ed.
465 2744 542 2768 1562.
562 2743 664 2768 irritet.

412 117 638 153 lN'rEuPR.
657 117 917 153 ORATIOMS
933 118 958 154 l.
987 117 1331 153 DEMOSTHEMS
1348 117 1546 152 CONTRA
1563 116 1977 151 ARISTOGITONEM.

2047 118 2121 153 782

1130 206 1235 239 faciat
1253 204 1422 250 peccandi
1438 205 1564 243 finem3
1600 216 1724 237 verum
1752 203 1836 236 duxi
1860 210 1996 237 vestrae
2022 210 2123 236 auto-

1130 257 1227 290 ritati
1246 257 1565 301 obtemperandum
1585 268 1668 289 esse.
1720 254 1977 288 Existimabam
2003 261 2122 288 autem

1130 308 1333 354 Lycurgum
1366 310 1408 341 de
1440 307 1588 340 crimine
1613 307 1812 346 dicturum,
1856 313 1889 339 et
1913 313 2015 340 testes
2039 318 2123 350 pro-

1130 361 1320 393 ducturum
1339 372 1411 394 esse
1421 359 1483 405 Η);
1514 371 1624 405 quare
1642 370 1706 402 ego
1725 370 1788 391 vos
1804 358 2124 399 conmonesaciam,

1131 424 1237 458 quam
1266 412 1456 455 diligenter
1479 424 1558 451 eos,
1587 410 1649 456 qui
1673 411 1718 442 ad
1743 409 1982 454 gubernacula
2008 409 2044 441 in
2069 421 2124 442 re-

1130 463 1270 508 publica
1290 465 1433 502 sedent,
1465 474 1675 496 conservare
1692 462 1784 506 leges
1801 460 1846 506 ¹⁵)
1869 462 2002 493 deceat.

1232 514 1277 547 Et
1299 527 1394 548 nunc
1421 515 1465 546 ad
1495 526 1532 547 ea
1559 515 1745 553 accedam,
1773 513 1881 545 modo
1901 525 1963 546 vos
1984 523 2126 544 conces-

1129 566 1244 600 seritis
1263 564 1351 598 mihi
1374 578 1438 609 pro
1465 578 1544 598 meo
1566 577 1685 604 more,
1714 576 1865 610 meoque
1887 563 2017 597 iudicio
2044 574 2126 596 cau-

1129 630 1203 651 sam
1221 629 1392 661 perorare
1410 616 1469 663 16).
1525 616 1699 649 Universa
1718 614 1907 649 hominum
1931 615 2022 654 vita,
2050 614 2124 648 sive

1130 680 1276 713 magnas
1298 669 1404 702 urbes
1427 668 1588 700 incolant
1610 668 1682 700 sive
1713 680 1863 712 parvas,
1908 666 2039 711 partim
2061 678 2125 698 na·

1129 725 1228 759 tura,
1266 720 1397 764 partim
1423 719 1558 763 legibus
1593 719 1739 763 regitur.
1808 719 1945 752 Natura
1974 730 2059 750 vero
2077 716 2125 762 17)

1130 771 1263 804 incerta
1291 778 1325 804 et
1358 771 1456 803 varia
1483 777 1554 810 est,
1598 776 1631 803 ct
1659 782 1721 803 sua
1757 770 1926 814 cuiusque
1954 767 2125 802 hominis.

1128 821 1238 867 Leges
1257 829 1375 856 autem
1399 834 1606 855 communes
1633 821 1815 861 omnium,
1844 821 1936 853 idem
1959 820 2126 854 omnibus

1129 875 1393 919 praescribunt3
1430 874 1512 919 quia
1532 873 1626 907 enim
1644 879 1772 905 natura
1792 884 1901 916 prava
1923 878 1992 911 est,
2020 883 2126 916 saepe

1130 927 1335 971 improbum
1355 925 1542 959 consilium
1563 924 1658 969 capit
1677 924 1714 956 in
1730 925 1835 957 rebus
1855 923 2037 968 gerendis,
2074 929 2126 956 at·

1131 990 1198 1023 que
1215 978 1297 1011 inde
1316 978 1441 1010 delicta
1460 976 1580 1009 omnia
1600 976 1766 1009 existunt.
1821 974 1933 1019 Leges
1952 987 2039 1007 vero
2059 974 2125 1007 im-

1130 1036 1258 1073 perant
1286 1030 1397 1066 iusta,
1439 1027 1588 1062 honesta
1618 1034 1653 1060 et
1678 1027 1800 1067 utilia,
1850 1034 1884 1060 et
1910 1039 1951 1060 eo
1975 1025 2124 1059 consilio

1129 1082 1222 1125 leges
1247 1081 1453 1114 conduntur
1472 1080 1538 1127 ¹8),
1562 1086 1599 1112 ut
1628 1086 1824 1124 quaeratur
1850 1078 1905 1118 id,
1941 1078 2038 1124 quod
2061 1075 2126 1110 ho—

1129 1132 1370 1166 nestissimum
1388 1138 1422 1165 et
1438 1131 1666 1165 utilissimum
1690 1137 1752 1164 est.
1814 1130 1920 1175 Quod
1949 1142 2028 1163 cum
2051 1130 2126 1162 fue-

1128 1184 1177 1217 rit
1201 1181 1461 1228 deprehensum
1479 1210 1488 1224 ,
1529 1184 1567 1215 fit
1600 1182 1755 1215 edictum
1774 1208 1783 1222 ‚
1826 1194 1866 1214 ac
1896 1181 2126 1226 proponitur,

1131 1249 1202 1281 quo
1231 1236 1328 1269 iuxta
1357 1247 1481 1268 omnes
1506 1240 1716 1274 teneantur,
1753 1233 1860 1279 idque
1882 1233 1937 1266 lex
1964 1239 2033 1273 est,
2068 1232 2125 1266 cui

1131 1288 1379 1331 obtemperare
1411 1298 1536 1320 omnes
1565 1287 1684 1326 decet,
1721 1297 1800 1318 cum
1825 1291 1975 1329 propter
1999 1284 2125 1324 multa,

1129 1345 1205 1372 tum
1227 1338 1382 1371 maxime
1406 1338 1488 1383 quia
1514 1338 1568 1370 lex
1599 1337 1785 1370 inventum
1811 1343 1845 1370 et
1869 1337 2005 1369 donum
2028 1335 2125 1368 Deo-

1130 1402 1210 1423 rum
1228 1396 1280 1423 est
1295 1389 1361 1434 19);
1396 1391 1577 1422 decretum
1602 1401 1688 1422 vero
1713 1389 1930 1433 prudentum
1949 1387 2125 1428 virorum,

1130 1441 1334 1474 emendatio
1360 1441 1594 1481 delictorum,
1623 1452 1715 1485 quae
1739 1440 1795 1473 vel
1819 1440 1980 1473 consulto
1999 1440 2053 1472 vel
2071 1439 2126 1472 in-

1129 1494 1291 1527 consulto
1311 1492 1562 1525 admittuntur.
1615 1491 1778 1525 Civitatis
1796 1498 1914 1525 autem
1934 1503 2125 1524 commune

1128 1546 1266 1584 foedus,
1285 1544 1380 1578 iuxta
1392 1545 1488 1590 quod
1499 1543 1617 1577 vivere
1629 1555 1753 1576 omnes
1765 1543 1857 1576 cives
1867 1544 1978 1576 decet.
2006 1542 2123 1576 Porro

1127 1596 1409 1640 Aristogitonem
1436 1596 1530 1629 inter
1556 1595 1716 1629 aerarios
1749 1606 1822 1628 esse
1858 1600 2018 1634 constat,
2058 1606 2125 1627 nec

1127 1654 1244 1693 potest
1260 1648 1441 1681 diversum
1458 1647 1559 1680 facile
1575 1646 1707 1680 doceri.
1754 1645 1896 1679 Etenim
1908 1673 1917 1687 ,
1939 1659 2019 1680 cum
2037 1646 2124 1679 dua-

1127 1701 1192 1733 bus
1218 1701 1261 1733 de
1284 1699 1396 1733 causis
1423 1700 1516 1743 leges
1540 1699 1702 1731 ferantur
1717 1696 1783 1744 2⁰),
1826 1704 1899 1731 tum
1928 1704 1968 1731 ut
1995 1697 2124 1731 delicta

1127 1757 1339 1791 caveantur,
1367 1757 1442 1784 tum
1462 1757 1523 1784 aut
1537 1750 1689 1783 admissa
1708 1749 1925 1794 puniantur,
1952 1755 1991 1782 ut
2007 1762 2124 1782 exem-

1127 1803 1225 1848 plum
1249 1814 1387 1847 poenae
1412 1802 1499 1835 alios
1522 1802 1730 1835 absterreat.
1793 1800 1858 1833 Hic
1884 1800 2064 1834 commisit
2086 1801 2124 1833 in

1125 1861 1319 1901 utrumque
1342 1866 1451 1898 genus
1475 1853 1606 1897 legum.
1659 1852 1823 1886 Primum
1847 1852 1941 1885 enim
1962 1852 2044 1898 quia
2063 1852 2124 1886 de-

1125 1906 1250 1952 liquit,
1278 1906 1408 1939 mulcta
1427 1905 1457 1938 ei
1477 1905 1569 1938 dicta
1590 1910 1652 1939 est.
1696 1904 1849 1944 Deinde,
1877 1904 1961 1949 quia
1978 1904 2015 1936 in
2031 1904 2123 1937 mul-

1126 1964 1179 1991 cta
1205 1958 1393 2002 pendenda
1421 1969 1544 1990 rursus
1574 1968 1648 1990 non
1673 1957 1915 2000 obtemperat,
1958 1968 2053 1989 nunc
2084 1955 2123 1988 in

1163 2070 1208 2097 14)
1230 2070 1261 2093 Η.
1283 2068 1299 2092 l.
1321 2069 1347 2092 in
1365 2067 1550 2094 Editt.1527..
1572 2066 1647 2091 1547.
1668 2068 1735 2090 nota
1753 2065 1930 2097 marginalis:
1952 2066 2122 2097 propositio,

1195 2105 1274 2135 leges
1300 2110 1365 2127 esse
1392 2102 1616 2132 conservandas,
1642 2102 1765 2132 adeoque
1788 2101 1952 2132 puniendum
1973 2107 2037 2125 esse
2055 2100 2121 2124 Ari-

1194 2139 1371 2169 stogitonem.

1161 2182 1208 2211 15)
1234 2181 1284 2205 Bis
1303 2181 1400 2205 vei-his
1427 2179 1665 2205 inEditt.1559..
1695 2180 1885 2204 1564-1587.
1910 2178 2052 2208 adscripta
2076 2180 2122 2202 est

1194 2219 1259 2240 nota
1278 2216 1412 2247 margins
1431 2216 1522 2246 Leges
1541 2215 1758 2239 conservandae.

1163 2259 1208 2286 16)
1228 2259 1259 2281 Η,
1279 2259 1296 2283 l.
1318 2258 1343 2281 in
1364 2257 1449 2282 Editt.
1469 2256 1560 2281 1527..
1588 2256 1662 2280 ¹5⁴7.
1689 2258 1754 2280 nota
1772 2256 1904 2287 margia:
1935 2254 2120 2279 confirmatio.

1193 2294 1276 2317 Ratio
1296 2292 1380 2323 petita
1400 2299 1433 2316 ex
1452 2292 1611 2315 definitione
1630 2291 1710 2320 legis.

1161 2336 1207 2364 17)
1230 2337 1336 2360 Natura
1350 2336 1434 2364 vero]
1456 2335 1495 2359 sic
1515 2334 1598 2359 Editt.
1618 2334 1712 2364 1527„
1739 2333 1952 2363 1559—1587.;
1977 2333 2028 2357 Ed.
2044 2332 2118 2356 1547.

1191 2373 1231 2395 Ao
1249 2373 1349 2395 natura
1366 2370 1481 2400 quidem.

1160 2415 1205 2443 18)
1224 2415 1256 2440 Η.
1276 2415 1294 2438 l.
1314 2414 1342 2438 in
1361 2413 1445 2438 Editt.
1462 2412 1550 2443 1559„
1574 2412 1766 2436 1564-1587.
1784 2411 1851 2436 nota
1869 2410 2002 2442 margia:
2026 2411 2118 2442 Leges

1192 2455 1278 2480 quare
1298 2449 1461 2474 condantur.

1159 2493 1205 2521 19)
1231 2494 1265 2517 H.
1285 2493 1301 2517 l.
1328 2491 1355 2516 in
1374 2491 1458 2515 Editt.
1476 2489 1569 2516 1559..
1591 2490 1685 2517 1564..
1706 2489 1780 2514 1587.
1806 2491 1873 2513 nota
1890 2489 2024 2520 margin.:

1190 2528 1310 2551 Deorum
1330 2527 1488 2555 inventum3
1508 2525 1535 2548 in
1553 2524 1603 2548 Ed.
1620 2524 1694 2548 1570.
1714 2525 1771 2547 Lex
1791 2524 1890 2548 dolium
1908 2524 2037 2549 Deorum.

1155 2572 1204 2599 20)
1225 2572 1257 2595 H.
1277 2571 1295 2594 Ι.
1323 2570 1351 2593 in
1377 2567 1567 2597 Editt.1527.‚
1594 2567 1669 2593 ¹547.
1695 2568 1760 2591 nota
1787 2567 1919 2597 inargin.:
1953 2566 2117 2597 syllogismi

1191 2605 1270 2629 huius
1291 2604 1376 2628 maior
1395 2604 1459 2632 (Ed.
1479 2602 1553 2627 ¹547.
1574 2602 1689 2630 minor).
1711 2602 1764 2626 Sed
1782 2601 1898 2626 violavit
1917 2602 1994 2632 leges
2006 2601 2118 2624 Aristo-

1191 2640 1277 2671 giton.
1313 2640 1349 2663 Et
1368 2638 1521 2668 exaggerat
1541 2642 1601 2660 eam
1621 2636 1814 2660 distributione
1833 2636 1988 2666 colligens,
2008 2634 2115 2665 quoties

1191 2673 1307 2698 laeserit
1326 2674 1404 2703 leges
1428 2671 1614 2701 Aristogiton.
1641 2683 1673 2689 -
1717 2671 1746 2695 ln
1772 2670 1855 2695 Editt.
1879 2671 1970 2699 ¹559.‚
1991 2669 2057 2693 1564
2082 2681 2117 2687 —

1192 2708 1266 2732 1587.
1296 2709 1320 2731 h.
1340 2708 1357 2731 l.
1394 2707 1480 2730 verba
1505 2707 1598 2729 textus
1622 2706 1648 2729 in
1674 2705 1798 2737 margine
1824 2705 1864 2729 sic
1889 2704 2007 2734 repetita
2038 2704 2117 2727 sunt:

1193 2744 1303 2767 Duabus
1323 2743 1356 2766 de
1374 2740 1466 2766 causis
1487 2741 1565 2772 leges
1583 2741 1660 2767 ferri.

2059 2489 2117 2512 Lex
