2351 2990
81 122 157 158 876
207 120 363 158 XXXVI.
411 121 637 158 INTERPR.
664 120 838 158 PARTIS
862 123 1123 161 ORATIONIS
1149 124 1396 162 DEMOSTH.
1423 125 1488 160 DE
1515 125 1665 160 FALSA
1691 125 1985 167 LEGATIONE,
2041 135 2116 171 874

1096 212 1101 260 Ι
1127 214 1242 246 valere
1267 213 1387 247 dicens
1411 212 1561 257 sapienti
1578 211 1765 257 Sophocli;
1797 228 1946 263 cumque
1969 219 2116 262 videret,

1127 271 1259 309 pestem
1278 265 1450 298 Graeciae
1466 265 1541 297 fore
1559 265 1692 298 bellum
1704 262 1901 308 Phocense,
1924 282 1997 304 non
2014 284 2117 315 prae·

1127 316 1233 356 dixit,
1261 329 1325 349 nec
1343 318 1549 349 adversatus
1578 323 1647 356 est,
1675 318 1737 350 sed
1762 319 1969 360 occultavit,
2004 322 2116 357 immo

1129 367 1269 401 collusit
1293 380 1372 401 cum
1398 367 1571 407 inimicis,
1617 374 1651 400 et
1674 367 1878 412 prohibuit,
1918 385 1962 405 ne
1987 376 2117 408 caeteri

1127 420 1413 453 adversarentur.
1480 419 1553 453 Nec
1579 419 1767 462 cogitavit,
1809 418 1901 455 hanc
1938 423 2116 459 civitatem

1126 482 1219 510 esse,
1247 483 1315 515 qua
1334 477 1448 504 stante
1467 471 1587 514 etipse
1605 471 1792 505 incolumis
1808 480 1915 514 esset,
1944 481 1978 508 et
1994 475 2029 507 in
2048 490 2116 522 qua

1127 521 1200 554 eius
1226 528 1341 554 mater
1374 522 1567 567 sacrific-ula
1602 522 1741 563 suisset,
1779 532 1964 569 quaestum
1987 527 2119 562 faciens

1127 572 1198 605 suis
1216 573 1428 606 ceremoniis
1447 574 1488 605 ad
1509 571 1573 606 lios
1593 574 1757 614 alendos,
1785 582 1849 610 etc.

186 209 238 242 Sit
254 208 395 249 civitas,
423 221 492 254 qua
514 221 593 242 cum
614 207 785 243 vehemur
801 210 958 255 integra,

184 258 224 293 In
240 260 316 305 ipsa
332 259 464 293 amicos
479 272 652 306 quaerere
670 261 812 294 florenti
831 262 912 296 licet
926 263 970 309 ⁵).

84 319 223 353 Horum
249 318 340 353 nihil
353 317 546 354 Aeschines
570 321 613 353 ad
637 333 711 355 sese
726 322 764 355 in
780 322 956 367 legatione
973 323 1072 362 dixit,

83 372 143 404 sed
159 372 354 404 amicitiam
368 369 528 415 Philippi
553 373 722 415 praetulit
744 374 900 417 patriae,
924 375 1070 418 longum

118 455 149 483 5)
178 455 212 479 Hi
231 462 336 486 quoque
355 456 388 479 18
408 459 510 478 versus
529 453 555 477 in
575 454 780 485 epigrammatis
800 457 983 480 Melanthonis
1002 458 1073 487 apud

151 490 326 514 Gratliusium
356 490 402 514 lib.
417 489 461 512 111.
487 489 535 513 fol.
557 490 585 512 M
604 490 648 517 5.,
673 490 743 519 apud
767 490 940 514 vincentium
966 491 1009 516 lib.
1027 492 1072 516 lll.

150 524 198 549 fol.
213 526 235 548 L
252 525 278 548 8.
307 525 334 548 et
357 524 386 548 in
410 523 490 546 huius
510 523 592 552 Corp.
612 524 732 547 Reform.
758 525 822 550 Vol.
836 525 872 550 X.
898 533 922 555 p.
938 526 997 550 541.
1030 526 1072 549 in-

150 559 299 582 veniuntur
328 559 387 582 sine
415 558 471 581 ulla
498 557 624 581 lectionis
659 559 811 586 varietate,
838 561 950 589 excepto
976 560 1072 583 ultimo

150 600 250 621 versu,
270 593 297 616 in
317 599 369 622 quo
388 593 438 616 hae
457 592 682 623 epigrammatum
695 593 873 617 collectiones
890 600 938 623 pro
953 594 1072 624 florenti

145 627 258 652 habent:
283 627 415 658 florente.

79 798 119 838 2.
160 794 379 835 Solonis
410 795 615 848 elegia,
645 795 807 835 citata
833 795 1237 838 aDemosrhene
1267 799 1314 837 in
1340 799 1509 838 eadem
1539 801 1799 856 oratione7
1831 802 1887 842 de
1915 808 2119 858 causis,

284 872 414 913 quae
461 857 713 899 adferunt
753 861 970 901 exitium
1006 864 1194 915 reguis
1234 870 1280 904 et
1319 865 1529 918 magnis
1570 866 1900 923 civitatibus,

636 952 863 977 conversa
896 955 915 977 a
948 942 1168 991 Philippo
1205 944 1494 980 Melanthone
1521 946 1565 990 6).

203 1041 247 1069 Ex
262 1041 482 1079 prolegomenis
505 1046 648 1078 apparet,
673 1041 756 1070 huius
780 1043 893 1080 elegiae
903 1044 1178 1081 interpretationem
1193 1047 1392 1075 Melanthonis
1408 1053 1488 1074 certe
1513 1046 1712 1076 undevicesies
1728 1050 1892 1086 prodiisse,
1917 1062 2039 1090 quarum
2053 1056 2117 1084 edi-

69 1085 180 1113 tionum
208 1084 259 1113 has
281 1085 447 1123 quindecim
467 1084 628 1112 secundum
659 1094 769 1118 annos,
798 1086 900 1123 quibus
929 1086 1118 1124 prodierunt,
1154 1089 1307 1127 dispositas
1330 1090 1358 1117 in
1383 1090 1512 1116 manilius
1533 1089 1686 1119 habemus:
1724 1091 1758 1129 1)
1783 1091 1892 1123 Basil.
1911 1094 2005 1126 1541.
2038 1100 2100 1127 Fol.

70 1126 106 1165 2)
135 1123 358 1156 W·ceb.1542.
389 1127 438 1162 8.,
467 1125 503 1163 3)
532 1122 642 1155 ΠίἸεό.
661 1125 753 1156 1545.
776 1127 825 1163 8.,
862 1129 896 1165 4)
924 1127 1085 1167 Anlverp.
1109 1130 1201 1161 1545.
1241 1132 1288 1169 S.,
1323 1131 1359 1169 5)
1389 1128 1503 1160 lVe'ceb.
1530 1131 1619 1163 1546.
1649 1133 1697 1169 8.,
1732 1134 1769 1172 6)
1790 1134 1900 1166 Basil.
1925 1137 2017 1169 1549.
2041 1121 2116 1179 F01.’‚

69 1170 105 1207 7)
137 1166 248 1198 Witeb.
265 1169 359 1199 1550.
390 1169 436 1206 8.,
478 1169 515 1207 8)
544 1165 655 1197 Witcb.
674 1168 768 1198 1551.
799 1170 848 1207 8.,
883 1170 920 1208 9)
946 1169 1065 1210 Tigur.
1080 1172 1174 1203 1559.
1198 1176 1279 1210 F01.‚
1318 1174 1358 1204 10
1381 1180 1410 1202 et
1435 1174 1489 1210 11)
1519 1171 1635 1204 Witeb.
1661 1176 1751 1207 1560.
1783 1179 1812 1208 S.
1848 1180 1878 1207 in
1901 1181 2011 1210 duobus
2036 1185 2114 1213 libris

71 1213 210 1241 diversis:
243 1213 271 1240 in
288 1213 512 1250 Epigrammatis
536 1218 564 1239 et
587 1212 709 1249 Scriptis
732 1213 873 1250 publiciS‚
904 1213 959 1248 12)
984 1214 1080 1253 Lips.
1096 1215 1189 1246 1562.
1213 1217 1263 1254 S.‚
1295 1216 1348 1255 13)
1372 1214 1484 1246 Witeb.
1502 1216 1594 1247 1563.
1617 1219 1663 1256 S„
1695 1219 1751 1258 14)
1772 1219 1930 1253 Danti-sc.
1946 1224 2037 1255 1570.
2072 1227 2114 1261 4.,

73 1254 128 1294 15)
145 1253 240 1292 Lips.
256 1254 350 1284 1579.
373 1255 420 1291 S.,
443 1264 514 1291 quas
538 1254 679 1281 editiones
702 1255 730 1282 in
754 1255 808 1282 hac
832 1262 928 1284 nostra
952 1258 1020 1286 solis
1042 1268 1183 1288 annorum
1208 1262 1336 1288 numeris
1359 1261 1594 1298 significabimus,
1618 1262 1689 1289 duas
1708 1270 1804 1292 autem
1820 1266 1996 1297 anni1545.
2020 1270 2116 1297 initia-

68 1297 144 1326 libus
168 1298 297 1325 locorum
320 1298 426 1324 litteris
449 1294 494 1325 A.
509 1302 539 1324 et
558 1292 620 1332 W,
651 1296 782 1334 duasque
805 1299 875 1325 anni
901 1298 995 1328 1560.
1026 1302 1105 1339 siglis
1135 1304 1258 1330 duorum
1283 1303 1421 1331 librorum
1445 1302 1510 1340 Ep,
1542 1303 1790 1345 (Epigrammata)
1819 1314 1849 1336 et
1872 1306 1945 1338 ΕΜ..
1983 1310 2114 1350 (Scripta

72 1337 223 1379 publica),
246 1340 295 1368 ubi
318 1340 463 1367 diversam
488 1338 596 1366 habent
621 1338 794 1377 lectionem,
818 1340 1042 1378 distinguemus.

120 1431 203 1467 Non
218 1432 343 1465 urbem
362 1431 483 1476 superi
503 1431 651 1475 cupiunt
669 1438 827 1466 evertere
842 1439 1017 1476 nostram,

169 1482 216 1516 Et
231 1483 335 1516 nobis
347 1510 356 1523 ,
382 1482 451 1516 nisi
473 1482 543 1516 sint
559 1483 706 1516 numina
724 1483 817 1517 laesa
829 1511 838 1524 ,
865 1485 998 1520 favent.

118 1535 168 1568 Ac
186 1541 329 1568 nostrae
347 1534 379 1581 ⁷)
404 1539 520 1567 custos
538 1534 628 1568 arcis
646 1534 812 1567 Tritonia
829 1535 959 1577 Pallas,

168 1586 346 1630 Perpetua
365 1597 448 1618 cura
466 1585 607 1618 moenia
626 1592 749 1619 nostra
765 1586 862 1630 tegit.
1086 1609 1090 1634 ¹

117 1636 187 1682 Ipsi
204 1638 264 1670 sed
283 1637 437 1681 patriam
455 1637 633 1670 sceleratis
648 1637 826 1671 mentibus
844 1637 939 1670 ultro
1086 1635 1090 1659 ¹

169 1688 355 1721 Conantur
373 1688 464 1721 cives
480 1688 674 1721 dilacerare
693 1700 806 1722 suam.
1085 1664 1090 1727 i

115 1739 208 1774 Nam
225 1739 341 1784 pretio
358 1739 504 1784 quidam
520 1740 679 1773 vendunt
695 1740 858 1785 legesque
869 1741 1060 1786 fidemque,
1084 1728 1088 1813 ἒ

1170 1435 1426 1483 Diripiuntque
1444 1437 1489 1485 12)
1515 1440 1613 1474 urbis
1638 1441 1856 1485 patrimonia
1883 1445 2024 1489 publica
2050 1460 2114 1482 no-

1430 1496 1523 1523 strae
1537 1517 1546 1530 ‚

1218 1537 1265 1571 Et
1281 1539 1348 1572 sibi
1368 1540 1510 1575 divitias
1527 1542 1634 1587 vique
1652 1543 1807 1590 doloque
1825 1554 1966 1590 parant.

1166 1588 1213 1623 Et
1227 1602 1302 1623 non
1319 1589 1477 1625 Iustitiae
1492 1594 1691 1627 formidant
1708 1608 1842 1630 numen
1861 1604 1894 1630 et
1911 1599 2003 1632 iram
2023 1600 2081 1647 ¹³),

1220 1640 1386 1676 Consiliis
1403 1656 1571 1687 superum
1591 1658 1681 1690 quae
1699 1646 1774 1680 Dea
1792 1661 1932 1693 semper
1950 1652 2060 1686 adest.

1166 1692 1262 1725 Haec
1280 1694 1391 1728 oculis
1410 1695 1522 1728 cernit
1538 1696 1767 1740 vigilantibus
1786 1700 1907 1734 omnia
1923 1703 2028 1743 facta,

1216 1744 1331 1778 Nemo
1349 1752 1449 1789 putet
1466 1747 1540 1779 falli
1556 1749 1706 1782 numina
1723 1750 1768 1795 l²⁴)
1790 1763 1892 1795 posse
1909 1753 2038 1788 Deum.

1164 1793 1210 1827 Et
1228 1797 1391 1840 quamvis
1407 1809 1539 1840 poenas
1557 1799 1676 1832 differt
1695 1801 1902 1846 aliquando,
1929 1811 2107 1851 tacetque:

1216 1846 1336 1880 Mente
1350 1854 1470 1881 tamen
1489 1851 1642 1883 memori
1658 1851 1749 1884 facta
1769 1854 1923 1888 nefanda
1942 1863 2055 1891 notat.

1162 1895 1281 1941 Exigit
1298 1905 1332 1931 et
1350 1900 1495 1934 tandem
1512 1914 1665 1945 poenas,
1693 1915 1767 1936 non
1784 1917 1892 1949 regna
1910 1919 1975 1940 nec
1999 1909 2105 1944 urbes

1212 1948 1398 1993 Effugiunt
1416 1952 1551 1993 clades,
1580 1967 1667 1999 quas
1687 1967 1870 1997 meruere,
1898 1970 2034 2002 graves.

1160 1999 1252 2033 Hinc
1282 2002 1367 2036 urbs
1398 2003 1533 2037 divitiis
1567 2006 1749 2050 quondam
1786 2008 2009 2056 imperioque
2047 2024 2103 2045 su-

1416 2055 1525 2098 perba
1539 2082 1547 2095 ‚

167 1791 305 1824 Aurum
326 1791 388 1836 qui
407 1790 506 1824 nullo
524 1790 601 1823 iure
621 1792 802 1836 modoque
821 1797 947 1835 petunt
964 1791 1008 1838 S).

114 1842 306 1876 Saevitiam
324 1847 506 1881 exercent,
533 1842 749 1888 rapiuntque
770 1843 960 1887 tyrannida
981 1844 1058 1888 qui-

374 1894 456 1926 dam
473 1892 504 1939 ⁹)
516 1920 525 1933 ‚

161 1944 291 1979 Induat
308 1951 348 1978 ut
363 1945 474 1979 iustus
492 1944 626 1978 civibus
645 1957 743 1977 arma
762 1945 878 1979 dolor.

111 1998 200 2031 Pars
236 1997 354 2031 studet
384 2003 419 2030 et
453 1995 584 2030 sarcire
612 1995 656 2043 ¹⁰)
700 1996 892 2030 domestica
923 1998 1052 2030 damna

367 2048 504 2094 rapinis
515 2075 524 2089 ‚

162 2098 334 2135 Exhausit
351 2100 484 2145 patrias
501 2098 545 2146 ¹¹)
565 2111 644 2132 cuin
663 2099 755 2132 male
772 2099 874 2133 luxus
893 2112 989 2144 opes.

94 2187 125 2216 6)
146 2187 220 2210 Haec
236 2185 343 2216 quidem
357 2181 447 2215 elegia
460 2184 514 2208 iam
530 2183 602 2207 inter
617 2183 680 2209 Mel.
694 2182 816 2206 carmina
833 2182 860 2205 in
878 2182 956 2206 liuius
970 2183 1051 2213 Corp.

129 2222 252 2246 Reform.
279 2220 343 2244 Vol,
358 2219 393 2243 X.
416 2220 504 2249 p.554
516 2225 557 2248 sq.
580 2220 621 2241 est
644 2223 760 2242 recusa:
793 2219 914 2240 attamen
940 2219 1052 2246 propter

127 2256 255 2280 lectionis
270 2254 433 2278 varietatem
447 2253 495 2276 illo
512 2254 571 2277 loco
588 2253 704 2276 maxima
721 2259 753 2275 ex
771 2254 849 2281 parte
874 2252 1004 2275 omissam
1025 2254 1052 2276 et

127 2293 187 2314 tres
206 2291 282 2315 locos
296 2289 353 2312 illic
366 2289 486 2312 mutatos
501 2288 525 2312 Ιι,
542 2288 560 2312 l.
580 2293 639 2311 eam
658 2288 757 2311 iterum
775 2287 877 2310 damus.

93 2325 124 2353 7)
150 2325 278 2352 nostrae]
303 2323 341 2346 sic
364 2323 430 2346 illae
455 2322 538 2345 Editt.
566 2328 677 2352 omues,
706 2323 820 2351 excepta
845 2321 894 2345 Ed.
911 2321 984 2345 1545.
1005 2322 1049 2351 Α,7

129 2365 198 2390 quae
216 2359 312 2382 habet:
332 2359 437 2381 nostra.

92 2395 122 2422 8)
150 2395 252 2417 Aurum
276 2405 310 2410 —-
334 2391 455 2422 petunt]
481 2391 522 2415 sic
547 2397 640 2415 omues
666 2390 730 2414 illae
749 2390 833 2414 Editt.
862 2391 972 2419 praeter
998 2390 1048 2413 Ed.

125 2428 218 2458 1546..
244 2427 288 2450 ubi
313 2427 443 2457 leguntur
467 2427 546 2450 liaeo:
573 2425 641 2450 Auri
668 2431 735 2454 quos
759 2425 863 2448 cruciat
890 2430 943 2447 uon
970 2426 1048 2448 satu-

1209 2103 1353 2137 Servitii
1369 2106 1505 2150 patitur
1523 2107 1637 2141 tristia
1657 2108 1735 2142 iura
1753 2111 1875 2145 modo.

1156 2153 1229 2188 Aut
1246 2155 1363 2188 rabidi
1388 2157 1480 2191 cives
1508 2158 1544 2190 in
1562 2165 1685 2193 mutua
1706 2161 1854 2195 vulnera
1871 2163 2051 2208 stringunt

1209 2206 1343 2240 Exorta
1369 2208 1506 2252 gladios
1523 2211 1698 2244 seditione
1715 2225 1809 2247 suos.

1155 2257 1228 2291 Aut
1243 2259 1380 2293 validos
1398 2258 1516 2295 hostes
1532 2262 1607 2295 sine
1626 2274 1728 2297 causa
1743 2265 1834 2297 forte
1850 2264 2040 2307 lacessunt,

1206 2310 1443 2357 Sopitumque
1461 2320 1606 2347 movent
1624 2316 1721 2360 quod
1741 2316 1807 2348 fuit
1824 2322 1906 2349 ante
1923 2318 2070 2353 malum.

124 2463 213 2486 randa
237 2462 334 2486 sames,
1071 2463 1075 2492 Ι

90 2498 120 2526 9)
148 2497 311 2527 rapiuntque
328 2494 478 2526 tyrannida
497 2494 619 2525 quidam]
639 2494 681 2517 sic
697 2493 763 2517 illae
781 2493 864 2517 Editt.
884 2499 995 2523 omnes;
1019 2493 1046 2516 in

122 2531 201 2556 huius
219 2532 300 2561 Corp.
320 2530 441 2554 Reform.
460 2530 523 2553 Vol.
540 2529 575 2552 X.
600 2536 624 2559 p.
640 2529 698 2552 554.
725 2534 774 2558 pro
801 2529 849 2555 iis,
875 2528 967 2551 nescio
993 2534 1046 2558 qua
1070 2518 1072 2566 ἑ

124 2566 308 2595 auctoritate,
325 2565 430 2594 scripta
452 2565 516 2587 sunt
536 2564 614 2587 haec:
635 2565 661 2587 et
679 2563 770 2586 tristia
788 2563 902 2587 crimina
921 2563 1021 2586 caedis
1069 2574 1071 2600 ἐ

90 2602 136 2629 10)
167 2600 287 2628 sarcire]
314 2600 355 2623 sic
378 2600 443 2623 illae
467 2599 551 2622 Editt.
578 2604 689 2628 omneS‚
716 2598 837 2627 exceptis
864 2597 947 2621 Editt.
968 2597 1043 2621 1560.

122 2637 187 2667 Εμ,
216 2635 308 2665 1563.,
337 2634 381 2658 ubi
395 2633 516 2664 legitur:
547 2633 670 2662 sancire,
690 2637 786 2655 errore
800 2635 928 2662 typogr.‚
953 2630 997 2662 qui
1017 2631 1043 2654 in

123 2671 173 2694 hoc
192 2670 273 2699 Corp.
294 2670 310 2693 Ι.
331 2670 348 2692 l.
367 2669 439 2692 male
457 2674 573 2692 recusus
594 2669 645 2691 est.

90 2705 136 2731 11)
163 2704 284 2734 patrias]
309 2705 349 2727 sic
373 2710 467 2727 omnes
493 2703 558 2727 illae
577 2702 659 2726 Editt.
679 2703 790 2731 praeter
814 2701 955 2726 Ed.1560.
982 2700 1041 2731 Ep„
1064 2704 1069 2737 J

121 2744 191 2769 quae
209 2739 304 2762 habet:
323 2739 404 2769 patri.

1139 2475 1184 2503 12)
1210 2476 1416 2508 Diripiantque]
1440 2479 1488 2502 Ed.
1506 2480 1579 2503 1560.
1604 2483 1680 2504 sen:
1708 2481 1897 2514 Dicipiuntque
1917 2483 2027 2515 (errore
2047 2488 2094 2517 ty-

1167 2517 1245 2542 pogr.
1265 2513 1310 2536 vel
1330 2519 1380 2543 pro
1399 2513 1590 2544 Diripiantque
1613 2516 1657 2539 vel
1676 2516 1899 2550 Decipiuntque).

1133 2569 1297 2611 lin-numen
1317 2573 1344 2595 et
1362 2572 1454 2601 iram]
1473 2573 1512 2597 sic
1528 2574 1611 2599 Editt.
1629 2575 1715 2607 1541„
1737 2577 1810 2600 1545.
1829 2579 1873 2609 Α..
1894 2579 1985 2610 1549.,
2006 2581 2092 2613 1554„

1168 2606 1253 2644 lo59.,
1275 2607 1359 2637 1560.,
1380 2608 1466 2637 1562..
1489 2609 1579 2637 1563..
1601 2610 1693 2638 1570..Δ
1714 2610 1788 2636 1579.
1808 2613 1835 2635 et
1853 2613 1903 2636 hoc
1918 2613 1998 2644 Corp.
2024 2616 2042 2638 l.
2061 2617 2091 2648 l.;

1163 2640 1247 2664 Editt.
1264 2641 1352 2671 1542,
1372 2642 1445 2666 1545.
1464 2643 1513 2668 W.
1525 2660 1532 2673 ,
1555 2644 1647 2676 1546.‚
1668 2645 1740 2669 1550.
1761 2645 1876 2670 vindicis
1895 2647 1972 2672 iram.

1130 2701 1176 2728 14)
1195 2700 1319 2730 numina]
1340 2702 1380 2725 sic
1399 2708 1494 2727 omues
1514 2703 1578 2728 illae
1596 2704 1698 2736 Editt.‚
1724 2708 1839 2737 excepta
1856 2707 1905 2733 Ed.
1921 2708 2013 2738 1511..
2042 2708 2089 2736 ubi

1170 2735 1284 2766 legitur:
1306 2736 1418 2762 lumina.
