2351 2990
183 809 348 851 xxxL
413 809 512 849 PH.
556 808 710 848 MEL.
756 806 1175 848 ENARRA'PIO
1223 808 1421 849 LIBRI
1466 808 1722 851 DECIMI
1761 809 2217 857 INSTITUTIO-

597 891 743 933 NUM
781 890 1305 932 ORATORIARUM
1344 892 1810 942 QUINTILIANI.

182 1018 244 1075 Illi
269 1046 438 1083 paraphrasi
462 1045 612 1072 Plininnae
636 1043 823 1081 praefationis
847 1044 979 1080 proxime
1002 1045 1183 1072 annectimus
1206 1043 1401 1072 Melantlionis
1424 1045 1629 1073 annotationes
1654 1046 1682 1072 in
1705 1046 1786 1074 Fabii
1803 1047 1977 1080 Quintiliani
2000 1048 2213 1078 institutionum

182 1091 371 1119 oratoriarum
397 1088 500 1115 librum
525 1087 684 1122 decimum,
716 1095 792 1123 quae
816 1087 843 1113 in
869 1087 956 1113 hocce
980 1087 1168 1114 imeninntnr
1191 1087 1281 1114 libro:

310 1146 352 1175 In
374 1144 422 1175 M.
450 1143 547 1173 [fabii
568 1143 775 1182 Quinrilt'ani
798 1142 1054 1173 Insle‘lutionnm
1086 1142 1223 1174 Librum
1248 1144 1440 1179 Decimum,
1472 1143 1749 1174 Doctisst'morum
1783 1145 1941 1176 Virorum
1969 1150 2215 1186 annotationes,

351 1188 477 1227 Jchpe
502 1186 656 1226 Philippi
679 1184 917 1216 Melanthouis.
973 1186 1111 1216 Ioannis
1146 1187 1378 1218 Vellem-ionis.
1431 1187 1569 1216 Ioannis
1599 1186 1750 1228 Sligeltj.
1802 1187 1963 1228 Casparis
1995 1189 2216 1232 Landsidelg'j.

351 1231 485 1261 Summo
509 1230 618 1259 studio
643 1239 683 1258 ac
706 1230 878 1268 singulari
900 1240 984 1267 erga
1008 1230 1215 1268 eloquentiae
1246 1230 1411 1258 studiosos
1435 1227 1512 1268 side
1542 1230 1717 1266 collectae,
1755 1233 1790 1259 in
1820 1232 1970 1262 ordinem
1999 1233 2152 1272 digestae
2182 1239 2214 1264 et

351 1274 492 1303 creditae.
547 1272 612 1302 Per
634 1272 681 1302 M.
709 1272 913 1312 Stephanum
936 1272 1101 1302 Riccium.
1142 1274 1181 1313 (c.
1205 1275 1308 1311 insigni
1334 1272 1463 1311 typogr.)
1487 1289 1530 1294 -—
1564 1274 1610 1311 (ln
1636 1275 1695 1302 siue
1717 1275 1860 1313 Praesto.)
1892 1274 1944 1305 M.
1959 1274 2004 1305 D.
2021 1276 2148 1308 LXX,
2171 1293 2214 1299 -

352 1319 398 1354 (ln
424 1318 482 1345 fine
507 1317 601 1354 liliri2)
625 1317 703 1345 Finis
726 1319 950 1345 Anuomtionum
975 1318 1002 1344 in
1027 1317 1062 1344 X.
1090 1318 1192 1344 librum
1218 1317 1316 1353 Fabij,
1346 1315 1538 1354 lupi-essum
1563 1318 1723 1353 impensis
1747 1315 1864 1345 Iacobz·
1881 1317 2014 1357 Apelg'j,
2038 1317 2212 1357 Bibliopo—

351 1361 404 1389 lae
424 1360 608 1397 Lipsensis.
651 1359 682 1389 S.
727 1359 770 1388 34
794 1361 909 1397 plagg„
935 1361 989 1388 litt.
1015 1362 1034 1387 A
1061 1359 1194 1397 (¹021‘¹·)
1216 1364 1245 1387 et
1268 1360 1386 1395 A—Z,
1409 1360 1492 1387 a—l
1518 1358 1603 1397 (l1s²
1623 1359 1677 1397 pl.)
1700 1360 1772 1395 sign.
1797 1360 1833 1397 (4
1850 1360 1914 1390 soll.
1938 1372 1994 1389 non
2019 1372 2098 1391 num.
2120 1372 2211 1401 prae-

354 1411 399 1433 ter
424 1404 551 1431 Iudicem
577 1409 653 1431 cont.
681 1403 769 1430 Riccii
794 1403 944 1439 epistolam
971 1404 1207 1439 nuncupatoriam
1238 1401 1274 1428 ad
1298 1401 1538 1439 christophorum
1561 1402 1807 1430 Lauterhacliiuin
1832 1402 1951 1432 Octobr.
1973 1414 1999 1432 a.
2025 1403 2118 1433 1570.
2141 1406 2213 1433 scri-

351 1454 445 1485 ptam3
475 1445 618 1475 2681011.
644 1456 721 1474 num.
746 1445 909 1482 Explicatio
933 1445 968 1473 X.
993 1445 1069 1472 Libri
1094 1445 1280 1479 Quintiliaui5
1310 1444 1362 1473 ult.
1388 1455 1453 1482 pag.
1477 1444 1566 1480 vam).
1610 1444 1689 1472 Haec
1713 1445 1778 1472 libri
1792 1445 1828 1474 X.
1852 1447 2008 1482 explicatio
2031 1448 2072 1475 sic
2095 1453 2139 1475 est
2163 1449 2209 1475 in-

351 1496 476 1522 structa,
501 1496 547 1524 ut,
573 1490 630 1516 vita
655 1488 825 1520 Quintiliani
850 1494 877 1515 et
903 1487 1130 1524 prat-sationibus
1148 1487 1360 1523 Melantltonis,
1384 1488 1516 1524 Sssgelii,
1541 1487 1723 1514 Volent-ionis
1748 1494 1777 1515 et
1800 1487 1979 1517 Landsidelii
2002 1490 2032 1517 in
2056 1490 2160 1518 libi-nm
2175 1490 2213 1519 X.

347 1532 469 1564 Quintil.
495 1531 673 1567 praemissis,
698 1536 794 1557 textus
818 1530 902 1557 liuius
926 1531 989 1557 libri
1013 1531 1185 1557 exhibeatur
1209 1531 1235 1556 in
1260 1528 1301 1557 27
1325 1531 1479 1566 particulas
1504 1530 1628 1566 divisus,
1652 1539 1772 1567 quarum
1796 1540 1941 1568 quamque
1964 1531 2071 1559 scholia
2096 1533 2211 1560 Melan-

347 1574 460 1610 tliouis,
482 1573 611 1610 Stigelii,
640 1573 824 1600 Volvurionis
849 1579 877 1600 ct
901 1572 1096 1608 Landsidelii‚
1121 1582 1195 1610 quae
1219 1572 1255 1599 ad
1279 1581 1341 1599 eam
1366 1573 1532 1610 pertinent,
1561 1572 1701 1610 deinceps
1726 1579 1897 1610 sequuntur.
1942 1575 2071 1613 Singulis
2093 1576 2211 1605 scholiis

348 1617 435 1644 verba
459 1616 648 1653 Quintiliani,
676 1616 712 1643 ad
737 1625 810 1652 quae
835 1621 984 1653 spectant,
1012 1616 1147 1652 praefixa
1170 1620 1246 1644 sunt.

175 1678 335 1716 Epistulam
359 1677 436 1703 illam
462 1677 700 1713 nuncupatoriam
726 1676 844 1703 editoris
868 1676 897 1704 h.
921 1676 939 1702 l.
964 1674 1160 1703 Melanthonis
1184 1675 1390 1702 commentario
1414 1675 1644 1712 praemittimus,
1674 1684 1711 1703 ex
1735 1684 1790 1712 qua
1812 1675 1906 1703 lector
1925 1675 2010 1704 huius
2033 1676 2099 1704 libri
2121 1677 2210 1715 origi-

178 1731 245 1749 nem
270 1725 432 1757 cognoscat.

178 1812 339 1842 lfa-imino
363 1813 436 1849 spei
457 1810 720 1849 praeclaraeque
742 1810 868 1839 indolis
892 1809 1126 1845 Adolescenti,
1164 1808 1418 1849 Christopltom,
1459 1808 1676 1839 ornatissimi
1702 1811 1771 1838 viri
1793 1808 1838 1839 D.
1864 1808 2092 1840 Bar-tholomei
2114 1810 2208 1841 Lau-

216 1853 385 1884 terbachii
407 1853 582 1883 Illuslrt'ss.
607 1852 646 1882 Ρ]
657 1855 778 1890 incipis
807 1851 970 1882 Elector-is
993 1853 1148 1892 Augusti
1171 1852 1279 1882 Ducis
1304 1854 1479 1882 Saoeom'cte
1504 1859 1563 1883 etc.
1608 1852 1826 1891 Burggrave'z'
1846 1851 2164 1892 Magdebmgense's,

623 1895 920 1935 Archiquaestoris
936 1894 1030 1935 silio.
1075 1895 1124 1926 M.
1149 1894 1344 1936 Stephanus
1366 1895 1506 1926 Riccius
1594 1894 1628 1925 S.
1651 1894 1696 1925 D.
1719 1895 1758 1926 P.

303 1958 451 1990 Quantum
475 1956 586 1984 reserat
611 1957 638 1983 in
662 1956 786 1984 dicendo
809 1957 845 1984 ad
868 1966 961 1993 genus
985 1958 1121 1985 orationis
1145 1958 1222 1995 quod
1247 1963 1275 1985 et
1299 1964 1409 1986 tersum
1433 1958 1486 1993 sit,
1510 1962 1539 1984 et
1563 1958 1664 1993 rebus,
1689 1966 1760 1994 quas
1772 1956 1907 1993 proferre
1922 1956 2070 1993 volumus,
2092 1966 2207 1985 accom-

174 2000 320 2028 modatum
344 2000 494 2027 assuefieri
520 2000 565 2026 vel
590 2008 625 2026 ex
652 1999 704 2026 hoc
727 2010 783 2026 nno
806 2000 996 2037 intelligitur,
1032 2010 1096 2028 cum
1122 2001 1339 2036 consideratur,
1372 2010 1422 2028 cur
1445 2002 1481 2028 ab
1504 2000 1662 2027 Aristotele
1685 2006 1714 2027 et
1738 2000 1879 2026 Cicerone
1902 1999 2009 2026 dictum
2034 1999 2086 2036 sit,
2118 2001 2206 2029 verba

173 2052 239 2071 esse
264 2052 361 2071 rerum
385 2048 467 2069 notas
490 2051 539 2069 seu
565 2043 706 2078 symbola.
751 2043 790 2071 Ut
815 2043 891 2070 enini
916 2043 939 2070 si
963 2043 1030 2080 quid
1057 2049 1100 2070 est
1125 2044 1151 2070 in
1177 2044 1267 2080 notis,
1292 2043 1368 2081 quod
1394 2043 1439 2071 vel
1464 2052 1519 2070 non
1545 2042 1613 2069 satis
1637 2042 1681 2078 id,
1711 2042 1787 2079 quod
1805 2042 1961 2069 notandum
1977 2046 2039 2079 est,
2062 2043 2205 2080 designat,

172 2086 219 2113 vel
243 2085 333 2113 fallax
360 2091 403 2113 est
428 2093 456 2113 et
480 2094 603 2121 anceps,
642 2086 773 2112 notitiam
798 2085 937 2122 impedit,
977 2096 1033 2124 quo
1066 2087 1159 2113 minus
1185 2086 1293 2124 liquido
1318 2096 1383 2123 res,
1421 2095 1495 2122 quae
1520 2090 1651 2121 notatur,
1682 2084 1775 2111 teneri
1799 2085 1903 2121 possit:
1942 2085 1999 2120 ita,
2030 2085 2083 2112 nisi
2106 2094 2200 2113 sermo

173 2138 258 2166 quain
283 2128 447 2165 aptissimus
470 2128 507 2154 ad
531 2137 577 2154 res
601 2128 793 2165 exponendas
816 2128 1003 2164 adhibeatur,
1041 2129 1215 2166 regulariter
1238 2129 1370 2156 accidere
1392 2129 1483 2162 solet,
1518 2133 1550 2155 ut
1573 2136 1620 2154 res
1650 2126 1789 2163 impedita
1821 2127 1995 2155 obscuritate
2025 2136 2081 2154 non
2112 2128 2202 2165 possit

173 2173 229 2207 ita,
261 2177 291 2198 ut
315 2171 456 2207 debvbat,
479 2170 624 2207 intelligi,
649 2176 697 2198 aut
721 2171 832 2198 etiamsi
857 2176 1003 2208 utcunque
1028 2170 1093 2199 ltine
1117 2171 1186 2199 inde
1211 2173 1273 2200 sine
1297 2172 1432 2207 delectu,
1455 2178 1484 2199 et
1507 2171 1570 2198 sine
1592 2170 1696 2196 iudicio
1719 2170 1845 2197 consutis
1868 2176 1956 2207 atque
1974 2171 2118 2207 usurpatis
2135 2179 2202 2198 ver-

172 2215 215 2241 bis
238 2214 382 2241 sententia
407 2213 648 2241 animadvertitur
674 2212 862 2250 (quamquain
887 2214 924 2241 de
948 2223 983 2241 ea
1006 2215 1066 2251 ipsa
1092 2224 1148 2241 non
1174 2224 1237 2241 raro
1261 2215 1449 2242 divinandum
1474 2212 1544 2251 est),
1567 2213 1709 2249 ingratum
1730 2217 1827 2240 tamen
1852 2213 1888 2240 sit
1913 2213 2029 2250 liuguae
2051 2214 2148 2250 perito
2172 2212 2202 2240 id

174 2258 284 2293 ipsum,
309 2257 384 2293 qnod
409 2266 473 2283 cum
499 2265 555 2282 non
580 2264 613 2282 ea
638 2256 807 2293 integritate
830 2257 882 2291 sit,
907 2266 962 2293 qua
986 2266 1051 2283 esse
1074 2262 1207 2294 poterat,
1238 2258 1331 2284 minus
1354 2263 1509 2284 venustum
1533 2260 1595 2290 est,
1627 2261 1656 2282 et
1680 2255 1774 2282 minus
1798 2255 1955 2283 ineundum
1978 2260 2008 2283 et
2031 2255 2113 2284 velut
2135 2265 2201 2283 cor·

174 2309 228 2335 pus
251 2299 347 2336 aliqua
371 2299 415 2325 sui
439 2306 522 2335 parte
546 2298 697 2335 insigniter
723 2299 855 2326 laborans
879 2299 965 2326 facile
991 2300 1118 2326 morbum
1142 2300 1268 2337 aliquem
1294 2299 1399 2336 prodit.

306 2341 383 2368 Haec
407 2348 503 2368 autem
529 2341 593 2367 iden
618 2350 828 2378 commemoro,
859 2351 915 2368 non
939 2342 1016 2379 quod
1042 2342 1128 2369 veliin
1153 2342 1253 2370 durius
1279 2342 1469 2379 pronuntiare
1493 2340 1530 2367 de
1553 2340 1603 2376 iis,
1641 2340 1689 2376 qui
1713 2339 1781 2367 dum
1806 2339 1956 2377 iniquitate
1977 2339 2103 2377 quadam
2126 2344 2202 2367 tem-

176 2392 278 2419 porum
305 2384 541 2420 praeceptoribus
565 2383 676 2410 idoneis
700 2389 871 2420 caruerunt,
902 2385 993 2412 coacti
1012 2384 1131 2411 suerunt
1156 2393 1221 2412 esse
1245 2385 1390 2420 contenti,
1419 2384 1442 2410 si
1465 2391 1647 2410 communem
1669 2382 1812 2420 aliquam,
1848 2389 1877 2410 et
1902 2392 1957 2409 non
1982 2383 2072 2421 plane
2095 2383 2201 2410 barba-

173 2425 259 2451 ricam
285 2425 423 2461 loquendi
447 2426 614 2453 saeultatem
639 2434 870 2463 assequerentur
895 2426 960 2465 (eos
984 2428 1060 2454 enim
1084 2427 1171 2454 facile
1195 2433 1314 2455 excusat
1337 2426 1523 2454 institutionis
1547 2426 1640 2459 ratio,
1677 2426 1704 2451 in
1737 2434 1794 2462 qua
1823 2431 1943 2462 praeter
1972 2434 2051 2452 suam
2083 2425 2199 2461 culpam

173 2466 294 2494 suerunt
317 2477 332 2493 a
357 2468 469 2494 meliori
492 2468 625 2504 prosectu
651 2469 678 2495 in
704 2469 757 2496 hoc
780 2478 890 2506 genere
914 2470 1059 2507 exclusi),
1097 2469 1150 2496 sed
1182 2476 1211 2497 ut
1241 2470 1444 2497 adolescentes
1479 2478 1611 2495 moneam
1642 2477 1697 2494 non
1727 2467 1820 2495 obiter
1848 2468 1876 2494 in
1907 2467 1960 2494 hoc
1990 2467 2199 2495 elaborandum

172 2518 254 2544 esse,
285 2509 335 2536 sed
361 2510 428 2537 inde
453 2520 543 2547 usqne
567 2520 582 2537 a
607 2512 706 2548 primis
735 2512 818 2539 annis
847 2513 988 2539 acerrimo
1018 2513 1113 2540 studio
1143 2512 1268 2540 dandam
1300 2520 1437 2550 operam,
1474 2516 1505 2538 ut
1534 2510 1692 2538 tolerabilis
1722 2509 1825 2538 saltem
1854 2510 1970 2537 dicendi
1999 2509 2121 2536 facultas
2149 2517 2200 2536 ac-

171 2552 314 2589 quiratur.

301 2594 411 2626 Quibus
436 2603 503 2621 vero
527 2595 555 2621 in
580 2596 667 2623 rebus
691 2605 725 2624 ea
748 2597 883 2624 consistat
907 2603 936 2624 et
960 2607 1018 2635 quo
1042 2603 1126 2635 pacto
1151 2597 1312 2634 comparari
1334 2596 1440 2634 possit,
1472 2595 1600 2623 fideliter
1623 2600 1653 2622 ut
1675 2595 1748 2630 alia,
1780 2604 1836 2622 non
1860 2595 1953 2622 minus
1976 2594 2070 2621 exacti
2091 2593 2199 2630 iudicii,

172 2645 256 2674 quam
281 2637 435 2664 acutissimi
467 2637 576 2673 ingenii
599 2638 709 2666 Rlietor
733 2639 838 2667 Fabius
855 2638 883 2678 *)
908 2640 978 2667 libro
1001 2650 1116 2668 suarum
1140 2640 1357 2667 Institutionum
1381 2639 1417 2668 Χ.
1447 2638 1593 2676 ostendit,
1632 2647 1720 2675 quem
1750 2637 1806 2664 duo
1836 2637 1938 2664 summi
1970 2636 2038 2672 viri,
2075 2636 2199 2664 duarum

203 2775 235 2807 ss)
256 2777 356 2801 Fabius
379 2778 575 2807 Quintilianus.
