2294 2975
99 130 116 162 1
124 127 170 163 49
223 126 345 164 XXIII.

98 215 356 258 elegantissime
383 213 594 258 amplificata
623 220 674 247 est
701 213 974 247 circumstantiis
992 220 1025 247 et
1042 214 1090 246 as-

98 266 258 301 sectibus.
332 266 447 298 Porro
479 264 680 298 narrationi
714 265 954 309 praemittitur
984 266 1089 298 breve

93 317 281 351 exordium
316 317 506 361 figuratum
543 315 762 349 correctione
795 323 830 349 et
856 316 1089 350 translatione

90 369 188 403 mali.

331 443 474 477 Aliud
502 451 833 488 argumentum,

190 512 350 558 Epistola
377 519 447 552 est,
476 524 567 558 quae
596 518 735 546 constat
758 519 929 557 perpetua
958 524 1086 546 narra-

91 565 187 598 tione
207 565 248 598 de
275 564 420 609 indigna
449 576 488 596 ac
512 563 708 596 miserabili
724 570 840 597 morte
858 564 908 599 M.
926 564 1086 597 Marcelli

91 616 160 648 viri
181 615 327 660 optimi,
354 615 415 661 qui
440 615 631 659 impetrato
656 627 720 659 per
745 615 877 649 amicos
902 616 1037 656 reditu,
1065 627 1084 648 3

92 667 216 699 Marco
252 666 372 710 Magio
411 666 536 699 cliente
573 672 606 699 et
641 667 810 700 familiari
838 680 900 700 suo
929 667 1085 712 pugione

90 730 276 762 percussus
295 724 355 752 est.
410 717 463 750 De
483 715 589 751 huius
607 718 722 751 caedis
737 718 936 764 suspIcione
952 718 1084 752 Brutus

91 770 137 802 ad
171 769 380 802 Ciceronem
418 769 593 809 scribens,
635 769 822 803 Caesarem
856 776 1003 814 purgat,
1047 769 1085 802 in

92 832 198 866 quern
210 847 219 861 ,
247 820 385 854 etiamsi
403 820 539 854 insitliis
558 820 761 854 interfectus
778 827 867 855 esset
883 821 1085 861 Marcellus,

92 884 169 904 non
197 878 316 916 posset
351 872 474 905 cadere
507 872 578 904 11113
607 872 771 916 suspicio.
831 872 921 905 Vide
956 873 1085 917 episto-

90 924 162 956 lam
182 923 216 957 8.
247 923 329 956 libri
348 924 405 957 13.
430 924 475 955 ad
501 922 670 956 Atticum.
746 923 861 957 Porro
889 924 979 957 duae
1003 930 1085 957 sunt

92 981 233 1007 tantum
260 980 378 1018 partes
402 971 506 1006 liuius
534 974 715 1018 epistolae.
782 974 906 1008 Primo
932 975 1011 1008 loco
1035 981 1086 1009 est

90 1025 296 1065 exordium,
347 1025 444 1070 quod
486 1025 666 1069 aptissime
703 1025 855 1059 sumitur
895 1026 938 1059 ab
982 1039 1086 1070 argu-

90 1082 212 1109 mento
230 1076 444 1114 litterarum,
472 1076 660 1110 interserto
679 1077 757 1109 loco
774 1078 956 1111 communi
973 1078 1016 1110 de
1032 1079 1085 1110 in-

91 1127 289 1161 constantia
315 1139 435 1160 rerum
459 1124 711 1162 humanarum.
765 1127 903 1161 Deinde
925 1129 1085 1162 narratio

89 1178 268 1224 sequitur,
312 1190 402 1223 quae
435 1175 622 1211 historiam
656 1178 815 1212 continet
841 1180 883 1212 de
908 1187 1024 1212 morte
1053 1187 1086 1213 et

90 1230 269 1274 sepultura
286 1228 458 1262 Marcelli.
511 1227 551 1260 In
568 1229 636 1262 fine
653 1235 792 1262 tantum
818 1230 967 1274 ponitur
992 1232 1085 1265 clau-

89 1282 164 1314 sula
184 1281 226 1313 de
243 1280 365 1313 officiis
383 1277 628 1314 humanitatis.

140 1373 463 1418 Argumentum
498 1380 540 1406 et
571 1370 749 1407 scholia
783 1375 828 1406 in
863 1373 1033 1418 episto-

480 1425 566 1457 lam
595 1423 684 1459 XIII.

192 1491 289 1524 Haec
325 1503 474 1536 sequens
505 1498 555 1525 est
578 1491 814 1525 Ciceroniana
835 1519 844 1533 ,
887 1492 1085 1537 splendida,

92 1543 292 1586 magnifica.
345 1541 594 1576 Consolatoria
612 1550 682 1583 est,
707 1549 741 1576 ct
762 1550 837 1576 tota
862 1551 1024 1577 versatur
1049 1544 1085 1576 in

91 1601 262 1638 perpetua
285 1592 547 1628 distributione.
600 1593 706 1627 Initio
726 1594 924 1628 instituitur
941 1595 1084 1628 reiectio

89 1657 153 1689 per
176 1644 480 1678 distributi0nem:
520 1645 593 1680 Nec
624 1646 756 1680 laetum
788 1653 928 1691 tempus
952 1647 1086 1679 littera-

90 1709 191 1737 rum,
216 1708 280 1729 nec
306 1701 430 1739 aptum
449 1696 541 1729 tristi
561 1698 715 1741 tempori
731 1697 887 1731 invenio.
941 1696 979 1730 Id
1005 1711 1085 1731 cum

91 1748 135 1780 sit
152 1748 299 1792 duplex,
336 1746 487 1779 alterum
512 1747 691 1788 reficitur,
729 1748 831 1781 alteri
847 1749 1014 1782 attexitur
1025 1749 1084 1795 ¹⁰⁰)

91 1799 184 1832 ratio
197 1825 205 1838 ,
233 1809 323 1844 quae
342 1798 501 1831 continet
517 1798 762 1841 gravissimam
782 1801 963 1844 querelam
984 1813 1086 1844 prae-

92 1850 199 1883 sentis
225 1856 355 1888 status,
399 1862 489 1894 quae
516 1849 623 1882 etiam
650 1850 900 1884 distributione
930 1858 1084 1884 constat:

93 1901 206 1935 Careo
234 1900 376 1940 amicis,
415 1900 586 1945 dignitate
621 1907 654 1934 et
681 1902 852 1946 potentia.
920 1901 1086 1947 Sequitur

91 1953 202 1985 altera
220 1964 303 1996 pars
319 1953 361 1985 de
379 1951 622 1985 consolatione
634 1979 642 1992 ‚
671 1964 761 1998 quae
779 1959 830 1986 est
846 1953 986 1996 duplex.
1018 1953 1087 1986 Re-

91 2003 166 2037 iicit
184 2005 277 2037 enim
299 2003 579 2037 consolationem
593 2030 601 2043 ,
631 2016 721 2049 quae
745 2004 898 2037 sumitur
916 2016 935 2036 3
956 2005 1086 2037 doctri-

90 2067 154 2093 na;
190 2054 343 2088 instituit
367 2055 538 2094 alteram,
576 2056 612 2088 in
639 2068 708 2101 qua
738 2056 827 2089 bene
848 2056 1027 2099 promittit
1043 2057 1086 2088 de

92 2107 223 2141 reditu.
276 2106 394 2151 Atque
419 2104 505 2140 haec
530 2113 580 2140 est
605 2108 700 2140 velut
720 2106 927 2151 principalis
956 2119 1087 2151 propo-

93 2158 174 2191 sitio
193 2157 375 2203 epistolae.
436 2157 630 2191 Adduntur
654 2158 812 2191 rationes
838 2170 878 2191 ex
903 2158 1086 2191 voluntate

93 2209 255 2243 Caesaris
280 2216 314 2242 et
339 2209 453 2242 forma
482 2209 709 2254 reipublicae.

97 2261 284 2304 pollicetur
303 2259 334 2293 ei
349 2272 411 2293 sua
429 2261 540 2294 officia
561 2261 602 2306 ¹).

197 2313 228 2358 ξ.
248 2313 280 2346 1.
323 2312 505 2352 Quaerenti
530 2314 614 2346 mihi
642 2310 786 2360 iamdiu]
820 2312 1017 2345 Exordium
1044 2312 1086 2345 ab

96 2363 385 2403 enumeratione,
413 2364 450 2395 in
477 2376 545 2409 qua
569 2364 736 2408 repudiat
757 2367 827 2397 duo
851 2376 979 2408 genera
996 2364 1087 2396 litte-

94 2427 237 2448 rarum:
274 2416 317 2447 de
342 2415 503 2448 secundis
522 2415 646 2455 rebus,
675 2422 709 2448 et
726 2414 756 2461 2)
780 2417 823 2448 de
842 2415 1086 2460 promittendo

94 2466 239 2499 auxilio.
306 2465 406 2497 Hanc
438 2472 575 2509 partem
611 2473 716 2511 auget
746 2466 1087 2500 commemoratione

94 2529 177 2550 suae
201 2516 423 2550 calamitatis.

786 2208 827 2242 In
861 2210 1086 2243 conclusione

138 2613 201 2641 100)
219 2612 365 2641 attexitur]
385 2613 433 2636 Ed.
455 2612 530 2636 1545.
550 2619 646 2637 errore
664 2615 790 2646 typogm
811 2614 949 2639 atteritur.

130 2656 162 2683 1)
189 2656 247 2680 Hoc
273 2658 463 2686 argumentum
493 2655 616 2679 exhibent
648 2657 735 2682 Editt.
762 2657 972 2687 1537—1554.‚
1000 2657 1085 2689 1557„

164 2690 255 2720 156⁰..
276 2690 489 2718 1565—1596..
511 2690 584 2713 1601.

134 2732 164 2760 2)
185 2733 226 2761 et]
246 2732 329 2757 Editt.
351 2733 442 2761 1545..
468 2733 542 2757 1560.
563 2732 589 2756 id
608 2734 657 2757 est.

399 126 707 162 ARGUMENTA
732 126 796 161 ET
825 127 1026 162 SCHOLIA
1054 127 1102 162 IN
1128 125 1275 161 EPIST.
1304 124 1416 161 FAM.
1446 125 1530 161 CIC.
1559 127 1646 163 LIB.
1664 128 1722 164 IV.
1749 130 1820 167 ΕΡ.
1842 134 2017 172 10—13.

2076 139 2146 175 150

1254 210 1284 256 ἓ.
1304 213 1338 246 3.
1376 215 1466 257 Eryo
1482 214 1542 248 hoc
1556 214 1724 263 ereptum]
1754 217 1943 254 Conclusio
1963 226 2110 260 exordii.

1253 265 1282 307 ᾖ.
1301 263 1335 298 4.
1372 265 1551 310 Reliquum
1581 267 1646 310 esi]
1689 267 1883 305 Transitio.
1988 278 2034 309 At
2049 276 2080 322 ³)
2102 291 2142 311 ea

1148 315 1295 359 quidem]
1324 314 1536 359 Occupatio:
1564 316 1671 351 Potes
1691 324 1722 351 te
1739 319 1854 363 ipsum
1875 324 2035 359 doctrina
2054 340 2138 360 con-

1144 364 1267 399 solari.
1368 369 1437 410 Eyo
1452 370 1536 413 quod
1553 370 1739 413 inlelliyere
1756 370 1805 417 4)]
1832 372 2037 418 Propositio
2055 391 2137 412 con-

1143 415 1351 458 solationis,
1380 430 1420 450 ex
1438 418 1591 451 utilitate
1607 426 1640 452 et
1657 421 1751 455 exitu
1768 423 1991 460 calamitatis.

1245 465 1275 511 §.
1292 466 1327 501 5.
1366 470 1489 503 Videor
1513 471 1613 515 mihi]
1646 471 1768 506 Prima
1793 475 1907 516 ratio,
1935 489 1954 510 a
1974 478 2135 514 Caesaris

1141 518 1336 553 voluntate.
1447 522 1584 554 Accedit
1608 521 1736 571 eodem]
1779 524 1940 561 Secunda
1965 529 2077 571 ratio,
2115 544 2134 565 3

1139 569 1355 613 reipublicae
1375 571 1590 606 conditione.

1244 618 1274 663 ἓ.
1290 620 1324 654 6.
1356 623 1466 655 Redeo
1488 623 1610 666 ὄψων]
1647 624 1849 668 Correctio,
1878 632 1975 675 quod
1997 632 2132 678 aliquid

1137 671 1326 714 promittat
1342 671 1385 718 5).

1243 720 1272 765 ἓ.
1287 723 1321 756 7.
1350 725 1551 757 Extremum
1569 725 1651 759 illud
1666 724 1730 773 est]
1759 728 1966 766 Consolatio
1986 745 2026 767 ex
2044 734 2130 769 locis

1138 768 1344 808 honestatis.

1366 864 1504 899 Aliud
1532 873 1906 919 argumentumss).

1240 940 1306 974 Hic
1322 948 1372 976 est
1388 941 1551 985 Nigidius
1568 942 1713 987 Figulus
1732 946 1782 993 ⁷),
1811 949 1853 981 de
1870 961 1940 994 quo
1961 957 2012 984 est
2036 954 2132 995 apud

1140 991 1351 1027 Suetonium
1368 993 1405 1026 in
1421 994 1493 1027 vita
1511 993 1828 1041 OctaviiAugusti:
1857 1000 1937 1045 Quo
1959 1008 2063 1036 natus
2083 1010 2134 1036 est

1140 1043 1196 1076 die
1220 1043 1371 1090 (inquit)
1392 1057 1471 1078 cum
1496 1045 1538 1078 de
1556 1046 1730 1081 Catilinae
1747 1050 1993 1086 coniuratione
2013 1065 2133 1097 agere-

1140 1101 1197 1128 tur
1222 1096 1259 1128 in
1283 1096 1400 1136 curia,
1440 1103 1474 1130 et
1489 1096 1660 1132 Octaxius
1687 1100 1732 1132 ob
1757 1103 1878 1136 uxoris
1901 1105 2132 1148 puerperium

1140 1145 1252 1180 serius
1269 1147 1455 1187 adfuisset,
1488 1154 1573 1181 nota
1599 1160 1639 1181 ac
1665 1151 1807 1195 vulgata
1831 1165 1885 1187 res
1910 1161 1979 1195 est,
2007 1156 2048 1189 P.
2072 1156 2134 1190 N-

1139 1197 1274 1241 gidium
1292 1205 1474 1243 comperta
1492 1198 1522 1244 s)
1549 1211 1672 1233 morae
1694 1214 1796 1236 causa
1809 1229 1817 1243 ,
1843 1211 1882 1237 ut
1900 1202 2026 1239 horam
2045 1220 2133 1252 quo—

1140 1260 1207 1292 que
1225 1255 1347 1292 partus
1364 1250 1555 1293 acceperit,
1591 1252 1784 1288 affirmasse
1810 1255 1997 1290 dominum
2022 1264 2133 1291 terra-

1139 1311 1218 1331 rum
1245 1300 1323 1332 orbi
1348 1307 1471 1333 natum
1495 1300 1537 1345 9).
1607 1301 1690 1335 Fuit
1715 1311 1833 1338 autem
1859 1305 2132 1342 mathematicus

1139 1350 1306 1394 insignis,
1348 1357 1492 1384 senator
1520 1363 1561 1384 eo
1586 1358 1767 1398 tempore,
1810 1369 1881 1402 quo
1907 1358 2030 1392 Cicero
2057 1368 2134 1392 erat

1140 1402 1274 1436 consul.
1326 1401 1390 1435 Est
1416 1403 1656 1437 consolatoria
1682 1406 1850 1450 epistola,
1876 1409 1913 1442 in
1939 1422 2008 1455 qua
2029 1410 2134 1455 Figu-

1138 1453 1232 1493 lum,
1277 1453 1339 1498 qui
1362 1454 1576 1498 Pompeium
1602 1463 1740 1490 secutus
1776 1465 1870 1499 erat,
1916 1462 2133 1502 consolatur,

1138 1505 1234 1544 sore,
1269 1511 1309 1537 ut
1335 1504 1436 1538 brevi
1461 1506 1669 1540 restituatur
1696 1509 1922 1552 reipublicae.
1984 1511 2135 1546 Videtur

1140 1555 1233 1588 enim
1257 1555 1401 1599 Figulus
1419 1557 1562 1590 exilium
1580 1558 1726 1605 moleste
1746 1561 1884 1602 tulisse,
1912 1569 1945 1595 et
1962 1563 2134 1608 singulari

1138 1607 1236 1640 urbis
1259 1607 1434 1641 desiderio
1460 1614 1581 1653 captus
1609 1609 1725 1644 fuisse.
1779 1612 1898 1657 Quare
1916 1614 2040 1648 Cicero
2058 1628 2132 1648 non

1140 1656 1206 1691 hoc
1222 1659 1337 1692 solum
1356 1659 1447 1703 agit,
1475 1666 1514 1693 ut
1540 1660 1571 1693 ei
1596 1673 1693 1705 spem
1720 1664 1854 1698 reditus
1874 1665 1911 1698 in
1932 1666 2057 1699 urbem
2082 1668 2133 1699 sa-

1140 1710 1226 1749 ciat,
1259 1711 1319 1743 sed
1352 1718 1611 1744 commemorat
1633 1726 1776 1758 quoque
1809 1717 1917 1759 paulo
1945 1718 2134 1762 copiosius,

1141 1773 1247 1806 quam
1264 1761 1372 1794 miser
1390 1762 1606 1806 reipublicae
1623 1765 1667 1796 sit
1685 1771 1812 1806 status,
1842 1773 1879 1800 ut
1904 1780 1945 1800 eo
1965 1770 2134 1814 aequiore

1140 1813 1261 1845 animo
1279 1813 1425 1857 Figulus
1442 1815 1532 1847 ferat
1549 1827 1584 1847 se
1600 1815 1643 1847 ab
1660 1816 1747 1849 urbe
1769 1818 1889 1852 abesse
1903 1845 1912 1859 ,
1940 1819 1977 1853 in
1994 1833 2062 1866 qua
2082 1827 2135 1853 tot

1140 1864 1287 1907 indigna
1317 1865 1361 1897 ab
1392 1864 1565 1909 improbis
1594 1866 1726 1901 civibus
1762 1868 1908 1913 impune
1937 1872 2133 1906 committe-

1139 1915 1290 1955 bantur,
1329 1922 1436 1961 atque
1465 1916 1545 1950 ideo
1577 1921 1848 1954 accommodato
1877 1923 1922 1954 ad
1945 1920 2037 1955 113110
2058 1936 2134 1956 rem

1141 1967 1287 2000 exordio
1310 1979 1392 2000 usus
1420 1974 1481 2000 est.
1548 1967 1700 2002 Orditur
1724 1971 1817 2003 enim
1846 1984 1865 2004 a
1891 1973 2132 2007 dubitatione:

1140 2018 1268 2051 Nescio
1281 2044 1290 2057 ,
1319 2018 1405 2063 quid
1422 2018 1459 2051 in
1477 2016 1543 2052 hac
1562 2021 1770 2054 confusione
1788 2033 1907 2056 rerum
1928 2025 1971 2057 ad
1994 2031 2026 2057 te
2050 2025 2133 2059 scri—

1174 2162 1204 2190 3)
1224 2161 1276 2190 At]
1296 2160 1378 2184 Editt.
1399 2160 1493 2191 1540„
1513 2159 1606 2189 1544..
1627 2160 1721 2188 1554..
1743 2161 1818 2185 1557.
1836 2161 1862 2185 111
1883 2162 1932 2186 1130
1950 2164 2016 2187 nota
2034 2165 2134 2189 habent

1210 2197 1303 2226 Atque
1321 2195 1365 2223 (in
1383 2197 1460 2218 textu
1474 2196 1564 2219 autem
1582 2195 1738 2218 Editionum
1755 2197 1840 2227 1544,
1861 2196 1948 2228 1554„
1969 2198 2042 2222 1557.
2064 2199 2133 2230 legi-

1209 2232 1253 2254 tur
1274 2231 1311 2254 At
1329 2248 1335 2253 .

1174 2275 1205 2302 4)
1230 2273 1283 2297 Pro
1308 2231 1350 2296 liis
1376 2272 1431 2297 Cic.
1460 2272 1552 2296 verbis
1580 2272 1607 2296 in
1632 2272 1716 2296 Editt.
1738 2273 1831 2298 1545..
1860 2273 1934 2299 1560.
1967 2274 2028 2299 huic
2053 2277 2135 2300 notae

1209 2308 1335 2338 apposita
1360 2309 1425 2331 sunt
1451 2308 1550 2331 verba:
1582 2308 1659 2338 Quid
1681 2308 1721 2331 sit
1742 2307 1805 2336 (Ed.
1829 2308 1901 2332 1560.
1931 2310 2019 2334 male:
2052 2311 2134 2340 Quod

1208 2344 1265 2371 sic)
1284 2342 1368 2374 forti.

1176 2386 1207 2415 5)
1228 2387 1304 2410 Haec
1323 2387 1389 2409 nota
1408 2385 1435 2409 in
1453 2385 1537 2410 Editt.
1561 2384 1650 2410 1545..
1673 2384 1747 2407 1560.
1768 2384 1852 2409 deest.

1176 2430 1206 2462 6)
1225 2431 1283 2454 Hoc
1302 2431 1490 2461 argumentum
1510 2430 1537 2452 et
1557 2427 1611 2451 tria
1624 2427 1808 2457 sequentiam
1821 2427 1905 2453 Editt.
1921 2429 2007 2461 1556„
2029 2431 2134 2456 1565——

1211 2465 1286 2489 1596.
1306 2465 1489 2488 inveniuntur.

1176 2508 1208 2538 7)
1237 2508 1278 2532 De
1296 2509 1346 2532 hoc
1371 2508 1431 2531 viro
1457 2505 1580 2530 doctrina
1600 2506 1627 2528 et
1646 2504 1800 2528 eruditione
1819 2505 1970 2530 studiorum
1990 2510 2136 2537 praestan-

1212 2543 1319 2566 tissimo
1346 2542 1415 2567 conf.
1443 2541 1539 2565 Orellii
1566 2541 1592 2563 et
1619 2540 1723 2562 Baiteri
1749 2540 1889 2564 onomast.
1916 2541 2032 2567 Tullian.
2058 2542 2087 2567 P.
2102 2544 2134 2568 11,

1212 2585 1237 2607 p·
1257 2578 1316 2601 422.
1337 2579 1364 2600 et
1386 2576 1490 2605 Pauly:
1510 2575 1603 2598 11031-
1616 2574 1731 2603 Ε110)”1·1.
1750 2575 1779 2597 Τ.
1793 2575 1828 2598 V.
1848 2582 1872 2604 p,
1887 2575 1940 2598 640
1952 2582 1992 2605 sq.

1177 2621 1208 2649 8)
1228 2620 1380 2650 comperta]
1401 2620 1441 2642 sic
1460 2619 1534 2642 recte
1553 2618 1601 2640 Ed.
1624 2617 1714 2645 1556.;
1740 2617 1825 2640 Edttt.
1843 2618 2039 2644 1565-1577.
2059 2626 2133 2644 00111-

1213 2657 1327 2685 pel-tum.

1177 2699 1208 2725 9)
1235 2699 1293 2727 Quo
1319 2697 1399 2719 uatus
1425 2696 1469 2719 est
1496 2695 1538 2719 die
1570 2708 1604 2711 —
1637 2694 1695 2718 orbi
1724 2695 1841 2723 natum]
1872 2695 1937 2718 haec
1967 2698 2031 2719 sunt
2056 2699 2139 2722 verba

1213 2731 1337 2756 suetonii
1360 2731 1386 2754 in
1406 2730 1463 2753 vita
1483 2730 1592 2755 Octavii
1613 2729 1731 2760 Augusti
1751 2735 1774 2751 c.
1794 2730 1835 2752 94.

1418 2765 1507 2799 10*
