2294 2975
115 127 168 163 75

347 212 485 246 Aliud
522 210 891 256 :urgiimentuiii⁴).

220 281 370 316 Generis
395 279 618 313 deliberativi
647 285 695 313 cst
720 276 805 311 haec
832 276 993 321 epistola.
1060 274 1118 308 Ci-

118 347 198 368 cero
219 333 312 366 euim
334 332 494 366 Caelium
514 330 702 369 sollicitat,
738 341 782 362 ne
808 334 948 373 tempus
970 327 1118 371 provin-

119 387 192 420 ciae
219 384 522 418 administrandae
548 382 614 415 sihi
639 385 863 425 prorogetur.
916 378 1009 412 Nam
1030 377 1117 411 Cae-

118 450 194 477 sar,
236 436 296 482 qui
322 435 523 469 institutum
551 433 587 465 in
609 431 792 476 provincia
812 429 949 463 Galliae
976 435 1117 473 tempus

119 494 294 532 exegerat,
321 499 449 530 nempe
468 482 766 530 quinquennium,
783 481 929 514 nolebat
947 481 1117 514 decedere

119 553 160 574 ex
180 539 385 585 provincia,
414 536 481 569 nisi
506 534 560 568 sui
582 532 773 567 haberetur
797 532 889 566 ratio
918 532 953 564 in
979 538 1115 566 senatu.

119 592 207 625 Cmn
227 590 260 623 iti
277 595 419 623 senatus
440 587 550 619 nollet
564 586 697 625 facere,
725 584 919 629 Pompeius
938 585 1055 628 coepit
1079 596 1114 631 se

120 654 301 687 opponere
319 638 473 673 Caesari.
527 635 578 670 Ita
596 644 734 681 tempus
751 642 972 681 protractum
990 642 1052 675 est,
1069 638 1117 668 'et'

120 701 196 727 orta
215 698 296 726 sunt
321 691 411 724 bella
438 688 567 722 civilia.
633 687 824 721 Provincia
851 694 968 721 autem
997 686 1113 721 Gallia

120 751 192 778 erat
210 744 324 788 prima
345 742 496 774 aliarum
516 739 677 773 omnium
696 739 963 784 provinciarum
977 764 985 778 ‚
1010 737 1058 770 ita
1075 743 1115 771 ut

120 797 155 829 iu
173 796 305 829 nullam
333 792 556 838 provinciam
586 791 786 824 mitteretur
813 801 1012 829 successor,
1046 788 1114 822 nisi

119 847 216 892 prius
235 847 272 879 in
288 845 440 879 Galliam
461 843 589 888 aliquis
606 843 732 876 missus
747 848 845 875 esset.
894 841 1016 886 Quare
1033 853 1113 874 cum

118 899 248 933 Caesar
267 897 378 930 nollet
397 896 566 928 decedere
584 907 625 927 ex
643 893 849 939 provincia,
877 899 910 925 et
934 904 1008 925 non
1032 904 1113 936 pos-

117 956 168 985 set
192 955 335 983 senatus
361 948 552 981 decernere
577 946 619 979 de
645 945 723 978 aliis
744 943 960 988 provinciis,
988 943 1113 977 Cicero

117 1001 288 1036 sollicitus
311 1005 380 1037 est,
421 1010 466 1031 ne
492 1004 638 1041 cogatur
672 997 709 1029 in
738 995 923 1040 provincia
955 1006 1113 1034 manere,

118 1054 224 1099 idque
241 1052 320 1096 ea⁵)
339 1052 381 1084 de
403 1062 510 1083 causa
531 1048 705 1087 maxime,
733 1048 830 1092 quod
857 1058 1027 1090 inagnum
1053 1057 1114 1078 ur-

117 1105 171 1138 bis
188 1102 403 1137 desiderium
421 1114 500 1134 eum
520 1104 649 1139 teneat,
678 1105 713 1131 et
726 1098 879 1132 multum
897 1097 1003 1130 etiam
1021 1096 1114 1141 peri-

118 1156 186 1189 culi
210 1155 253 1188 sit
278 1155 322 1187 ab
355 1152 526 1186 hostibus.
595 1150 791 1184 Exordium
824 1155 941 1182 autem
976 1153 1115 1181 constat

118 1205 269 1249 eleg-anti
293 1201 483 1250 ἀδυνάτῳ.
538 1201 671 1247 Estque
695 1199 782 1234 haec
805 1199 996 1234 sententia:
1027 1199 1114 1234 Nul-

117 1259 158 1292 lis
178 1257 293 1290 verbis
309 1268 452 1300 possum
472 1254 612 1299 eloqui,
640 1259 861 1299 quantopere
879 1251 1042 1296 cupiam,
1068 1262 1113 1283 ne

116 1308 203 1342 mihi
223 1313 436 1353 prorogetur
455 1313 594 1349 tempus
619 1304 752 1337 diutius
774 1302 945 1336 manendi
968 1303 1007 1335 in
1029 1314 1114 1346 pro-

118 1361 244 1394 vincia.
298 1357 466 1403 Sequitur
485 1356 683 1401 propositio
702 1356 744 1387 de
762 1354 939 1388 desiderio
964 1354 1111 1387 domum

116 1425 223 1458 quam
248 1411 403 1454 primum
428 1407 611 1441 redeundi.
662 1405 909 1450 Propositioni
932 1406 1114 1439 adduntur

116 1463 291 1500 rationes,
317 1472 427 1506 quare
454 1459 573 1503 cupiat
597 1456 664 1490 hoc
690 1464 851 1501 tempore
878 1456 1033 1489 Romam
1058 1468 1112 1489 re.-

116 1515 203 1548 dire.
257 1512 395 1545 Deinde
413 1510 560 1555 ponitur
578 1510 688 1542 faceta
714 1508 874 1541 narratio
898 1509 941 1541 de
964 1505 1113 1552 panthe-

118 1567 184 1606 ris,
232 1565 266 1596 in
296 1563 424 1608 quibus
458 1560 640 1605 capiendis
674 1559 848 1603 significat
883 1571 957 1591 non
994 1560 1112 1592 deesse

116 1629 219 1651 suum
244 1615 411 1649 studium.
482 1612 520 1645 ln
553 1613 621 1645 fine
647 1617 695 1645 est
723 1609 928 1644 adhortatio
958 1611 1000 1643 ad
1029 1610 1112 1644 scri-

116 1669 285 1702 bendum,

368 1759 496 1791 Aliud
533 1763 772 1801 argument
785 1769 862 1790 um.

220 1829 326 1874 Quod
346 1839 451 1872 sopra
473 1827 509 1859 in
535 1825 612 1859 aliis
629 1824 786 1870 epistolis
805 1823 959 1858 ostendit
975 1823 1112 1863 Cicero,

118 1882 185 1916 hoc
200 1894 310 1915 unum
332 1888 477 1924 optare,
504 1890 548 1910 ne
570 1884 709 1920 tempus
727 1875 894 1908 manendi
915 1875 950 1907 in
966 1874 1113 1919 provin-

117 1933 167 1967 cia
189 1937 464 1977 prorogaretur,
490 1927 558 1961 hoc
583 1929 675 1961 idem
701 1927 773 1972 agit
798 1927 832 1959 in
860 1924 926 1959 hac
950 1926 1112 1971 epistola,

117 1985 236 2018 addita
268 1980 536 2015 enumeratione
563 1980 705 2012 illarum
735 1990 941 2017 causarum,
984 1977 1112 2023 quibus

119 2037 290 2069 adductus
307 2032 374 2066 hoc
392 2044 502 2066 unum
523 2037 708 2075 tantopere
724 2036 859 2074 urgeat.
894 2029 1009 2061 Porro
1027 2028 1111 2074 quia

117 2088 155 2120 iu
173 2085 291 2120 multis
309 2083 484 2128 epistolis,
513 2094 603 2128 quae.
621 2087 703 2115 suut
720 2081 755 2114 in
774 2087 900 2114 octavo
916 2080 1008 2113 libro
1021 2107 1028 2117 ,
1056 2092 1113 2113 ro-

120 2145 220 2182 gatus
242 2136 307 2169 suit
335 2148 352 2168 a
373 2134 493 2167 Caelio
521 2135 563 2166 de
589 2133 770 2166 mittendis
795 2129 996 2177 pantheris:
1032 2131 1112 2164 ideo

121 2189 274 2234 primum
294 2186 440 2231 exponit
456 2198 558 2218 suuni
577 2184 731 2217 studium
754 2183 789 2215 in
806 2195 845 2215 ea
861 2195 911 2216 re.
974 2182 1113 2215 Deinde

121 2246 261 2273 excusat
278 2238 481 2271 tarditatem
501 2237 536 2269 in
557 2236 743 2268 mittendo.
789 2233 987 2267 Exordium
1004 2234 1113 2267 sunni-

122 2298 178 2325 tur
195 2304 213 2323 a
232 2290 473 2328 dubitatione,
508 2288 604 2333 quod
627 2298 714 2331 prae
737 2285 848 2318 nimia
875 2285 1113 2319 sollicitudine

120 2355 195 2376 non
228 2340 354 2378 hahet,
395 2339 523 2386 quihus
550 2339 586 2371 in
617 2337 803 2371 scribendo
835 2336 951 2370 verbis
981 2342 1113 2370 utatur.

120 2393 288 2439 Sequitur
310 2391 530 2436 propositio,
565 2390 661 2435 quod
687 2388 835 2422 omnino
860 2387 980 2432 cupiat
1004 2388 1113 2421 disce-

121 2446 204 2478 dere
229 2456 271 2477 ex
294 2442 489 2487 provincia.
555 2441 727 2474 Rationes
755 2438 1012 2484 propositionis
1043 2445 1113 2473 tres

121 2502 220 2530 sunt:
265 2493 380 2538 prima
406 2506 425 2526 a
449 2492 641 2536 dignitate,
675 2492 771 2537 quod
797 2491 868 2523 iam
893 2490 976 2524 satis
999 2489 1113 2524 hono-

125 2560 202 2581 rum
221 2543 368 2581 habeam
397 2545 550 2578 secunda
568 2544 611 2577 ab
631 2543 784 2577 utilitate
802 2542 1017 2587 reipublicae
1039 2548 1074 2575 et
1094 2554 1112 2574 a

159 2675 190 2698 4)
211 2673 268 2695 noc
285 2673 476 2698 argumentum
497 2673 524 2694 et
543 2676 661 2700 sequens
683 2670 711 2692 in
728 2670 811 2695 icum.
827 2669 913 2699 1556.,
934 2668 1111 2694 twa—¹596.

192 2706 375 2730 inveniuntur.

157 2750 187 2778 ὁ)
207 2751 255 2778 en]
274 2748 321 2772 Ed.
344 2747 417 2772 1556.
437 2750 534 2771 erroro
554 2748 680 2777 ‹ypogm
701 2752 742 2771 οο.

696 121 817 159 PHIL.
850 121 962 159 MEL.
997 119 1201 157 SCRIPTA
1227 122 1592 160 ime01.0G1CA.'
1973 124 1975 126 ’
2119 123 2173 163 76‘

1171 221 1231 243 sua
1251 222 1399 254 persona
1414 239 1422 250 ,
1449 214 1545 258 quod
1563 213 1684 248 utilius
1704 213 1872 248 interesse
1892 213 2003 258 possit
2027 213 2168 258 gravio-

1171 261 1268 296 ribus
1299 263 1469 306 uegotiis;
1509 264 1634 298 ultima
1667 265 1759 299 ratio
1790 278 1807 298 a
1839 264 2028 310 periculis,
2069 265 2168 310 quod

1170 319 1319 357 propter
1336 312 1489 348 Parthos
1511 315 1546 348 in
1565 316 1639 350 dies
1655 317 1767 351 multa
1794 316 2023 350 incommoda
2047 322 2083 348 et
2106 328 2166 361 pe-

1171 363 1281 396 ricula
1313 367 1529 410 expectanda
1559 367 1631 401 sint
1645 367 1713 415 ⁶).·
1757 367 1895 401 Deinde
1923 373 1974 402 est
2002 366 2164 401 narratio

1171 412 1260 447 nihil
1277 416 1459 460 pertinens
1479 418 1675 453 admodum
1702 420 1747 452 ad
1774 418 2046 464 praecedentia,
2074 430 2166 464 quae

1170 466 1327 500 continet
1361 469 1627 513 responsionem
1661 472 1705 503 ad
1740 471 1948 515 petitionem
1979 469 2092 503 Caelii
2123 469 2167 504 de

1170 515 1353 562 pantheris
1374 519 1568 555 mittendis.
1631 520 1763 568 ,Estque
1788 534 1872 556 usus
1895 520 2122 555 excusatione
2145 532 2166 554 a

1170 570 1347 614 paucitate
1365 568 1622 615 pantherarum
1641 573 1763 606 addito
1778 572 2006 607 festivissimo
2024 571 2103 605 ioco
2122 572 2167 606 de

1169 633 1291 655 earum
1324 623 1503 672 querelis,
1539 637 1609 670 quo
1633 624 1807 668 significat
1829 624 1978 657 omuino
2002 629 2167 668 pacatam

1168 685 1241 706 esse.
1266 686 1284 705 a
1308 686 1344 707 se
1366 671 1609 718 provinciam,
1652 674 1698 708 ita
1731 683 1771 710 ut
1794 674 1884 710 nulli
1908 676 1979 708 iam
2012 673 2165 719 amplius

1167 724 1239 771 sint
1269 725 1437 759 latrones.
1507 726 1696 760 Conclusio
1726 724 1833 760 hahet
1856 727 2167 772 pollicitationem,

1168 776 1264 821 quod
1285 782 1403 809 tamen
1421 777 1570 822 accipiet
1592 778 1728 824 aliquot
1750 776 1960 823 pantheras;
1993 777 2080 811 item
2105 777 2166 810 ad-

1168 825 1410 861 hortationem
1428 829 1472 862 ad
1492 829 1730 864 scribendum.
2057 828 2059 830 ³
2088 836 2099 839 ”
2126 826 2145 837 ”
2165 837 2167 842 “

1218 938 1545 982 Argumentum
1572 946 1611 972 ct
1645 937 1819 972 scholia
1851 927 1899 970 'in
1937 934 2112 982 epi's'to-

1552 990 1647 1037 lam¹
1667 988 1778 1039 Xt.⁷).
1822 1040 1825 1041 γ

1271 1066 1412 1100 Primus
1447 1068 1542 1101 iocus
1575 1066 1680 1101 huius
1711 1067 1880 1111 epistolae
1918 1064 2008 1100 nihil
2046 1063 2164 1106 habet,

1167 1116 1236 1149 nisi
1254 1118 1350 1162 quod
1368 1117 1503 1161 flagitat.
1518 1119 1665 1159 litteras,
1695 1124 1728 1151 et
1746 1118 1797 1150 illi
1811 1117 2025 1162 flagitationi
2043 1129 2165 1151 causas

1168 1170 1339 1213 quasdam
1374 1170 1566 1214 praeponit
1580 1170 1631 1217 8);
1677 1176 1796 1212 postea
1830 1174 2027 1214 sequuntur
2058 1179 2165 1213 quae-

1168 1219 1250 1252 dam
1273 1220 1617 1268 narratiunculae9).
2028 1246 2031 1251 ·

1271 1270 1301 1314 ἓ.
1331 1272 1364 1305 1.
1418 1273 1594 1307 Sollicitus
1633 1269 1803 1319 equidem]
1856 1270 2089 1305 Narrationes
2105 1269 2165 1316 ¹⁰).

1168 1321 1492 1370 Quirzqucdt·e’e‘s¹¹)]
1526 1323 1768 1369 Quinquatria
1796 1322 1875 1356 sesti
1897 1320 1973 1356 dies
1995 1321 2164 1355 ludorum

1167 1385 1228 1407 seu
1251 1373 1436 1407 Minervae
1463 1381 1584 1413 erant,
1629 1381 1661 1408 et
1688 1374 1723 1407 in
1748 1372 1803 1407 his
1825 1373 1949 1407 diebus
1974 1372 2165 1406 contende-

1166 1431 1251 1458 runt
1279 1425 1388 1459 Curio
1424 1432 1459 1458 et
1487 1425 1665 1460 Antonius
1697 1426 1739 1457 de
1774 1425 1960 1459 consulatu
1991 1423 2166 1465 Caesaris,

1167 1488 1259 1521 quae
1276 1489 1332 1510 res
1348 1477 1513 1521 praebuit
1528 1490 1669 1511 causam
1686 1476 1768 1509 belli
1786 1476 1908 1510 civilis.
1963 1475 2017 1508 De
2033 1473 2088 1509 his
2103 1472 2164 1508 hic

1166 1527 1338 1572 loquitur,
1430 1530 1483 1561 Ne
1504 1526 1640 1576 hospes]
1676 1528 1712 1560 id
1739 1533 1808 1568 est,
1845 1526 1974 1561 inscius
2000 1525 2163 1560 omnium

1166 1590 1307 1617 rerum,
1343 1585 1382 1612 ut
1408 1579 1536 1618 sciam,
1578 1580 1760 1624 quomodo
1788 1591 1823 1612 se
1848 1590 1902 1612 res
1928 1578 1964 1610 in
1989 1578 2076 1611 urbe
2100 1575 2163 1610 ha-

1165 1631 1283 1663 beant.

1384 1715 1433 1747 Al
1446 1716 1519 1748 iud
1555 1728 1711 1759 argum
1724 1714 1942 1760 entumffl).

1270 1784 1511 1829 Conqueritur
1532 1784 1574 1816 de
1589 1795 1650 1817 sua
1667 1782 1904 1817 sollicitudine
1921 1794 1961 1814 ac
1979 1781 2162 1822 molestiis,

1167 1836 1263 1880 quod
1287 1833 1376 1868 nihil
1401 1835 1507 1875 certi,
1551 1848 1641 1880 quae
1665 1835 1803 1868 Romae
1825 1839 1996 1877 agantur,
2031 1832 2162 1866 iutelli-

1166 1898 1248 1930 gere
1265 1886 1397 1931 possit,
1433 1893 1466 1920 et
1494 1886 1674 1931 inprimis,
1710 1886 1807 1931 quod
1828 1885 2006 1919 maximus
2029 1883 2075 1918 sit
2099 1885 2162 1918 do-

1168 1939 1241 1977 lor,
1275 1938 1357 1983 quia
1391 1950 1469 1971 cum
1503 1937 1618 1970 :unico
1648 1949 1722 1971 non
1755 1936 1865 1981 possit
1891 1936 2028 1975 ridere,
2069 1947 2160 1981 quae

1167 1989 1320 2022 maxime
1338 1989 1485 2022 ridenda
1503 1996 1627 2023 essent.
1686 1988 1715 2021 ,E
1742 1990 1886 2031 regione
1910 2000 1994 2021 vero
2018 1986 2160 2032 praedi-

1168 2046 1222 2074 cat
1238 2040 1335 2073 illam
1352 2040 1574 2079 felicitatem,
1604 2052 1673 2083 qua
1690 2040 1820 2073 fruitur
1832 2039 1990 2077 Caelius,
2019 2038 2075 2072 cui
2092 2036 2159 2083 hoc

1201 2176 1233 2203 6)
1252 2176 1320 2204 sint]
1342 2176 1423 2199 Editt.
1447 2174 1538 2205 1556„
1561 2173 1751 2199 1565-71577.
1774 2175 1845 2198 sunt.

1201 2219 1232 2247 7)
1250 2219 1313 2247 XL]
1340 2219 1381 2242 sic
1406 2218 1432 2240 iu
1452 2218 1536 2242 Editt.
1556 2217 1680 2246 (15³7.),
1710 2218 1801 2247 1556„
1831 2215 2021 2240 1560—1596.
2058 2213 2155 2242 (Εᾱίῐί.

1238 2254 1329 2284 ¹545„
1355 2252 1450 2281 1546„
1477 2251 1548 2275 1601.
1579 2252 1698 2279 ΧΧΙΙ.);
1726 2252 1808 2275 Editt.
1830 2250 1922 2274 1540..
1951 2250 2043 2280 1541,
2071 2249 2156 2277 ¹554..

1239 2286 1312 2311 1557.
1333 2288 1359 2311 et
1380 2287 1426 2309 Ed.
1447 2286 1531 2309 oreti.
1553 2286 1611 2309 xit.

1201 2333 1232 2360 8)
1251 2329 1408 2360 praeponit]
1427 2328 1465 2352 sie
1483 2328 1566 2353 Editt.
1589 2328 1663 2352 1537.
1676 2345 1682 2351 .
1717 2328 1807 2359 1545,
1836 2326 1925 2351 ¹546..
1953 2325 2042 2353 laea,
2062 2324 2155 2352 ¹601.;

1237 2365 1319 2389 mat.
1342 2364 1431 2394 1540.‚
1454 2363 1545 2387 1544..
1567 2364 1658 2391 1554..
1680 2362 1753 2386 1557.
1774 2361 1909 2391 proponit.

1201 2409 1232 2436 9)
1253 2408 1310 2431 Hoc
1333 2407 1523 2435 argumentum
1552 2406 1586 2429 ab
1613 2405 1695 2428 Editt.
1719 2403 1922 2428 1537—1554..
1954 2401 2043 2427 1557..

1237 2442 1312 2465 1601.
1336 2441 1485 2464 exhibetur.

1204 2486 1250 2514 10)
1269 2485 1342 2508 Hace
1358 2484 1425 2521 nota
1444 2483 1477 2506 ab
1496 2481 1579 2506 Editt.
1602 2482 1674 2506 1540.
1687 2499 1693 2504 .
1717 2482 1805 2512 15⁴⁴.‚
1828 2481 1918 2511 ²554..,
1940 2478 2012 2503 ¹55⁷.
2032 2478 2118 2502 abest.

1206 2529 1250 2557 11)
1271 2525 1491 2559 Quinquatriis]
1526 2524 1567 2547 sic
1593 2524 1673 2548 Editt.
1704 2524 1911 2551 15³7—1554„
1943 2521 2036 2552 ¹55⁷.,
2069 2520 2154 2550 1560..

1237 2564 1330 2592 1601.;
1350 2561 1398 2584 Ed.
1420 2559 1505 2583 Oretl.
1525 2559 1735 2590 Quinquatrus.
1755 2572 1787 2576 -
1823 2559 1897 2582 flacc
1915 2556 1971 2581 Cic.
1989 2561 2042 2580 vox
2060 2555 2154 2579 verbis

1237 2604 1313 2627 seqq.
1338 2596 1442 2618 tautum
1471 2593 1498 2616 in
1523 2593 1606 2618 ΕΔΜ.
1636 2594 1725 2623 1540,
1755 2594 1846 2623 1544„
1882 2592 1972 2620 1554.,
2009 2589 2084 2613 1557.
2111 2589 2153 2612 est

1236 2630 1375 2662 praetium
1401 2628 1427 2651 in
1447 2627 1531 2651 Editt.
1554 2627 1646 2658 1537.,
1670 2628 1761 2658 1545,
1782 2627 1873 2655 1516.,
1894 2625 1988 2654 1560,
2007 2623 2083 2648 1601.
2101 2628 2153 2646 au-

1236 2667 1298 2722 ggi'zlit
1316 2664 1382 2687 haec
1407 2663 1491 2686 verba
1517 2664 1680 2693 argumento
1711 2660 1885 2692 praecedenti
1914 2659 2036 2690 proxime
2059 2657 2152 2681 addita

1204 2743 1248 2770 12)
1268 2743 1324 2766 floc
1341 2741 1531 2772 argumentum
1550 2740 1576 2765 in
1597 2740 1678 2766 Editt.
1701 2740 1787 2771 1556„
1808 2734 1984 2764 1565-1596·
2002 2734 2150 2759 invenitur·

2071 2400 2157 2431 κω,
