2294 2975
128 123 145 157 1
154 123 171 157 1
178 123 199 157 7
263 120 384 157 XXIII.

125 208 224 243 libr1's
254 208 482 253 auguralibus
514 207 727 247 retinendis,
764 208 807 241 de
834 207 1017 241 mittendis
1041 220 1120 240 ora-

125 260 300 301 tionibus,
335 261 378 293 de
401 258 634 293 familiaribus
650 255 770 303 Appii.
823 258 910 292 Item
936 259 1120 303 elegantis-

125 311 234 346 simus
252 317 303 345 est
319 311 416 344 iocus
432 312 474 343 de
492 310 562 344 suis
583 310 729 349 litteris,
758 323 846 356 quas
868 311 986 344 minus
1010 311 1119 344 diser-

126 370 179 397 tas
203 363 422 397 iudicaverat
441 362 578 407 Appius
602 367 750 406 propter
773 362 955 395 duriorem
979 374 1119 395 accusa-

124 414 270 448 tionem.
309 412 350 446 In
368 414 437 446 fine
456 420 506 447 est
522 414 658 453 brevis,
686 413 747 446 sed
765 414 959 446 admodum
980 413 1118 447 erudita

123 463 348 505 adhortatio,
375 471 415 498 ut
441 464 600 498 imitetur
625 464 791 509 vestigia,
817 463 885 498 hoc
912 471 980 505 est,
1008 464 1118 498 virtu-

122 522 173 551 tes
193 523 226 550 et
247 528 365 550 mores
388 516 443 550 sui
457 516 597 561 proavi.

361 609 502 644 Aliud
537 616 872 654 argumentum.

223 677 307 711 Vice
325 678 462 711 exordii
478 686 529 713 est
546 678 663 712 brevis
685 678 846 711 narratio
871 678 962 711 facta
988 689 1029 710 ex
1052 676 1118 710 cir-

122 729 354 763 cumstantiis.
408 730 613 775 Propositio
635 736 686 763 est
699 729 950 774 gratulatoria:
988 728 1118 761 Gratu-

120 780 177 813 lor
191 780 274 821 tihi,
301 782 398 827 quod
415 781 541 815 viceris
560 782 597 814 in
614 781 746 815 iudicio
760 807 769 821 ,
795 780 953 825 primum
976 780 1018 812 de
1041 791 1117 811 ma-

121 831 266 872 iestate,
300 839 424 877 postea
451 834 494 866 de
519 833 667 867 ambitu.
725 832 833 865 Ratio
859 830 1116 876 propositionis

121 881 209 916 haec
225 889 292 917 est:
323 884 414 928 Quia
435 890 574 928 gratum
593 881 681 916 mihi
701 890 752 917 est
766 881 942 928 haberi'ssff)
961 882 1115 927 aliquem

120 932 296 967 honorem
317 935 452 968 virtuti.
505 934 635 968 Addita
654 941 705 968 est
722 934 856 967 rationi
874 933 1115 978 amplificatio.

122 985 263 1019 Deinde
279 985 439 1031 sequitur
454 998 547 1019 nova
570 985 770 1031 propositio
794 986 901 1018 etiam
921 985 1115 1030 gratulato-

120 1036 191 1069 ria:
218 1036 281 1070 Est
296 1035 386 1070 mihi
403 1043 625 1081 pergratum,
644 1038 739 1083 quod
759 1037 963 1081 significasti
981 1048 1045 1080 per
1060 1036 1116 1069 lit-

120 1093 214 1121 teras
231 1093 361 1122 statum
379 1088 544 1122 civitatis.
598 1088 639 1121 In
655 1090 737 1128 fine,
764 1088 843 1121 loco
866 1087 1115 1127 conclusionis,

120 1139 270 1183 ponitur·
280 1141 455 1185 quaedam
473 1140 647 1173 correctio
660 1139 855 1184 superioris
874 1139 1056 1184 petitionis
1073 1139 1115 1171 de

118 1190 218 1224 libris
236 1191 464 1234 auguralibus
485 1191 685 1229 mittendis;
721 1191 806 1223 item
833 1191 950 1224 brevis
974 1202 1116 1224 excusa-

120 1241 170 1275 tio
188 1241 445 1286 indignationis
461 1254 606 1276 suarum
624 1242 838 1276 litterarum.

162 1357 492 1403 Argumentum
528 1363 570 1391 et
604 1354 785 1391 scholia
820 1357 866 1390 in
901 1355 1071 1402 episto-

517 1409 605 1442 lam
633 1406 708 1443 XII.

221 1492 288 1527 Ista
322 1492 470 1537 epistola
502 1491 661 1537 primum
691 1490 801 1525 habet
837 1492 1114 1536 gratulationem

119 1558 198 1580 cum
234 1544 530 1589 amplificatione,
578 1543 710 1577 scilicet
746 1556 825 1576 cuni
863 1544 1114 1578 admiratione.

116 1597 255 1631 Deinde
277 1596 436 1641 sequitur
454 1595 652 1636 excusatio,
686 1595 724 1627 in
747 1607 817 1640 qua
842 1596 1010 1628 transfert
1035 1608 1116 1628 cau-

119 1661 195 1684 sam
214 1647 395 1681 affinitatis
412 1652 613 1680 contractae
631 1659 710 1680 cuin
722 1645 908 1679 Dolabella
919 1647 965 1694 36)
985 1647 1021 1679 in
1038 1660 1115 1680 inu-

119 1698 314 1745 lieresffia).

222 1748 253 1794 §-
274 1750 306 1783 1.
348 1749 510 1783 Gratulor
523 1747 570 1794 3⁷)
595 1746 678 1795 tibi]
714 1748 931 1793 Propositio.
1045 1751 1114 1793 Eyo

117 1814 194 1838 vero
216 1797 444 1846 vehementer]
474 1798 726 1844 Amplificatio.
804 1801 905 1834 Nihil
928 1801 996 1833 iam
1020 1798 1114 1847 sum]

118 1849 342 1902 ἐπιφώνημα
354 1851 412 1897 ³⁸).

222 1902 252 1948 ξ,
270 1906 306 1939 2.
338 1905 393 1937 De
417 1915 468 1936 me
491 1900 622 1949 autem]
650 1900 730 1934 Alia
755 1912 872 1935 causa.
950 1903 1020 1944 Eyo
1040 1913 1115 1934 vero

115 1953 233 2003 velim]
260 1954 472 2000 Iinprecatio
494 1953 681 1987 coniuncta
701 1965 780 1986 cuni
796 1964 858 1986 sua
877 1951 1114 1986 excusatione.

117 2011 253 2053 Itaque,
302 2007 573 2053 quemadmodum
583 2002 657 2052 39)]
698 2003 886 2038 Excusatio
918 2002 1114 2049 iunetaew)

118 2058 299 2092 affinitatis
322 2070 400 2091 cum
427 2056 574 2089 inimico
601 2056 721 2101 Appii.
783 2055 829 2089 Et
854 2055 987 2098 colligit
1012 2055 1112 2087 varia

117 2116 348 2154 argumenta,
382 2120 471 2154 quae
495 2120 611 2154 neque
639 2107 808 2152 explicat,
845 2118 959 2152 neque
985 2106 1111 2138 confir-

116 2168 212 2202 mat,
239 2173 354 2207 neque
374 2160 494 2201 diluit,
522 2161 583 2194 sed
601 2159 744 2205 oblique
762 2158 883 2192 omnia
901 2157 985 2201 agit.

151 2293 199 2326 35)
218 2293 327 2322 haberi]
347 2292 388 2317 sic
405 2293 480 2317 recte
498 2292 583 2317 Editt.
604 2292 697 2323 1556„
718 2291 808 2322 i577.;
834 2290 1017 2323 Editt.1565.‚
1037 2290 1112 2316 1569.

187 2330 296 2352 habere.

153 2372 202 2401 36)
221 2371 379 2399 Dolabella]
398 2370 448 2395 Ed.
471 2370 546 2394 1540.
564 2370 717 2394 Dolobella.

153 2417 300 2476 3612363100
310 2416 513 2473 ¹}Bgumeiitum
535 2415 662 2439 exhibent
681 2415 766 2441 Editt.
789 2414 997 2447 1537—1554.,
1026 2413 1113 2445 1557„

259 2467 283 2482 .,
378 2468 384 2475 .

153 2494 201 2527 37)
221 2493 381 2522 Gratulor]
400 2491 440 2516 sic
457 2493 506 2517 Ed.
527 2493 602 2517 1537.
621 2492 649 2516 in
668 2493 760 2524 textu,
780 2493 807 2517 et
825 2492 1006 2523 Editt 1540„
1026 2492 1112 2523 1544„

188 2529 276 2560 1545.,
297 2528 383 2557 1554„
403 2527 488 2558 1557„
508 2527 582 2553 1560.
602 2527 631 2551 in
648 2528 698 2551 hac
716 2528 797 2557 nota;
817 2527 866 2553 Ed.
882 2527 967 2552 Orell.
988 2527 1015 2550 et
1028 2526 1112 2549 Editt.

188 2564 291 2588 1544—
306 2562 399 2592 1554„
420 2561 512 2592 1557.,
533 2562 624 2593 1560„
644 2562 718 2600 15301.
738 2562 766 2585 in
786 2563 877 2586 textu:
905 2561 1095 2587 Gratulaoor.

153 2607 201 2635 38)
219 2606 295 2630 naec
311 2606 377 2628 nota
396 2605 429 2628 ab
447 2603 532 2627 Editt.
552 2604 643 2636 1545„
663 2605 738 2630 1560.
757 2605 844 2629 abest.

154 2649 202 2678 ³9)
221 2649 275 2672 Pro
294 2648 336 2671 liis
356 2647 411 2672 Cic.
430 2647 523 2671 verbis
541 2646 768 2676 inEditt.15-15.‚
788 2647 863 2671 1560.
882 2646 944 2672 huic
961 2648 1043 2672 notae
1062 2651 1112 2677 ap-

187 2683 278 2714 posita
296 2684 362 2706 sunt
380 2682 466 2706 verba
484 2680 582 2713 Neque
600 2682 675 2706 euim
692 2682 820 2707 tristius.

154 2729 202 2757 40)
220 2728 343 2756 iunctae]
363 2726 414 2751 Ed.
434 2726 509 2751 1560.
529 2732 626 2750 errore
643 2727 772 2758 typogr.:
795 2726 894 2751 iustae.

436 121 747 157 ARGUMENTA
773 120 838 154 ET
867 120 1069 156 SCHOLIA
1097 120 1144 156 IN
1170 123 1318 160 EPIST.
1345 123 1458 159 FAM.
1487 124 1570 160 CIC.
1599 124 1686 161 LIB.
1705 125 1761 162 ΙΙΙ.
1789 126 1861 164 ΕΡ,
1880 129 1937 164 11.
1957 131 2014 167 12,

2080 132 2153 167 118

1277 208 1307 254 ἓ.
1327 211 1362 245 3,
1388 213 1431 245 In
1453 212 1513 245 lioc
1537 211 1730 260 actiemf⁴¹)]
1757 213 1949 250 Praecisio.
2028 219 2089 252 Sic
2104 219 2167 252 ha-

1172 260 1323 310 be10⁵2)]
1350 262 1403 296 De
1414 263 1459 309 ⁴3)
1477 263 1592 296 officio
1609 276 1691 297 suo:
1727 265 1761 297 id
1784 268 1879 311 quod
1899 274 1949 301 est
1970 268 2167 314 principale

1172 312 1208 370 in
1225 311 1422 371 hac-causa.
1505 317 1651 356 Tamen,
1683 316 1799 363 lucc‘u)
1816 317 1982 367 miki'45)]
2011 319 2165 366 Elegans

1171 376 1340 400 inversio.

1387 450 1523 485 Aliud
1553 459 1868 496 argumentum
1885 454 1945 501 ⁴⁶).

1272 516 1433 561 Epistola
1459 520 1546 553 duas
1571 518 1678 553 habet
1700 528 1830 565 partes.
1899 523 2082 569 Principio
2116 533 2168 560 est

1171 569 1383 611 gratulatio,
1423 572 1519 615 quod
1555 583 1596 604 ex
1626 572 1758 606 iudicio
1786 575 1937 608 evaserit
1966 575 2166 611 incolumis.

1170 619 1325 653 Additur
1352 621 1580 664 amplificatio
1614 634 1632 655 a
1666 625 1957 666 circumstantiis,
2002 629 2098 673 quod
2122 641 2167 662 ne

1171 670 1315 715 quidem
1335 672 1377 704 ab
1395 672 1524 707 invidis
1545 680 1688 708 notatus
1713 676 1775 715 sit,
1809 679 1905 722 quod
1933 679 2082 712 omnino
2110 692 2167 712 ra-

1169 733 1250 754 rum
1277 734 1349 756 esse
1375 724 1481 765 solet,
1525 737 1604 759 cum
1630 726 1770 759 virtutis
1797 739 1913 762 comes
1944 729 1988 763 sit
2018 730 2166 765 invidia.

1170 771 1309 806 Deinde
1332 780 1382 807 est
1407 775 1584 809 excusatio
1611 776 1654 809 de
1682 777 1852 811 affinitate
1870 779 2076 814 Dolabellae
2101 795 2166 826 per

1169 825 1455 860 translationem.
1513 827 1696 871 Significat
1720 835 1836 862 autem
1862 843 1897 864 se
1920 830 2011 864 nihil
2037 833 2166 866 immu-

1170 882 1283 909 tatum
1301 889 1373 911 esse
1391 890 1473 922 erga
1483 877 1530 924 4⁷)
1545 879 1703 923 Appium
1723 886 1872 925 propter
1898 883 2040 927 nuptias
2057 884 2166 918 Dola-

1169 927 1281 961 bellae
1301 935 1335 962 et
1352 929 1456 964 filiae.

1390 1013 1525 1047 Aliud
1554 1021 1868 1059 argumentum
1881 1017 1940 1064 ¹⁴³).

1270 1081 1367 1115 Haec
1390 1082 1539 1126 epistola
1566 1083 1726 1116 continet
1750 1084 1838 1118 duas
1863 1092 1993 1129 partes.
2058 1087 2166 1122 Prior

1168 1144 1251 1177 pars
1277 1140 1328 1167 est
1357 1133 1610 1177 gratulatoria,
1652 1135 1690 1166 in
1715 1146 1841 1179 genere
1870 1138 2165 1175 demonstrativo.

1169 1184 1379 1218 Gratulatur
1404 1185 1496 1217 enim
1517 1184 1635 1230 Appio
1659 1186 1921 1221 absolutionem
1948 1190 1991 1222 ab
2016 1191 2164 1226 ambitu.

1168 1234 1209 1268 In
1232 1236 1342 1269 altera
1368 1243 1468 1280 parte
1496 1236 1666 1281 epistolae
1687 1249 1723 1270 se
1749 1237 1781 1270 ei
1804 1247 1934 1283 purgat
1959 1242 2001 1274 de
2030 1243 2164 1286 nuptiis

1168 1286 1328 1327 Tulliae,
1357 1299 1447 1332 quae
1466 1288 1530 1321 sub
1550 1288 1584 1320 id
1604 1294 1742 1332 tempus
1756 1288 1964 1325 Dolabellae
1981 1301 2164 1336 nupserat,

1169 1350 1239 1383 quo
1258 1338 1286 1372 is
1302 1338 1458 1383 Appium
1476 1340 1518 1372 de
1541 1339 1678 1372 ambitu
1703 1353 1805 1373 reum
1829 1343 1967 1386 agebat.
2020 1344 2164 1377 Praesa-

1169 1395 1226 1423 tur
1245 1396 1363 1423 autem
1384 1390 1425 1423 de
1444 1390 1649 1424 difficultate
1667 1391 1739 1433 rei,
1767 1394 1863 1437 quod
1886 1406 1988 1438 aegre
2012 1407 2047 1428 se
2072 1397 2164 1429 tueri

1168 1441 1290 1485 possit.
1344 1441 1492 1475 Constat
1510 1442 1675 1487 purgatio
1700 1444 1890 1488 praecipue
1915 1446 2164 1487 translatione,

1168 1493 1266 1538 quod
1282 1492 1367 1526 dicit
1385 1493 1459 1526 sine
1476 1506 1539 1527 suo
1557 1493 1704 1528 consilio
1722 1495 1766 1528 ab
1784 1496 1905 1530 amicis
1924 1498 2044 1530 omnia
2067 1505 2165 1542 gesta

1168 1556 1260 1584 esse,
1288 1551 1322 1577 et
1342 1551 1481 1585 tamen,
1506 1545 1535 1578 si
1558 1557 1723 1589 praesens
1739 1546 1880 1587 fuisset,
1909 1549 2030 1581 omnia
2048 1556 2164 1593 gestu-

1168 1608 1247 1628 rum
1263 1596 1369 1629 fuisse
1387 1608 1427 1629 ex
1446 1596 1594 1630 consilio
1610 1597 1731 1641 Appii.
1786 1597 1950 1632 Tandem
1972 1600 2088 1633 reiicit
2109 1607 2163 1634 to-

1167 1653 1240 1679 tam
1264 1659 1339 1681 rem
1367 1649 1412 1680 ad
1432 1647 1549 1692 ipsum
1573 1648 1751 1693 Appium,
1786 1649 1929 1696 oblique
1951 1658 2090 1696 petens,
2125 1659 2165 1686 ut

1166 1698 1252 1731 boni
1270 1700 1449 1739 consulat,
1478 1700 1574 1746 quod
1592 1701 1725 1734 factum
1744 1700 1806 1741 sit,
1834 1714 1879 1735 ne
1905 1702 1970 1736 ista
1992 1716 2030 1736 re
2054 1703 2164 1736 offen-

1167 1751 1283 1784 datur.
1335 1749 1377 1783 In
1396 1751 1464 1784 fine
1483 1752 1652 1796 epistolae
1676 1752 1866 1796 pollicetur
1890 1753 1941 1787 illi
1966 1767 2068 1788 suuni
2093 1761 2165 1788 stu-

1167 1801 1318 1835 diuinet
1335 1802 1510 1843 officium,
1539 1809 1573 1837 et
1597 1801 1665 1837 boc
1688 1810 1899 1849 propterea,
1932 1818 1976 1838 ne
2002 1805 2165 1839 videatur

1166 1853 1232 1886 ista
1264 1865 1359 1886 nova
1389 1854 1560 1888 affinitate
1591 1852 1758 1888 nonnihil
1791 1855 1978 1891 alienatus.
2041 1857 2163 1890 Utitur

1167 1910 1286 1937 autem
1312 1905 1514 1939 acutissima
1538 1907 1752 1942 inversione.
1809 1907 1957 1941 Poterat
1982 1907 2076 1941 enim
2102 1909 2164 1941 oh-

1166 1955 1271 1988 iicere
1287 1955 1441 2000 Appius:
1472 1957 1564 2001 Quia
1590 1970 1760 2001 generum
1788 1958 1850 1991 tibi
1877 1959 2069 1992 adiunxisti
2097 1959 2164 1992 ini-

1166 2006 1298 2039 micum
1314 2020 1454 2048 meum,
1482 2009 1560 2041 ideo
1586 2015 1623 2041 tu
1648 2021 1790 2054 quoque
1815 2021 1833 2041 a
1858 2022 1915 2042 me
1940 2010 2163 2044 abalienabe-

1166 2058 1225 2091 ris.
1277 2056 1373 2098 Iino,
1402 2058 1537 2104 inquit,
1564 2072 1605 2092 eo
1623 2060 1753 2092 maiori
1769 2060 1885 2094 studio
1907 2061 2085 2101 conabor,
2118 2074 2162 2095 ne

1167 2108 1324 2155 quei-iffi)
1347 2111 1480 2154 possis,
1513 2123 1569 2144 nie
1596 2122 1615 2144 a
1641 2117 1674 2145 te
1698 2111 1758 2145 illa
1785 2111 1956 2145 affinitate
1983 2112 2162 2146 abaliena-

1199 2243 1247 2271 41)
1266 2232 1320 2267 Pro
1340 2243 1381 2266 his
1400 2243 1454 2268 Cic.
1474 2243 1568 2267 verbis
1586 2244 1684 2267 habent
1703 2243 1787 2269 Editt.
1804 2244 1895 2274 1545„
1916 2244 1990 2268 1560.
2011 2244 2090 2269 Lei-a
2107 2251 2160 2271 me.

1198 2285 1247 2313 4-2)
1266 2286 1319 2310 Pro
1338 2286 1379 2309 his
1399 2286 1510 2309 eaedem
1528 2286 1545 2310 2
1563 2286 1647 2310 Editt.
1668 2287 1766 2309 hahent
1785 2287 1888 2311 Omnia
1905 2287 2031 2318 negotia.

1199 2328 1248 2356 43)
1268 2329 1324 2358 De]
1344 2329 1392 2353 Ed.
1413 2329 1488 2352 1560.
1508 2335 1605 2353 errore
1623 2331 1751 2359 typogr.:
1778 2329 1826 2354 Ne.

1199 2372 1247 2399 44)
1266 2372 1334 2401 hac]
1353 2372 1403 2395 Ed.
1425 2371 1498 2395 1540.
1524 2373 1551 2395 et
1576 2372 1661 2396 Editt.
1683 2371 1774 2401 1544„
1796 2371 1887 2401 1554„
1908 2371 1984 2397 1557.
2007 2372 2108 2397 habent
2131 2372 2159 2398 i'u

1234 2407 1285 2430 hac
1302 2407 1383 2430 nota:
1408 2406 1477 2437 Iioc,
1497 2406 1524 2429 iii
1543 2407 1617 2429 textu
1637 2407 1728 2429 autem
1746 2406 1821 2429 recte
1839 2406 1903 2431 hac.

1199 2447 1246 2481 45)
1267 2450 1321 2473 Pro
1345 2449 1387 2472 liis
1414 2449 1471 2474 Cic.
1497 2449 1587 2472 verbis
1612 2449 1640 2471 iii
1665 2448 1748 2472 Editt.
1770 2448 1860 2480 15⁴5„
1891 2448 1965 2474 1560.
1990 2448 2052 2474 huic
2078 2451 2159 2475 notae

1233 2485 1358 2514 praefixa
1376 2484 1418 2507 est
1437 2489 1492 2507 vox
1509 2483 1743 2508 Benevolentior.

1199 2527 1246 2555 46)
1266 2527 1324 2551 Hoc
1341 2527 1531 2557 argumentum
1549 2525 1685 2548 invenitur
1704 2525 1731 2549 in
1748 2525 1831 2551 Editt.
1850 2525 2042 2550 1565—1596.

1198 2569 1246 2600 47)
1265 2570 1346 2600 erga]
1366 2569 1407 2592 sic
1425 2570 1500 2591 recte
1519 2568 1567 2591 Ed.
1590 2568 1681 2597 1577.;
1706 2569 1791 2592 Editt.
1813 2569 1904 2598 1565.‚
1925 2568 2000 2592 1569.
2019 2573 2095 2599 ergo.

1198 2613 1247 2641 48)
1266 2613 1323 2636 Hoc
1340 2613 1528 2640 argumentum
1549 2612 1576 2634 et
1596 2611 1648 2635 duo
1668 2611 1810 2641 sequentia
1828 2612 1862 2635 ab
1880 2611 1964 2636 Editt.
1980 2611 2069 2642 1556„
2091 2611 2157 2635 ¹565

1231 2647 1347 2670 -1596,
1370 2646 1538 2670 exhibentur.

1199 2690 1247 2717 49)
1266 2688 1358 2728 queri]
1386 2688 1426 2712 sic
1444 2690 1519 2712 recte
1537 2688 1620 2714 Editt.
1644 2688 1736 2719 1556.‚
1762 2688 1854 2720 1569.,
1881 2687 1973 2718 1577.;

1234 2730 1336 2754 quaeri.

1474 2757 1495 2791 8
1515 2755 1536 2774 *—

2009 2687 2058 2712 Ed.
2080 2687 2154 2714 1565.
