2294 2975
108 134 185 171 217

105 218 361 264 proprietatem
380 225 414 251 et
429 217 729 262 perspicuitatem.
767 217 999 251 Occasionem
1015 231 1098 251 vero

103 270 280 305 scribendi
305 270 413 304 sumit
438 282 457 302 a
482 281 545 302 suo
571 269 682 309 libro,
711 275 745 302 et
764 269 881 302 exilio.
934 269 1095 303 Primum

103 322 225 367 itaque
242 328 382 355 excusat
398 332 433 354 se
449 326 482 353 et
501 320 611 353 filium
630 321 672 353 de
688 321 820 364 scripto
835 333 908 353 non
928 319 1096 356 exhibito·

102 372 241 406 Deinde
257 379 379 417 rogat,
406 370 498 417 ut⁸⁶)
517 373 609 416 apud
632 371 818 405 Caesarem
846 378 879 405 ct
905 372 978 406 eius
994 373 1096 405 sami—

101 424 207 458 liares
222 437 358 457 summa
376 423 556 465 diligentia
576 422 771 455 intercedat
786 436 850 467 pro
867 424 995 457 reditu.
1025 423 1094 457 Ex-

103 475 195 508 ordii
219 476 297 507 loco
321 475 468 519 ponitur
495 474 653 507 narratio
681 480 845 508 constans
869 475 1093 509 excusatione

102 526 145 558 de
164 538 236 558 non
256 526 394 559 reddito
412 525 515 559 libro.
569 525 669 558 Hanc
685 532 883 571 sequuntur
902 528 992 559 duae
1010 539 1092 571 quc—

99 576 207 610 relae.
258 577 377 609 Altera
397 577 439 609 de
457 588 517 609 sua
537 576 679 609 fortuna
699 583 732 610 et
748 578 968 617 calamitate,
996 578 1091 623 quod

99 627 256 671 graviter
278 627 382 671 plecti
407 627 521 661 soleat
545 634 693 672 propter
715 628 908 673 scriptum,
942 641 1091 673 eamque

98 678 291 723 amplificat
307 679 496 712 collatione
513 679 596 711 facti
615 679 766 713 aliorum
785 692 863 714 cum
882 692 959 720 suo,
976 686 1092 713 osten-

98 730 184 764 dens
204 730 391 764 Caesarem
408 728 579 763 hactenus
600 729 943 764 satisinhumaniter
967 736 1001 763 et
1024 730 1090 762 im-

97 780 377 815 misericorditer
394 782 515 825 egisse.
567 781 688 814 Altera
709 782 850 826 querela
876 787 926 815 est
952 782 994 813 de
1019 782 1089 813 sor-

95 843 152 864 ma
171 832 312 876 scripti,
340 833 375 865 in
393 845 463 878 quo
481 832 601 864 omnia
625 839 707 865 sunt
723 832 911 876 impedita,
939 838 978 864 nt
1000 830 1089 864 nihil

96 880 302 924 cohaereat,
331 884 413 929 quia
430 883 504 927 ipse
521 883 628 916 suerit
645 883 766 915 animo
788 883 940 916 sollicito
960 889 993 915 et
1009 895 1088 926 per-

96 934 359 975 turbatissimo‚
393 940 427 967 et
449 934 547 966 addit
571 935 658 967 duas
683 934 860 973 rationes,
892 935 1042 966 alteram
1069 946 1087 965 a

93 985 221 1025 simili,
255 985 403 1018 alteram
430 984 473 1017 ab
499 985 667 1029 exemplis
692 985 885 1020 Ciceronis.
950 985 1088 1017 Deinde

92 1042 144 1070 est
161 1036 326 1080 repetitio
345 1036 509 1081 querelae
525 1038 567 1069 de
585 1037 700 1069 forma
718 1037 852 1081 scripti.
905 1036 1089 1070 Posterior

91 1099 174 1131 pars
193 1085 297 1121 huius
315 1087 485 1131 epistolae
510 1084 618 1120 habet
642 1087 851 1131 petitionem
874 1100 935 1121 seu
959 1085 1088 1119 adhor-

91 1138 286 1178 tationem,
313 1144 353 1171 ut
370 1138 466 1170 illam
485 1149 628 1171 causam
652 1139 695 1171 de
720 1138 947 1182 impetrando
971 1138 1088 1171 reditu

91 1187 222 1222 habeat
240 1188 640 1223 commendatissimam.
693 1189 913 1233 Argumenta
935 1189 1043 1223 sumit
1068 1201 1086 1221 a

90 1240 187 1274 facili
204 1246 238 1273 et
255 1252 273 1273 a
292 1240 368 1274 iure
385 1239 575 1279 amicitiae,
604 1240 723 1273 addita
740 1240 965 1274 excusatIOne
982 1241 1087 1273 libcr-

91 1291 172 1325 tatis
189 1291 226 1324 in
242 1292 408 1336 petendo.
460 1289 499 1323 In
516 1291 584 1324 fine
599 1291 755 1325 breviter
772 1298 908 1332 monet,
934 1303 979 1324 ne
996 1291 1086 1324 liber

91 1348 202 1377 exeat.

338 1425 474 1461 Aliud
509 1433 838 1472 argumentum.

190 1493 276 1527 Vice
294 1492 430 1526 exordii
446 1499 498 1526 est
512 1494 628 1537 posita
652 1494 871 1537 propositio,
907 1504 998 1537 quae
1022 1491 1084 1525 ha-

86 1548 147 1580 bet
163 1544 424 1579 excusationem
441 1556 506 1588 per
523 1545 705 1589 quandam
722 1544 978 1588 precationem.
1014 1544 1084 1577 De-

88 1598 172 1630 inde
200 1595 361 1642 sequitur
384 1595 476 1628 ratio
502 1607 520 1628 a
545 1594 838 1636 circumstantiis,
875 1595 1018 1628 additur
1050 1602 1084 1629 et

90 1647 314 1692 exaggeratio
348 1659 389 1680 ex
417 1646 605 1679 collatione
631 1653 666 1680 et
691 1646 811 1681 simili.
876 1646 1083 1692 Sequuntur

87 1705 272 1745 praeterea
291 1697 381 1731 aliae
398 1698 487 1731 duae
503 1698 661 1731 rationes
681 1698 801 1731 omissi
817 1697 951 1742 scripti.
1004 1698 1082 1732 Pri-

87 1763 146 1785 ma
169 1749 262 1783 ratio
284 1754 425 1793 sumpta
451 1754 502 1782 cst
527 1759 546 1781 a
570 1760 722 1793 persona
748 1749 949 1790 Ciceronis,
985 1750 1081 1795 quod

85 1813 192 1847 parce
208 1813 289 1835 eum
311 1799 524 1833 laudaverit.
576 1799 767 1833 Interserta
793 1806 844 1833 est
866 1801 1082 1835 correctiun-

87 1853 166 1888 cula
185 1865 266 1887 cum
284 1851 403 1886 simili.
451 1850 572 1884 Altera
590 1851 682 1883 ratio
702 1857 753 1884 est
781 1862 799 1884 a
825 1863 976 1894 persona
996 1852 1082 1886 Cae-

86 1904 196 1945 saris,
222 1904 260 1937 in
283 1915 352 1950 qua
375 1902 606 1936 describenda
634 1914 741 1947 supra
763 1903 910 1935 modum
936 1903 1082 1937 timidus

87 1956 255 1990 extiterit.
319 1953 473 1988 Additur
502 1954 702 1998 exemplum
726 1954 770 1986 ab
795 1953 872 1997 ipso
898 1954 1080 1989 Cicerone.

86 2007 150 2042 His
169 2006 387 2052 argumentis
404 2005 477 2039 sive
495 2005 695 2039 rationibus
717 2005 903 2038 suquncta
929 2012 979 2039 est
1002 2006 1080 2040 bre-

85 2059 138 2093 vis
164 2057 356 2092 conclusio.
416 2057 605 2090 Postremo
625 2057 704 2090 loco
729 2064 779 2090 est
800 2057 925 2102 petitio
953 2070 994 2090 ex
1020 2071 1081 2091 ne-

85 2110 263 2152 cessitate,
291 2115 325 2142 et
340 2108 417 2142 aliis
436 2108 722 2142 circumstantiis.

301 2194 439 2228 Aliud
467 2200 785 2239 argumentum
798 2193 858 2241 ⁸⁷).

185 2263 313 2298 Oratio
346 2260 451 2296 huius
481 2262 650 2306 epistolae
675 2268 727 2296 est
748 2269 894 2306 arguta,
936 2270 969 2297 et
995 2277 1077 2308 pro-

83 2315 184 2363 pria,
210 2321 246 2349 et
265 2314 402 2359 pollens
422 2326 461 2347 ea
487 2313 639 2354 virtute,
673 2325 780 2359 quam
806 2321 937 2348 vocant
959 2313 1077 2351 δεινό-

82 2379 188 2414 τητα.
247 2364 311 2400 Est
339 2371 458 2400 autem
487 2364 624 2409 generis
653 2365 887 2400 deliberativi.
947 2366 1078 2401 Scribit

85 2419 180 2453 enim
205 2416 369 2451 Ciceroni
398 2417 440 2449 de
471 2416 563 2450 libro
593 2416 663 2449 iam
697 2429 819 2450 recens
851 2430 869 2450 a
902 2431 937 2451 se
969 2419 1076 2460 edito,

84 2470 181 2517 quod
198 2469 339 2502 videtur
357 2468 543 2501 Caesarem
562 2467 715 2501 voluisse
738 2469 878 2512 placare
891 2495 900 2509 ‚
936 2476 970 2502 et
991 2471 1076 2504 dicit

83 2534 119 2558 se
141 2520 248 2555 etiam
269 2520 444 2565 quaedam
469 2518 505 2551 in
531 2531 571 2552 eo
593 2520 635 2552 de
659 2519 823 2553 laudibus
843 2520 1023 2554 Ciceronis
1043 2528 1076 2555 et

85 2572 238 2606 aliorum
254 2570 451 2604 amicorum
470 2570 693 2614 adspersisse.
728 2571 852 2604 Primo
871 2584 954 2605 vero
975 2585 1075 2606 exor-

117 2691 166 2720 86)
184 2692 228 2720 ut]
249 2691 279 2716 in
297 2691 346 2716 Ed.
370 2689 446 2714 1556.
465 2689 551 2713 deest.

114 2733 164 2762 87)
184 2735 242 2758 Hoc
260 2735 449 2765 argumentum
468 2732 615 2763 praebetur
633 2733 667 2757 ab
684 2732 769 2757 Editt.
790 2733 982 2759 1565—1596.

256 131 377 168 XXIII.
414 131 725 167 ARGUMENTA
750 131 815 166 ET
840 130 1043 166 SCHOLIA
1069 131 1118 167 IN
1144 132 1293 170 EPIST.
1318 135 1431 172 FAM.
1462 138 1545 173 CIC.
1573 138 1660 174 LIB.
1681 138 1738 174 VI.
1766 138 1838 176 ΕΡ.
1860 141 1892 175 6,
1915 142 1947 176 7.
1969 143 2002 177 8.

2076 144 2150 179 218

1154 220 1251 253 dium
1268 224 1421 257 sumitur
1439 237 1457 257 a
1474 224 1646 268 petitione
1666 225 1802 260 veniae.
1861 226 2014 261 Excusat
2039 228 2147 270 enim,

1152 284 1213 305 cur
1246 286 1319 306 non
1351 276 1452 309 reddi
1475 276 1638 309 Ciceroni
1666 277 1798 310 editum
1823 277 1953 311 librum
1981 279 2144 314 voluerit.

1150 322 1289 357 Deinde
1331 327 1374 359 de
1414 327 1618 361 difficultate
1662 325 1767 361 huius
1811 329 1933 373 scripti
1975 330 2142 374 disputat.

1148 374 1336 410 Postremo
1354 390 1390 412 se
1407 385 1441 412 et
1455 391 1535 413 suas
1550 391 1606 413 res
1622 378 1785 413 Ciceroni
1802 381 2041 414 commendat.

1282 485 1466 521 Scholia
1495 488 1537 521 in
1569 489 1816 533 epistolam
1845 488 2009 535 VIII.⁸⁸).

1250 560 1279 607 ἓ.
1300 564 1331 597 1.

1147 619 1179 644 et
1196 614 1424 659 cx1305itio⁸²‘)
1442 616 1592 650 consilii.

1144 662 1482 699 Iurisconsultorum
1507 679 1586 700 vox.

1247 714 1276 759 ἓ.
1293 719 1329 751 2.
1356 719 1425 751 Sed
1440 729 1497 761 eqo
1514 720 1587 751 sine
1604 715 1681 764 hoe]
1707 716 1916 751 Consilium.

1376 566 1482 604 Quum
1504 571 1588 599 esset
1614 579 1738 600 mecum
1767 563 1922 612 Laryns]
1957 564 2140 602 Narratio,

1671 616 1863 663 Qnuncloffl')
1889 618 1968 662 quid
1991 617 2052 650 tibi
2063 613 2138 661 91)]

1439 798 1766 844 Argumentum
1782 800 1841 846 ⁹²).

1246 863 1396 898 Generis
1420 872 1471 899 est
1493 866 1645 900 suasorii
1670 865 1756 900 haec
1782 867 1942 911 epistola.
2014 866 2137 900 Cicero

1144 912 1238 946 enim
1260 913 1426 949 hortatur
1443 917 1649 958 Caecinam,
1685 925 1723 951 ut
1741 924 1982 951 commoretur
1999 917 2034 949 in
2054 917 2139 950 Sici—

1142 964 1188 997 lia
1212 966 1351 1009 potius,
1387 980 1494 1013 quam
1522 969 1767 1013 proficiscatur
1793 969 1830 1002 in
1857 968 1990 1001 Asiam.
2046 967 2139 1000 Con-

1144 1016 1232 1049 tinet
1250 1024 1367 1051 antem
1389 1020 1475 1052 duas
1492 1021 1729 1054 narrationes.
1790 1019 1830 1052 In
1848 1020 1963 1064 prima
1982 1018 2138 1061 exponit,

1144 1068 1227 1111 quid
1255 1070 1409 1102 css'ecerit
1434 1071 1471 1102 in
1496 1084 1599 1104 causa
1628 1071 1799 1105 Caecinae
1825 1071 1918 1115 apud
1944 1069 2137 1102 familiares

1143 1119 1314 1154 Caesaris.
1382 1121 1503 1154 Altera
1537 1120 1643 1155 hahet
1673 1122 1880 1163 consilium,
1915 1121 1969 1153 cui
1995 1120 2136 1152 additae

1141 1176 1223 1202 sunt
1249 1172 1425 1212 rationes,
1466 1185 1576 1218 quare
1599 1174 1690 1206 nolit
1714 1186 1794 1206 eum
1820 1186 1860 1206 ex
1884 1172 2001 1206 Sicilia
2027 1172 2136 1203 disce-

1141 1221 1235 1255 dere.
1288 1223 1378 1256 Sunt
1398 1229 1515 1256 autem
1531 1231 1693 1269 sumptae
1717 1225 1874 1257 rationes
1900 1236 1940 1256 ex
1963 1223 2040 1254 loco
2067 1221 2135 1254 uti-

1140 1272 1259 1306 litatis.
1312 1273 1352 1306 In
1370 1275 1596 1308 conclusione
1613 1276 1774 1320 pluribus
1791 1276 1903 1308 defert
1928 1286 2030 1308 suun]
2060 1273 2134 1305 offi-

1140 1323 1251 1363 cium,
1295 1331 1329 1357 et
1351 1325 1526 1369 significat
1549 1338 1584 1359 se
1610 1325 1677 1359 hoc
1699 1327 1888 1371 diligenter
1913 1330 2132 1363 curaturum,

1139 1375 1236 1419 quod
1267 1377 1311 1408 ad
1342 1377 1491 1410 salutem
1526 1384 1560 1411 et
1583 1378 1792 1422 dignitatem
1818 1377 1928 1422 ipsius
1954 1375 2131 1420 pertinere

1138 1425 1289 1462 videtur.

1388 1502 1522 1537 Aliud
1549 1511 1880 1548 argumentum.

1240 1568 1388 1603 Constat
1413 1571 1560 1615 epistola
1585 1572 1722 1606 duabus
1746 1572 2025 1606 narrationibus.
2086 1571 2127 1605 In

1136 1618 1251 1662 prima
1271 1621 1479 1665 simpliciter
1498 1624 1665 1668 exponit,
1693 1624 1780 1669 quid
1799 1624 1910 1667 egerit
1929 1636 2006 1657 cnm
2025 1623 2131 1655 fami-

1134 1670 1282 1705 liaribus
1306 1672 1466 1707 Caesaris
1495 1674 1534 1707 in
1567 1687 1670 1708 causa
1695 1675 1878 1708 Caecinae.
1945 1674 2129 1708 Posterior

1136 1722 1295 1756 continet
1327 1725 1534 1767 consilium,
1578 1726 1634 1760 cui
1667 1733 1750 1760 sunt
1785 1727 1925 1759 additae
1959 1725 2128 1766 rationes,

1135 1785 1246 1818 quare
1270 1776 1449 1817 consulat,
1492 1789 1538 1810 ne
1560 1790 1711 1823 usquam
1743 1778 1899 1811 discedat
1928 1790 1968 1810 ex
1995 1776 2126 1811 Sicilia.

1133 1822 1174 1857 ln
1194 1826 1420 1861 conclusione
1436 1829 1550 1862 defert
1562 1829 1734 1874 prolixius
1751 1842 1855 1863 suum
1874 1829 2041 1862 officium.

1377 1912 1516 1947 Aliud
1550 1921 1871 1958 argumentum.

1236 1984 1359 2017 Primo
1378 1980 1457 2014 loco
1478 1988 1528 2015 est
1542 1984 1723 2023 narratio,
1751 1995 1842 2028 quae
1865 1983 2007 2021 recitat,
2037 1992 2123 2025 qua-

1133 2032 1201 2065 lem
1226 2047 1325 2078 spem
1349 2033 1468 2067 intimi
1493 2033 1686 2066 consiliarii
1711 2033 1871 2067 Caesaris
1894 2033 2057 2067 dederint
2080 2033 2122 2064 de

1165 2154 1214 2182 88)
1233 2153 1417 2178 Melanthonis
1431 2154 1620 2183 argumentum
1634 2153 1744 2184 aliquod
1757 2153 1836 2177 huius
1853 2153 1988 2183 epistolae
2002 2151 2028 2175 in
2036 2151 2120 2175 Editt.

1203 2188 1411 2219 1537-1554.‚
1437 2188 1529 2219 1557„
1555 2189 1647 2219 1560.,
1674 2189 1751 2214 1601.
1779 2194 1833 2212 non
1862 2188 2016 2216 exhibetur3
2051 2185 2121 2209 illud

1200 2222 1286 2252 enim,
1314 2222 1400 2252 quod,
1420 2222 1481 2246 sine
1500 2223 1622 2247 auctoris
1640 2223 1764 2255 nomine,
1786 2223 1813 2246 in
1831 2222 1914 2246 Editt.
1932 2221 2022 2251 1546„
2043 2220 2120 2245 1601.

1198 2257 1260 2280 huic
1279 2257 1412 2286 epistolae
1430 2257 1612 2287 praemissum
1631 2259 1690 2288 est,
1714 2264 1767 2281 non
1786 2256 1969 2281 Melanthonis
1991 2255 2049 2283 est,
2070 2254 2120 2277 sed

1199 2291 1304 2315 Giberti
1330 2291 1472 2322 Longolii,
1502 2292 1529 2315 id
1554 2292 1624 2322 quod
1648 2299 1681 2316 ex
1704 2292 1786 2316 Editt.
1808 2293 1897 2319 1544..
1926 2291 2017 2318 1554..
2044 2288 2120 2314 155⁷.

1198 2325 1389 2384 pgggltltzscitur,
1409 2332 1478 2356 quae
1491 2326 1561 2350 idem
1579 2326 1700 2350 auctoris
1719 2327 1827 2350 nomine
1846 2324 2033 2355 superscripto
2053 2329 2120 2347 con-

1163 2404 1212 2432 89)
1231 2403 1382 2434 expositio]
1400 2404 1449 2427 Ed.
1469 2404 1543 2428 1560.
1563 2410 1660 2427 errore
1679 2405 1806 2434 typogr.:
1834 2402 1967 2433 exposito.

1163 2447 1211 2474 90)
1224 2447 1367 2487 ρααηάο]
1391 2447 1432 2471 sic
1449 2447 1514 2470 illae
1535 2447 1620 2470 Editt.
1639 2453 1733 2471 omnes
1753 2448 1780 2470 et
1797 2447 1851 2477 al.3
1870 2446 1919 2470 Ed.
1934 2444 2020 2469 Orell.
2039 2444 2118 2474 Quo-

1198 2488 1287 2506 mum.

1162 2524 1210 2552 91)
1229 2525 1298 2553 tibi]
1317 2524 1357 2547 sic
1375 2524 1425 2548 Ed.
1445 2524 1532 2548 Orell.
1555 2525 1580 2547 et
1599 2524 1681 2547 Editt.
1700 2524 1905 2553 1544—1554.,
1926 2522 2011 2552 1557.‚
2033 2521 2117 2550 1560„

1200 2559 1274 2582 1601.
1293 2559 1320 2582 iu
1342 2560 1434 2587 textu;
1454 2559 1503 2583 Ed.
1524 2558 1597 2582 1537.
1618 2558 1643 2581 in
1664 2560 1738 2582 textu
1758 2559 1846 2589 mihi,
1865 2563 1977 2588 eamque
1998 2557 2030 2580 oh
2049 2561 2115 2578 cau-

1197 2599 1256 2616 sam
1276 2593 1357 2616 etiam
1376 2593 1458 2616 Etlitt.
1482 2593 1567 2622 1540..
1588 2593 1674 2621 1544..
1695 2594 1787 2620 1554..
1807 2593 1879 2616 1557.
1899 2593 1925 2615 in
1945 2590 2037 2614 verbis
2057 2588 2118 2612 huic.

1196 2629 1278 2651 notae
1297 2627 1424 2656 praefixis
1444 2627 1514 2651 mihi
1532 2628 1638 2650 habent.
1657 2639 1691 2645 ——
1726 2628 1757 2651 lu
1778 2628 1859 2652 Editt.
1882 2626 1973 2657 1545.,
1998 2623 2070 2649 1560.
2090 2622 2115 2646 ei

1196 2662 1317 2691 praefixa
1336 2663 1399 2684 sunt
1418 2662 1504 2684 verba
1522 2663 1558 2686 Se
1573 2663 1785 2692 praestituros.

1160 2703 1206 2734 92)
1227 2705 1284 2728 Hoc
1302 2705 1492 2732 argumentum
1512 2705 1539 2728 et
1558 2705 1609 2730 duo
1629 2705 1773 2736 sequentia
1790 2705 1818 2729 in
1836 2704 1920 2729 Editt.
1938 2703 2029 2734 1556„
2050 2700 2116 2727 1565

1195 2739 1313 2762 -1596,
1334 2738 1519 2762 inveniuntur.
