2351 2990
140 132 238 170 1135
712 126 835 162 PHIL.
871 125 985 160 MEL.
1019 123 1223 159 SCRIPTA
1258 123 1596 164 PHILOLOGICA.
2079 129 2180 165 1156

138 219 313 249 Posterioris
336 217 391 245 loci
415 214 617 253 interpretatio
642 213 798 242 exhibetur

307 287 334 306 a.
365 278 393 305 in
420 275 568 305 vincentii
591 274 721 303 editione
743 271 994 310 Epigrammatum
1017 270 1090 301 Mel.
1113 270 1165 298 fol.
1181 270 1202 299 S
1216 267 1276 306 253

311 321 340 349 b.
370 321 400 347 in
424 319 510 348 huius
533 319 623 355 Corp.
642 315 776 345 Reform.
800 315 867 344 Vol.
880 315 918 344 X.
942 312 1061 354 p.6·70.
1084 323 1131 344 nr.
1144 311 1221 343 390.

327 418 365 458 l.
431 409 797 464 Inscriptio
833 409 892 449 in
931 411 1151 450 statua
1187 410 1386 450 Arato
1427 407 1741 462 Sicyonio
1780 412 1994 466 posita

705 493 934 518 conversa
962 493 982 516 a
1009 481 1225 530 Philippo
1252 480 1611 532 Melanthone*).

552 570 661 603 Venit
686 570 731 602 ad
758 568 951 602 Herculeas
975 580 1196 614 quamquam
1222 575 1282 602 tua
1306 569 1402 603 sama
1426 571 1610 605 columnas
1629 569 1690 617 *ἢ

654 620 750 654 Dum
777 620 932 665 patriam
958 632 1078 654 servas
1103 620 1233 665 inclyte
1258 619 1368 655 Arate
1391 628 1508 655 tuam:

551 672 626 707 Nos
651 679 773 705 tamen
799 670 892 705 hauc
915 678 1068 705 statuam
1094 684 1160 716 pro
1183 672 1348 706 libertate
1370 680 1532 719 recepta,

651 723 804 757 Virtutis
827 729 950 757 testem
974 723 1122 756 fecimus
1149 736 1222 757 esse
1242 729 1337 758 tuae.

550 775 762 809 Communis
787 774 852 807 tibi
878 787 958 808 cum
983 774 1062 808 Diis
1086 775 1329 809 servatoribus
1357 781 1430 809 esto

658 827 725 860 Hic
749 825 889 867 honor,
924 826 962 858 in
985 826 1141 871 patriam
1166 838 1251 860 nam
1275 827 1333 871 pia
1362 826 1441 860 iura
1464 827 1586 862 refers.

1700 598 1709 612 ²

477 932 519 974 2.
578 930 666 970 Ex
704 928 1064 971 Plutarcho
1106 926 1232 976 περὶ
1276 927 1573 975 εὐθυμίας
1613 942 1843 973 versus

649 1014 671 1038 a
695 1001 915 1051 Philippo
940 1003 1229 1040 Melanthone
1264 1004 1412 1040 latine
1444 1004 1665 1041 redditus.

549 1089 701 1123 Gratum
728 1096 800 1131 est,
836 1090 866 1124 si
891 1090 1052 1131 dederis,
1086 1103 1152 1124 nec
1175 1091 1390 1125 succensebo
1414 1091 1562 1135 neganti
1578 1089 1676 1137 θεὴ.

266 1169 325 1196 Hos
348 1169 425 1196 locos
446 1166 639 1204 praecedenti
662 1167 701 1195 de
724 1174 792 1196 nota
814 1168 1008 1206 Pythagorica
1032 1176 1097 1196 eam
1115 1168 1151 1196 ob
1175 1177 1290 1197 causam
1317 1168 1346 1197 h.
1362 1168 1384 1198 1.
1405 1168 1608 1206 adiunximus,
1640 1173 1673 1197 ut
1696 1168 1789 1197 lector
1812 1168 1925 1206 omnia,
1961 1176 2038 1207 quae
2059 1166 2179 1206 quidem

139 1221 178 1242 ex
199 1211 399 1240 Melanffionis
421 1210 667 1248 interpretatione
689 1210 840 1239 Plutarchi
864 1216 999 1248 exstant,
1027 1220 1084 1238 uno
1108 1211 1209 1240 obtutu
1233 1210 1282 1240 hic
1304 1211 1477 1250 conspiciat.

172 1355 205 1386 *j
224 1356 254 1380 ln
273 1355 337 1380 Mel.
356 1355 424 1385 opp.
443 1355 527 1380 Basil.
552 1356 622 1379 haec
648 1354 752 1386 legitur
777 1355 935 1385 inscriptio:
970 1355 1174 1386 „Epigramma
1192 1355 1225 1378 de
1243 1355 1339 1378 Arato.
1364 1354 1407 1378 Ex
1425 1352 1623 1385 Plutarcho.”;
1660 1354 1732 1384 apud
1750 1355 1881 1379 Grattius.
1901 1355 1929 1378 et
1946 1353 2075 1378 Vincent.
2094 1354 2177 1378 haec:

207 1392 322 1417 ..Arato
343 1390 475 1420 Sicyonio
495 1391 588 1414 statua
609 1391 654 1413 est
674 1389 766 1420 posita
784 1389 813 1413 iu
831 1389 923 1420 patria
941 1390 1056 1419 propter
1076 1389 1135 1413 eius
1155 1389 1304 1420 virtutem,
1335 1395 1396 1412 cum
1413 1389 1464 1413 hac
1481 1389 1662 1419 inscriptione
1671 1387 1706 1419 '’;
1737 1389 1765 1412 in
1784 1390 1835 1413 hoc
1854 1389 1936 1419 corp.
1954 1388 2076 1412 Reform.
2095 1388 2179 1411 haec:

207 1424 382 1455 ..Inscriptio
408 1424 436 1449 in
463 1426 557 1449 statua
583 1425 672 1449 Arato
699 1424 833 1455 sicyonio
859 1422 983 1454 posita.”
1044 1424 1075 1448 ln
1101 1423 1226 1447 omnihus
1249 1423 1293 1446 his
1318 1423 1397 1447 libris
1422 1424 1508 1447 verba
1531 1429 1633 1456 graeca
1657 1423 1882 1454 interpretationi
1907 1421 2092 1447 Melanthouis
2114 1422 2180 1447 eunt

207 1460 339 1490 praefixa.

176 1508 228 1538 *ἢ
249 1509 293 1534 Sic
312 1509 461 1540 Grattius,
482 1508 612 1536 vincent.
632 1511 659 1533 et
679 1509 761 1539 corp.
782 1507 923 1537 Reform.;
949 1506 979 1531 in
1000 1507 1063 1531 Mel.
1083 1508 1151 1538 Opp.
1172 1508 1258 1533 Basil.
1277 1509 1382 1539 primus
1401 1514 1503 1532 versus
1521 1508 1560 1533 ita
1579 1507 1737 1533 exhibetur:

655 1551 808 1576 Herculeas
827 1550 952 1581 quamvis
970 1552 1088 1580 aequent
1107 1552 1153 1575 tua
1170 1552 1244 1576 facta
1261 1552 1413 1577 columnas.

174 1605 247 1634 *ἢῆ
266 1605 333 1631 Huic
353 1605 435 1630 etiam
453 1604 676 1635 interpretationi
695 1603 766 1635 apud
785 1603 913 1628 Vincent.
935 1603 961 1626 et
980 1602 1008 1626 in
1027 1602 1110 1633 θοι-[ι.
1129 1603 1253 1630 Reform.
1271 1609 1373 1628 versus
1391 1609 1509 1635 graecus
1528 1604 1669 1635 praefixus
1689 1606 1741 1628 est.
