2351 2990
115 127 215 165 1045

113 215 216 256 stris,
253 222 314 250 aut
339 215 526 249 inferiores
549 215 663 259 gloria
688 221 822 249 nostra.
886 216 980 249 Tota
1001 216 1111 250 Grae-

114 267 168 300 cia
191 265 260 300 hoc
288 274 413 302 nostro
441 273 572 301 conatu
597 273 733 307 erecta,
765 266 926 301 intuetur
955 280 1043 307 nos,
1077 273 1112 300 et

114 319 249 363 optime
268 320 366 364 cupit
381 319 485 353 nobis
504 324 652 364 propter
671 318 794 352 odium
813 331 896 363 erga
913 317 1110 353 Athenien-

113 382 187 410 ses,
225 377 418 417 optatque,
453 377 493 404 ut
515 371 760 415 perficiamus,
786 383 877 417 quae
902 371 1110 415 cogitamus.

113 421 197 456 Non
220 422 329 466 igitur
351 421 488 468 aliquid
512 422 749 467 negligentius
777 434 943 467 agamus,
971 422 1111 456 etiamsi

112 472 278 508 videmur
303 475 422 519 plures
448 485 522 507 esse
547 481 580 508 et
607 474 783 508 instructi.
844 474 918 509 Nec
941 474 1111 508 securita-

112 531 186 558 tem
210 526 312 559 nobis
328 525 564 570 polliceamur
588 537 629 559 ex
654 538 717 566 eo,
746 527 842 572 quod
858 532 1007 571 propter
1023 523 1111 559 haec

111 574 231 611 hostes
254 577 441 611 nobiscum
466 590 541 611 non
566 578 637 612 sint
659 578 871 622 pugnaturi3
899 579 959 611 sed
980 578 1110 610 ducum

113 634 149 662 et
170 628 326 662 militum
349 629 616 676 unusquisque,
650 636 690 663 ut
714 629 776 675 qui
800 641 874 663 sese
897 629 1054 673 cogitent
1073 629 1111 661 in

111 679 305 713 discrimen
320 688 512 716 venturum
531 694 623 722 esse,
655 681 700 715 sit
715 688 861 726 paratus
878 682 923 714 ad
939 681 1112 714 dimican-

112 732 212 766 dum.
281 732 415 766 Omnia
444 733 540 766 enim
572 733 609 766 in
636 733 738 767 bellis
762 733 912 766 obscura
941 738 1042 773 sunt,
1078 738 1112 765 et

110 795 153 817 ex
186 795 300 828 parvo
337 785 451 819 multa
486 785 653 819 existunt.
706 784 820 828 Saepe
853 797 894 818 ex
924 783 1111 818 iracundia

110 835 202 869 fiunt
224 836 421 871 conflictus.
489 836 603 881 Saepe
628 835 749 869 minor
770 836 986 877 multitudo,
1020 847 1111 882 quae

109 892 261 932 propter
286 895 422 922 metum
445 894 549 922 cauta
573 894 644 928 est,
670 887 799 921 fortius
818 887 955 932 depulit
978 887 1112 932 plures,

111 938 174 984 qui
191 945 400 984 contemptu
416 938 575 974 hostium
597 940 743 973 fuerunt
765 939 946 984 imparati.
999 939 1051 973 Ac
1074 938 1112 971 in

110 996 208 1023 terra
232 988 355 1024 hostili
378 992 429 1024 ita
454 1003 531 1024 rem
555 991 630 1036 geri
650 997 812 1036 oportet,
838 997 879 1024 ut
896 1002 1112 1035 apparemus

109 1053 178 1075 nos
206 1047 380 1088 tanquam
403 1049 623 1084 metuentes,
650 1050 684 1076 et
712 1055 912 1088 pugnemus
937 1048 1111 1088 tanquam

109 1094 274 1128 audaces.
344 1093 398 1128 Ita
435 1094 553 1128 affecti
588 1101 622 1128 et
656 1096 702 1128 ad
735 1095 958 1127 invadendos
993 1092 1113 1127 hostes

107 1145 372 1190 promptissimi
414 1147 566 1187 erimus,
606 1153 641 1180 et
675 1147 721 1180 ad
757 1145 961 1179 conflictum
994 1145 1113 1179 muni-

110 1197 252 1231 tissimi.

213 1248 338 1294 Neque
363 1260 449 1282 vero
474 1250 519 1282 ad
541 1249 667 1283 urbem
692 1248 785 1282 bello
807 1247 1024 1288 invalidam,
1051 1249 1113 1281 sed

111 1299 218 1334 rebus
235 1300 402 1333 omnibus
420 1300 555 1344 optime
572 1301 785 1334 instructam
802 1299 1013 1333 accedimus.
1056 1298 1112 1332 Id-

113 1351 208 1385 circo
226 1351 375 1384 omnino
391 1351 495 1385 nobis
512 1351 549 1385 id
567 1353 861 1396 persuadeamus,
881 1351 979 1396 quod
996 1350 1041 1384 sit
1060 1350 1113 1383 di-

109 1403 308 1443 micatura,
335 1402 477 1436 etiamsi
492 1404 656 1437 nondum
676 1415 750 1437 sese
772 1408 998 1442 commovet,
1027 1402 1111 1447 quia

110 1455 276 1488 nondum
292 1467 414 1488 sumus
433 1454 471 1487 in
487 1461 691 1500 conspectu.
740 1454 819 1488 Fiet
836 1454 873 1487 id
891 1459 1023 1494 autem,
1051 1453 1114 1487 ubi

110 1506 243 1540 viderit
259 1518 278 1539 a
295 1506 399 1540 nobis
418 1512 552 1539 terram
570 1504 749 1540 hostiliter
771 1505 971 1545 devastari,
1000 1511 1035 1538 et
1058 1517 1113 1539 res

112 1571 193 1593 suas
210 1558 406 1602 corrumpi.
460 1558 595 1592 Omnes
615 1558 710 1591 enim
730 1570 771 1591 ex
788 1563 980 1601 conspectu
1004 1556 1114 1590 subiti

111 1617 219 1656 atque
243 1610 374 1644 insueti
398 1610 523 1643 damni
547 1610 585 1642 in
604 1610 695 1642 iram
715 1610 969 1648 exardescunt,
997 1614 1032 1641 et
1051 1608 1112 1654 qui

111 1662 306 1695 minimum
328 1668 480 1695 utuntur
503 1661 801 1702 ratiocinatione,
829 1660 855 1693 ii
879 1659 1035 1693 maxime
1061 1660 1114 1692 ira

115 1715 162 1747 ad
185 1714 365 1758 agendum
391 1713 529 1760 aliquid
554 1719 824 1758 permoventur.
877 1709 1115 1746 Athenienses

114 1772 236 1800 autem
252 1765 367 1799 multo
384 1765 499 1810 magis
519 1778 628 1812 quam
650 1765 739 1800 alios
759 1770 1039 1799 consentaneum
1065 1770 1116 1798 est

114 1815 185 1851 hoc
208 1818 366 1851 facturos
390 1830 483 1858 esse,
513 1818 575 1863 qui
600 1817 779 1862 imperare
805 1817 883 1851 aliis
907 1816 1054 1856 volunt,
1082 1821 1117 1848 et

116 1869 234 1903 aliena
260 1869 453 1903 incendere
487 1870 627 1903 malunt
662 1869 700 1902 in
736 1869 862 1903 vicinis
896 1867 1116 1912 regionibus,

117 1933 226 1967 quam
244 1921 342 1966 pati,
366 1928 407 1955 ut
423 1933 486 1955 sua
506 1922 550 1955 ab
568 1921 646 1955 aliis
664 1921 914 1954 incendantur.

218 1972 336 2017 Ergo,
362 1979 403 2007 ut
427 1974 598 2007 adversus
621 1979 759 2006 tantam
781 1973 962 2007 civitatem
982 1971 1115 2005 bellum

116 2024 268 2069 gesturi,
297 2031 331 2058 et
352 2025 548 2059 maximam
574 2025 726 2069 gloriam
754 2023 975 2070 reportaturi
1003 2022 1117 2056 maio—

115 2076 216 2110 ribus
232 2076 365 2111 nostris
382 2083 416 2110 et
430 2076 546 2118 nobis,
575 2077 780 2123 sequimini,
808 2075 937 2110 animis
955 2076 999 2109 ad
1012 2087 1117 2109 even-

115 2134 195 2162 tum
217 2135 412 2174 utrumque
434 2129 589 2173 paratis,
629 2141 671 2162 eo
696 2141 767 2175 quo
792 2127 985 2162 ducemini.
1047 2127 1116 2161 Sed

118 2180 285 2214 ordinem
310 2187 448 2214 servate
479 2187 561 2214 ante
593 2181 737 2221 omnia,
774 2187 808 2214 et
831 2179 1118 2224 circumspectio-

122 2244 208 2266 nem
222 2230 407 2272 adhibete,
433 2232 594 2266 celeriter
608 2234 779 2266 mandata
794 2234 924 2266 ducum
942 2231 1118 2276 excipien-

119 2290 184 2319 tes.
237 2282 509 2318 Pulcherimum
534 2285 630 2318 enim
659 2283 729 2318 hoc
755 2291 807 2319 est
831 2291 866 2318 et
889 2283 1119 2324 tutissimum,

118 2348 200 2370 cum
234 2335 345 2370 simus
380 2335 504 2375 multi,
549 2349 672 2371 omnes
706 2349 779 2371 uno
817 2337 942 2370 ordine
978 2342 1117 2370 utentes

119 2388 290 2433 conspici.

258 2472 485 2507 Funebris
514 2472 669 2506 oratio
697 2473 901 2507 Periclis
919 2473 979 2519 26).

223 2542 350 2583 Multi,
378 2541 440 2588 qui
463 2539 628 2575 hocloco
648 2542 834 2583 dixerunt,
861 2543 1011 2576 laudant
1023 2540 1119 2577 hunc

122 2608 280 2636 morem,
318 2595 415 2640 quod
446 2594 502 2627 lex
529 2594 627 2627 iubet
657 2595 739 2628 addi
767 2595 967 2628 orationem
988 2596 1117 2630 funeri.

123 2646 216 2683 Mihi
239 2659 326 2680 vero
345 2646 429 2680 satis
447 2646 648 2685 videretur,
676 2646 836 2681 virorum
857 2649 1115 2693 praestantium

157 2766 206 2795 26)
224 2765 345 2796 Thueyd.
363 2766 398 2798 u,
417 2765 539 2790 35—46.

376 127 484 164 XLII.
524 126 925 164 INTERPRETATIO
951 127 1248 163 ORATIONUM
1273 128 1337 163 EX
1365 129 1659 167 THUCYDIDIS
1686 132 1833 170 LIBRO
1849 135 1892 172 H.

2062 139 2162 175 1046

1163 216 1264 250 factis
1287 214 1465 251 honorem
1496 219 1590 252 sacto
1619 220 1822 262 declarare,
1856 223 2021 258 videlicet
2050 225 2161 269 ipsius

1162 268 1297 312 publici
1318 269 1453 304 funeris
1477 270 1570 311 ritu,
1597 283 1662 304 nec
1686 279 1834 317 propter
1858 275 1964 309 unius
1988 277 2055 310 viri
2081 289 2161 310 ora-

1164 319 1299 353 tionem
1316 322 1491 354 adducere
1510 321 1547 354 in
1564 323 1762 367 periculum
1784 325 1981 360 multorum
1999 329 2161 370 virtutes,

1163 377 1203 404 ut
1234 372 1277 404 de
1307 371 1350 406 iis
1380 373 1429 405 ita
1462 373 1620 408 iudicent
1645 375 1727 416 alii,
1757 376 1848 410 sicut
1872 390 1929 411 eas
1952 386 2075 413 orator
2098 393 2162 414 seu

1163 422 1254 456 bene
1276 435 1339 457 seu
1362 425 1455 457 male
1480 433 1751 462 commemorat.
1811 428 1964 463 Difficile
1990 438 2041 465 est
2065 432 2161 465 enim

1165 475 1420 509 convenienter
1445 476 1562 510 dicere
1589 490 1628 510 ea
1649 479 1692 511 ile
1715 491 1774 520 re,
1803 481 1847 513 de
1872 493 1941 526 qua
1962 488 2086 515 orator
2103 483 2162 517 vix

1164 525 1358 570 impetrare
1384 534 1518 572 potest,
1559 535 1599 562 ut
1625 529 1692 563 sibi
1717 532 1893 566 credatur.
1964 534 2056 567 Nam
2084 535 2163 579 qui-

1163 577 1229 611 bus
1253 589 1309 612 res
1330 585 1438 612 notae
1464 585 1567 620 sunt,
1598 587 1632 613 et
1657 581 1719 626 qui
1743 582 1831 616 bene
1855 584 1983 618 volunt
1998 586 2163 627 mortuis,

1165 629 1369 662 existimant
1400 630 1600 664 orationem
1631 644 1705 665 non
1739 646 1811 668 esse
1835 647 1960 680 parem
1984 637 2163 681 magnitu-

1165 680 1241 714 dini
1257 693 1377 715 rerum
1397 688 1589 725 gestarum.
1641 684 1713 717 Alii
1729 685 1846 729 ignari
1864 687 2024 722 iudicant
2039 689 2162 724 laudes

1165 745 1239 767 esse
1264 733 1496 774 immodicas,
1525 734 1609 780 quia
1635 735 1797 770 invident
1820 740 2002 773 excellenti
2025 741 2162 776 virtuti.

1164 783 1306 818 Laudes
1323 785 1418 818 enim
1442 797 1484 818 eo
1504 798 1617 831 usque
1638 787 1842 823 tolerabiles
1860 797 1962 831 sunt,
1988 792 2101 825 donec
2120 804 2161 826 ea

1165 836 1351 877 dicuntur,
1379 849 1471 883 quae
1495 838 1677 872 auditores
1701 852 1736 872 se
1761 853 1904 887 quoque
1927 843 2041 876 facere
2058 856 2162 888 posse

1166 888 1405 927 arbitrantur3
1439 889 1469 922 si
1492 889 1632 922 maiora
1659 889 1847 933 dicuntur,
1880 893 2063 935 invident,
2088 907 2163 929 non

1166 941 1328 974 credunt.

1266 991 1465 1037 Postquam
1484 998 1603 1026 autem
1622 999 1787 1038 vetustas*
1805 993 1899 1029 ‘tunc
1912 1009 2052 1030 morem
2071 997 2163 1031 iudi-

1169 1042 1264 1075 cavit
1281 1040 1474 1077 honestum
1499 1056 1590 1085 esse,
1613 1057 1670 1078 me
1696 1042 1840 1092 quoque
1862 1049 1961 1082 decet
1981 1050 2164 1094 obtempe-

1165 1100 1308 1128 rantem
1331 1094 1402 1139 legi
1426 1095 1568 1136 conari,
1599 1102 1639 1129 ut
1663 1097 1842 1131 voluntati
1864 1107 2002 1134 vestrae
2026 1108 2060 1135 et
2087 1102 2165 1146 opi-

1165 1145 1269 1179 nioni
1285 1158 1416 1190 magna
1434 1159 1476 1180 ex
1493 1154 1595 1192 parte
1610 1148 1836 1184 satisfaciam.

1268 1196 1447 1231 Exordiar
1463 1205 1582 1232 autem
1601 1211 1619 1232 a
1636 1200 1835 1235 maioribus
1851 1203 1994 1238 nostris.
2027 1203 2163 1238 Iustum

1167 1255 1218 1282 est
1239 1249 1335 1282 enim
1359 1249 1519 1293 ipsorum
1547 1263 1691 1297 quoque
1716 1253 1940 1295 meminisse,
1968 1261 2003 1288 et
2018 1256 2067 1290 eis
2083 1268 2165 1301 par-

1166 1306 1238 1333 tem
1254 1298 1404 1334 honoris
1425 1301 1583 1336 tribuere
1600 1302 1637 1335 in
1652 1301 1719 1336 hoc
1739 1304 1830 1345 ritu,
1860 1306 1964 1351 quia,
1989 1319 2069 1341 cum
2088 1309 2165 1342 fue—

1166 1351 1240 1384 rint
1265 1351 1476 1395 indigenae,
1511 1354 1667 1398 patriam
1701 1355 1853 1390 liberam
1876 1370 1989 1404 usque
2024 1361 2069 1392 ad
2096 1357 2166 1393 hoc

1167 1409 1307 1446 tempus
1338 1403 1469 1437 virtute
1499 1417 1562 1438 sua
1596 1407 1767 1450 posteris,
1801 1409 1862 1454 qui
1900 1421 1941 1443 ex
1976 1410 2061 1455 ipsis
2088 1411 2166 1445 nati

1166 1460 1270 1494 sunt,
1300 1455 1538 1490 tradiderunt.
1590 1457 1635 1490 Et
1661 1470 1740 1491 cum
1766 1460 1817 1492 illi
1833 1461 1938 1494 laude
1957 1462 2055 1506 digni
2070 1470 2166 1504 sunt,

1168 1512 1244 1539 tum
1264 1517 1350 1539 vero
1375 1507 1488 1550 magis
1506 1514 1624 1552 patres
1642 1510 1774 1551 nostri,
1808 1512 1889 1557 qui,
1917 1525 1996 1546 cum
2015 1526 2033 1547 a
2052 1515 2166 1548 maio-

1166 1557 1266 1591 ribus
1291 1558 1404 1591 solam
1428 1559 1585 1603 patriam
1610 1561 1847 1606 accepissent,
1884 1576 2015 1609 magno
2041 1566 2166 1601 labore

1168 1609 1359 1653 imperium
1379 1610 1595 1645 addiderunt
1613 1618 1647 1645 et
1664 1613 1768 1647 nobis
1783 1615 2017 1661 reliquerunt.
2062 1618 2166 1653 Post-

1169 1673 1209 1693 ea
1233 1672 1320 1701 nos,
1356 1662 1567 1706 praesertim
1592 1663 1637 1705 ii,
1673 1678 1828 1710 quorum
1860 1674 1911 1701 est
1942 1675 2038 1703 aetas
2061 1682 2167 1714 gran-

1168 1712 1268 1753 dior,
1297 1713 1460 1747 auximus
1482 1714 1695 1760 imperium,
1724 1724 1758 1750 et
1780 1719 1906 1752 urbem
1933 1720 2167 1757 instruximus

1169 1765 1274 1798 rebus
1296 1766 1503 1800 necessariis
1529 1768 1574 1799 ad
1591 1768 1723 1801 bellum
1743 1775 1776 1802 et
1793 1771 1839 1803 ad
1858 1783 2001 1815 pacem,
2030 1774 2072 1806 de
2088 1774 2167 1819 qui-

1169 1817 1234 1850 bus
1249 1828 1324 1849 non
1341 1817 1456 1850 dicam
1473 1816 1543 1858 hic,
1567 1826 1722 1864 quantae
1737 1833 1792 1854 res
1810 1828 1926 1865 gestae
1946 1823 2017 1857 sint
2032 1825 2089 1858 vel
2105 1826 2167 1859 ad-

1170 1880 1291 1902 versus
1314 1869 1489 1904 barbaros
1512 1870 1568 1902 vel
1594 1872 1763 1906 adversus
1787 1873 1964 1915 Graecos,
1999 1889 2079 1910 cum
2104 1890 2166 1911 vo-

1169 1920 1222 1954 his
1245 1926 1352 1953 notae
1384 1921 1471 1959 sint;
1507 1923 1569 1956 sed
1594 1920 1662 1956 hoc
1688 1923 1824 1966 dicam,
1858 1927 1973 1972 qualis
1998 1928 2043 1962 sit
2067 1929 2166 1964 urbis

1170 1972 1378 2017 disciplina,
1413 1985 1477 2017 per
1505 1986 1613 2019 quam
1643 1976 1774 2017 crevit,
1808 1985 1931 2022 postea
1964 1980 2007 2013 de
2039 1993 2167 2016 eorum

1170 2024 1336 2058 laudibus
1364 2024 1495 2059 dicam.
1562 2026 1654 2061 Nam
1678 2025 1766 2061 haec
1797 2031 1914 2063 oratio
1947 2031 1990 2064 de
2014 2033 2168 2069 civitatis

1170 2077 1287 2110 forma
1317 2083 1350 2109 et
1375 2077 1537 2111 moribus
1561 2090 1636 2111 non
1660 2079 1776 2113 aliena
1806 2088 1857 2115 est
1881 2083 1925 2115 ab
1954 2080 2021 2117 hac
2043 2085 2169 2119 lauda-

1171 2129 1289 2169 tione,
1314 2134 1349 2161 et
1371 2129 1467 2162 utilis
1492 2136 1543 2163 est
1567 2130 1793 2166 audientibus
1813 2133 1948 2168 civibus
1965 2142 1999 2169 et
2017 2134 2168 2182 hospiti-

1171 2181 1248 2215 bus.
1290 2180 1384 2214 Nam
1400 2182 1515 2214 forma
1534 2188 1678 2216 nostrae
1695 2184 1911 2229 reipublicae
1929 2198 2005 2220 non
2023 2196 2167 2234 accepta

1172 2239 1223 2266 est
1247 2244 1266 2264 a
1289 2232 1436 2273 vicinis,
1463 2234 1524 2267 sed
1541 2234 1660 2278 potius
1678 2235 1881 2281 aliquarum
1906 2241 2087 2284 exemplar
2105 2247 2167 2281 est,

1173 2296 1212 2318 ac
1227 2296 1361 2342 nornen
1378 2285 1524 2330 quidem
1541 2292 1592 2320 est
1608 2287 1793 2331 popularis
1809 2295 1920 2323 status
1931 2316 1940 2330 ,
1959 2291 2043 2336 quia
2061 2293 2167 2326 multi

1173 2348 1288 2382 aequo
1305 2348 1382 2370 iure
1399 2337 1594 2371 consociati
1612 2344 1705 2373 sunt.

1274 2387 1320 2421 Et
1336 2400 1556 2435 quamquam
1574 2390 1744 2434 privatim
1760 2391 1852 2426 cives
1867 2391 2055 2427 dissimiles
2071 2401 2167 2436 sunt,

1173 2439 1234 2472 alii
1251 2439 1398 2481 divites,
1425 2441 1486 2474 alii
1502 2453 1679 2486 pauperes
1692 2469 1701 2483 ,
1729 2449 1850 2476 tamen
1869 2445 2066 2490 aequalitas
2081 2447 2167 2491 legi-

1171 2492 1237 2526 bus
1254 2492 1446 2526 constituta
1473 2499 1542 2533 est,
1570 2499 1610 2526 ut
1633 2493 1738 2527 liberi
1755 2500 1789 2528 et
1805 2496 1974 2530 adversus
1995 2497 2166 2531 iniuriam

1172 2544 1370 2590 aequaliter
1395 2544 1463 2578 tuti
1487 2545 1558 2579 sint
1582 2557 1717 2580 omnes.
1771 2546 1844 2580 Pro
1869 2546 2041 2592 dignitate
2067 2562 2167 2591 verO,

1170 2602 1210 2629 ut
1233 2597 1383 2642 quisque
1406 2597 1578 2642 probatus
1606 2603 1675 2638 est,
1701 2598 1750 2631 ita
1774 2599 1818 2632 ad
1835 2596 1992 2635 honores
2009 2601 2168 2635 admitti-

1172 2654 1249 2689 tur,
1276 2660 1351 2681 non
1375 2661 1417 2682 ex
1440 2655 1534 2682 certa
1552 2648 1709 2692 familia,
1736 2651 1797 2684 sed
1820 2658 1969 2696 propter
1985 2652 2168 2695 virtutem,

1171 2712 1236 2733 nec
1265 2708 1415 2745 propter
1445 2707 1694 2746 paupertatem
1722 2710 1863 2737 arcetur
1889 2704 1933 2736 ab
1956 2701 2169 2749 honoribus,

1170 2751 1200 2786 si
1218 2752 1434 2797 reipublicae
1458 2754 1627 2798 prodesse
1652 2761 1780 2799 potest.
1832 2754 2004 2789 Liberum
2030 2764 2081 2792 est
2104 2759 2168 2804 igi-

1562 2803 1645 2839 66*
