2351 2990
225 118 299 153 819

223 204 291 237 lum
304 203 380 246 lore
395 210 543 246 sperant.
597 207 666 249 Eyo
687 218 761 239 vero
783 219 842 240 nec
866 207 949 240 mihi
976 218 1035 240 nec
1057 207 1134 240 urbi
1157 208 1216 241 hoc
1241 236 1245 263 1

224 255 304 287 urile
319 266 389 287 esse
405 257 575 289 esistimo.
630 259 740 290 Nares
757 259 862 300 iyitur
886 259 1037 297 remitto,
1064 263 1095 291 et
1116 259 1214 291 dein-

222 317 297 347 ceps
310 306 444 338 servabo
456 318 590 349 pacem,
617 309 648 340 si
664 320 727 340 non
746 310 929 341 concedetis
951 310 1071 341 vestris
1090 310 1213 352 yuber-

223 356 414 396 nator-ibus,
442 362 477 390 ut
494 370 564 390 eam
582 358 714 391 turbent
726 361 871 400 privatis
885 355 1045 392 consiliis.

323 439 459 472 Hieme
477 453 548 473 nou
567 440 750 481 nominat,
778 454 929 487 cumque
951 449 1089 476 accuset
1111 444 1212 483 alios,

219 502 263 524 ne
281 491 414 524 mentio
433 491 576 535 quidem
595 492 664 525 ulla
685 493 721 525 fit
738 505 898 527 mearum
909 493 1102 528 actionum.
1129 494 1212 528 Nou

220 541 314 574 enim
333 542 448 574 dicere
464 543 507 574 de
526 554 582 574 me
602 549 742 586 poterat
766 544 841 577 sine
868 545 1211 579 commemoratione

220 604 363 631 eorum,
399 605 489 637 quae
520 600 642 626 contra
669 607 733 628 nos
755 596 836 628 secit
859 596 998 630 iniuste.
1059 595 1099 629 In
1123 595 1211 630 haec

219 643 312 675 enim
346 655 442 675 eram
478 645 652 683 intentus,
695 652 727 678 et
759 644 812 680 his
846 648 1071 681 adversabar.
1132 648 1210 681 Pri-

218 706 315 726 mum
336 694 495 734 decrevi,
523 702 561 728 ut
579 696 706 740 legatio
726 697 762 729 iu
779 698 1068 742 Peloponnesum
1093 699 1209 732 mitte-

216 750 333 783 retur,
361 747 505 790 quaudo
531 747 686 790 primum
712 747 785 792 ipse
811 749 933 782 furtim
960 757 1148 794 penetrare
1173 750 1208 783 in

217 807 294 827 eam
314 803 461 830 conatus
477 804 545 834 est;
575 798 701 831 deiude
719 799 755 832 in
772 799 954 833 Euboeam
967 828 976 841 ,
1012 814 1091 834 cum
1116 799 1208 834 lianc

216 846 349 890 attigit;
385 854 504 891 postea
522 850 783 893 expeditionem
809 852 853 883 ad
871 851 1026 891 Oreum,
1062 865 1135 884 non
1160 853 1208 885 le-

215 897 413 940 gationem;
441 899 568 932 deinde
594 901 631 933 in
645 900 844 941 Eretriam,
873 915 951 935 cum
975 909 1148 948 tyrannos
1170 904 1207 936 in

213 948 360 982 urbibus
385 950 578 984 constituit.
639 951 721 985 Misi
747 959 781 985 et
804 953 970 993 classem,
1010 966 1073 998 per
1098 967 1206 1000 quam

215 997 476 1034 Chersonesum
507 1002 748 1043 defendimus,
781 1003 997 1048 Byzantium
1022 1012 1056 1038 et
1079 1006 1205 1040 socios.

214 1050 367 1094 Propter
384 1064 474 1097 quae
494 1065 571 1085 mea
591 1054 731 1087 decreta
753 1067 815 1088 vos
833 1056 978 1101 quidem
997 1057 1206 1091 ornatiestis

212 1101 375 1135 laudibus
401 1109 434 1135 et
459 1104 612 1138 coronis.
672 1104 726 1138 Illi
756 1118 861 1147 vero,
891 1120 981 1152 quos
1014 1108 1206 1148 invaserat,

212 1151 240 1186 si
258 1153 318 1198 qui
336 1153 435 1188 vobis
451 1162 668 1199 paruerunt,
696 1158 825 1190 servati
842 1164 940 1196 sunt;
967 1159 1028 1192 sed
1054 1159 1116 1205 qui
1143 1172 1206 1193 vos

212 1204 461 1247 neglexerunt,
496 1215 721 1250 agnoverunt
744 1221 779 1242 se
804 1221 878 1242 non
904 1210 1035 1243 frustra
1060 1223 1077 1242 a
1104 1211 1205 1244 vobis

212 1256 457 1298 praemonitos
474 1269 566 1298 esse,
584 1271 717 1304 vosque
734 1272 808 1292 non
827 1261 942 1294 solum
962 1261 1080 1295 fideles
1096 1268 1130 1294 et
1145 1262 1204 1295 be—

211 1306 358 1340 nevolos
374 1308 477 1351 ipsis,
505 1310 565 1342 sed
584 1310 690 1343 etiam
707 1311 884 1355 sapientes
903 1318 936 1345 et
959 1319 1080 1346 vatum
1107 1313 1203 1346 simi-

209 1356 259 1390 les
282 1357 400 1392 fuisse.
462 1359 667 1394 Evenerunt
693 1362 787 1394 enim
813 1363 952 1402 omnia,
987 1375 1078 1408 quae
1102 1376 1203 1407 prae·
1227 1405 1231 1410 Δ

210 1408 374 1443 diximus.
434 1410 598 1445 Dedisset
633 1419 751 1446 autem
782 1412 986 1447 Philistides
1014 1415 1201 1458 pecuniam

210 1459 410 1503 ingentem,
444 1468 484 1495 ut
508 1462 643 1496 Oreum
669 1470 790 1497 tenere
814 1464 1006 1508 potuisset,
1038 1465 1201 1498 similiter

209 1517 243 1543 et
263 1510 462 1546 Clitarchus
480 1520 513 1546 et
528 1511 735 1558 Philippus,
762 1521 801 1548 ut
823 1513 910 1548 haec
932 1517 1201 1559 propugnacula

210 1569 334 1595 contra
352 1576 415 1596 vos
433 1576 606 1609 occupare
624 1566 816 1609 potuisset,
831 1573 865 1599 et
880 1567 1022 1600 fraudes
1040 1568 1113 1600 eius
1132 1567 1201 1601 dis-

208 1612 396 1647 simulatae
430 1622 555 1649 essent.
623 1616 718 1649 Haec
751 1630 857 1650 nemo
890 1618 1051 1660 ignorat,
1095 1624 1129 1651 et
1164 1625 1202 1651 tu

210 1666 371 1697 omnium
389 1666 548 1700 minime.
602 1667 835 1701 DIx‘erterunt
860 1668 953 1702 enim
981 1670 1075 1713 apud
1098 1675 1131 1701 te
1152 1669 1201 1702 le-

209 1715 302 1758 gati,
337 1723 370 1749 et
393 1723 431 1750 tu
453 1725 624 1763 tanquam
650 1716 777 1763 hospes
802 1719 1042 1764 patrocinium
1076 1732 1199 1754 eorum

208 1778 430 1811 susceperas,
459 1782 548 1814 quos
565 1770 709 1815 quidem
727 1770 859 1804 amicos
877 1777 957 1804 tuos
976 1771 1098 1805 civitas
1123 1777 1201 1804 tan-

208 1830 315 1862 quam
334 1816 451 1852 hostes
468 1821 704 1865 reipublicae,
734 1828 768 1854 et
784 1821 912 1855 iniusta
940 1828 974 1855 et
999 1822 1199 1866 perniciosa

205 1875 365 1912 petentes
383 1867 466 1903 hinc
484 1872 628 1916 expulit.
682 1872 777 1906 Haec
796 1886 874 1906 cum
899 1873 945 1906 ita
973 1873 1061 1914 sint,
1090 1871 1200 1906 homo

207 1920 399 1955 maledicus
418 1922 502 1956 dJ'cit
518 1936 573 1956 me
591 1930 726 1964 tacere,
763 1937 841 1957 cum
859 1924 996 1968 accepi;
1035 1925 1201 1964 clamare,

207 1984 285 2007 cum
305 1974 479 2018 insumpsi
497 1975 643 2020 aliquid.
697 1975 754 2008 Tu
771 1982 894 2008 contra
915 1982 1087 2019 perpetua
1109 1988 1201 2008 mer-

207 2025 291 2057 cede
317 2026 511 2059 conductus
536 2038 676 2070 semper
700 2027 850 2066 clamas,
883 2039 948 2059 nec
972 2027 1110 2060 desines
1136 2039 1201 2060 un-

207 2088 336 2121 quam,
373 2077 484 2109 donec
509 2077 564 2110 isti
595 2084 628 2110 te
653 2084 877 2122 compescent
902 2076 1008 2110 hodie
1032 2084 1196 2111 notatum

205 2126 415 2170 ignominia.
478 2128 567 2161 Cum
600 2135 717 2162 autem
748 2135 832 2162 tunc
861 2141 1004 2174 quoque
1027 2127 1115 2161 mihi
1143 2141 1200 2161 co-

206 2190 295 2211 rona
329 2179 365 2211 in
400 2176 540 2212 theatro
563 2180 701 2212 decreta
730 2180 857 2220 fuerit,
892 2180 1015 2214 iisdem
1041 2180 1198 2225 syllabis,

208 2229 335 2274 quibus
354 2242 448 2263 nunc
466 2231 647 2264 decretum
671 2231 841 2275 scriptum
868 2237 939 2271 est,
972 2243 1037 2264 nec
1059 2237 1199 2264 contra-

208 2279 296 2313 dixit
310 2279 521 2322 Aeschines,
549 2294 616 2314 nec
633 2294 690 2315 me
709 2288 871 2315 autorem
890 2282 1078 2316 accusavit.

581 2409 822 2441 Decretum.

311 2500 472 2531 Pruetore
495 2500 698 2533 Ghaeronide
721 2502 776 2533 die
801 2498 862 2535 25.
884 2502 1048 2534 Januarii
1072 2504 1200 2535 censuit

207 2550 442 2588 Aristonicus,
470 2561 544 2582 cum
563 2551 800 2584 Demosthenes
818 2556 850 2585 et
873 2552 961 2585 alias
984 2564 1079 2594 saepe
1103 2553 1200 2585 bene-

204 2598 324 2642 fecerit
340 2601 487 2638 civitati,
515 2605 546 2633 et
563 2613 652 2634 nunc
667 2604 766 2635 sociis
793 2614 885 2645 opem
908 2604 1025 2636 tulerit
1045 2605 1117 2636 suis
1141 2605 1199 2636 de-

207 2652 330 2690 cretis,
356 2655 388 2683 et
406 2652 525 2692 oppida
549 2654 706 2695 quaedam
726 2653 875 2686 Euboeae
897 2654 1046 2696 periculo
1073 2654 1200 2687 libera-

206 2703 311 2741 verit,
339 2706 370 2735 et
392 2706 538 2744 praestet
563 2702 817 2737 benevolentiam
841 2710 1034 2748 perpetuam
1057 2706 1198 2744 civitati,
1223 2698 1228 2747 1

802 120 923 154 PHlL.
959 120 1070 155 MEL.
1107 121 1307 156 SCRIPTA
1349 122 1684 159 PHILOLOGICA.

2183 126 2257 162 820

1267 212 1298 241 et
1315 215 1476 253 quantum
1491 211 1568 244 boni
1589 215 1712 254 potest,
1747 212 1879 253 pariter
1902 215 1933 244 et
1959 212 2116 251 Graecis,
2149 213 2256 244 cisum

1241 275 1243 289 !
1267 264 1315 292 est
1331 272 1485 294 coronam
1501 263 1532 294 ei
1547 263 1741 302 decernere,
1769 267 1800 295 et
1818 263 2102 295 renuntiationem
2121 260 2254 304 facien·-

1266 312 1343 343 dam
1361 323 1430 344 esse
1447 314 1483 345 in
1499 313 1629 346 theatro
1648 312 1670 331 ¹¹
1682 312 1721 358 ⁹).

1368 393 1461 427 Num
1480 402 1626 439 propter
1650 394 1716 429 lloc
1742 397 1920 429 decretum
1945 395 2066 428 civitas
2090 401 2172 427 tunc
2196 394 2255 435 dle-

1266 443 1334 477 risa
1355 451 1425 485 cst,
1460 452 1498 478 ut
1521 459 1614 480 nunc
1638 447 1795 480 futurum
1821 447 1925 487 dicit,
1960 446 1989 480 si
2013 445 2091 479 talis
2115 446 2176 478 fiat
2200 456 2256 478 re—

1266 496 1443 529 nuntiatio
1457 496 1472 529 ζ’
1498 496 1606 542 Atqui
1625 498 1667 530 de
1686 499 1850 532 omnibus
1872 498 1992 537 sactis,
2028 510 2107 530 cum
2132 507 2252 529 recen-

1266 547 1312 578 tia
1332 553 1366 579 et
1389 554 1473 580 nota
1498 555 1598 588 sunt,
1633 550 1672 582 fit
1694 549 1862 583 iudicium
1887 548 2099 588 rectissime,
2131 553 2165 580 et
2189 544 2253 579 ho-

1266 604 1364 631 nesta
1382 598 1585 632 iudicantur
1606 600 1709 643 digna
1729 601 1861 643 gratia,
1889 613 1987 634 secus
2005 600 2094 632 sacta
2116 597 2252 643 poenis.

1264 649 1366 682 Tunc
1383 650 1511 693 igitur,
1536 663 1613 684 cum
1634 651 1691 683 illa
1713 650 1785 695 ipsa
1803 658 2010 695 agerentur,
2029 662 2152 684 omnes
2170 660 2253 681 con-

1263 701 1343 733 fessi
1359 708 1442 734 sunt
1459 714 1513 734 me
1531 703 1619 735 bene
1638 702 1767 734 mereri
1781 703 1822 735 de
1843 701 2003 741 civitate,
2032 714 2110 734 cum
2134 700 2252 733 vince-

1263 764 1336 784 rem
1356 752 1392 784 in
1418 753 1568 785 dicendo
1591 753 1824 792 sententiam,
1861 759 1895 785 et
1920 753 2106 786 scribendo
2132 751 2251 784 decre—

1262 809 1336 835 tum
1360 804 1395 836 in
1421 804 1757 843 deliberationilms,
1786 811 1819 837 et
1843 816 1920 836 cum
1946 804 2083 836 decreta
2109 803 2253 847 perfice-

1262 866 1357 894 rem,
1386 861 1533 899 propter
1548 868 1638 900 quae
1659 855 1813 895 civitati,
1838 852 1926 887 mihi
1952 861 1986 887 et
2009 854 2109 887 vobis
2137 851 2252 886 omni-

1260 905 1325 938 bus
1342 918 1496 939 coronae
1517 907 1816 946 decernebantur,
1843 913 1877 938 et
1894 918 1971 938 cum
1994 917 2057 938 vos
2081 911 2252 949 tanquam

1260 963 1408 1000 propter
1440 969 1493 990 res
1523 958 1612 990 bene
1645 964 1758 1002 gestas
1788 957 1957 990 sacrificia
1986 962 2019 989 et
2045 955 2252 989 collationes

1260 1007 1474 1042 indiceretis.
1536 1009 1731 1054 Postquam
1766 1008 1874 1052 igitur
1896 1006 2084 1052 Philippus
2115 1018 2155 1039 ex
2178 1005 2251 1039 Eu-

1259 1058 1348 1091 boea
1366 1060 1529 1104 expulsus
1547 1067 1618 1100 est,
1635 1060 1744 1093 armis
1758 1060 1902 1105 quidem
1918 1058 2063 1099 vestris,
2086 1058 2147 1091 sed
2162 1056 2250 1090 meis

1261 1110 1432 1150 decretis,
1470 1111 1609 1145 etiamsi
1635 1117 1850 1155 rumpantur
1876 1109 2006 1155 aliqui,
2039 1109 2137 1142 aliud
2164 1120 2248 1153 pro-

1259 1162 1498 1205 pugnaculum
1523 1169 1645 1196 contra
1676 1175 1741 1196 nos
1769 1173 1939 1207 quaerere
1972 1160 2099 1205 coepit.
2161 1158 2250 1193 Cum

1259 1213 1353 1245 enim
1388 1213 1493 1246 sciret
1522 1211 1615 1247 hanc
1646 1213 1824 1246 civitatem
1856 1212 1967 1256 magis
1998 1224 2105 1257 quam
2138 1210 2249 1244 ullam

1258 1263 1365 1295 aliam
1400 1265 1580 1297 frumento
1616 1265 1759 1298 aliunde
1793 1264 1988 1307 irnportato
2024 1263 2094 1302 uti,
2135 1268 2249 1294 trans-

1257 1314 1455 1348 vectionem
1473 1316 1570 1348 illam
1589 1316 1747 1359 redigere
1771 1316 1807 1347 in
1830 1327 1930 1347 suam
1954 1319 2164 1358 potestatem
2191 1324 2249 1345 co-

1256 1372 1360 1403 natus
1387 1372 1457 1405 est,
1486 1378 1526 1399 ac
1548 1367 1727 1411 profectus
1750 1367 1784 1398 in
1812 1363 2027 1404 Thraciam,
2053 1362 2247 1409 Byzantios

1256 1416 1412 1460 primum
1437 1414 1600 1451 hortatus
1626 1424 1677 1451 est
1701 1418 1745 1450 ad
1767 1416 1970 1450 societatem
1996 1415 2079 1448 belli
2104 1413 2250 1458 gerendi

1256 1468 1425 1501 adversus
1449 1481 1522 1503 vos.
1576 1468 1664 1501 Cum
1690 1474 1809 1501 autem
1836 1467 1991 1506 nollent,
2026 1472 2060 1499 et
2081 1476 2164 1497 vera
2191 1475 2249 1497 ex-

1255 1518 1439 1552 cusatione
1472 1526 1678 1559 uterentur,
1719 1519 1892 1552 dicentes:
1934 1517 2139 1551 societatem
2172 1526 2247 1547 non

1256 1567 1385 1602 adhoc
1406 1570 1557 1611 factam,
1592 1577 1631 1604 ut
1656 1570 1733 1604 aliis
1758 1570 1891 1603 bellum
1913 1568 2103 1608 inferrent,
2138 1566 2247 1599 cinxit

1255 1621 1380 1653 urbem
1399 1621 1513 1662 vallo,
1548 1629 1582 1655 et
1607 1621 1767 1654 admovit
1793 1618 1986 1653 machinas.
2046 1618 2141 1651 Haec
2164 1629 2245 1651 cum

1254 1673 1399 1712 fierent,
1427 1674 1513 1717 quid
1528 1686 1593 1707 nos
1610 1674 1724 1706 facere
1745 1672 1920 1712 decuerit,
1947 1682 2022 1704 non
2042 1670 2114 1703 iam
2137 1669 2246 1701 inter-

1255 1724 1401 1767 rogabo.
1462 1725 1690 1758 Manifestum
1717 1730 1768 1757 est
1792 1724 1886 1756 enim
1918 1721 2094 1755 omnibus.
2156 1719 2246 1764 Quis

1255 1776 1362 1820 igitur
1380 1775 1562 1820 Byzantiis
1582 1788 1684 1820 opem
1702 1775 1802 1814 tulit,
1822 1781 1856 1807 et
1873 1786 1931 1807 eos
1948 1769 2128 1807 servavit?
2156 1769 2246 1815 Quis

1255 1824 1462 1871 prohibuit,
1503 1840 1547 1859 ne
1579 1833 1663 1860 tunc
1693 1826 1924 1870 Hellesponto
1956 1824 2133 1869 potiretur
2165 1821 2244 1854 Ma-

1256 1876 1368 1910 cedo?
1401 1876 1439 1910 Id
1462 1890 1479 1910 a
1505 1878 1605 1911 vobis
1632 1884 1665 1910 et
1689 1878 1732 1910 ab
1756 1874 1821 1909 hac
1848 1876 1988 1909 civitate
2015 1876 2146 1907 factum
2173 1878 2243 1910 est;

1255 1941 1320 1972 ego
1338 1935 1456 1961 autem
1475 1929 1526 1962 fui
1543 1935 1648 1962 autor
1662 1928 1736 1962 eius
1752 1926 1947 1961 sententiae
1973 1932 2007 1958 et
2030 1923 2181 1965 decreti,
2209 1930 2244 1957 et

1255 1992 1312 2013 eas
1330 1992 1384 2013 res
1401 1980 1508 2024 gessi,
1535 1992 1598 2012 nec
1618 1979 1773 2024 pericula
1792 1977 1921 2021 defugi.
1974 1976 2160 2022 Quantum
2183 1987 2245 2009 au—

1255 2038 1326 2064 tem
1345 2043 1383 2063 ea
1399 2044 1454 2065 res
1472 2031 1646 2075 profuerit
1671 2029 1852 2063 communi
1877 2028 2000 2068 saluti,
2033 2039 2107 2060 non
2129 2032 2180 2060 est
2201 2038 2243 2060 ex

1255 2082 1417 2115 oratione
1436 2082 1739 2126 cognoscendum,
1766 2082 1826 2114 sed
1844 2092 1881 2113 re
1906 2079 1980 2124 ipsa
2010 2077 2242 2123 comperistis.

1253 2134 1345 2168 Nam
1377 2141 1628 2178 praeterquam
1663 2133 1759 2178 quod
1787 2131 1936 2175 gloriam
1963 2130 2099 2170 attulit,
2133 2129 2239 2162 etiam

1254 2192 1336 2218 tunc
1369 2185 1452 2218 belli
1484 2191 1644 2229 tempore
1675 2195 1818 2215 annona
1843 2182 1909 2215 suit
1931 2181 2109 2226 copiosior
2133 2192 2240 2226 quam

1253 2249 1347 2269 nunc
1366 2236 1402 2268 in
1419 2248 1520 2281 pace;
1543 2247 1648 2280 quam
1666 2234 1732 2278 ipsi
1748 2246 1808 2268 sua
1825 2246 1886 2278 spe
1904 2234 2072 2266 adversus
2087 2231 2240 2288 patriam

1253 2294 1415 2328 tuentur,
1444 2298 1535 2332 quae
1550 2285 1686 2319 utinam
1704 2298 1781 2318 eam
1802 2286 2008 2323 frustretur,
2035 2295 2080 2316 ne
2105 2289 2242 2316 contin-

1253 2346 1338 2383 gant
1353 2339 1419 2378 eis,
1447 2350 1537 2383 quae
1562 2349 1624 2370 vos
1648 2336 1794 2369 meliora
1821 2342 1984 2380 optantes
2007 2347 2026 2368 a
2050 2334 2128 2368 Diis
2152 2333 2240 2378 peti-

1254 2390 1318 2430 tis,
1346 2402 1461 2435 neque
1480 2390 1564 2422 dent
1581 2389 1700 2428 vobis,
1735 2400 1826 2433 quae
1850 2387 1917 2432 ipsi
1940 2391 2119 2431 expetunt.
2171 2383 2241 2417 Re-

1255 2441 1321 2475 cita
1333 2443 1510 2475 decretum
1532 2441 1574 2472 de
1592 2439 1743 2474 coronis.

1290 2615 1352 2641 112)
1372 2611 1420 2635 llis
1440 2609 1532 2633 verbis
1558 2608 1703 2632 secundum
1727 2608 1829 2630 textum
1854 2611 1980 2636 graecum
2005 2605 2071 2627 haec
2098 2605 2163 2627 sunt
2185 2603 2236 2627 ad-

1323 2646 1426 2671 denda:
1447 2643 1699 2671 Bacchanalibus,
1724 2642 1806 2665 novis
1824 2640 1994 2671 tragoediis.
2031 2638 2161 2663 Coronae
2179 2645 2236 2663 au-

1324 2683 1380 2706 tem
1398 2678 1588 2710 proclamatio
1607 2683 1696 2701 curae
1714 2676 1753 2699 sit
1770 2675 1949 2706 praesidenti
1967 2673 2060 2698 tribui
2079 2674 2105 2697 et
2125 2679 2235 2704 ayono·

1322 2716 1425 2741 thetae.
1462 2713 1640 2738 Sententiam
1658 2711 1734 2735 discit
1751 2709 1936 2734 Aristonicus
1958 2708 2159 2734 Plirearrhius.
