2351 2990
138 128 236 165 1029
402 125 507 162 XLII.

130 214 551 249 libertatisGraecorum.
604 213 652 245 At
671 225 767 246 nune
794 212 852 247 vix
878 215 1022 247 tandem
1050 227 1134 248 con-

129 266 266 312 gregati
291 279 433 306 sumus,
477 276 698 311 quamquam
723 277 768 298 ne
792 277 889 298 nunc
913 266 1058 311 quidem
1084 267 1132 299 ita

129 317 383 358 convenimus,
410 323 449 351 ut
465 316 597 350 bellum
623 318 869 352 decernamus.
930 318 1013 351 Non
1036 318 1131 351 enim

131 370 377 416 quaerendum
403 374 498 409 erat,
532 380 579 401 an
605 368 736 401 iniuria
765 368 882 402 affecti
904 369 1034 410 simus,
1070 371 1131 403 sed

129 422 415 461 decernendum,
457 426 496 454 ut
524 416 644 454 hostes
674 420 969 465 reprimerentur.
1036 421 1130 455 Nam

129 470 364 507 Athenienses
396 472 468 505 iam
500 477 605 505 antea
630 484 668 505 re
692 472 888 506 deliberata
914 472 1013 506 illato
1035 473 1129 507 bello

128 537 195 558 nos
226 522 342 557 adhuc
373 530 548 557 cessantes
581 523 758 558 invadunt
788 524 864 558 sine
891 525 1128 559 cunctatione.

127 575 266 610 Scimus
301 575 417 615 enim,
461 587 531 621 qua
566 575 623 608 via
648 573 884 610 Athenienses
918 577 1128 620 procedant.

125 627 305 661 Paulatim
338 626 441 660 initio
467 627 767 671 progrediuntur,
803 635 836 661 et
858 629 971 661 donec
1000 635 1129 672 putant

126 691 201 711 non
225 678 397 722 intelligi,
436 679 523 724 quid
547 686 674 722 agant,
721 680 838 713 miuus
869 680 1002 713 feroces
1033 686 1127 714 sunt.

126 730 256 764 Postea
274 742 360 763 vero
372 757 380 770 ,
407 742 487 763 cum
505 729 647 770 vident,
676 744 738 764 vos
756 732 933 764 intellecta
950 743 988 764 re
1007 737 1126 765 tamen

126 794 283 821 cessare,
318 782 432 815 multo
458 781 651 816 ferociores
677 783 778 817 fiunt.
841 782 917 816 Soli
939 782 1033 815 enim
1062 796 1126 817 vos

123 833 346 867 Graecorum
370 833 572 879 quiescitis,
608 846 683 867 non
708 834 862 875 viribus,
897 835 959 869 sed
985 841 1127 868 cuncta·

122 884 220 918 tione
236 885 436 930 repressuri
450 883 607 923 hostem;
636 898 700 918 nec
718 884 886 919 inchoata
905 886 1125 920 incrementa

121 934 300 977 hostium,
333 937 393 971 sed
413 936 594 980 duplicata
612 938 783 972 evertitis.

224 988 335 1033 Atqui
353 988 541 1028 dicebatis,
570 1000 632 1022 vos
650 988 686 1022 in
702 996 778 1023 tuto
799 1001 871 1024 esse
883 1016 892 1028 ,
928 988 1056 1022 fortius
1074 988 1126 1021 lo-

121 1046 290 1085 quentes,
335 1052 444 1085 quam
471 1052 538 1084 pro
559 1040 613 1073 rei
637 1041 799 1075 veritate.
868 1041 1006 1074 Scimus
1029 1040 1123 1073 enim

119 1091 219 1135 prius
247 1091 292 1124 ab
313 1091 449 1125 ultimis
471 1091 576 1125 terris
599 1091 747 1126 Medum
775 1093 819 1126 ad
834 1092 1124 1137 Peloponnesum

120 1142 324 1183 accessisse,
368 1155 477 1188 quam
502 1155 565 1176 vos
591 1156 656 1187 pro
681 1144 854 1189 dignitate
879 1144 1124 1178 occurreretis.

119 1193 166 1227 Et
180 1206 276 1227 nunc
292 1192 546 1235 Athenienses,
575 1195 636 1240 qui
653 1208 727 1229 non
744 1195 870 1240 procul
889 1196 1035 1235 absunt,
1063 1207 1124 1228 ne-

119 1245 270 1290 gligitis,
308 1252 341 1279 et
367 1258 441 1279 non
466 1253 690 1280 antevertere
716 1248 796 1281 illos
823 1247 948 1286 vultis,
984 1248 1045 1280 sed
1069 1259 1124 1280 re·-

119 1297 276 1341 primere
302 1297 495 1331 inserentes
520 1297 653 1330 bellum
672 1305 705 1331 et
722 1299 841 1332 subire
859 1298 1033 1331 incertum
1051 1299 1123 1330 for-

119 1354 228 1381 tunae
245 1361 365 1382 casum
383 1348 608 1388 dimicando,
638 1361 716 1382 cum
742 1350 793 1382 illi
819 1349 911 1382 vires
935 1355 1122 1382 auxerunt.

119 1399 222 1433 Scitis
240 1406 359 1433 autem
376 1399 502 1434 Medos
518 1412 593 1433 non
617 1401 749 1435 nostris
776 1400 941 1446 proeliis,
978 1401 1038 1434 sed
1063 1401 1123 1432 ad-

119 1451 230 1485 versis
248 1451 386 1485 casibus
405 1452 536 1485 fractos
555 1464 627 1486 esse
640 1479 649 1493 ,
677 1459 710 1485 et
727 1451 962 1486 Athenienses
978 1464 1123 1496 supera-

121 1509 176 1536 tos
201 1503 313 1547 magis
338 1503 410 1537 suis
432 1503 557 1537 erratis
583 1516 691 1549 quam
719 1505 851 1538 nostris
882 1503 1123 1536 dimicationi-

119 1555 197 1589 bus.
255 1553 379 1600 Itaque
396 1561 430 1588 et
446 1555 532 1589 socii
550 1555 697 1600 quidam
717 1556 847 1596 vestri,
884 1556 969 1589 dum
993 1555 1122 1588 fiducia

120 1606 229 1640 vestri
248 1607 371 1640 auxilii
389 1608 512 1640 sedent
528 1607 709 1651 imparati,
733 1608 834 1641 vobis
852 1607 1069 1641 cessantibus
1090 1613 1123 1639 et

119 1658 271 1691 meliora
307 1659 533 1703 sperantibus
565 1659 762 1703 perierunt.
838 1659 911 1693 Nec
947 1658 1123 1692 existimet

119 1710 311 1756 quisquam
345 1710 428 1743 odio
462 1708 551 1744 haec
580 1710 693 1755 magis
728 1710 798 1744 dici
829 1723 935 1756 quam
965 1710 1122 1756 querela.

117 1762 209 1796 Nam
229 1761 331 1807 queri
350 1763 445 1806 apud
460 1762 593 1795 amicos
610 1763 653 1796 de
673 1762 832 1806 ipsorum
860 1762 985 1796 erratis
1011 1760 1122 1795 hone-

118 1819 212 1848 stum
230 1820 299 1851 est;
328 1814 506 1847 accusatio
527 1826 609 1847 vero
630 1814 861 1848 inimicorum
878 1820 940 1848 est.

223 1865 260 1898 Si
285 1865 346 1911 qui
372 1878 455 1899 vero
480 1866 541 1899 alii
568 1866 714 1900 deserti:
751 1878 816 1900 nos
841 1865 997 1899 maxime
1022 1865 1120 1909 digni

118 1928 258 1957 sumus,
287 1918 429 1962 quivos
448 1915 773 1963 reprehendamus,
803 1918 864 1963 qui
887 1917 1052 1951 maximis
1077 1918 1119 1950 de

117 1968 223 2002 rebus
247 1969 514 2013 periclitamur,
558 1982 646 2015 quas
678 1982 754 2002 non
777 1969 908 2003 sentire
934 1968 1119 2009 videmini,

117 2032 184 2052 nec
199 2021 439 2061 considerare,
467 2021 589 2067 quales
603 2019 928 2061 sintAthenienses,
955 2027 987 2054 et
1005 2033 1119 2067 quan-

119 2078 195 2105 tum
221 2083 241 2104 a
266 2072 367 2106 vobis
386 2073 567 2107 differant.
628 2073 776 2118 Semper
801 2073 853 2106 illi
878 2073 1015 2119 aliquid
1032 2073 1119 2105 novi

118 2123 336 2164 moliuntur,
365 2130 399 2157 et
420 2132 503 2159 sunt
522 2126 568 2158 ad
591 2125 863 2169 excogitandum
882 2131 916 2158 et
934 2124 1118 2169 perficien-

119 2175 205 2209 dum
225 2176 365 2209 decreta
381 2176 522 2211 celeres.
570 2178 617 2211 At
632 2189 695 2211 vos
711 2177 871 2210 contenti
889 2176 970 2211 estis
988 2176 1119 2210 retine-

118 2239 169 2268 re,
193 2239 284 2273 quae
299 2228 499 2272 possidetis,
522 2229 698 2272 neanova
720 2229 938 2273 excogitatis,
962 2240 1002 2261 ac
1018 2228 1117 2262 factis

115 2279 203 2323 ipsis
225 2291 270 2312 ne
292 2279 490 2313 necessaria
515 2280 659 2326 quidem
687 2280 876 2325 suscipitis.
945 2279 1000 2313 Illi
1030 2292 1117 2313 vero

116 2342 226 2375 supra
243 2331 336 2365 vires
354 2332 505 2365 audaces
520 2338 620 2373 sunt,
647 2339 681 2366 et
696 2333 852 2378 pericula
875 2338 1017 2377 praeter
1042 2332 1118 2376 opi-

116 2382 264 2415 nionem
280 2380 471 2416 hominum
490 2383 705 2428 suscipiunt,
734 2391 767 2418 et
790 2385 827 2418 in
850 2383 1117 2418 difficultatibus

117 2447 217 2479 spem
239 2446 314 2467 non
337 2435 520 2470 abiiciunt.
570 2435 644 2470 Vos
667 2443 786 2470 autem
814 2436 958 2469 minora
981 2435 1117 2470 viribus

66 2500 69 2502 ·
116 2485 263 2520 tentatis
276 2513 285 2526 ,
312 2492 346 2519 et
365 2487 520 2521 consiliis
541 2488 626 2522 tutis
645 2489 753 2522 etiam
777 2488 956 2528 diffiditis,
990 2493 1023 2521 et
1043 2500 1117 2521 me-

118 2537 218 2572 tuitis
233 2537 372 2571 nullum
389 2539 496 2573 finem
512 2540 588 2573 fore
609 2540 800 2575 malorum.
851 2540 1043 2574 Praeterea
1064 2539 1117 2572 illi

117 2589 276 2634 impigri,
294 2602 357 2625 vos
375 2597 596 2630 contatores;
624 2591 676 2625 illi
689 2604 836 2637 peregre
853 2591 1116 2638 militantes¹²),

156 2692 203 2721 12)
224 2699 343 2723 peregre
362 2693 527 2723 militantes]
546 2693 586 2718 sic
595 2694 643 2718 Ed.
657 2694 732 2719 1562.
751 2694 779 2718 iu
797 2693 987 2725 corrigendis;
1007 2693 1033 2717 in
1056 2693 1117 2723 ipsa

189 2728 316 2791 oratigne
340 2728 403 2752 ibid.
433 2729 553 2761 legitur:
586 2729 820 2761 peregi-instantes
845 2729 982 2761 (Thucyd.
1009 2725 1116 2758 ἀποδη-

184 2769 257 2793 μητα
287 2781 292 2787 .

557 125 960 161 INTERPRETATIO
987 126 1285 162 ORATIONUM
1312 127 1375 161 EX
1403 127 1696 163 THUCYDIDIS
1723 129 1870 165 LIBRO
1894 129 1920 165 Ι.

2090 132 2189 167 1030

1187 225 1251 247 vos
1266 213 1366 247 domi
1386 214 1536 249 desides.
1588 215 1804 250 Existimant
1827 217 1942 258 enim,
1976 230 2013 252 se
2039 229 2188 263 peregre

1186 264 1376 299 militando
1395 266 1531 312 aliquid
1548 267 1785 313 acquisituros
1802 281 1894 307 esse;
1929 282 1992 303 vos
2009 282 2093 303 vero
2109 283 2187 304 mo-

1186 315 1230 349 tis
1248 317 1353 350 rebus
1381 318 1538 352 metuitis
1566 332 1628 353 vos
1650 320 1853 364 praesentia
1880 321 2073 355 amissuros
2098 334 2186 356 esse.

1184 365 1240 399 Illi
1256 367 1407 402 victores
1424 369 1564 414 longius
1580 371 1874 416 progrediuntur,
1892 372 1976 405 victi
1991 385 2065 406 non
2082 385 2187 418 pror-

1183 431 1242 452 sus
1259 419 1475 464 franguntur
1492 422 1632 456 animis.
1676 423 1866 457 Praeterea
1886 423 1923 457 in
1940 424 2069 457 militia
2085 437 2187 469 pere-

1183 470 1295 514 grinis
1319 478 1486 511 utu11tur;
1515 475 1574 507 sed
1600 474 1730 508 civium
1755 475 1904 510 consilio
1929 487 1986 510 res
2009 476 2186 520 guberna-

1183 528 1253 555 tur.
1321 521 1501 557 Iacturam
1533 525 1765 559 domesticam
1799 539 1871 561 esse
1903 534 2069 567 censent,
2110 540 2186 561 non

1182 574 1351 617 perficere
1370 586 1431 615 ea,
1467 588 1557 621 quae
1580 576 1828 618 instituerunt3
1865 591 1956 624 quae
1985 591 2068 612 vero
2095 579 2186 612 obti-

1182 631 1288 666 nent,
1314 638 1425 670 parva
1449 639 1521 661 esse
1546 629 1704 672 cogitant
1730 642 1815 674 prae
1845 630 1936 671 illis,
1967 642 2058 676 quae
2080 643 2184 675 prae-

1182 682 1278 709 terea
1294 677 1506 713 moliuntur.
1555 679 1592 713 Si
1610 681 1756 725 quando
1775 687 1894 714 autem
1910 688 2046 715 tentata
2065 694 2102 715 re
2120 683 2184 715 ali-

1182 740 1252 773 qua
1273 741 1335 773 spe
1349 729 1588 771 frustrantur,
1624 743 1719 764 nova
1735 744 1795 777 spe
1813 732 1987 767 iacturam
2007 733 2184 772 sarciunt;

1181 779 1248 813 soli
1266 780 1361 814 enim
1379 781 1485 815 simul
1505 788 1538 815 et
1556 781 1689 816 habent
1707 790 1740 816 et
1755 791 1901 828 sperant
1915 797 1968 825 ea,
1998 797 2089 830 quae
2105 798 2183 818 mo-

1180 831 1335 872 liuntur,
1369 839 1560 878 propterea
1587 836 1683 880 quod
1709 835 1850 869 decreta
1877 836 2038 869 celeriter
2060 843 2183 880 agunt,

1180 894 1221 916 ac
1252 883 1393 918 labores
1418 891 1451 918 et
1474 885 1632 929 pericula
1663 886 1805 920 assiduo
1828 888 2034 932 perferunt,
2073 900 2183 933 quam

1179 934 1370 969 minimum
1387 936 1499 980 partis
1514 938 1671 972 fruentes
1682 964 1691 978 ‚
1720 938 1804 984 quia
1820 939 1970 973 subinde
1991 938 2184 985 acquirunt

1179 998 1273 1019 nova
1285 1013 1294 1027 ,
1328 999 1393 1020 nec
1408 989 1515 1023 festos
1532 989 1606 1023 dies
1624 1002 1697 1023 esse
1716 989 1814 1024 aliud
1834 997 1978 1024 censent
1997 1002 2106 1036 quam
2131 991 2183 1023 fa-

1179 1050 1256 1071 cere
1274 1040 1486 1074 necessaria.
1539 1039 1671 1085 Ignava
1690 1041 1790 1087 quies
1811 1054 1886 1076 non
1901 1042 2019 1076 minus
2037 1042 2086 1076 eis
2104 1054 2183 1075 mo-

1178 1089 1266 1123 lesta
1294 1096 1364 1131 est,
1406 1104 1513 1137 quam
1538 1092 1720 1126 laboriosa
1748 1093 1949 1139 occupatio.
2016 1093 2183 1139 Denique

1178 1141 1265 1175 tales
1284 1148 1378 1182 sunt,
1406 1149 1445 1176 ut
1461 1144 1618 1177 breviter
1636 1145 1766 1185 dicam,
1784 1152 1823 1178 ut
1840 1158 1904 1179 nec
1919 1145 1987 1190 ipsi
2001 1145 2183 1191 quiescere

1177 1192 1335 1237 possint,
1363 1206 1428 1227 nec
1444 1195 1532 1229 alios
1551 1195 1733 1241 quiescere
1749 1196 1879 1231 sinant.
1940 1196 2040 1231 Talis
2059 1196 2183 1232 civitas

1178 1256 1257 1278 cum
1274 1245 1376 1280 vobis
1399 1247 1605 1280 adversaria
1631 1247 1696 1288 sit,
1732 1247 2030 1289 Lacedaemonii,
2065 1246 2183 1282 adhuc

1178 1297 1396 1337 contamini,
1425 1304 1458 1331 et
1473 1298 1605 1343 putatis
1622 1311 1697 1331 non
1716 1298 1796 1333 illos
1812 1300 1968 1346 quietem
1992 1298 2182 1334 habituros

1178 1359 1271 1387 esse,
1300 1348 1363 1393 qui
1378 1348 1469 1383 iusta
1492 1350 1636 1395 quidem
1656 1350 1809 1392 faciunt,
1839 1358 1873 1385 et
1894 1358 2017 1385 tamen
2041 1363 2182 1396 semper

1177 1398 1296 1442 parati
1320 1405 1402 1432 sunt
1427 1401 1470 1433 ad
1489 1399 1734 1445 prohibendas
1756 1403 1925 1444 iniurias,
1959 1410 1993 1436 et
2017 1410 2181 1436 antever-

1177 1455 1258 1482 tunt
1274 1450 1448 1486 illaturos.
1503 1452 1572 1485 Sed
1592 1453 1707 1487 colitis
1730 1455 1985 1500 aequalitatem
2010 1467 2085 1488 non
2108 1455 2181 1488 lae-

1178 1501 1296 1534 dendo
1314 1501 1424 1543 alios,
1454 1504 1567 1536 donec
1583 1517 1646 1538 vos
1667 1504 1763 1549 ipsos
1788 1518 1895 1539 nemo
1919 1506 2042 1540 laedit.
2103 1506 2182 1539 Hoc

1177 1552 1300 1586 animo
1318 1565 1398 1587 cum
1417 1554 1512 1596 sitis,
1538 1555 1596 1589 vix
1613 1557 1762 1601 possetis
1778 1557 1932 1591 retinere
1952 1558 2107 1604 quietem
2120 1584 2129 1598 ‚
2150 1557 2182 1592 si

1178 1604 1297 1650 aliqua
1321 1611 1449 1649 potens
1472 1606 1596 1641 civitas
1622 1608 1722 1643 vobis
1747 1609 1863 1642 vicina
1886 1615 1987 1644 esset.
2049 1609 2119 1643 Sed
2141 1615 2182 1643 ut

1177 1662 1283 1689 antea
1299 1656 1473 1698 diximus,
1500 1655 1588 1692 haec
1604 1666 1721 1694 vestra
1748 1660 1896 1694 consilia
1919 1660 2077 1707 antiquis
2099 1672 2181 1694 mo-

1176 1707 1274 1742 ribus
1292 1716 1514 1753 congruunt,
1542 1723 1638 1744 nunc
1655 1712 1746 1745 utin
1764 1713 1923 1747 artificiis
1941 1725 2031 1757 opus
2050 1719 2101 1747 est
2115 1724 2181 1745 no-

1176 1759 1228 1794 vis
1246 1759 1414 1795 inventis.
1457 1761 1508 1794 Ae
1527 1774 1651 1796 verum
1669 1764 1815 1809 quidem
1834 1770 1886 1797 est
1902 1764 2070 1810 antiquas
2084 1764 2179 1808 leges

1174 1811 1382 1846 retinendas
1413 1825 1486 1847 esse
1520 1813 1709 1855 immotas,
1750 1821 1836 1849 tunc
1865 1815 2050 1855 videlicet,
2097 1827 2179 1849 cum

1174 1869 1268 1896 certa
1289 1876 1359 1909 pax
1376 1871 1439 1899 est.
1493 1864 1561 1898 Sed
1579 1878 1657 1899 cum
1674 1866 1735 1899 alii
1752 1866 1856 1901 nobis
1873 1873 1987 1901 astute
2005 1866 2180 1901 insidIan-

1174 1921 1233 1948 tur
1244 1942 1254 1955 ,
1280 1915 1546 1963 nobiquuoque
1562 1917 1665 1951 novis
1680 1918 1816 1953 artibus
1834 1931 1923 1963 opus
1939 1925 2002 1953 est.
2055 1918 2177 1964 Quare

1174 1972 1208 1999 et
1224 1964 1480 2009 Athenienses,
1509 1969 1593 2015 quia
1618 1970 1732 2003 multa
1755 1976 1915 2012 tentant,
1941 1969 2054 2005 multa
2080 1981 2177 2003 nova

1172 2026 1375 2054 inveniunt.

1275 2122 1328 2157 Sit
1344 2122 1452 2168 igitur
1469 2123 1569 2158 vobis
1586 2121 1642 2157 hic
1658 2123 1738 2159 finis
1756 2124 1934 2159 tarditatis
1952 2131 2106 2166 vestrae,
2135 2137 2176 2159 ac

1171 2173 1244 2207 iam
1262 2187 1343 2209 cum
1368 2175 1464 2216 aliis,
1500 2181 1575 2210 tum
1601 2188 1687 2210 vero
1715 2182 1749 2210 et
1772 2177 1908 2211 colonis
1932 2176 1971 2210 in
1986 2177 2175 2218 Potidaea,

1171 2225 1262 2260 sicut
1278 2226 1493 2271 promisistis
1505 2254 1514 2268 ,
1542 2227 1702 2262 celeriter
1719 2241 1825 2273 opem
1841 2229 1930 2262 ferte
1941 2255 1951 2269 ‚
1980 2229 2132 2263 exercitt·

1171 2277 1209 2311 in
1226 2277 1383 2312 Atticam
1399 2279 1587 2321 ducentes,
1619 2292 1685 2313 nec
1707 2277 1873 2315 homines
1898 2280 2032 2315 amicos
2056 2287 2090 2314 et
2115 2294 2130 2312 ‹-

1171 2337 1298 2374 gnatos
1310 2330 1487 2375 proficite,
1506 2344 1551 2365 ne
1568 2331 1698 2366 caeteri
1713 2332 1800 2366 socii
1817 2332 2067 2377 desperatione
2082 2332 2175 2366 moti

1171 2388 1349 2428 quaerant
1366 2382 1434 2416 alia
1457 2383 1623 2425 foedera,
1658 2395 1729 2430 qua
1751 2383 1789 2417 in
1812 2396 1850 2418 re
1874 2396 1950 2417 non
1973 2385 2173 2420 faceremus

1169 2433 1313 2475 iniuste,
1340 2446 1406 2468 nec
1421 2441 1544 2469 contra
1555 2434 1686 2476 Deum,
1712 2447 1777 2469 nec
1793 2437 1889 2480 apud
1905 2433 2070 2471 homines
2086 2449 2173 2482 pru-

1170 2487 1296 2520 denter
1325 2486 1534 2522 iudicantes.
1599 2486 1748 2521 Violant
1770 2487 1867 2521 enim
1888 2487 2055 2530 foedera,
2093 2501 2171 2522 non

1170 2538 1233 2584 qui
1249 2538 1380 2573 deserti
1396 2539 1529 2573 auxilio
1556 2539 1627 2572 alia
1649 2545 1849 2586 quaerunt,
1883 2540 1945 2574 sed
1968 2540 2031 2586 qui
2052 2540 2170 2575 socios

1168 2602 1244 2623 non
1260 2591 1468 2625 defendunt.
1517 2590 1699 2626 Malumus
1717 2598 1836 2626 autem
1859 2590 1898 2625 in
1922 2598 2038 2626 vestra
2057 2591 2170 2627 socie-

1169 2648 1241 2676 tate
1256 2655 1414 2683 manere,
1441 2642 1470 2677 si
1487 2643 1731 2677 defensionem
1745 2643 1934 2689 suscipitis.
1968 2644 2053 2679 Non
2071 2643 2168 2677 enim

1169 2694 1260 2728 iusta
1283 2701 1372 2728 esset
1395 2694 1608 2736 disiunctio,
1641 2708 1707 2729 nec
1731 2696 1820 2730 alios
1842 2696 2020 2729 fideliores
2042 2695 2167 2730 inven-

1169 2746 1240 2780 turi
1260 2759 1426 2782 essemus.
1466 2746 1520 2781 De
1536 2745 1591 2783 his
1606 2747 1715 2782 tantis
1727 2748 1833 2783 rebus
1849 2754 1943 2782 recte
1959 2747 2165 2789 deliberate,

1664 2797 1743 2834 651-ζ
