2351 2990
183 125 252 158 791

755 124 874 160 PHlL.
909 122 1020 157 MEL.

183 210 446 254 improbitatem
478 212 659 244 detrusum
696 211 759 250 iri,
796 222 857 243 cur
882 221 945 242 vos
967 215 1172 253 peccantem

184 274 256 294 non
280 262 386 293 modo
414 274 487 294 non
511 262 685 306 punietis,
727 262 786 294 sed
816 261 922 293 etiam
951 258 1088 293 honore
1112 272 1173 293 au-

183 319 276 345 ctum
302 313 510 353 absolvetis,
539 314 632 346 xelut
660 312 838 356 praeclare
864 311 1031 344 meritum
1055 312 1097 343 de
1120 322 1175 343 re-

185 363 322 407 publica
338 364 349 396 .'
404 365 467 397 Cui
486 364 579 397 enim
598 364 735 395 aerario
757 375 915 408 unquam
938 363 974 395 iu
996 360 1063 395 hac
1087 362 1175 394 urbe

184 414 281 447 licuit
305 416 530 458 magistratus
556 427 697 458 capere,
733 420 793 447 aut
818 414 917 447 obire
940 413 1009 446 alia
1036 413 1176 457 publica

184 478 332 498 munera
346 493 354 503 ,
383 467 447 499 nisi
466 473 546 498 ante
566 466 743 508 persoluta
762 465 930 509 pecunia,
967 477 1073 510 quam
1095 464 1178 497 civi-

185 517 246 549 tati
266 517 411 549 debuit?
465 516 642 552 Proinde,
673 517 705 549 id
734 529 848 562 neque
875 515 956 549 huic
985 516 1179 555 concedite,

185 569 244 601 sed
276 569 330 600 vel
363 568 513 611 exempli
539 580 639 601 cansa
665 568 877 612 supplicium
903 569 946 600 de
972 579 1013 599 eo
1039 567 1178 600 sumite.

186 618 316 651 Verum
337 619 421 651 utile
439 625 488 652 est
505 619 628 651 audire
646 626 678 651 et
696 620 763 651 alia
784 619 858 653 cius
884 618 1054 651 immania
1082 617 1180 661 flagi-

187 670 231 702 tia
244 668 302 712 ⁶²).
343 670 432 702 *Nam
453 682 543 715 qnae
563 670 1064 715 commemoravitLycurgus,
1091 676 1181 702 tam-

185 721 248 753 etsi
275 720 344 753 sint
371 718 571 758 horrenda,
600 728 718 755 tamen
744 728 878 756 restant
903 722 969 753 alia
987 720 1180 753 atrociora.

184 770 373 805 Invenietis
394 772 512 818 itaque
530 773 665 819 reliqua
686 773 752 807 illis
771 785 844 806 non
866 771 1071 811 dissimilia,
1108 771 1181 815 pla-

187 835 300 868 neque
320 824 362 855 ab
381 825 504 857 codem
523 824 666 868 ingenio
686 825 856 868 prosecta.
910 824 1000 857 Nam
1025 829 1181 866 praeter-

187 887 292 920 quam
319 876 415 920 quod
439 876 582 919 prodito
609 883 707 919 patre
724 875 770 922 63)
803 888 844 908 ex
866 875 1006 908 Eretria
1033 873 1180 916 aufugit,

187 932 308 970 postea
327 926 431 959 etiam
448 927 546 960 illum
568 934 751 960 mortuum
770 939 844 959 nou
861 926 1020 970 sepeliit,
1057 931 1090 957 et
1107 936 1180 957 non

188 978 295 1009 modo
320 984 481 1021 sumptus
505 979 638 1011 funeris
665 976 739 1017 his,
769 978 828 1023 qui
845 977 1077 1021 sepelierant,
1106 987 1181 1008 non

187 1028 360 1065 reddidit„
389 1030 446 1062 scd
469 1042 527 1063 eos
553 1030 658 1062 etiam
684 1029 720 1061 in
747 1029 800 1063 ius
826 1028 986 1066 vocavit3
1022 1034 1055 1060 et
1079 1038 1182 1071 prae-

188 1086 348 1125 terquam
385 1082 479 1125 quod
512 1092 585 1113 non
611 1080 782 1114 abstinuit
803 1092 931 1113 manus
955 1093 972 1112 a
998 1077 1182 1124 uuiti-effi),

187 1137 224 1164 ut
247 1131 351 1174 paulo
375 1138 456 1164 ante
479 1132 646 1171 audistis,
682 1143 843 1165 sororem
867 1131 974 1163 etiam
998 1142 1099 1163 suam
1126 1141 1183 1162 ex-

188 1189 366 1226 port-'titum
400 1183 577 1223 xendidit,
626 1190 665 1216 ut
697 1183 733 1216 in
764 1182 988 1216 accusatione
1021 1183 1183 1224 adpro-‚et

188 1247 295 1279 quam
318 1234 381 1267 iste
405 1234 520 1268 bonus
544 1236 654 1267 frater
679 1234 881 1268 instituerat
905 1246 970 1278 pro
994 1231 1183 1277 sor01e⁶·')‚

188 1285 249 1330 qui
272 1286 341 1317 iam
364 1283 457 1318 hunc
480 1286 601 1319 sceler
595 1293 689 1319 itum
709 1286 878 1319 defendit.
931 1285 1080 1318 Praeter
1097 1281 1183 1316 haec

188 1343 284 1369 tanta
321 1337 449 1370 scelera
479 1338 592 1371 maius
621 1337 717 1371 aliud
752 1343 785 1369 et
819 1335 1027 1369 horribilius
1063 1334 1183 1367 audie-

189 1387 298 1432 tis⁶⁶).
362 1388 451 1422 Nam
478 1401 557 1421 cum
581 1389 726 1422 effracto
753 1400 893 1421 carcere
919 1388 1057 1431 elapsus
1083 1391 1183 1424 esset,

188 1439 346 1484 profugit
370 1441 412 1472 ad
439 1442 619 1485 quandam
643 1440 889 1473 mulierculam
905 1438 972 1484 ⁶⁷),
1009 1449 1088 1469 cum
1113 1447 1182 1480 qua

190 1491 483 1524 consuetudinem
510 1498 613 1524 antea
638 1489 832 1529 habuerat,
873 1490 967 1533 apud
997 1486 1088 1521 hanc
1112 1486 1184 1530 pri-

191 1543 256 1576 mis
278 1542 415 1587 aliquot
439 1542 562 1576 diebus
584 1542 709 1581 latuit,
749 1541 877 1586 quibus
909 1553 988 1573 eum
1021 1549 1184 1572 censores

191 1594 421 1639 quaerebant.
475 1593 607 1639 Estque
627 1594 670 1625 ab
694 1605 733 1625 ea
759 1593 894 1636 fugiens
922 1591 1049 1623 viatico
1074 1591 1186 1622 dona-

192 1651 246 1678 tus
269 1642 448 1677 drachmis
477 1651 576 1683 octo,
612 1651 645 1677 et
669 1644 810 1683 tunica,
848 1650 881 1676 et
905 1642 1025 1686 pallio.
1085 1641 1186 1673 Hanc

192 1697 380 1732 miseram,
422 1709 438 1727 a
475 1708 543 1740 qua
576 1702 714 1729 tantum
748 1694 957 1728 beneficium
990 1698 1185 1737 acceperat,

193 1754 380 1792 postquam
410 1748 502 1791 apud
536 1760 597 1780 xes
633 1759 753 1780 rursus
783 1746 819 1778 in
855 1745 967 1789 gratia
1003 1751 1036 1777 et
1067 1744 1184 1788 aliqua

193 1799 363 1842 dignitate
381 1811 453 1831 csse
473 1798 661 1843 coe[›it⁶⁸),
690 1811 767 1831 cum
787 1810 850 1831 suo
874 1795 1073 1830 necessario
1099 1802 1186 1828 tem-

195 1863 278 1894 pore
295 1849 469 1894 flagitaret
486 1850 550 1882 sibi
575 1849 674 1882 reddi
698 1849 870 1893 gratiam,
900 1847 1119 1886 verberavit,
1154 1852 1187 1879 et

193 1903 304 1935 multa
326 1901 480 1933 minatus
506 1903 614 1934 domo
640 1900 784 1944 expulit.
838 1900 906 1933 Sed
933 1912 1010 1932 cum
1037 1898 1095 1930 illa
1123 1897 1187 1929 im-

195 1953 370 1997 patienter
395 1954 502 1985 ferret
529 1950 620 1985 hanc
644 1951 920 1990 contumeliam,
956 1957 996 1983 ut
1015 1955 1097 1983 sunt
1122 1949 1188 1980 im-

194 2004 293 2037 becill
299 2016 317 2036 a
336 2004 554 2036 mulitrnm
547 2004 708 2047 ingenia,
737 2009 771 2035 et
788 2015 825 2036 ea
853 2004 895 2035 de
919 2014 956 2034 re
980 2006 1189 2046 quereretur

196 2057 289 2100 apud
316 2062 438 2094 notos,
480 2055 599 2087 initcit
633 2055 695 2088 iste
723 2067 785 2098 per
811 2054 881 2085 xim
912 2053 941 2084 (i
967 2065 1113 2091 manus,
1156 2057 1189 2083 et

197 2106 364 2150 perunxit
394 2107 435 2138 ad
464 2106 671 2138 libertorum
699 2107 836 2144 lorum,
877 2104 938 2137 ubi
970 2103 1038 2137 nisi
1069 2103 1186 2137 statim

230 2224 276 2255 52)
297 2225 330 2249 Η.
349 2225 366 2248 1.
387 2225 413 2247 111
433 2224 515 2247 Editt.
539 2224 630 2249 1559..

267 2259 414 2289 stogitonis
435 2260 551 2282 scelera.

232 2311 280 2337 63)
301 2311 372 2333 llaec
391 2316 442 2333 vox
464 2310 489 2333 111
510 2309 592 2333 Editl,
616 2310 705 2334 ¹559.

267 2345 392 2374 repetita.

661 2224 725 2247 156⁴
739 2223 853 2247 -1587,
879 2225 945 2247 nota
964 2223 1093 2253 litargum

234 2395 281 2423 64)
301 2395 366 2418 Item
385 2396 451 2418 baeu:
471 2401 524 2418 vox
544 2395 641 2417 ibidem
661 2394 779 2424 repetita
798 2397 850 2419 est,

234 2446 282 2473 65)
306 2447 378 2469 llaec
404 2453 508 2476 quoquc
534 2452 586 2469 vox
613 2445 638 2469 in
665 2445 761 2468 iisdem
781 2446 797 2468 4
817 2444 899 2469 Editt.
921 2443 946 2467 111
968 2445 1092 2475 margine
1111 2451 1192 2475 repe-

269 2480 320 2503 tita
339 2482 388 2504 est.

236 2531 285 2559 66)
306 2531 338 2554 11.
358 2531 376 2554 l.
396 2532 420 2554 in
442 2532 523 2555 Editt.
545 2531 631 2556 1527..
653 2531 727 2556 1547.
747 2532 810 2554 nota
830 2530 962 2560 margia:

270 2566 314 2589 lae
332 2565 435 2595 aliquot
456 2566 615 2589 delictorum
635 2565 840 2595 Aristogitonis.

992 2530 1191 2554 Narratinncu-

236 2616 285 2645 67)
306 2617 337 2640 11,
359 2617 375 2640 1.
396 2616 422 2638 in
438 2616 518 2639 auat.
543 2617 624 2646 1559,
647 2615 837 2639 1561-1587.
857 2616 922 2639 nota
941 2615 1074 2645 margat:
1094 2616 1192 2640 Mulier
1216 2600 1219 2609 '

271 2650 419 2674 servatrix.

234 2702 283 2730 68)
304 2702 407 2732 coepit]
427 2702 467 2725 sic
482 2701 564 2725 Editt.
581 2701 666 2728 1547„
688 2702 772 2729 1562,
794 2701 886 2732 1570.;
903 2701 989 2726 Editt.
1004 2701 1090 2733 152⁷„
1107 2702 1192 2734 1559„

272 2737 363 2763 1564„
385 2736 458 2761 1557.
477 2736 556 2766 cepit.

1055 121 1258 157 SCRIPTA
1291 122 1626 159 PHILOLOGICA.

734 2308 922 2332 1561-1587.
952 2309 976 2331 111
1004 2308 1128 2339 margine
1149 2310 1192 2331 est
1215 2301 1218 2306 '

2139 123 2214 160 792

1226 216 1447 243 numerasset
1462 209 1747 257 pensione-11⁶⁹),
1773 210 1808 242 in
1834 208 2028 255 inquilinos
2051 210 2220 243 constitu—

1228 265 1320 297 tam,
1347 261 1488 294 vendita
1508 262 1654 295 essetab
1672 274 1733 301 eo,
1770 273 1875 306 quem
1903 260 1977 304 ipsa
2006 267 2220 294 servaverat.

1228 310 1334 354 Quod
1359 309 1447 344 hacc
1468 324 1551 345 vera
1581 313 1672 352 sint,
1712 324 1850 346 accerse
1882 309 1972 344 mihi
2000 309 2114 351 hunc,
2159 310 2222 357 qui

1229 361 1404 395 actionem
1417 362 1463 408 ⁷⁰)
1496 364 1683 398 adversum
1718 370 1855 407 patrem
1888 362 2086 396 institutam
2110 361 2225 395 voluit

1231 425 1442 456 cognoscere
1459 413 1523 460 ⁷¹),
1561 421 1594 446 et
1618 415 1792 449 arbitrum
1818 414 1907 454 litis,
1945 426 2052 459 qnam
2076 425 2143 458 pro
2166 419 2223 447 so'-

1231 476 1312 496 rore
1332 464 1535 497 intenderat
1552 464 1609 498 isti
1625 467 1746 505 frater,
1774 472 1807 499 et
1825 472 1929 510 caput
1946 465 2094 498 actionis
2112 465 2223 497 adfer.

1231 515 1398 549 Accersas
1417 522 1449 548 ct
1468 516 1695 549 mulierculae
1714 523 1867 550 tutorem
1887 522 1921 550 et
1936 519 2151 561 patronum,
2178 515 2224 548 ad

1233 579 1322 611 quos
1343 567 1475 600 iudices
1500 567 1688 601 adduxerit
1711 579 1800 601 eam.
1856 569 1969 602 Antea
1995 565 2226 600 vehementer

1233 616 1576 658 stomachabamini,
1612 631 1690 651 cum
1725 619 1893 652 amliretis
1928 617 2022 652 hunc
2045 629 2224 652 accusasse

1234 681 1305 709 eos,
1323 670 1385 714 qni
1401 670 1625 702 contulerant
1638 671 1825 713 pecuniam
1837 671 2003 703 servandi
2018 669 2093 703 eius
2109 681 2226 708 causa,

1234 732 1327 754 nunc
1356 733 1430 754 non
1466 721 1644 754 videbitur
1668 722 1781 754 multo
1804 721 1983 764 indignius
2006 721 2053 754 sic
2081 726 2226 754 vexatos

1234 784 1307 806 esse
1333 778 1515 815 parentes,
1551 784 1732 812 sororem,
1767 772 1993 806 servatricem
2016 769 2226 805 mulierem}>

1234 823 1266 856 O
1284 824 1520 856 execrandum
1539 830 1759 863 monstrum,
1786 829 1821 856 et
1837 835 1854 855 a
1885 823 2138 857 consuetudine
2161 820 2227 855 ho-

1234 875 1373 907 minum
1396 874 1520 918 procul
1544 874 1824 918 deportandum!
1878 875 1980 919 Quae
2004 886 2118 918 poena
2142 873 2227 907 satis

1235 926 1340 969 digna
1356 937 1422 970 pro
1443 924 1551 959 tantis
1573 925 1716 969 flagitiis
1742 925 1933 968 excogitari
1955 924 2095 969 potest?
2129 935 2227 957 mors

1234 989 1308 1009 non
1327 976 1411 1010 satis
1429 976 1594 1020 supplicii
1618 977 1736 1010 fuerit.
1794 976 1969 1009 Adiiciam
1992 988 2103 1009 unum
2126 987 2228 1020 prae-

1235 1034 1330 1060 terea
1350 1028 1480 1060 factum
1507 1028 1612 1071 plane
1636 1027 1823 1071 proprium
1837 1054 1845 1067 ‚
1886 1040 1926 1060 ac
1948 1027 2143 1071 genuinum
2165 1038 2229 1059 na-

1235 1086 1336 1113 turae
1354 1076 1479 1119 huius,
1508 1085 1644 1112 caetera
1664 1079 1960 1122 praetermittam.

1337 1129 1550 1175 Priusquam
1576 1130 1742 1163 evasisset
1766 1141 1783 1163 e
1807 1129 2022 1175 carcere⁷²)‚
2065 1141 2143 1163 cum
2173 1141 2231 1163 eo—

1236 1182 1316 1213 dem
1344 1181 1434 1214 alius
1457 1181 1603 1226 quidam
1630 1181 1808 1214 coniectus
1834 1187 1942 1221 esset⁷
1976 1181 2039 1226 qui
2061 1181 2153 1213 forte
2178 1193 2232 1215 se·

1237 1245 1316 1265 cum
1334 1230 1574 1277 syngrapham
1594 1232 1661 1265 sibi
1685 1232 1956 1276 oppigneratam
1966 1232 2012 1277 73)
2037 1244 2079 1265 eo
2103 1232 2231 1266 intule-

1236 1290 1311 1322 rat‚
1339 1281 1433 1316 hunc
1451 1283 1524 1315 adit
1541 1283 1624 1323 iste,
1652 1289 1823 1327 tanquam
1848 1282 1999 1328 aliud74)
2021 1294 2127 1326 agens
2152 1295 2229 1317 sur-

1235 1334 1322 1378 ripit
1338 1334 1488 1367 tabulas.
1541 1333 1593 1366 Ibi
1610 1346 1688 1367 cum
1709 1340 1918 1378 quereretur
1934 1334 2042 1373 alter,
2069 1333 2135 1367 sibi
2152 1346 2229 1368 sur-

1236 1391 1355 1428 reptas
1371 1396 1443 1418 esse
1460 1385 1598 1418 tabulas
1615 1385 1659 1417 ab
1681 1384 1769 1425 isto,
1803 1397 1843 1417 eo
1867 1384 2044 1417 amentiae
2064 1385 2231 1429 prorupit

1236 1436 1300 1469 iste
1312 1462 1321 1476 ‚
1348 1443 1387 1469 ut
1403 1434 1494 1468 nihil
1511 1436 1690 1469 dubitaret
1707 1436 1806 1469 illum
1824 1436 2024 1468 verberare.
2065 1435 2134 1468 Sed
2150 1447 2230 1469 cum

1236 1487 1294 1519 ille
1329 1499 1451 1520 recens
1485 1493 1628 1530 captus,
1671 1487 1768 1519 cuius
1796 1484 1911 1519 adhuc
1947 1486 2041 1519 vires
2074 1486 2232 1531 integrae

1237 1544 1360 1578 erant,
1388 1536 1482 1571 hunc
1502 1538 1641 1570 aridum
1663 1544 1866 1582 superaret,
1900 1538 2126 1571 memorabili
2148 1538 2233 1571 faci-

1237 1601 1328 1622 nore
1342 1590 1405 1623 iste
1422 1589 1618 1633 pericnlum
1645 1589 1826 1629 discussit,
1859 1601 1983 1622 nasum
2010 1589 2104 1621 enim
2130 1589 2234 1623 alteri

1239 1641 1471 1685 praemordit.
1525 1640 1581 1673 Sic
1606 1640 1662 1672 ille
1681 1647 1821 1684 accepta
1849 1640 1910 1672 tali
1932 1640 2054 1684 plaga,
2090 1641 2234 1673 calami-

1209 1702 1213 1713 ·
1239 1698 1309 1724 tate
1333 1693 1465 1725 fractus
1489 1692 1623 1725 destitit
1648 1692 1785 1725 tabulas
1816 1703 2001 1735 reposcere
2035 1698 2096 1724 aut
2125 1704 2232 1737 quae-

1240 1756 1317 1776 rere
1329 1770 1338 1783 ,
1364 1756 1429 1776 nec
1445 1744 1557 1776 multo
1576 1749 1656 1787 post
1671 1743 1859 1776 inveniunt
1878 1755 1935 1776 eas
1951 1743 1988 1774 in
2006 1754 2085 1775 arca
2096 1769 2105 1783 ‚
2133 1743 2233 1777 cuius

1240 1795 1347 1828 clavis
1364 1806 1471 1838 penes
1489 1794 1593 1828 istum
1615 1801 1701 1827 erat.
1761 1794 1862 1827 Hanc
1890 1794 1935 1826 ob
1960 1805 2100 1827 causam
2128 1794 2165 1827 in
2190 1805 2232 1827 ea

1240 1848 1347 1879 domo
1366 1847 1499 1879 factum
1515 1847 1709 1886 decretum,
1735 1858 1780 1878 ne
1799 1845 1878 1890 quis
1894 1845 2023 1887 ignem,
2049 1843 2233 1889 lychnum,

1240 1905 1364 1942 potum
1378 1924 1386 1937 ‚
1415 1897 1552 1937 cibum,
1581 1903 1641 1929 aut
1656 1896 1846 1942 quicquam
1865 1908 1942 1929 cum
1960 1895 2026 1929 isto
2045 1908 2234 1930 commune

1241 1948 1406 1989 haberet,
1429 1961 1493 1981 nec
1511 1949 1554 1981 ab
1573 1960 1613 1981 eo
1632 1954 1786 1992 rogaret,
1813 1959 1878 1980 nec
1894 1946 1925 1980 ei
1942 1948 2113 1981 utendum
2131 1958 2234 1992 prae-

1276 2066 1323 2098 69)
1344 2067 1412 2090 Huic
1438 2066 1515 2093 voci,
1546 2072 1598 2095 qua
1617 2065 1918 2089 Deuiostl·.uno1mov
1941 2070 1957 2087 a
1976 2064 2150 2089 Melanthone
2168 2066 2192 2090 11.
2213 2066 2230 2092 l.

1314 2101 1488 2131 exprimitur
1510 2099 1732 2128 111Ε11111.1527.,
1754 2090 1828 2122 1547.
1848 2099 1990 2128 adscripta
2009 2101 2053 2123 est
2073 2102 2137 2124 nota
2154 2106 2231 2124 mar-

1313 2137 1384 2166 gina
1403 2136 1559 2167 αηοικιον,
1586 2135 1698 2173 pensio,
1723 2140 1791 2163 quae
1811 2134 1922 2156 debetur
1942 2134 2066 2163 patronis
2085 2140 2101 2157 a
2121 2135 2230 2159 clienti-

1315 2172 1380 2199 11115,
1416 2170 1448 2193 de
1468 2175 1519 2200 qua
1540 2171 1582 2192 est
1601 2169 1626 2191 111
1646 2168 1706 2191 iure
1724 2168 1804 2191 civili.
1831 2168 1926 2197 (Cous.
1951 2168 2032 2191 Petiti
2057 2169 2129 2199 legg.
2149 2169 2231 2194 Attio.

1312 2206 1329 2229 1,
1344 2205 1375 2227 11.
1394 2205 1436 2227 tit.
1451 2205 1484 2228 V.
1510 2202 1535 2235 §.
1552 2203 1607 2227 2—
1615 2204 1655 2230 4.)

1278 2257 1325 2284 70)
1345 2256 1494 2283 actionem]
1524 2255 1572 2277 hac
1603 2259 1671 2277 soce
1702 2253 1863 2283 exprimitur
1896 2253 1976 2277 lectio
2001 2255 2065 2277 ante
2090 2254 2233 2280 Reisktum

1313 2291 1437 2318 vffluaris
1458 2286 1571 2321 ςραφὴι
1580 2305 1587 2317 ‚
1606 2294 1684 2317 qnam
1705 2288 1746 2311 hie
1764 2288 1885 2311 correxit
1898 2285 1992 2319 ταφήν
2005 2289 2170 2317 (mercedem
2185 2296 2234 2313 se-

1312 2326 1470 2355 pulturae];
1498 2324 1568 2347 cons.
1589 2323 1744 2351 Apparatus
1762 2323 1823 2347 crit.
1844 2324 1871 2345 et
1891 2324 1996 2354 exeget.
2016 2323 2049 2346 ad
2068 2323 2233 2347 Demosthe-

1313 2366 1374 2383 nem
1395 2359 1435 2382 ed.
1456 2358 1594 2382 schaefer.
1623 2358 1694 2380 Το111
1710 2357 1755 2381 lv.
1778 2365 1803 2387 p.
1822 2357 1881 2382 351.

1278 2410 1328 2438 71)
1349 2409 1436 2433 voluit
1456 2409 1641 2437 cognoscere]
1662 2408 1702 2432 sic
1720 2407 1801 2432 Editt.
1824 2406 1908 2435 1527„
1930 2407 2020 2435 15⁴2:
2042 2407 2126 2433 Editt.
2146 2408 2232 2439 1559.‚

1317 2444 1423 2467 1564—
1435 2442 1505 2466 15157,
1521 2443 1607 2465 voluit
1622 2448 1790 2472 agnoseere;
1810 2442 1942 2465 Ε11.1562.
1963 2442 2051 2465 noluit
2068 2448 2230 2472 agnoscere.

1315 2477 1505 2502 Demosthenis
1523 2478 1606 2500 verba
1628 2478 1705 2500 sunt:
1738 2474 1786 2500 οὐκ
1805 2472 1978 2507 ἀπειληφότα
1998 2479 2088 2507 (eum,
2115 2476 2160 2506 qui
2178 2481 2231 2500 non

1315 2512 1443 2541 accepit).

1279 2564 1326 2593 72)
1348 2564 1378 2587 li.
1399 2563 1415 2586 1.
1436 2562 1462 2585 111
1482 2562 1562 2585 Editt.
1586 2562 1676 2590 1559.,
1707 2560 1894 2584 1561-1587.
1922 2562 1986 2584 nota
2006 2559 2141 2590 margum
2166 2559 2232 2584 Ari-

1318 2597 1466 2628 stogitonis
1486 2596 1577 2619 scelus
1596 2595 1677 2619 aliud.

1279 2649 1328 2677 7³)
1349 2647 1570 2679 oppigneratam]
1591 2646 1673 2670 Editt.
1695 2645 1884 2669 1559—1587.
1904 2644 2121 2675 oppignoratam.

1280 2700 1328 2732 74)
1347 2700 1434 2729 aliud]
1453 2699 1494 2724 sic
1514 2699 1596 2723 Editt.
1618 2697 1826 2728 1527—1559.,
1848 2696 2055 2725 1564-1587.;
2087 2696 2136 2720 Ed.
2159 2696 2231 2720 1562.

1317 2737 1343 2759 et
1362 2735 1445 2760 aliud.
