2351 2990
186 220 359 258 Actorum
386 220 413 253 si
432 232 498 264 pro
516 221 629 265 patria
650 226 801 253 mortem
823 226 989 263 oppetat,

186 271 427 316 Geminasque
445 271 599 305 servabit
613 283 754 304 sorores
772 270 895 304 unica.¹

186 322 317 354 Codani
329 321 375 369 ⁷⁰)
394 335 477 365 ergo
496 329 638 366 gnatam
650 348 659 361 ‚
690 328 729 355 ut
747 323 808 355 siat
823 320 1104 358 hostiacivibus.

187 373 268 407 Nou
287 374 366 406 dico
382 374 474 406 enim
494 386 566 406 esse
583 373 730 417 proprie
746 371 852 407 unius
868 386 982 406 meam
996 401 1005 413 ‚

187 425 263 459 Nisi
282 426 376 470 quod
398 437 437 457 cx
456 425 535 456 alvo
555 424 689 469 mean)
707 424 824 471 ccum)
845 425 1004 469 plantula

186 476 278 510 Nata
297 482 358 509 est.
410 476 455 507 At
471 476 558 508 urbe
576 476 715 519 perdita
736 476 841 509 simul
861 476 981 509 omnia

186 527 308 560 Perire
325 539 459 571 nosque
476 527 677 572 liberosque
695 540 889 561 cernerem.

186 579 254 611 Sed
264 577 309 622 ⁷3)
326 578 476 615 dixeris,
505 577 668 610 Extincta
689 578 717 611 si
730 579 775 611 sit
792 579 863 611 lilia
875 605 885 618 ‚

185 630 257 663 Nos
274 641 343 661 una
360 629 396 661 in
414 629 502 662 urbe
518 635 656 674 sceptra
676 629 804 663 deinde
819 629 994 664 amittere.

182 680 268 714 Esto
284 680 397 713 ferent
412 687 452 713 ut
471 681 542 714 fata
555 707 565 720 ‚
592 681 698 725 stirps
712 687 797 715 tunc
812 681 924 714 altera

183 731 222 764 ln
242 732 329 764 urbe
348 738 470 765 nostra
487 731 685 776 principem
704 739 823 766 teneat
839 733 975 766 locum:

184 783 348 816 Servasse
366 783 520 827 patriam
540 784 655 818 maius
675 791 726 818 est
742 797 853 828 regno
871 785 988 818 decus.

183 834 349 880 Denique
368 835 533 869 voluntas
552 842 646 868 recta
664 836 709 869 sit
728 837 823 881 qnod
840 848 1029 880 possumus

184 886 390 926 Praestare,
418 887 553 930 legibus
571 887 653 919 volo
671 887 901 921 sanctissimis

183 938 335 978 Parere,
360 950 425 971 nec
443 938 577 971 violare
594 951 650 972 eas
668 938 780 972 sciens
796 939 915 974 velim.

146 987 151 992 “
182 989 227 1022 Et
244 989 386 1023 interim
403 991 503 1023 fruar
518 990 622 1023 bonis
640 991 908 1030 communibus,

183 1040 315 1085 Legum
335 1042 482 1081 ordine,
511 1048 617 1087 atque
636 1041 822 1086 disciplina
843 1042 996 1081 civium,

183 1092 285 1137 Quae
304 1105 360 1125 me
379 1093 520 1126 volente
539 1093 657 1126 nullus
676 1091 733 1126 hic
751 1093 933 1127 deleverit.

182 1144 265 1178 Non
284 1145 364 1177 sede
379 1150 531 1177 stantem
548 1144 732 1178 Palladem
749 1145 950 1179 firmissima
962 1169 971 1183 ‚

182 1194 374 1241 Laevaque
392 1196 564 1229 terrificos
580 1202 760 1229 tenentem
778 1196 959 1240 Gorgonis

184 1246 345 1291 Angues,
374 1247 552 1285 movebit,
578 1254 641 1281 aut
655 1248 699 1280 ab
718 1254 838 1280 arctoa
858 1248 961 1291 plaga

182 1297 381 1343 Eumolpus
398 1296 468 1332 linc
484 1299 675 1332 exercitum
693 1300 824 1333 ducens
840 1299 954 1332 serum
967 1325 975 1337 ,

181 1350 254 1384 Aut
266 1350 441 1383 barbarae
459 1350 571 1395 gentis
589 1351 690 1385 furor
707 1349 981 1384 Thracensium.

181 1402 255 1436 Nec
271 1400 382 1436 hostis
400 1400 457 1435 hic
475 1400 647 1446 trophaea
663 1403 748 1447 figet
763 1403 924 1447 uspiam,

183 1454 309 1488 Nullos
326 1452 529 1498 triumphos
547 1452 605 1487 hic
621 1460 719 1498 aget,
746 1466 811 1487 nec
828 1454 951 1487 laurea

182 1505 335 1539 Victrice
353 1506 510 1549 glorians
525 1506 676 1550 superbe
697 1505 897 1540 ornabitur.

184 1557 350 1590 Concedo
368 1557 460 1591 cives
477 1557 659 1590 victimam
677 1556 760 1591 hinc
778 1558 941 1592 abducite
953 1586 962 1600 ,

182 1608 233 1641 Ut
249 1609 345 1642 salva
362 1610 408 1642 sit
426 1609 623 1655 victrixque
639 1616 760 1644 nostra
778 1610 914 1655 patria;

181 1659 275 1694 Nam
293 1660 385 1693 filiae
399 1660 493 1694 vitae
511 1661 660 1695 salutem
678 1662 878 1708 publicam,

182 1710 335 1745 Immota
352 1718 421 1746 stat
435 1714 607 1747 sententia
621 1741 631 1755 ,
659 1723 890 1762 anteponere.

182 1764 215 1806 O
231 1765 369 1812 patria3
395 1765 533 1800 utinam
553 1766 706 1812 diligant
721 1775 754 1802 te
772 1769 904 1813 singuli

184 1825 286 1862 Cives
298 1852 307 1867 ‚
333 1830 373 1859 ut
387 1820 455 1857 hoc
473 1824 574 1856 ardet
590 1834 712 1855 meum
731 1828 855 1866 pectus
872 1822 924 1855 tui

185 1881 319 1914 Amore
336 1888 421 1909 vero
432 1903 441 1916 ‚
468 1876 496 1909 si
515 1875 681 1908 voluntas
695 1873 902 1918 principum

184 1930 284 1964 Talis
298 1930 410 1968 foret,
437 1926 669 1972 tranquillior
688 1931 799 1959 status
819 1931 901 1958 tuus

184 1983 350 2016 Maneret
368 1985 403 2012 et
417 1985 537 2012 motus
553 1978 767 2011 domesticos
785 1976 872 2009 mali

186 2034 289 2068 Ciere
307 2043 382 2065 non
398 2036 544 2075 possent
558 2036 591 2064 et
607 2027 727 2063 hostes
748 2034 886 2062 exteros

186 2087 317 2120 Arcere
334 2089 453 2128 posset
469 2082 630 2115 omnium
649 2079 854 2114 concordia.

239 2152 296 2186 Sic
313 2158 432 2196 patres
446 2156 589 2183 nostros
609 2148 805 2183 erudiebat.
843 2146 932 2181 Cum
948 2146 1043 2180 enim
1059 2158 1134 2180 ma-

138 2216 205 2249 gna
237 2204 289 2237 vis
322 2203 366 2237 sit
399 2201 531 2235 amoris
563 2201 602 2234 in
632 2200 843 2234 mulieribus
873 2210 954 2243 erga
991 2199 1135 2240 liberos,

137 2254 231 2289 hanc
256 2260 381 2288 narrat
406 2253 518 2297 magis
541 2264 676 2286 amasse
700 2251 856 2296 patriam
881 2262 988 2296 quam
1011 2250 1135 2291 filiam,

140 2307 360 2351 significans,
389 2318 468 2339 cum
485 2303 572 2338 haec
590 2304 626 2337 in
642 2303 791 2337 muliere
808 2302 921 2336 virtus
940 2302 1045 2335 suerit
1058 2329 1067 2342 ,
1098 2302 1136 2335 in

140 2358 226 2392 viris
252 2363 419 2403 oportere
445 2355 722 2401 insuperabilem
750 2353 1037 2388 benevolentiam
1062 2365 1136 2388 esse

176 2476 225 2503 70)
246 2476 361 2505 cedam]
388 2476 427 2504 sic
445 2474 530 2498 Editt.
551 2475 643 2503 1548,
666 2474 758 2504 1554.,
780 2473 853 2496 1562.
872 2481 907 2494 z
926 2471 1018 2501 Eurip.
1039 2468 1136 2501 δώσω;

212 2510 239 2533 in
263 2511 395 2534 Grattius.
426 2511 453 2532 et
477 2509 603 2532 vincent.
636 2509 743 2532 collect.
769 2507 934 2537 Epigramin.
958 2506 1021 2530 Mel.
1056 2507 1083 2529 et
1110 2506 1137 2528 in

210 2543 290 2567 huius
311 2544 392 2573 corp.
412 2543 534 2567 Reform,
556 2543 619 2567 vol.
636 2543 669 2567 X.
690 2543 788 2573 p.,593.
809 2542 938 2566 caedam.

177 2595 226 2624 71)
245 2596 320 2623 mea]
340 2594 381 2618 sic
399 2595 474 2617 recte
493 2594 520 2616 in
540 2593 704 2624 Epigrannn.
723 2594 784 2617 Mel.
806 2593 876 2623 apud
897 2593 1044 2620 Grattius„
1066 2591 1138 2614 Vin-

213 2632 284 2653 cent.
311 2631 337 2652 et
366 2628 393 2651 in
420 2629 469 2651 hoc
494 2628 575 2657 Corp.
601 2628 723 2652 Reform.
745 2628 813 2655 Ι.1,;
846 2627 872 2650 in
891 2627 977 2659 ‚liuius
998 2625 1139 2650 Orationis

212 2664 296 2688 Editt.
319 2663 410 2692 154³„
432 2662 524 2688 ¹554.,
546 2662 625 2685 1562.
642 2663 726 2686 male:
753 2668 822 2686 nico.

180 2716 227 2744 72)
246 2716 310 2744 ceu]
329 2714 400 2744 apud
420 2713 550 2737 Grauius.
571 2717 666 2735 errore
686 2714 813 2743 typogr.:
842 2719 899 2736 seu.

181 2766 231 2795 73)
250 2766 318 2794 Sed]
338 2765 408 2796 apud
428 2764 560 2788 Grauius.
580 2768 676 2786 errore
694 2764 820 2793 typogr.:
845 2764 907 2787 Sex,

1072 96 1083 115 ἱ7
1116 95 1150 116 ‹3›
1168 91 1178 105 ¹

709 104 832 168 min„
867 97 980 168 iiim„
1015 133 1219 168 scinPTA
1249 134 1588 172 PfflLoLoGch.

2100 110 2176 173 §et

1181 233 1262 264 erga
1279 222 1450 265 patriam,
1478 234 1524 255 ne
1542 234 1620 256 eam
1638 223 1821 262 deserant,
1847 233 1935 255 neve
1953 221 2178 265 dedecorent,

1180 278 1219 305 ut
1235 270 1292 305 liic
1308 272 1497 307 Leocrates
1518 273 1610 307 fecit.

1284 340 1433 373 Homeri
1455 340 1560 373 etiam
1578 341 1788 374 sententiam
1809 340 2022 385 adiungam,
2047 340 2088 375 in
2106 354 2178 388 quo

1182 397 1317 424 tantam
1336 391 1478 425 virtutis
1494 389 1693 426 doctrinam
1714 393 1867 426 maiores
1886 392 2002 426 nostri
2027 405 2100 426 esse
2123 393 2178 427 iu·

1182 443 1370 483 dicarunt,
1410 449 1449 476 ut
1476 443 1587 487 legem
1612 443 1779 485 tulerint,
1819 450 1859 477 ut
1885 444 1959 477 eius
1985 456 2114 488 poema
2140 444 2178 478 in

1183 494 1445 539 quinquennali
1465 500 1643 527 conventu
1658 494 1775 527 Attico
1793 495 1906 528 solnm
1924 507 2009 539 prae
2031 496 2178 530 caeteris

1183 545 1324 589 scriptis
1340 545 1550 578 recitaretur
1560 545 1618 590 ⁷⁴).
1671 544 1748 578 Hoc
1764 547 1923 590 exemplo
1940 548 2178 588 ostendentes,

1185 608 1220 629 se
1238 597 1379 630 virtutis
1398 596 1599 629 doctrinam
1616 595 1771 628 maxime
1790 597 1915 631 colere.
1967 598 2059 632 Nam
2086 589 2178 643 leges

1183 654 1332 692 propter
1350 648 1559 681 brevitate-111
1585 659 1659 680 non
1683 648 1830 687 docent,
1863 649 1924 681 sed
1946 650 2041 683 nuda
2067 649 2178 694 impe-

1183 699 1237 731 ria
1263 705 1483 743 proponunt.
1550 699 1683 732 Poetae
1707 705 1846 739 auten»,
1882 699 1964 744 quia
1994 701 2087 734 vitae
2113 699 2180 735 hu-

1185 762 1312 783 manae
1339 751 1510 794 imagines
1534 750 1704 794 phngunt,
1749 749 1884 793 eligunt
1908 750 2042 795 optima
2065 764 2179 787 exem-

1184 802 1262 846 pla,
1298 800 1404 836 ethis
1425 802 1606 836 orationes
1634 801 1853 841 attribuunt,
1889 801 1925 835 in
1949 801 2077 847 quibus
2099 816 2178 838 cau-

1185 866 1239 886 sas
1263 860 1467 897 exponunt,
1502 853 1586 899 quid
1617 865 1678 886 cur
1701 853 1776 886 fieri
1801 854 1941 893 deceat,
1983 859 2023 887 ut
2045 861 2180 889 mentes

1185 903 1271 937 llaec
1289 904 1364 949 ipsa
1383 917 1568 938 cansarum
1586 904 1823 938 consideratio
1841 916 2027 949 persuasas
2048 906 2094 939 ad
2113 906 2182 940 vir-

1186 956 1270 990 tutis
1288 968 1446 989 amorem
1467 956 1595 990 flectat.
1647 955 1779 989 Hector
1804 956 1898 988 enim
1917 955 2099 992 Troianos
2121 959 2182 991 ad-

1185 1006 1354 1048 hortans,
1382 1014 1419 1041 ut
1435 1019 1501 1052 pro
1520 1007 1636 1052 patria
1655 1007 1845 1048 dimicent,
1872 1007 1920 1052 sic
1940 1007 1990 1041 ait
2003 1007 2067 1055 ⁷³):

1237 1077 1396 1111 Conferti
1415 1089 1522 1110 naves
1541 1076 1669 1113 animis
1691 1076 1893 1120 ingentibus
1913 1076 2006 1110 inter

1237 1128 1397 1174 Quisque
1422 1141 1486 1162 suo
1512 1134 1667 1173 pugnate
1694 1128 1792 1168 loco,
1827 1140 1892 1161 nec
1914 1129 2062 1162 vulnere
2086 1130 2181 1176 quis-

1263 1213 1265 1215 ,
1807 1192 1934 1224 (plain,

1237 1231 1306 1264 Seu
1323 1230 1450 1264 mortis
1468 1229 1579 1274 fugiat
1598 1231 1748 1275 pavidus
1765 1228 1957 1264 formidine
1977 1230 2111 1271 victus,

1238 1281 1306 1314 Sed
1323 1282 1456 1322 iaceat,
1484 1281 1511 1315 si
1529 1294 1635 1327 quem
1651 1282 1714 1315 fati
1733 1295 1809 1316 sors
1827 1283 1920 1324 dura
1934 1283 2103 1327 peremit}

1232 1333 1305 1366 Pro
1323 1332 1440 1377 patria
1456 1345 1627 1377 magnum
1642 1334 1747 1368 decus
1761 1340 1812 1375 est
1825 1328 2044 1378 profundere
2059 1333 2182 1368 vitam.

1235 1385 1328 1419 Nam
1348 1384 1477 1429 reliqui
1495 1384 1588 1418 cives
1606 1391 1726 1419 nostra
1747 1385 1878 1419 virtute
1894 1386 2084 1430 teguntur,

1234 1436 1281 1470 Et
1297 1436 1415 1470 salvae
1435 1436 1570 1469 interea
1590 1443 1722 1470 matres
1737 1436 1884 1482 natique
1902 1437 2120 1481 manebunt,

1236 1487 1307 1532 Qui
1324 1493 1406 1521 sunt
1425 1488 1549 1521 aetatis
1564 1488 1705 1521 suturae
1723 1488 1858 1528 semina
1876 1494 1911 1522 et
1922 1488 2046 1531 urbis„
2076 1528 2079 1531 .

1236 1539 1389 1583 Templa
1409 1546 1557 1573 manent
1573 1540 1738 1585 legesque
1755 1540 1892 1580 bonae,
1918 1540 2104 1586 pietasque
2121 1548 2187 1582 pu-

1805 1593 1965 1637 dorque,
2022 1631 2039 1634 ..

1235 1640 1281 1675 Et
1298 1648 1381 1675 tunc
1398 1641 1549 1688 quisque
1565 1641 1637 1677 suis
1653 1642 1758 1676 rebus
1774 1642 1965 1689 fundisque
1975 1642 2138 1686 fruetur,

1238 1693 1327 1728 Cum
1346 1693 1439 1739 pulsi
1457 1693 1594 1739 fugient
1610 1692 1729 1728 hostes
1744 1694 1781 1727 in
1797 1694 1914 1739 patria
1931 1706 2041 1739 regna
2050 1692 2109 1740 ⁷⁶).

1290 1775 1363 1811 Has
1393 1775 1755 1811 commonefactiones
1787 1788 1827 1809 ex
1857 1773 2076 1809 carminibus
2102 1787 2181 1809 cum

1186 1828 1354 1862 audirent
1367 1829 1522 1862 maiores
1537 1828 1644 1862 vestri
1668 1834 1702 1861 et
1728 1827 1811 1861 talia
1837 1828 1929 1861 facta
1952 1826 2088 1861 imitari
2110 1833 2183 1861 stu—

1187 1882 1331 1921 derent,
1368 1881 1457 1913 adeo
1482 1880 1620 1913 incitati
1645 1886 1727 1913 sunt
1749 1880 1793 1913 ad
1818 1879 2007 1921 virtutem,
2046 1884 2087 1913 ut
2108 1891 2183 1912 non

1187 1933 1302 1966 solum
1324 1945 1390 1977 pro
1417 1944 1478 1966 sua
1503 1931 1640 1976 patria,
1674 1932 1734 1965 sed
1759 1931 1865 1964 etiam
1890 1943 1956 1975 pro
1974 1936 2050 1964 tota
2071 1930 2183 1964 Grae-

1187 1984 1239 2017 cia
1253 2011 1263 2025 ‚
1290 1990 1462 2030 tanquam
1480 1982 1662 2017 communi
1676 1982 1792 2028 patria
1805 2008 1814 2024 ‚
1842 1978 1995 2016 mortem
2015 1988 2185 2027 oppetere

1187 2048 1261 2069 non
1279 2036 1496 2069 dubitarent.

1291 2108 1380 2142 Cum
1413 2107 1522 2152 igitur
1554 2108 1592 2142 in
1620 2105 1835 2141 Marathone
1866 2106 2082 2148 dimicarent
2108 2106 2182 2141 acie

1188 2173 1267 2194 cum
1291 2159 1455 2194 barbaris
1478 2171 1542 2195 suo
1569 2158 1727 2204 periculo
1753 2164 1866 2192 totam
1888 2158 2033 2200 classem
2043 2184 2059 2201 ,Ι
2090 2170 2183 2204 quae

1189 2225 1230 2245 ex
1239 2211 1322 2246 Asia
1339 2211 1545 2251 traiecerat,
1573 2211 1799 2251 deleverunt,
1828 2222 1918 2256 quae
1937 2209 2086 2244 victoria
2105 2210 2185 2244 uni-

1187 2276 1326 2298 versam
1351 2262 1539 2298 Graeciam
1563 2268 1699 2296 terrore
1725 2262 1902 2297 liberavit.
1965 2261 2055 2296 Cum
2075 2261 2186 2306 igitur

1222 2417 1270 2444 74)
1291 2417 1323 2440 Η.
1341 2416 1362 2442 l.
1385 2414 1413 2439 in
1439 2414 1520 2438 Editt.
1543 2414 1635 2443 1548,
1666 2415 1740 2438 1554.
1766 2415 1833 2437 nota
1851 2412 1992 2444 :margins
2018 2413 2076 2439 Lex
2093 2418 2110 2437 a
2128 2414 2183 2438 So-

1256 2451 1320 2475 lone
1341 2451 1368 2473 et
1386 2450 1483 2479 postea
1501 2454 1518 2472 a
1537 2449 1687 2472 Pisistrato
1708 2449 1765 2472 lata
1784 2449 1850 2479 fuit,
1870 2449 1899 2471 ut
1918 2446 2061 2478 legeretur
2077 2448 2185 2478 publice

1259 2484 1406 2517 quotannis
1424 2484 1510 2507 totum
1529 2489 1626 2513 poema
1646 2483 1766 2508 Homeri.

1223 2537 1272 2566 75)
1292 2538 1324 2561 H.
1344 2537 1363 2560 Ι.
1383 2536 1410 2559 in
1428 2535 1525 2559 iisdem
1545 2535 1628 2560 Editt.
1656 2536 1722 2559 nota
1746 2534 1879 2565 margum
1909 2533 1989 2557 iliad.
2015 2523 2112 2560 lind.
2139 2535 2185 2564 qui

1259 2570 1507 2633 est4gg.)(ver511s
1529 2570 1600 2594 enim
1619 2570 1765 2600 sequentes
1784 2569 1848 2593 sunt
1867 2567 1978 2592 flomeri
1997 2567 2027 2591 ll.
2047 2567 2113 2599 XV,
2132 2569 2184 2593 494

1225 2657 1273 2685 76)
1293 2657 1368 2679 Haec
1386 2655 1449 2680 Mel.
1469 2655 1662 2685 interpretatio
1681 2655 1791 2678 illorum
1816 2659 1947 2677 versuum
1967 2651 2080 2676 Homeri
2103 2652 2185 2678 etiam

1262 2691 1288 2714 in
1302 2689 1592 2720 Me!.1E1·igrainniatis
1611 2690 1682 2719 apud
1694 2690 1824 2713 Grattius.
1843 2688 1890 2711 fot.
1904 2687 1939 2710 Μ.
1954 2688 2015 2715 4³.,
2033 2687 2105 2717 apud
2115 2688 2188 2711 Vin-

1261 2726 1331 2750 cent.
1352 2724 1500 2752 soi.117³.,
1521 2727 1549 2748 et
1569 2724 1597 2748 in
1617 2724 1695 2748 liuius
1715 2724 1796 2753 θοι-ρ.
1816 2722 1936 2747 Reform.
1956 2721 2021 2746 Vol.
2033 2722 2069 2748 X.
2089 2728 2113 2752 p.
2127 2722 2190 2749 666.

1262 2766 1305 2784 nr.
1325 2759 1386 2782 380.
1405 2759 1551 2783 invenitur.
