2351 2990
189 128 262 165 475

189 214 372 248 occasione
395 218 427 245 et
458 222 562 245 causa
591 208 778 243 scribendi.
837 203 1006 249 Sequitur
1036 203 1175 247 petitio,

187 273 225 299 ut
254 265 284 296 ei
309 264 345 296 in
370 263 536 296 omnibus
562 265 703 305 praesto
735 257 791 291 sit.
856 255 962 288 Ratio
993 254 1175 298 petitionis

186 322 326 359 sumpta
353 321 403 349 est
429 314 472 347 ab
499 312 607 357 ipsius
636 306 863 353 gratitudine.

441 396 574 430 Aliud
601 396 922 435 argumentum.

287 465 454 500 Narratio
478 463 520 495 de
545 457 794 494 benevolentia
820 455 968 496 Manlii,
997 462 1030 488 et
1051 455 1094 488 de
1120 466 1177 487 oc-

187 518 326 551 casione
352 528 414 549 sua
439 510 713 546 commendandi
737 520 830 542 eum.
894 506 1062 552 Sequitur
1088 504 1178 550 peti-

188 570 254 604 tio,
298 566 352 600 cui
379 564 521 598 additur
553 561 647 595 ratio
671 573 690 594 a
714 570 868 605 persona
898 557 1045 597 Manlii,
1082 556 1178 602 quod

186 621 323 652 futurus
346 616 390 650 sit
413 613 645 660 gratissimus.

333 714 517 751 Scholia
546 715 591 747 in
616 712 864 758 epistolam
891 708 1013 743 xxm.

289 785 319 825 ξ.
340 786 372 819 1.
401 785 507 819 Lucio
526 783 695 825 Cossinio,
722 782 828 814 amico
854 776 938 825 etc.]
955 776 1178 822 Narrati07).

289 824 319 880 ξ.
336 839 372 871 2.
400 838 501 870 Hunc
521 830 603 880 tibi]
628 831 772 865 Petitio.
825 832 866 863 ld
887 835 919 863 et
944 826 1043 876 mihi]
1070 827 1178 860 Ratio

188 886 420 933 petitioniss).

483 961 648 1003 Argum
660 962 812 990 entum
826 955 871 1000 ⁹).

289 1028 527 1064 Commendat
554 1026 724 1058 libertum
758 1028 799 1056 ut
829 1020 1014 1054 hominem
1040 1021 1179 1054 fidelem

189 1090 222 1115 et
248 1081 456 1114 officiosum.
524 1076 674 1110 Orditur
712 1085 732 1106 a
765 1073 974 1106 narratione
998 1073 1040 1105 de
1067 1073 1181 1105 causis

187 1132 292 1166 huius
321 1127 653 1164 commendationis.
712 1124 842 1158 Postea
867 1123 1014 1168 ponitur
1042 1123 1180 1168 petitio,

188 1191 225 1217 ut
251 1189 431 1226 receptum
448 1181 486 1212 in
503 1177 697 1211 amicitiam
713 1175 901 1219 diligenter
916 1174 1070 1209 adiuvet.
1110 1174 1181 1207 Ra-

187 1236 236 1267 tio
261 1233 414 1267 sumitur
438 1232 480 1264 ab
505 1229 614 1274 ipsius
638 1234 672 1260 et
697 1238 759 1261 sua
784 1225 1014 1270 gratitudIne.

440 1314 577 1349 Aliud
607 1316 932 1356 argumentum.

289 1382 458 1419 Narratio
500 1381 658 1414 continet
694 1379 841 1412 brevem
872 1375 1181 1409 commemoratio-

190 1448 271 1469 nem
296 1435 404 1467 initae
427 1432 602 1466 amicitiae
622 1443 701 1464 eum
722 1428 884 1463 Cossinio
902 1434 933 1459 et
952 1427 1024 1460 eius
1041 1426 1182 1459 liberto,

190 1486 357 1531 Sequitur
380 1484 525 1529 petitio,
554 1485 600 1515 'ut
621 1482 789 1514 libertum
813 1478 965 1512 Cossinii
989 1476 1120 1511 habeat
1136 1476 1181 1521 ¹⁰)

193 1536 581 1570 commendatissimum
606 1539 639 1565 et
661 1532 816 1565 adiuvet.
870 1529 977 1562 Ratio
1002 1527 1182 1573 petiti0nis

192 1595 331 1632 sumpta
358 1593 409 1620 est
433 1598 451 1618 a
476 1596 640 1630 persona.

347 1676 529 1712 Scholia
566 1676 610 1708 in
638 1673 879 1718 epistolam
909 1670 1030 1705 XIssV.

297 1745 327 1789 {-
354 1746 387 1778 1.
428 1746 535 1785 Quum
567 1747 667 1776 merea
703 1736 893 1785 capiebam]
927 1738 1070 1772 Gratias
1101 1738 1184 1782 agit,

195 1799 289 1844 quod
302 1797 478 1840 Lysonem
498 1792 671 1836 receperit
688 1791 724 1822 in
743 1790 906 1833 gratiam.
988 1792 1072 1822 Tum
1088 1787 1183 1835 vero]

194 1848 390 1883 ljxordium
416 1842 555 1882 πάθοςῑ
593 1841 803 1876 Gaudebam
829 1845 955 1878 antea,
991 1851 1087 1872 nunc
1109 1852 1184 1872 ma-

196 1902 246 1944 gis
272 1896 476 1943 gaudeoss).

298 1956 328 1999 {-
348 1958 383 1991 Ξ.
411 1957 463 1989 De
481 1950 562 2000 quo]
580 1949 804 1995 Propositio:
832 1947 908 1991 Ago
925 1947 1066 1990 gratias.
1117 1950 1187 1982 De-

199 2010 276 2041 inde
292 2008 425 2047 credas]
454 2002 704 2038 Confirmatio:
733 1998 831 2034 Nihil
849 2005 971 2031 contra
989 2004 1022 2031 te
1041 2000 1188 2032 commi-

198 2060 241 2092 sit
258 2059 302 2103 12)
322 2057 428 2102 Lyso.
504 2057 594 2098 Lyso
612 2049 702 2099 vero]
731 2051 763 2084 A
781 2049 997 2083 testimonio.

302 2116 333 2160 {-
353 2116 387 2149 3.
416 2109 645 2158 Quapropter]
662 2109 840 2154 Repetitio
858 2109 1188 2143 commendationis.

235 2251 265 2281 7)
286 2251 359 2274 Haec
377 2249 443 2271 nota
462 2246 489 2269 et
506 2245 574 2267 duae
593 2243 740 2280 sequentes
751 2241 785 2265 ab
796 2239 881 2281 Edjtt.
893 2240 979 2280 ¹53.⁷.''
1000 2241 1086 2271 1540„
1106 2241 1192 2272 1515„

273 2284 346 2308 1550.
368 2281 548 2313 praebentur3
568 2277 595 2301 iu
606 2277 690 2300 Editt.
706 2276 792 2305 1544„
813 2276 900 2305 1004„
923 2275 998 2299 1007.
1018 2275 1126 2300 desunt.

239 2337 269 2364 8)
290 2336 362 2359 Haec
386 2333 452 2356 nota
477 2329 559 2354 etiam
582 2327 610 2351 in
629 2326 720 2365 Editt..
734 2325 827 2363 15455,
862 2324 937 2348 156⁰.
955 2325 1058 2350 omissa
1084 2328 1141 2358 est,
1167 2329 1194 2351 et

274 2370 302 2392 in
322 2367 390 2391 solis
409 2365 493 2389 Editt.
512 2362 597 2393 1537.‚
618 2361 692 2385 1540.
712 2361 860 2383 invenitur.

241 2420 274 2447 9)
291 2420 346 2442 Hoc
365 2415 554 2447 argumentum
572 2414 600 2437 et
618 2417 737 2442 sequens
756 2410 784 2434 in
798 2409 883 2434 Editt.
896 2409 982 2440 1556„
1003 2410 1194 2437 1565—1596.

278 2453 414 2483 teguntur.

250 2503 296 2529 10)
315 2500 426 2527 habeat]
446 2497 487 2522 sio
505 2498 582 2521 recte
599 2495 684 2520 Editt.
701 2494 792 2525 1565.,
812 2492 905 2522 1571..
926 2493 1018 2525 1596.;
1052 2495 1100 2518 Ed.
1123 2495 1197 2519 1556.

280 2537 369 2560 habet.

248 2588 295 2612 n]
315 2586 391 2609 naec
415 2584 481 2606 nota
504 2582 533 2605 in
550 2581 634 2606 Editt.
654 2579 747 2609 1545„
772 2578 848 2603 1560.
872 2584 933 2602 cnm
958 2580 1133 2609 praecedeuti
1160 2581 1200 2605 sic

283 2622 326 2644 est
351 2617 511 2641 coniuncta:
545 2615 638 2645 Quum
661 2615 749 2638 antea
765 2613 926 2644 capiebam]
954 2614 1067 2638 Gratias
1092 2615 1150 2645 agit
1167 2628 1200 2633 -—

284 2656 312 2678 in
333 2651 461 2684 gratiam.
497 2648 646 2673 Exordium
663 2648 770 2678 pathos.
788 2658 822 2663 -
840 2647 955 2677 gaudeo.

254 2705 300 2733 12)
319 2701 470 2730 commisit]
489 2699 538 2724 Ed.
559 2698 634 2722 1545.
654 2704 750 2721 errore
770 2700 900 2729 typogr.:
921 2699 1057 2723 commisi.

766 118 888 155 PHIL.
923 117 1037 154 MEL.
1073 115 1275 153 SCRIPTA
1306 117 1643 155 PHILOLOGICA.

2140 121 2212 156 476

1520 207 1841 251 Argumentum
1861 205 1919 253 ¹³).

1331 273 1474 309 Gratias
1499 275 1592 319 agit,
1630 275 1727 320 quod
1765 281 1970 319 conceptam
2003 275 2046 307 de
2075 273 2214 320 Lysone

1228 324 1464 368 suspicionem
1514 338 1576 359 sua
1636 326 1945 359 commendatione
2001 326 2215 370 deposuerit.

1228 374 1320 408 Nam
1343 375 1391 408 ita
1417 376 1553 410 delatus
1574 383 1650 410 erat
1673 378 1768 421 apud
1794 376 1956 410 Servium
1979 375 2093 422 Lyso,
2119 377 2215 422 quod

1230 425 1304 459 eius
1331 426 1539 470 dignitatem
1563 428 1759 462 maledictis
1782 427 1956 461 oneravit.
2019 427 2217 461 Exordium

1231 483 1282 510 est
1297 476 1342 523 n)
1369 475 1517 522 ἠθικόν.
1569 478 1733 512 Ostendit
1751 479 1845 512 enim
1861 491 1961 513 suam
1980 478 2165 518 laetitiam,
2182 485 2216 511 et

1229 527 1342 561 utitur
1366 535 1575 572 argumento
1603 541 1622 562 a
1645 531 1827 563 communi
1846 531 1890 563 ad
1906 529 2096 573 singulare.
2146 528 2217 562 De-

1231 578 1313 611 inde
1336 585 1387 613 est
1411 579 1610 624 propositio
1641 581 1836 624 gratiarum
1869 580 2036 621 actionis,
2078 580 2134 614 cui
2157 581 2218 614 ad-

1231 630 1326 663 ditur
1350 631 1515 674 purgatio
1536 631 1745 675 suspicionis
1771 633 1813 665 de
1840 631 1979 677 Lysone
1999 643 2064 676 per
2080 644 2216 665 asseve-

1230 681 1426 722 rationem,
1454 682 1551 727 quod
1566 694 1695 726 magna
1715 695 1791 716 cum
1808 683 1912 716 laude
1931 682 2077 727 Sulpicii
2094 683 2217 716 memi-

1231 732 1322 766 nisse.
1338 745 1478 777 semper
1497 733 1619 767 soleat.
1661 733 1830 778 Epilogus
1850 732 1958 767 habet
1974 746 2104 767 novam
2122 746 2217 767 com-

1231 784 1511 818 mendationem.

1469 858 1606 892 Aliud
1639 865 1961 903 argumentum.

1337 925 1497 971 Epistola
1522 932 1659 960 constat
1685 927 1879 970 gratiarum
1905 926 2044 960 actione
2067 933 2102 960 et
2120 927 2221 960 brevi

1233 976 1415 1021 petitione.
1450 977 1592 1011 Gratias
1615 977 1694 1010 ideo
1712 978 1804 1022 agit,
1833 979 1929 1023 quod
1953 977 2132 1023 Lysonem
2155 976 2220 1011 lio-

1233 1027 1359 1072 spitem
1385 1026 1550 1061 habuerit
1574 1028 1760 1072 diligenter
1786 1030 2096 1069 commendatum,
2124 1041 2222 1063 eum-

1234 1091 1302 1124 que
1329 1080 1427 1112 omni
1450 1079 1650 1123 suspicione
1673 1080 1888 1112 liberaverit.
1939 1079 2137 1112 Exordium
2165 1092 2221 1113 su-

1234 1130 1343 1163 mitur
1373 1142 1392 1162 a
1424 1129 1692 1174 comparatione
1725 1129 1899 1170 laetitiae,
1933 1141 2041 1174 quam
2069 1130 2160 1174 cepit
2175 1130 2221 1176 ¹⁵)

1235 1193 1275 1213 ex
1305 1192 1367 1214 sua
1399 1180 1708 1213 commendatione
1738 1193 1804 1225 pro
1831 1180 1985 1225 Lysone.
2053 1180 2221 1226 Sequitur

1235 1231 1450 1276 propositio,
1478 1243 1567 1277 quae
1593 1238 1644 1265 est
1664 1232 1781 1265 brevis
1807 1232 2003 1275 gratiarum
2025 1231 2136 1272 actio,
2165 1231 2222 1266 cui

1234 1283 1420 1316 subiicitur
1453 1282 1675 1315 confirmatio
1705 1282 1929 1315 innocentiae
1952 1281 2124 1327 Lysonis,
2160 1283 2222 1328 qui

1234 1345 1373 1378 semper
1398 1331 1644 1366 honestissime
1666 1334 1803 1367 locutus
1826 1333 1871 1367 sit
1888 1334 1931 1366 de
1948 1333 2114 1377 Sulpicio·
2152 1333 2221 1366 De-

1235 1385 1317 1417 inde
1344 1384 1491 1429 ponitur
1514 1384 1777 1417 commendatio
1799 1397 1861 1418 seu
1890 1384 2027 1428 petitio.
2085 1383 2126 1417 In
2152 1385 2221 1417 fine

1236 1443 1285 1470 est
1299 1435 1476 1469 excusatio
1503 1435 1687 1468 brevitatis
1713 1435 1749 1467 in
1773 1435 2094 1469 commendatione.

1476 1512 1612 1546 Aliud
1640 1520 1967 1557 argumentum.

1336 1578 1495 1622 Epistola
1513 1578 1618 1624 est¹⁶)
1633 1577 1879 1626 εὐχαριστική.
1931 1580 2014 1624 Agit
2031 1580 2125 1613 enim
2146 1592 2224 1623 gra-

1236 1630 1321 1669 tias,
1357 1631 1454 1675 quod
1482 1629 1661 1675 Lysonem
1683 1631 1856 1675 receperit
1880 1631 1917 1664 in
1939 1631 2102 1675 gratiam.
2155 1629 2224 1663 Ex-

1237 1681 1378 1714 ordium
1403 1687 1585 1725 sumptum
1611 1687 1662 1713 est
1684 1681 1728 1713 ab
1759 1681 1906 1721 affectu,
1947 1693 1983 1714 se
2005 1681 2161 1714 maximo
2178 1680 2224 1723 ¹⁷)

1237 1732 1366 1776 gaudio
1383 1732 1549 1765 affectum
1564 1731 1682 1764 fuisse.
1713 1730 1881 1777 Sequitur
1896 1732 2114 1776 propositio:
2140 1731 2224 1764 Tibi

1237 1783 1368 1827 gratias
1394 1794 1472 1827 ago.
1524 1781 1769 1826 Propositioni
1791 1783 1934 1816 additur
1959 1782 2135 1816 excusatio
2161 1794 2224 1825 per

1238 1834 1567 1873 confirmationem,
1600 1832 1778 1879 Lysonem
1801 1832 1891 1867 nihil
1914 1845 2072 1879 unquam
2097 1832 2223 1866 dixisse

1239 1890 1362 1917 contra
1400 1883 1609 1927 dignitatem
1650 1884 1821 1929 Sulpicii,
1862 1885 1923 1918 sed
1959 1896 2097 1928 semper
2130 1885 2225 1928 apud

1240 1947 1362 1968 omnes
1385 1932 1581 1968 honorifice
1604 1936 1709 1969 fuisse
1732 1931 1902 1969 locutum.
1961 1935 2132 1979 Epilogus
2165 1933 2225 1967 lta-

1239 1986 1298 2019 bet
1323 1985 1670 2019 commendationem
1692 1986 1854 2031 Lysonis.

1466 2069 1601 2104 Aliud
1630 2076 1939 2114 argumentum
1959 2070 2016 2116 ¹⁵¹).

1344 2136 1507 2170 Primum
1531 2137 1603 2180 agit
1622 2136 1652 2170 ei
1670 2137 1820 2180 gratias,
1849 2139 1946 2183 quod
1970 2138 2123 2172 amicum
2145 2151 2164 2172 a
2190 2152 2225 2173 se

1244 2188 1533 2221 commendatum
1550 2188 1702 2231 benigne
1720 2189 1905 2232 acceperit.
1957 2188 2095 2222 Deinde
2111 2191 2227 2236 sequi-

1245 2246 1303 2272 tur
1334 2239 1512 2283 purgatio.
1575 2238 1666 2272 Nam
1690 2237 1806 2284 Lyso,
1853 2252 1956 2285 quem
1991 2242 2229 2281 commendat,

1245 2290 1334 2323 salso
1359 2290 1496 2323 delatus
1517 2289 1632 2322 suerat
1657 2291 1751 2334 apud
1774 2290 1981 2335 Sulpicium.
2039 2292 2227 2325 Postremo

1284 2422 1330 2454 ¹3)
1349 2423 1407 2447 Hoc
1423 2424 1611 2453 argumentum
1630 2425 1658 2447 et
1675 2424 1727 2447 duo
1752 2424 1895 2455 sequentia
1920 2424 1949 2448 in
1964 2424 2142 2455 Editt.1556.‚
2162 2424 2228 2448 15⁶³

1315 2457 1432 2482 —1596.
1454 2457 1638 2482 inveniuntur.

1286 2500 1332 2528 14)
1348 2501 1408 2528 est]
1427 2499 1467 2523 sic
1485 2499 1569 2525 Editt.
1590 2500 1675 2531 1565„
1695 2501 1781 2532 1571.‚
1803 2501 1897 2532 1596.;
1923 2501 1950 2524 iu
1960 2502 2009 2527 Ed.
2026 2501 2099 2525 1556.
2119 2500 2213 2525 omiss.

1287 2543 1333 2570 15)
1351 2541 1436 2571 cepit]
1454 2541 1495 2565 sic
1513 2542 1562 2567 Ed.
1579 2542 1673 2573 1556.;
1692 2543 1775 2567 Editt.
1795 2542 1881 2574 1565.‚
1902 2543 1987 2574 1571„
2007 2543 2081 2567 1596.
2099 2543 2195 2572 coepit.

1285 2585 1333 2612 16)
1352 2584 1411 2612 est]
1430 2584 1471 2607 sic
1489 2584 1538 2607 Ed.
1559 2585 1649 2615 1556.;
1668 2585 1696 2608 in
1714 2585 1796 2609 Editt.
1814 2585 1899 2616 1565.‚
1921 2585 2006 2616 ¹571„
2026 2585 2100 2609 1596.
2120 2585 2213 2609 omiss.

1289 2625 1483 2664 17)'maxi1no]
1503 2626 1544 2650 sic
1562 2626 1644 2650 Editt.
1666 2627 1754 2657 1565„
1775 2626 1860 2658 1571„
1880 2626 1972 2656 ¹596.;
2008 2626 2057 2651 Ed.
2078 2626 2151 2652 1556.
2172 2631 2230 2650 ma—

1322 2666 1401 2685 xime.

1291 2701 1335 2732 ¹8)
1356 2703 1412 2726 Hoc
1430 2706 1620 2734 argumentum
1636 2703 1734 2727 habeut
1746 2702 1828 2727 Editt.
1845 2702 2036 2727 1585—1596.
