2351 2990
174 122 243 157 531
752 126 871 161 PHlL.
909 126 1019 161 MEL.
1052 124 1251 161 SCRIPTA
1287 126 1621 163 PHILOLOGICA.
2126 126 2198 163 532

301 210 621 253 Argumentum
657 213 882 255 epistolae
911 210 1034 255 IX.'¹¹).

281 279 482 312 sslarcellum
515 285 626 319 tuum,
669 278 751 325 eun]
795 278 961 313 Eiusdem
980 279 1025 324 ³¹⁸²)
1060 291 1162 324 argu-

180 328 289 361 menti
311 336 360 362 est
377 342 455 363 cum
477 331 719 373 praecedente.

423 405 553 438 Aliud
583 411 908 448 argumentum.

282 472 501 516 Propositio:
530 472 701 504 Gratulor
719 472 782 505 11111
797 473 838 505 de
864 472 983 507 fratris
1006 474 1056 507 tui
1082 486 1164 507 con-

180 522 305 556 sulatu.
358 522 461 554 [tatio
478 528 527 555 est
544 534 561 554 a
582 523 713 557 debito.
766 523 937 569 Epilogus
954 523 1061 558 habet
1086 526 1165 559 bre—

181 586 257 605 vem
285 573 502 617 petitionem.

419 648 556 683 Aliud
585 658 912 694 argumentum.

280 716 450 760 Superior
475 718 622 761 epistola
650 720 693 751 ad
709 719 758 753 M.
775 719 985 753 Marcellum
1012 726 1062 754 est
1087 732 1165 763 gra-

179 766 316 807 tulatio,
336 770 431 812 quod
449 768 486 802 C.
498 769 685 803 Marcellus
703 771 811 803 frater
828 772 949 804 consul
965 771 1166 815 designatus

178 824 277 852 esset.
329 818 424 852 Ilaec
443 832 526 853 vero
544 827 595 854 est
611 821 822 864 gratulatio,
857 823 954 867 quod
979 822 1072 855 idem
1096 823 1166 855 sra-

178 868 315 902 teriam
335 871 557 904 consulatum
582 872 712 905 inierit.

311 963 636 1008 Argumentum
664 965 894 1009 epistolae
921 965 1029 1012 X.'¹3).

280 1031 467 1071 Precatur,
496 1038 533 1065 ut
550 1044 651 1065 suum
675 1029 868 1072 honorem,
896 1046 1001 1078 quem
1025 1039 1166 1067 senatus

179 1082 382 1115 decreturus
401 1089 476 1114 erat
500 1095 565 1127 pro
589 1083 692 1116 rebus
709 1095 726 1115 a
746 1096 781 1116 se
800 1083 922 1127 gestis,
957 1097 1066 1130 quam
1093 1097 1167 1117 am—

179 1131 334 1176 plissime
361 1139 474 1167 ornet.
545 1134 695 1167 Orditur
721 1141 838 1167 autem
866 1147 885 1167 a
908 1136 1167 1181 propositione,

179 1196 269 1228 quac
287 1184 418 1217 inclusa
436 1184 539 1218 estin
563 1185 709 1229 longum
736 1186 907 1218 ambitum
936 1200 997 1221 seu
1020 1188 1167 1220 circum-

179 1235 380 1267 ductionem
400 1235 585 1279 repetitam
605 1237 790 1270 evitandae
808 1237 1030 1272 obscuritatis
1053 1251 1167 1272 causa.

178 1285 465 1330 Propositionem
485 1288 709 1321 confirmavit
733 1295 943 1332 argumento
956 1290 1000 1336 Ἠ)
1027 1291 1070 1322 ab
1095 1290 1168 1323 eins

179 1342 214 1369 ct
230 1337 336 1371 totius
356 1338 510 1370 familiae
531 1339 647 1371 studio
672 1351 712 1371 ac
734 1339 994 1375 benevolentia.
1047 1340 1168 1385 Epilo-

180 1400 242 1431 gus
258 1386 365 1422 habet
381 1389 629 1434 repetitionem
648 1390 916 1434 propositionis.

434 1464 567 1498 Aliud
595 1472 921 1508 argumentum.

282 1532 453 1565 Petitoria
472 1539 540 1572 est,
569 1539 607 1565 ut
634 1532 668 1564 in
694 1544 757 1565 suo
783 1534 967 1566 consulatu
991 1534 1166 1567 rationem
1192 1556 1197 1568 ι,

181 1580 309 1615 habeat
322 1581 469 1617 lionoris
487 1590 520 1616 et
537 1583 717 1626 dignitatis
730 1583 920 1618 Ciceronis.
972 1584 1166 1618 Exordium

181 1633 332 1666 sumitur
350 1646 368 1666 a
385 1647 486 1667 causa
505 1647 565 1667 seu
585 1634 767 1667 occasione
788 1636 980 1678 petitionis.
1033 1637 1170 1681 Propo—

183 1684 263 1717 sitio
280 1691 330 1717 051
351 1685 424 1729 1ρ511
441 1685 583 1728 petitio,
611 1692 650 1718 ut
675 1686 735 1717 11111
758 1687 1100 1720 senatusconsultum
1127 1690 1169 1721 ‹le

183 1735 452 1779 supplicatione.
506 1737 677 1769 Rationes
697 1737 875 1770 ducuntur
893 1750 910 1769 a
930 1750 1080 1782 persona
1108 1752 1170 1783 pa-

183 1786 311 1825 rentis,
340 1787 457 1820 sratris
486 1794 520 1820 et
543 1788 650 1821 totius
674 1788 840 1821 familiae.
895 1788 1083 1824 Conclusio
1110 1788 1171 1823 ha-

184 1837 243 1870 bet
259 1838 508 1881 repetitionem
527 1839 721 1882 petitionis.

432 1912 567 1945 Aliud
597 1920 921 1957 argumentum.

286 1979 482 2014 Exordium
500 1981 652 2014 sumitur
667 1982 710 2013 ab
726 1982 908 2015 occasione
924 1982 1079 2026 petendi.
1115 1983 1173 2016 Se-

187 2030 307 2075 quitur
332 2032 529 2076 propositio
560 2033 768 2076 petitionem
803 2033 999 2067 continens.
1067 2033 1173 2067 Ratio

188 2088 326 2126 sumpta
354 2089 404 2116 est
430 2096 448 2115 a
475 2083 585 2115 veteri
607 2083 782 2122 amicitia,
814 2097 921 2128 quam
946 2082 1071 2117 habuit
1095 2097 1172 2118 cum

188 2132 352 2166 universa
383 2134 516 2166 familia
543 2134 807 2167 Marcellorum.
875 2134 1025 2169 Orditur
1056 2142 1173 2169 autem

188 2183 361 2217 rationem
381 2185 634 2229 propositionis
653 2197 670 2217 a
689 2185 954 2229 praeteritione.
1006 2186 1175 2231 Epilogus

189 2232 294 2268 habet
311 2236 453 2269 brevem
472 2236 719 2280 repetitionem
736 2236 1004 2280 propositionis.

225 2355 272 2381 41)
290 2354 353 2382 lx.]
372 2354 411 2378 sic
430 2353 457 2377 iu
469 2353 552 2378 Editt.
574 2353 780 2381 1537—1601.;
807 2353 833 2377 in
852 2354 902 2381 Ed.
927 2353 1013 2377 Orell.
1034 2352 1108 2379 vm.

227 2395 274 2423 42)
293 2396 361 2419 Huic
385 2396 445 2419 voci
469 2396 495 2419 in
521 2396 605 2420 Editt.
628 2396 837 2425 1540—1545.,
864 2396 956 2425 1554..
984 2396 1074 2427 1557.,
1102 2397 1175 2421 1560.

261 2429 382 2458 praefixa
401 2431 463 2452 sunt
481 2430 537 2454 Cic.
559 2431 642 2453 verba
662 2428 772 2460 (§.1.):
798 2430 973 2454 Marcellum
991 2431 1087 2458 tuum,
1107 2431 1176 2460 quod

263 2462 352 2519 hifmi'u
373 2464 420 2486 Ed.
442 2464 517 2489 15³7.
542 2465 593 2488 hoc
612 2467 802 2495 argumentum
821 2465 847 2488 in
866 2464 988 2496 margine
1008 2466 1051 2487 est
1069 2465 1178 2488 adscri-

229 2503 278 2566 431),
294 2539 351 2562 Hoc
369 2541 554 2567 argumentum
574 2542 601 2563 et
619 2541 673 2564 tria
691 2540 832 2570 sequentia
850 2541 882 2564 ab
903 2540 985 2564 Editt.
1008 2540 1092 2568 1556..
1114 2542 1179 2564 1565

263 2573 379 2597 -1596,
397 2573 563 2597 exhibentur.
576 2589 609 2593 —
629 2575 655 2597 ln
669 2575 751 2598 leuitt.
768 2574 966 2603 1537-155⁴.,
989 2574 1072 2601 ¹557..
1097 2576 1179 2605 ¹560,

267 2607 339 2630 1601.
370 2613 456 2635 neque
485 2612 673 2637 argumentum
699 2615 786 2638 neque
812 2609 916 2632 scholia
941 2609 1123 2633 Melanthonis
1152 2610 1178 2633 iu

264 2641 335 2664 hanc
354 2640 497 2670 epistolam
517 2642 698 2670 reperiuntur.

230 2681 276 2713 44)
296 2684 471 2711 argumento]
488 2683 526 2706 sic
540 2685 614 2707 reete
628 2684 805 2715 Editt.1565.‚
826 2684 911 2715 1571„
934 2684 1025 2716 1596.;
1045 2685 1178 2710 Ed.1556.
1202 2683 1206 2705 1

263 2718 296 2741 ab
313 2719 483 2747 argumento.

1462 213 1597 247 Aliud
1625 219 1950 257 argumentum.

1316 280 1473 325 Epistola
1496 282 1675 327 petitoria.
1733 282 1828 315 Petit
1850 288 1969 315 autem
2000 293 2018 314 a
2044 281 2083 316 C.
2107 282 2202 315 Mar-

1216 330 1304 363 cello
1337 332 1498 373 consule,
1539 339 1579 366 ut
1602 339 1699 366 curet.
1722 333 1856 379 suas‘ff')
1882 345 1937 367 res
1960 333 1997 365 in
2020 333 2203 378 provincia

1217 388 1328 425 gestas
1344 381 1541 417 honorifico
1557 385 1861 419 senatusconsulto
1879 384 2012 419 ornari.

1402 482 1588 518 Scholia
1615 485 1662 518 in
1689 486 1933 531 epistolam
1960 485 2018 520 XI.

1322 558 1352 604 ἓ.
1371 561 1403 595 1.
1439 562 1591 602 roaniae
1613 563 1677 595 tibi
1699 560 1819 609 curae]
1855 561 1939 605 Agit
1960 562 2091 606 gratias
2113 562 2208 596 Mar-

1221 611 1326 651 cello,
1355 612 1451 657 quod
1469 611 1505 643 in
1522 611 1693 654 dignitate
1712 613 1755 645 ab
1776 625 1816 645 eo
1833 613 1974 647 adiutus
1991 613 2102 661 sit‘ffi).

1322 660 1352 706 §-
1369 665 1404 698 2.
1435 660 1672 709 Quamobrem]
1700 662 1873 708 Epilogus
1892 676 1910 697 a
1931 671 2028 700 voto,

1517 745 1844 789 Argumentum
1855 746 1914 793 (Π).

1319 813 1527 847 Gratiarum
1559 813 1651 846 actio
1678 820 1729 847 est
1751 826 1816 858 pro
1841 813 1958 847 studio
1982 814 2143 848 Marcelli
2172 816 2208 849 in

1220 865 1488 908 comprobando
1507 870 1541 897 et
1555 866 1718 908 augendo
1734 865 1808 898 eius
1826 862 1976 899 honore.
2037 864 2163 910 Incipit
2189 880 2207 899 a

1220 916 1446 955 narratione,
1474 927 1542 962 qua
1563 916 1726 959 exponit,
1753 917 1934 961 quomodo
1959 917 2032 950 eius
2054 916 2210 950 studium

1220 967 1437 1010 cognoverit.
1512 967 1681 1012 Sequitur
1721 967 1919 1011 propositio
1956 967 2209 1011 gratitudinem

1221 1018 1331 1050 animi
1348 1018 1531 1051 declarans
1549 1024 1583 1050 et
1600 1018 1810 1062 promittens
1829 1030 1972 1051 omnem
1989 1019 2211 1063 'gratificandi

1222 1068 1553 1113 promptitudinem.
1614 1068 1710 1102 Loco
1738 1069 1867 1114 epilogi
1888 1076 2055 1114 precatur
2078 1070 2110 1103 ei
2134 1070 2209 1103 seli-

1221 1132 1294 1153 cem
1317 1132 1438 1153 rerum
1457 1132 1665 1154 successum.

1467 1195 1600 1228 Aliud
1637 1201 1968 1239 argumentum.

1322 1262 1463 1296 Gratias
1488 1262 1560 1306 agit
1574 1262 1764 1302 Marcello,
1799 1264 1895 1307 quod
1924 1263 1961 1295 in
1987 1264 2208 1296 decernenda

1221 1313 1478 1357 supplicatione
1505 1314 1548 1346 ab
1574 1326 1614 1346 eo
1637 1313 1830 1346 llberaliter
1848 1313 1988 1347 adiutus
2005 1313 2060 1347 sit.
2113 1313 2209 1347 Loco

1222 1364 1357 1398 exordii
1391 1364 1536 1409 ponitur
1559 1364 1758 1408 propositio
1783 1365 1825 1397 (10
1848 1365 1974 1398 litteris
2001 1365 2211 1405 amicorum,

1223 1427 1263 1448 ex
1280 1417 1406 1462 quihus
1424 1415 1633 1448 intellexerit
1650 1415 1871 1447 voluntatem
1888 1422 1922 1448 01
1944 1415 2098 1449 studium
2116 1416 2211 1449 Mar-

1223 1467 1300 1499 celli
1323 1468 1360 1499 in
1378 1472 1520 1505 senatu,
1546 1472 1585 1498 ut
1606 1467 1855 1498 decerneretur
1877 1466 2100 1509 supplicatio.
2153 1467 2210 1499 Se-

1223 1518 1344 1561 quitur
1367 1516 1576 1560 significatio
1601 1522 1634 1548 et
1654 1516 1864 1560 pollicitatio
1890 1522 2081 1560 perpetuae
2105 1517 2211 1560 grati-

1223 1568 1366 1602 tudinis.
1421 1567 1610 1600 Conclusio
1627 1573 1764 1600 constat
1777 1567 2062 1610 praedicatione,
2092 1568 2210 1601 addita

1224 1619 1468 1653 admonitione
1485 1619 1527 1651 de
1544 1630 1607 1652 suo
1625 1619 1791 1651 adventu.

1467 1693 1604 1728 Aliud
1640 1699 1967 1737 argumentum.

1326 1762 1521 1796 Exordium
1540 1769 1720 1807 sumptum
1740 1768 1791 1796 est
1812 1763 1855 1795 ab
1877 1762 2144 1795 enumeratione
2164 1763 2214 1795 of-

1225 1815 1386 1849 ficio'rum
1404 1814 1565 1847 Marcelli
1589 1814 1627 1846 in
1651 1814 1848 1847 consulatu.
1901 1812 2068 1858 Sequitur
2082 1825 2214 1857 propo-

1225 1867 1305 1901 sitio
1319 1892 1327 1905 ,
1355 1878 1390 1899 se
1409 1872 1581 1909 perpetuo
1600 1866 1676 1898 sore
1694 1870 1832 1908 gratum
1845 1890 1853 1904 ‚
1889 1870 1922 1896 et
1937 1864 2089 1898 vicissim
2104 1864 2215 1897 liben-

1226 1925 1280 1951 ter
1298 1917 1416 1950 onmia
1434 1917 1621 1950 facturum.
1672 1915 1779 1948 Ratio
1797 1914 2053 1959 propositionis
2073 1922 2214 1960 sumpta

1228 1975 1279 2003 est
1294 1980 1312 2002 a
1330 1967 1461 2002 debito.
1521 1967 1691 2011 Epilogus
1709 1966 1867 1999 continet
1887 1967 2149 2010 precationem,
2175 1973 2214 1999 ut

1227 2033 1282 2054 res
1299 2031 1421 2053 omnes
1438 2030 1545 2064 quam
1560 2017 1758 2052 felicissime
1776 2017 1915 2051 cadant.

1468 2099 1604 2134 Aliud
1638 2107 1965 2144 argumentum.

1329 2167 1516 2201 Praedicat
1529 2167 1737 2200 beneficium
1757 2168 1800 2200 ab
1816 2179 1856 2201 eo
1874 2172 2069 2211 acceptum,
2085 2178 2214 2211 nempe

1229 2219 1325 2264 quod
1351 2231 1431 2252 suas
1454 2230 1509 2252 res
1527 2225 1638 2262 gestas
1657 2219 1780 2252 consul
1799 2219 1991 2252 ornaverit.
2042 2217 2123 2251 Duo
2141 2218 2215 2251 fue-

1228 2277 1311 2304 runt
1323 2269 1361 2303 C.
1373 2269 1604 2315 Marcelli48).·
1635 2268 1734 2303 Alter
1750 2270 1860 2303 frater
1876 2268 2045 2315 patruelis
2058 2269 2107 2303 M.
2117 2268 2214 2302 Mar-

1262 2385 1310 2414 45)
1329 2386 1410 2414 suas]
1428 2384 1467 2410 sic
1484 2385 1533 2411 Ed.
1553 2385 1643 2417 1556.;
1670 2386 1697 2410 iu
1715 2386 1799 2411 Editt.
1818 2387 1904 2418 1565„
1925 2386 2011 2417 1571„
2032 2385 2106 2410 1596.
2126 2386 2212 2411 deest.

1263 2427 1310 2459 46)
1330 2427 1548 2459 Agit—adiutus
1568 2427 1627 2456 sit]
1647 2427 1687 2451 sic
1701 2429 1783 2453 Editt.
1801 2429 1886 2459 1540„
1909 2428 1995 2458 1544„
2015 2427 2102 2456 1554..
2121 2427 2213 2457 1557.;

1298 2462 1347 2486 Ed.
1368 2462 1440 2486 1537.
1462 2463 1558 2486 hahet:
1584 2462 1648 2492 Agit
1668 2463 1774 2491 gratias
1793 2463 1942 2491 Marcello,
1969 2462 2038 2493 quod
2065 2462 2091 2485 in
2120 2461 2211 2492 digni-

1298 2497 1356 2520 tate
1375 2496 1489 2525 (ceteris
1509 2501 1606 2519 errore
1625 2497 1769 2526 omissis);
1789 2497 1968 2527 Editt.15⁴5.‚
1989 2496 2061 2519 1560.
2083 2495 2214 2520 Officiosa

1299 2532 1343 2554 est
1366 2530 1491 2560 epistola.
1533 2531 1557 2554 A
1582 2531 1687 2554 meritis
1706 2531 1832 2555 Marcelli
1858 2532 1885 2555 et
1904 2530 1988 2554 totius
2007 2529 2128 2553 familiae
2145 2535 2213 2560 erga

1298 2565 1466 2589 Ciceronem.

1264 2607 1312 2637 47)
1334 2608 1391 2631 Hoc
1408 2608 1596 2637 argumentum
1615 2609 1642 2632 et
1662 2607 1715 2632 tria
1732 2607 1874 2638 sequentia
1892 2606 1919 2630 in
1938 2605 2020 2630 Editt.
2036 2606 2127 2638 1556„
2148 2606 2214 2631 1565

1297 2642 1413 2665 -1596,
1432 2643 1551 2665 exstant.

1263 2684 1311 2713 48)
1329 2684 1370 2708 De
1389 2683 1417 2708 C.
1438 2684 1560 2708 Claudiis
1580 2684 1720 2709 Marcellis
1745 2684 1811 2708 vide
1836 2682 1932 2709 Orellii
1957 2684 1983 2707 et
2008 2682 2111 2707 Baiteri
2137 2682 2213 2708 0110-

1298 2720 1378 2744 mast.
1399 2719 1512 2742 Tutiiau.
1533 2718 1561 2744 P.
1578 2719 1610 2744 11.
1653 2738 1660 2745 .
1677 2719 1726 2743 155
1739 2725 1780 2749 sq.
