2294 2975
82 151 157 187 287

87 236 218 268 tionem
236 232 379 265 doloris.
431 229 470 263 In
488 230 555 262 fine
573 226 717 271 ponitur
734 221 848 255 brevis
871 217 1069 251 admonitio

87 298 146 319 seu
177 283 384 327 significatio
415 281 467 315 sui
496 278 604 312 animi
630 282 662 309 et
685 271 849 307 desiderii
875 281 957 314 erga
980 268 1070 301 Var-

89 347 224 369 runem.

338 415 471 449 Aliud
500 413 823 455 argumentum.

187 485 353 519 Narratio
374 488 442 518 est,
467 480 503 511 in
519 490 587 523 qua
606 476 761 521 primum
780 473 944 517 exponit,
980 483 1070 516 quae

88 535 297 569 intellexerit
322 545 362 565 cx
385 530 509 563 litteris
535 528 601 562 sibi
625 527 668 559 ab
691 525 808 558 Attico
838 522 1004 561 redditis,
1040 528 1074 554 et

88 588 182 633 quod
199 583 424 617 xeliementer
451 585 550 625 optet
573 579 647 612 eius
671 578 876 610 adventum.
936 573 1073 606 Deinde

87 638 183 670 addit
199 649 234 669 se
251 635 394 667 rediisse
412 633 455 665 ad
471 630 585 665 studia
604 628 815 662 intermissa.
849 625 966 670 Atque
983 622 1074 657 hane

86 689 234 721 alteram
254 691 392 729 partem
414 681 631 716 narrationis
648 684 794 712 venuste
816 676 958 710 ornavit
975 687 1075 719 pros-

88 737 286 783 opopoeia,
343 746 473 768 vocans
510 733 620 766 libros
658 736 793 764 veteres
820 740 901 762 suos
932 726 1074 760 amicos.

89 788 277 823 Conclusio
309 786 466 819 continet
497 784 679 828 obliquam
713 778 1075 816 adhortatiunculam,

87 847 124 874 ut
142 839 279 878 veniat,
306 850 386 871 cum
405 835 633 869 commodum
652 832 730 866 erit.

141 950 463 993 Argumentum
493 949 536 976 et
567 939 744 975 scholia
780 939 825 971 in
858 937 1026 981 episto-

508 994 595 1026 lam
621 991 663 1025 II.

193 1073 314 1119 lsta¹²)
338 1072 466 1116 scripta
484 1076 585 1110 sunt,
614 1079 724 1113 quum
743 1065 872 1099 Caesar
890 1063 961 1096 iam
979 1061 1079 1094 vicis-

91 1136 142 1164 set
167 1125 379 1170 Pompeium
414 1123 449 1155 in
482 1133 600 1166 pugna
628 1117 853 1155 Pharsalica,
896 1125 1078 1160 quumque

91 1179 267 1213 Antonius
289 1181 433 1220 praetor
455 1171 580 1218 populi
596 1168 754 1204 Romani
778 1179 841 1211 per
856 1165 996 1199 Italiam
1022 1176 1080 1197 ve—

92 1230 254 1268 heretur,
282 1226 454 1259 insultans
473 1223 574 1269 quasi
591 1221 692 1254 malis
708 1218 858 1264 publicis
869 1217 926 1263 ¹⁵).

196 1279 225 1318 ξ.
248 1280 278 1312 1.
308 1278 472 1313 Caninius
489 1277 573 1308 idem
588 1270 684 1319 tems]
714 1269 882 1304 Narratio
893 1267 951 1314 16).
1006 1268 1080 1301 Etsi

91 1339 163 1367 erat
180 1319 304 1376 ἓῖυλος]
329 1327 441 1362 ἕωλον
459 1332 509 1359 est
526 1323 670 1369 proprie
687 1321 831 1356 Graecis
843 1347 851 1359 ‚
888 1319 985 1364 quod
1009 1318 1080 1350 iam

93 1390 143 1417 est
169 1382 365 1419 exoletum,
401 1379 463 1411 das
485 1378 529 1409 da
540 1376 585 1421 17)
609 1371 831 1407 verrochenn
856 1370 910 1404 ist.
972 1368 1080 1403 ἑωλο-

92 1431 228 1480 κρασία
258 1431 431 1475 significat
463 1427 665 1471 crapulam,
707 1424 763 1456 vel
792 1421 910 1466 potius
936 1420 1081 1452 crudam

92 1486 190 1518 illam
207 1482 393 1516 materiam
412 1486 446 1512 et
462 1478 622 1511 inutilem
635 1503 644 1516 ,
671 1486 760 1521 quae
777 1472 947 1506 eiicienda
958 1470 1002 1516 18)
1021 1475 1083 1509 est,

93 1550 156 1569 nec
175 1534 324 1567 xertitur
342 1532 378 1563 in
396 1529 616 1573 sanguinem.

197 1584 227 1629 §-
243 1587 278 1619 2.
308 1584 384 1617 Tibi
406 1586 517 1614 autem
536 1574 738 1623 mehercule]
766 1575 897 1608 Suadet
916 1570 1084 1610 Varroni,

95 1650 138 1670 ne
163 1637 200 1669 in
226 1635 351 1668 urbem
376 1632 507 1665 xeniat.
607 1631 753 1670 Quaeres
772 1621 939 1671 fortasse]
973 1622 1085 1656 Occu-

93 1688 204 1734 patio.

201 1736 230 1781 §-
256 1736 289 1769 3.
333 1738 383 1769 Ac
406 1734 489 1767 milti
510 1733 639 1777 quidem
663 1732 731 1763 iam
752 1725 903 1775 pridem]
940 1726 1086 1764 Causae,

98 1801 207 1836 qnare
229 1787 295 1821 sibi
313 1787 405 1819 exire
425 1797 464 1816 ex
483 1784 569 1816 urbe
586 1793 659 1814 non
677 1780 790 1813 liceat.

201 1837 231 1883 §-
250 1838 283 1872 4.
315 1838 391 1871 Tibi
408 1832 532 1880 iyiiur]
561 1833 730 1877 Epilogus
742 1830 799 1876 19).

313 1930 447 1962 Aliud
483 1931 797 1971 argumentum
813 1922 872 1968 ²⁰).

200 1998 352 2042 Elegans
370 2003 420 2030 est
441 1995 608 2040 epistola,
636 1992 756 2026 statim
782 1996 862 2035 post
888 1989 1020 2022 bellum
1044 1987 1091 2019 ci-

103 2051 170 2083 vile
189 2048 394 2095 scriptam),
418 2054 451 2080 et
467 2053 516 2079 est
532 2044 670 2089 generis
694 2041 864 2080 suasorii,
901 2040 982 2085 quia
1009 2037 1091 2071 hor-

102 2108 196 2134 tatur
211 2100 433 2137 Varronem,
459 2110 503 2130 ne
523 2098 566 2129 ad
589 2096 712 2129 urbem
736 2091 804 2126 lioc
828 2099 987 2135 tempore
1010 2102 1092 2134 pro-

140 2236 185 2263 14)
206 2234 273 2258 Huic
292 2231 352 2255 voci
372 2230 397 2253 in
417 2228 500 2252 Editt.
522 2227 612 2250 1540..
641 2226 732 2252 1544..
761 2224 853 2254 1554„
880 2223 953 2247 ¹557.
974 2223 1094 2252 praefixa

175 2271 238 2292 suut
259 2267 312 2291 Cic.
334 2266 417 2288 verba
436 2261 477 2294 (ξ.
496 2263 547 2289 1.]:
575 2260 719 2285 Caninius
738 2260 810 2282 idem
828 2259 905 2283 tuus.

142 2313 187 2339 15)
208 2313 263 2334 noc
281 2309 470 2340 argumentum
489 2301 890 2331 hahentEditt.1537—1554..
908 2300 992 2331 1552,
1010 2300 1095 2329 1560„

178 2346 250 2368 1601.

145 2388 190 2415 16)
212 2389 282 2410 Haec
302 2389 366 2409 nota
385 2386 416 2408 ab
433 2384 480 2407 Ed.
499 2381 571 2405 1537.
593 2380 747 2404 exhibetur.
767 2378 793 2401 in
808 2378 891 2401 Editt.
904 2377 988 2404 ¹540..
1011 2377 1096 2406 1544„

182 2422 269 2444 1545..
292 2421 380 2443 ¹334„
416 2418 503 2447 1552,
526 2416 599 2439 1560.
621 2415 707 2437 deest.

147 2463 191 2489 17)
212 2463 259 2490 da]
280 2462 305 2484 in
324 2461 406 2484 Editt.
428 2460 518 2489 1545„
540 2458 613 2481 1560.
634 2456 727 2479 omiss.

148 2506 193 2531 18)
214 2504 356 2531 eiicienda]
387 2503 426 2525 sic
451 2502 534 2525 Editt.
557 2500 647 2526 15³7..
676 2500 767 2524 1540..
789 2497 880 2526 1544,
903 2497 992 2526 1554.,
1013 2496 1097 2527 1557„

181 2539 272 2565 1560,;
300 2538 347 2561 1-211.
370 2537 443 2559 1545.
464 2535 614 2558 iniicienda.

148 2583 193 2610 19)
214 2582 287 2604 Haec
306 2582 370 2602 nota
390 2579 415 2601 in
435 2578 516 2600 Editt.
539 2578 628 2600 ¹545..
650 2577 722 2600 1560.
747 2576 833 2600 deest.

146 2626 194 2653 20)
216 2625 272 2647 Hoc
291 2624 479 2651 argumentum
499 2624 525 2642 et
546 2620 596 2643 dno
616 2619 759 2649 sequentia
777 2619 805 2641 in
824 2617 909 2641 Editt.
930 2616 1014 2647 ¹556„
1035 2616 1100 2639 1565

187 2657 298 2681 -1596,
320 2655 501 2679 inveniuntur.

146 2703 193 2729 21)
215 2702 336 2728 Elegans
353 2712 386 2715 ——
407 2697 523 2726 scripta]
544 2697 584 2719 sic
604 2696 793 2725 Editt.1565.‚
815 2696 906 2725 1569.‚
928 2694 1017 2724 2592.;
1052 2694 1100 2717 Ed.

186 2736 258 2759 1556.
278 2735 351 2757 Haec
373 2732 490 2762 epistola
512 2730 605 2754 statim
630 2733 691 2759 post
712 2731 811 2754 bellum
828 2730 909 2753 civile
928 2729 1032 2759 scripta
1051 2730 1101 2753 est.

653 137 775 174 PHIL.
809 133 922 170 MEL.
956 129 1158 166 SCRIPTA
1196 129 1531 167 PHILOLOGICA.

2036 130 2111 166 288

1122 223 1221 261 peret
1238 218 1420 255 accedere,
1448 223 1482 249 et
1504 217 1574 249 sere.
1599 222 1672 248 tota
1698 215 1845 259 epistola
1871 214 1907 246 in
1932 214 2108 247 narratio-

1122 268 1226 301 nibus
1256 268 1488 301 consumitur.
1559 265 1742 310 Principio
1774 265 1935 310 pluribus
1975 270 2112 305 narrat,

1124 319 1211 364 quid
1240 319 1307 351 sibi
1336 318 1503 351 acciderit
1527 330 1605 351 cnm
1633 316 1784 350 Caninio
1808 317 1921 349 latore
1945 327 2110 360 praesen-

1124 370 1214 403 tium
1229 368 1440 403 litterarum.
1493 368 1630 402 Deinde
1656 368 1781 402 suadet
1795 366 1970 406 Varroni,
2003 379 2047 399 ne
2073 366 2111 399 in

1124 421 1250 454 urbem
1267 420 1398 454 veniat.
1448 420 1558 453 Addit
1576 425 1757 464 praeterea
1779 430 1922 457 causas,
1954 429 2017 451 cur
2038 417 2113 462 ipse

1125 478 1271 504 maneat
1288 472 1324 503 in
1340 472 1445 511 urbe,
1473 472 1568 516 quod
1584 470 1715 504 seilicet
1731 482 1795 504 suo
1804 469 1851 516 22)
1876 468 2029 503 discessu
2049 481 2114 502 no-

1126 523 1167 555 lit
1191 522 1361 566 praebere
1386 534 1527 555 causam
1555 521 1813 565 suspicionibus
1843 520 2115 554 malevolorum.

1128 573 1317 607 Conclusio
1350 571 1456 606 habet
1482 572 1731 616 repetitionem
1763 571 2037 612 admonitionis,
2080 577 2115 604 et

1127 625 1233 658 simul
1251 630 1391 663 monet,
1418 624 1677 667 persistendum
1695 635 1767 656 esse
1789 622 1826 655 in
1848 623 2034 666 proposito
2062 622 2113 654 vi-

1129 675 1234 708 vendi
1252 675 1290 707 in
1305 675 1505 708 litterarum
1523 674 1647 708 studiis
1656 673 1715 719 ⁶²³).

1385 767 1518 801 Aliud
1546 773 1872 811 argumentum.

1232 834 1429 867 Monitoria
1454 841 1505 868 est
1527 834 1694 878 epistola,
1736 833 1774 866 in
1799 846 1868 879 qua
1889 833 2030 872 suadet,
2073 844 2117 865 ne

1130 883 1199 919 hoe
1224 892 1384 929 tempore
1402 885 1553 918 nimium
1579 885 1615 917 in
1641 885 1765 918 urbem
1792 890 1961 929 properet
1984 883 2119 922 venire,

1131 937 1169 969 in
1192 949 1261 982 qua
1283 937 1394 969 multa
1420 937 1507 969 fiant
1530 936 1688 979 indigna.
1749 935 1947 969 Exordium
1970 934 2122 968 sumitur

1132 1000 1152 1020 a
1185 988 1391 1020 narratione
1416 988 1459 1020 de
1484 987 1667 1020 occasione
1691 986 1886 1026 scribendi,
1926 987 1968 1018 de
1994 985 2120 1019 litteriS

1132 1038 1194 1071 diu
1216 1038 1380 1078 retentis,
1413 1050 1500 1083 quas
1522 1030 1667 1070 tandem
1691 1037 1848 1070 venienti
1873 1036 2024 1070 Caninio
2050 1042 2120 1069 tra-

1132 1089 1273 1123 diderit.
1326 1089 1493 1134 Sequitur
1508 1087 1727 1133 propositio,
1753 1100 1815 1121 seu
1832 1087 2030 1120 admonitio
2043 1113 2052 1127 ‚
2077 1098 2122 1119 ne

1132 1140 1169 1172 in
1188 1141 1313 1173 urbem
1330 1141 1465 1173 redeat.
1505 1138 1751 1183 Propositioni
1769 1139 1910 1171 additur
1926 1138 2124 1182 occupatio,

1133 1203 1194 1225 cur
1214 1191 1287 1235 ipse
1303 1203 1376 1223 non
1393 1197 1562 1235 sequatur
1578 1188 1645 1223 hoc
1662 1189 1849 1222 consilium
1867 1189 1996 1222 additis
2013 1188 2123 1221 ratio-

1132 1243 1257 1282 nibus,
1282 1254 1391 1287 qnare
1409 1239 1478 1274 huc
1501 1254 1612 1286 usque
1637 1240 1808 1274 manserit
1830 1241 1866 1273 in
1889 1240 1988 1273 urbe.
2040 1239 2125 1284 Epi-

1132 1294 1233 1337 logus
1256 1293 1398 1336 longior
1424 1299 1486 1326 est.
1550 1293 1714 1325 Primum
1739 1290 1848 1324 habet
1874 1290 2126 1335 repetitionem

1134 1343 1408 1381 admonitionis;
1436 1343 1563 1376 deinde
1582 1343 1788 1382 consilium,
1816 1354 1860 1375 ne
1878 1340 1946 1375 hoc
1964 1348 2125 1386 tempore

1135 1396 1179 1428 ad
1204 1395 1310 1428 Baias
1335 1395 1472 1433 veniat3
1513 1400 1694 1438 postremo
1724 1393 2126 1437 significationemsssuae

1135 1446 1330 1480 sententiae
1348 1447 1390 1478 de
1407 1446 1468 1477 illo
1487 1457 1614 1488 genere
1632 1445 1744 1484 vitae,
1778 1444 1815 1476 in
1841 1456 1912 1489 quo
1936 1444 2128 1489 praecipua

1136 1496 1287 1530 habetur
1306 1496 1397 1528 ratio
1422 1497 1622 1529 studiorum
1651 1502 1685 1531 et
1706 1495 1933 1538 reipublicae.
1997 1494 2038 1528 ln
2060 1495 2129 1528 fine

1139 1555 1189 1581 est
1204 1548 1320 1581 brevis
1339 1547 1537 1580 admonitio
1557 1547 1601 1579 ad
1621 1546 1898 1580 rescribendum.

1385 1639 1522 1672 Aliud
1550 1646 1875 1683 argumentum.

1242 1707 1410 1741 Nan-atio
1440 1708 1482 1739 de
1515 1707 1698 1740 occasione
1727 1707 1905 1740 scribendi
1933 1707 2131 1752 epistolam,

1142 1771 1249 1805 quam
1274 1759 1335 1791 diu
1359 1759 1453 1802 apud
1476 1771 1511 1792 se
1530 1759 1690 1791 detinens
1708 1760 1850 1792 tandein
1870 1760 1915 1792 ad
1929 1758 2130 1792 Varronem

1140 1810 1288 1843 miserit.
1349 1809 1600 1843 Narrationem
1633 1810 1793 1855 sequitur
1820 1809 2018 1854 propositio
2050 1822 2134 1843 con-

1142 1862 1230 1901 silii,
1278 1867 1317 1893 ut
1345 1873 1511 1905 oppressa
1547 1861 1727 1905 republica
1762 1861 1904 1893 interim
1938 1861 2131 1895 delitescat.

1143 1912 1389 1955 Propositioni
1418 1919 1470 1945 est
1492 1912 1612 1944 addita
1641 1912 1825 1955 occupatio
1851 1925 1929 1945 cum
1952 1912 2056 1946 certis
2076 1924 2132 1945 ra-

1144 1963 1320 2002 tionibus,
1356 1974 1466 2008 quare
1490 1963 1562 2007 ipse
1587 1969 1730 1995 maneat
1754 1962 1902 1997 Romae.
1963 1963 2133 2008 Epilogus

1145 2014 1304 2047 continet
1319 2012 1618 2053 dehortationem,
1648 2026 1690 2046 ne
1701 2014 1853 2046 Romam
1869 2015 2003 2055 redeat,
2027 2014 2132 2048 simul

1146 2067 1278 2098 addens
1295 2066 1337 2098 de
1347 2065 1480 2109 [studiis
1505 2065 1721 2105 litterarum,
1757 2065 1884 2110 quibus
1906 2064 1996 2099 nihil
2019 2072 2134 2110 potest

1146 2129 1217 2150 esse
1234 2116 1433 2150 iucundius.

1366 2207 1502 2240 Aliud
1531 2213 1845 2250 argumentum
1859 2207 1917 2252 Μ).

1251 2275 1346 2308 Haec
1377 2274 1522 2318 epistola
1551 2274 1709 2307 continet
1738 2274 1994 2319 expositionem
2021 2274 2133 2308 consi-

1148 2327 1279 2360 liorum
1294 2325 1486 2359 Ciceronis.
1539 2325 1676 2369 Scripta
1695 2332 1746 2358 est
1761 2326 1879 2359 statim
1903 2333 1983 2370 post
2002 2326 2134 2359 bellum

1149 2378 1269 2418 civile,
1302 2384 1335 2410 et
1352 2376 1509 2408 continet
1523 2376 1817 2409 deliberationem
1838 2379 1880 2410 de
1898 2378 1975 2410 loco
1988 2404 1997 2417 ‚
2023 2377 2085 2410 ubi
2101 2383 2135 2409 et

1150 2430 1274 2462 Cicero
1294 2429 1366 2472 ipse
1384 2439 1528 2460 manere
1550 2428 1650 2468 velit,
1684 2435 1717 2460 et
1738 2428 1800 2461 ubi
1816 2428 1971 2461 Varroni
1995 2434 2135 2462 censeat

1150 2481 1378 2513 manendum.
1431 2478 1493 2512 Est
1508 2479 1615 2522 igitur
1631 2479 1768 2523 generis
1785 2479 2018 2513 deliberativi.

1186 2622 1234 2649 22)
1253 2622 1317 2649 suo]
1338 2620 1375 2642 sic
1394 2619 1475 2642 Editt.
1494 2618 1583 2647 1565..
1604 2618 1695 2646 1569.,
1717 2617 1808 2649 1592.;
1833 2617 1880 2641 Ed.
1904 2617 1977 2641 1556.
1996 2617 2055 2641 sub.

1187 2674 1235 2701 23)
1254 2655 1366 2699 studiis]
1387 2671 1425 2694 sic
1444 2669 1631 2700 Editt.1565.,
1654 2669 1744 2700 1569.‚
1766 2668 1858 2698 1592.;
1882 2669 1930 2692 Ed.
1947 2669 2019 2693 1556.
2038 2668 2118 2693 ludis.

1186 2724 1234 2754 24)
1255 2724 1311 2747 Hoc
1330 2723 1517 2752 argumentum
1537 2722 1634 2745 habent
1653 2720 1737 2745 Editt.
1759 2720 1947 2744 1565—1596.
