<?xml version="1.0" encoding="UTF-8"?>
<!DOCTYPE html PUBLIC "-//W3C//DTD XHTML 1.0 Transitional//EN"
    "http://www.w3.org/TR/xhtml1/DTD/xhtml1-transitional.dtd">
<html xmlns="http://www.w3.org/1999/xhtml" xml:lang="en" lang="en">
 <head>
  <title>
</title>
<meta http-equiv="Content-Type" content="text/html;charset=utf-8" />
  <meta name='ocr-system' content='tesseract 3.04.00' />
  <meta name='ocr-capabilities' content='ocr_page ocr_carea ocr_par ocr_line ocrx_word'/>
</head>
<body>
  <div class='ocr_page' id='page_1' title='image "./operaquaesupersu17melauoft/operaquaesupersu17melauoft_0372.png"; bbox 0 0 2351 2990; ppageno 0'>
   <div class='ocr_carea' id='block_1_1' title="bbox 204 130 277 164">
    <p class='ocr_par' dir='ltr' id='par_1_1' title="bbox 204 130 277 164">
     <span class='ocr_line' id='line_1_1' title="bbox 204 130 277 164; baseline 0 -1"><span class='ocrx_word' id='word_1_1' title='bbox 204 130 277 164; x_wconf 85' lang='lat'>719</span> 
     </span>
    </p>
   </div>
   <div class='ocr_carea' id='block_1_2' title="bbox 194 207 1207 2394">
    <p class='ocr_par' dir='ltr' id='par_1_2' title="bbox 194 207 1207 2394">
     <span class='ocr_line' id='line_1_2' title="bbox 204 207 1197 258; baseline -0.009 -11"><span class='ocrx_word' id='word_1_2' title='bbox 204 221 256 250; x_wconf 78' lang='lat' dir='ltr'>te,</span> <span class='ocrx_word' id='word_1_3' title='bbox 284 226 398 258; x_wconf 75' lang='lat' dir='ltr'>neque</span> <span class='ocrx_word' id='word_1_4' title='bbox 418 219 517 245; x_wconf 47' lang='lat' dir='ltr'>*uacat</span> <span class='ocrx_word' id='word_1_5' title='bbox 538 225 630 246; x_wconf 92' lang='lat' dir='ltr'>nunc</span> <span class='ocrx_word' id='word_1_6' title='bbox 649 213 785 249; x_wconf 81' lang='lat' dir='ltr'>dicere,</span> <span class='ocrx_word' id='word_1_7' title='bbox 811 210 865 241; x_wconf 70' lang='lat' dir='ltr'>vel</span> <span class='ocrx_word' id='word_1_8' title='bbox 886 209 1013 254; x_wconf 86' lang='lat' dir='ltr'>quibus</span> <span class='ocrx_word' id='word_1_9' title='bbox 1039 207 1095 240; x_wconf 90' lang='lat' dir='ltr'>ille</span> <span class='ocrx_word' id='word_1_10' title='bbox 1119 218 1197 250; x_wconf 72' lang='lat' dir='ltr'>gra-</span> 
     </span>
     <span class='ocr_line' id='line_1_3' title="bbox 204 259 1197 308; baseline -0.009 -10"><span class='ocrx_word' id='word_1_11' title='bbox 204 266 289 298; x_wconf 87' lang='lat' dir='ltr'>tiam</span> <span class='ocrx_word' id='word_1_12' title='bbox 318 265 461 300; x_wconf 70' lang='lat' dir='ltr'>debeat,</span> <span class='ocrx_word' id='word_1_13' title='bbox 489 263 744 308; x_wconf 68' lang='lat' dir='ltr'>rempublicam</span> <span class='ocrx_word' id='word_1_14' title='bbox 770 274 810 293; x_wconf 75' lang='lat' dir='ltr'>ex</span> <span class='ocrx_word' id='word_1_15' title='bbox 834 260 908 293; x_wconf 90' lang='lat' dir='ltr'>eius</span> <span class='ocrx_word' id='word_1_16' title='bbox 931 259 1120 292; x_wconf 88' lang='lat' dir='ltr'>commodo</span> <span class='ocrx_word' id='word_1_17' title='bbox 1141 270 1197 301; x_wconf 78' lang='lat' dir='ltr'>ge-</span> 
     </span>
     <span class='ocr_line' id='line_1_4' title="bbox 202 310 1197 359; baseline -0.008 -11"><span class='ocrx_word' id='word_1_18' title='bbox 202 316 382 352; x_wconf 77' lang='lat' dir='ltr'>rentibus,</span> <span class='ocrx_word' id='word_1_19' title='bbox 424 315 478 347; x_wconf 66' lang='lat' dir='ltr'>vel</span> <span class='ocrx_word' id='word_1_20' title='bbox 511 316 552 347; x_wconf 85' lang='lat' dir='ltr'>de</span> <span class='ocrx_word' id='word_1_21' title='bbox 584 314 711 359; x_wconf 85' lang='lat' dir='ltr'>quibus</span> <span class='ocrx_word' id='word_1_22' title='bbox 734 325 796 345; x_wconf 76' lang='lat' dir='ltr'>vos</span> <span class='ocrx_word' id='word_1_23' title='bbox 819 310 1031 355; x_wconf 84' lang='lat' dir='ltr'>supplicium</span> <span class='ocrx_word' id='word_1_24' title='bbox 1058 320 1197 343; x_wconf 86' lang='lat' dir='ltr'>sumere</span> 
     </span>
     <span class='ocr_line' id='line_1_5' title="bbox 204 366 1198 409; baseline -0.008 -10"><span class='ocrx_word' id='word_1_25' title='bbox 204 367 404 399; x_wconf 78' lang='lat' dir='ltr'>conveniat.</span> <span class='ocrx_word' id='word_1_26' title='bbox 459 366 573 398; x_wconf 88' lang='lat' dir='ltr'>Porro</span> <span class='ocrx_word' id='word_1_27' title='bbox 593 377 682 409; x_wconf 84' lang='lat' dir='ltr'>quae</span> <span class='ocrx_word' id='word_1_28' title='bbox 699 370 882 408; x_wconf 88' lang='lat' dir='ltr'>praeterea</span> <span class='ocrx_word' id='word_1_29' title='bbox 904 373 1116 405; x_wconf 74' lang='lat' dir='ltr'>cognoscere</span> <span class='ocrx_word' id='word_1_30' title='bbox 1133 371 1198 404; x_wconf 91' lang='lat' dir='ltr'>par</span> 
     </span>
     <span class='ocr_line' id='line_1_6' title="bbox 204 411 1198 462; baseline -0.008 -12"><span class='ocrx_word' id='word_1_31' title='bbox 204 424 275 454; x_wconf 75' lang='lat' dir='ltr'>est,</span> <span class='ocrx_word' id='word_1_32' title='bbox 319 428 479 462; x_wconf 79' lang='lat' dir='ltr'>quaeque</span> <span class='ocrx_word' id='word_1_33' title='bbox 506 416 552 447; x_wconf 93' lang='lat' dir='ltr'>illi</span> <span class='ocrx_word' id='word_1_34' title='bbox 578 415 729 447; x_wconf 79' lang='lat' dir='ltr'>maxime</span> <span class='ocrx_word' id='word_1_35' title='bbox 752 415 885 458; x_wconf 90' lang='lat' dir='ltr'>probro</span> <span class='ocrx_word' id='word_1_36' title='bbox 918 419 1020 451; x_wconf 86' lang='lat' dir='ltr'>snut,</span> <span class='ocrx_word' id='word_1_37' title='bbox 1062 411 1089 445; x_wconf 88' lang='lat' dir='ltr'>si</span> <span class='ocrx_word' id='word_1_38' title='bbox 1120 411 1198 456; x_wconf 88' lang='lat' dir='ltr'>quis</span> 
     </span>
     <span class='ocr_line' id='line_1_7' title="bbox 204 464 1196 509; baseline -0.007 -9"><span class='ocrx_word' id='word_1_39' title='bbox 204 475 297 500; x_wconf 84' lang='lat' dir='ltr'>recte</span> <span class='ocrx_word' id='word_1_40' title='bbox 315 468 496 504; x_wconf 80' lang='lat' dir='ltr'>aestimet,</span> <span class='ocrx_word' id='word_1_41' title='bbox 525 466 827 499; x_wconf 72' lang='lat' dir='ltr'>commemorabo.</span> <span class='ocrx_word' id='word_1_42' title='bbox 881 464 977 509; x_wconf 87' lang='lat' dir='ltr'>Quid</span> <span class='ocrx_word' id='word_1_43' title='bbox 1004 469 1055 496; x_wconf 88' lang='lat' dir='ltr'>est</span> <span class='ocrx_word' id='word_1_44' title='bbox 1079 469 1196 495; x_wconf 81' lang='lat' dir='ltr'>autem</span> 
     </span>
     <span class='ocr_line' id='line_1_8' title="bbox 202 513 1198 561; baseline -0.006 -11"><span class='ocrx_word' id='word_1_45' title='bbox 202 519 357 555; x_wconf 81' lang='lat' dir='ltr'>facilius,</span> <span class='ocrx_word' id='word_1_46' title='bbox 402 530 507 561; x_wconf 84' lang='lat' dir='ltr'>quam</span> <span class='ocrx_word' id='word_1_47' title='bbox 537 518 708 561; x_wconf 82' lang='lat' dir='ltr'>perfidum</span> <span class='ocrx_word' id='word_1_48' title='bbox 741 523 773 549; x_wconf 88' lang='lat' dir='ltr'>et</span> <span class='ocrx_word' id='word_1_49' title='bbox 805 516 986 560; x_wconf 89' lang='lat' dir='ltr'>periurum</span> <span class='ocrx_word' id='word_1_50' title='bbox 1020 513 1198 557; x_wconf 88' lang='lat' dir='ltr'>adpellare</span> 
     </span>
     <span class='ocr_line' id='line_1_9' title="bbox 205 564 1198 612; baseline -0.007 -10"><span class='ocrx_word' id='word_1_51' title='bbox 205 569 430 612; x_wconf 75' lang='lat' dir='ltr'>Philippum,</span> <span class='ocrx_word' id='word_1_52' title='bbox 460 568 491 599; x_wconf 91' lang='lat' dir='ltr'>id</span> <span class='ocrx_word' id='word_1_53' title='bbox 513 580 596 601; x_wconf 71' lang='lat' dir='ltr'>vero</span> <span class='ocrx_word' id='word_1_54' title='bbox 616 569 721 601; x_wconf 84' lang='lat' dir='ltr'>inane</span> <span class='ocrx_word' id='word_1_55' title='bbox 741 567 941 600; x_wconf 72' lang='lat' dir='ltr'>convicium</span> <span class='ocrx_word' id='word_1_56' title='bbox 966 571 1036 604; x_wconf 87' lang='lat' dir='ltr'>est,</span> <span class='ocrx_word' id='word_1_57' title='bbox 1071 564 1099 598; x_wconf 94' lang='lat' dir='ltr'>si</span> <span class='ocrx_word' id='word_1_58' title='bbox 1125 576 1198 596; x_wconf 92' lang='lat' dir='ltr'>non</span> 
     </span>
     <span class='ocr_line' id='line_1_10' title="bbox 205 616 1200 664; baseline -0.006 -11"><span class='ocrx_word' id='word_1_59' title='bbox 205 621 387 655; x_wconf 79' lang='lat' dir='ltr'>ostendas,</span> <span class='ocrx_word' id='word_1_60' title='bbox 428 619 513 664; x_wconf 89' lang='lat' dir='ltr'>quid</span> <span class='ocrx_word' id='word_1_61' title='bbox 539 620 694 662; x_wconf 69' lang='lat' dir='ltr'>gesserit.</span> <span class='ocrx_word' id='word_1_62' title='bbox 761 617 883 663; x_wconf 84' lang='lat' dir='ltr'>ltaque</span> <span class='ocrx_word' id='word_1_63' title='bbox 911 630 965 650; x_wconf 87' lang='lat' dir='ltr'>res</span> <span class='ocrx_word' id='word_1_64' title='bbox 987 616 1061 649; x_wconf 87' lang='lat' dir='ltr'>eius</span> <span class='ocrx_word' id='word_1_65' title='bbox 1087 621 1200 659; x_wconf 81' lang='lat' dir='ltr'>gestas</span> 
     </span>
     <span class='ocr_line' id='line_1_11' title="bbox 205 665 1199 710; baseline -0.004 -7"><span class='ocrx_word' id='word_1_66' title='bbox 205 671 328 703; x_wconf 87' lang='lat' dir='ltr'>ordine</span> <span class='ocrx_word' id='word_1_67' title='bbox 360 670 594 710; x_wconf 70' lang='lat' dir='ltr'>excutiemus,</span> <span class='ocrx_word' id='word_1_68' title='bbox 634 677 673 704; x_wconf 89' lang='lat' dir='ltr'>ut</span> <span class='ocrx_word' id='word_1_69' title='bbox 696 669 767 704; x_wconf 89' lang='lat' dir='ltr'>suis</span> <span class='ocrx_word' id='word_1_70' title='bbox 791 669 969 702; x_wconf 87' lang='lat' dir='ltr'>coloribus</span> <span class='ocrx_word' id='word_1_71' title='bbox 993 679 1072 700; x_wconf 90' lang='lat' dir='ltr'>eum</span> <span class='ocrx_word' id='word_1_72' title='bbox 1099 665 1199 699; x_wconf 75' lang='lat' dir='ltr'>vobis</span> 
     </span>
     <span class='ocr_line' id='line_1_12' title="bbox 204 718 1199 765; baseline -0.005 -11"><span class='ocrx_word' id='word_1_73' title='bbox 204 722 457 765; x_wconf 76' lang='lat' dir='ltr'>depingamus,</span> <span class='ocrx_word' id='word_1_74' title='bbox 501 721 536 754; x_wconf 93' lang='lat' dir='ltr'>id</span> <span class='ocrx_word' id='word_1_75' title='bbox 561 722 649 754; x_wconf 89' lang='lat' dir='ltr'>adeo</span> <span class='ocrx_word' id='word_1_76' title='bbox 674 722 781 754; x_wconf 80' lang='lat' dir='ltr'>refert</span> <span class='ocrx_word' id='word_1_77' title='bbox 802 720 889 753; x_wconf 84' lang='lat' dir='ltr'>fieri.</span> <span class='ocrx_word' id='word_1_78' title='bbox 958 719 1052 752; x_wconf 86' lang='lat' dir='ltr'>Tum</span> <span class='ocrx_word' id='word_1_79' title='bbox 1076 724 1115 751; x_wconf 89' lang='lat' dir='ltr'>ut</span> <span class='ocrx_word' id='word_1_80' title='bbox 1139 718 1199 750; x_wconf 76' lang='lat' dir='ltr'>ad-</span> 
     </span>
     <span class='ocr_line' id='line_1_13' title="bbox 205 770 1199 817; baseline -0.003 -13"><span class='ocrx_word' id='word_1_81' title='bbox 205 779 328 817; x_wconf 86' lang='lat' dir='ltr'>pareat</span> <span class='ocrx_word' id='word_1_82' title='bbox 360 772 394 803; x_wconf 91' lang='lat' dir='ltr'>id</span> <span class='ocrx_word' id='word_1_83' title='bbox 429 774 525 817; x_wconf 87' lang='lat' dir='ltr'>quod</span> <span class='ocrx_word' id='word_1_84' title='bbox 560 785 614 806; x_wconf 87' lang='lat' dir='ltr'>res</span> <span class='ocrx_word' id='word_1_85' title='bbox 643 779 712 812; x_wconf 87' lang='lat' dir='ltr'>est,</span> <span class='ocrx_word' id='word_1_86' title='bbox 754 772 853 804; x_wconf 89' lang='lat' dir='ltr'>illum</span> <span class='ocrx_word' id='word_1_87' title='bbox 879 770 1088 803; x_wconf 76' lang='lat' dir='ltr'>imbecillem</span> <span class='ocrx_word' id='word_1_88' title='bbox 1114 781 1199 807; x_wconf 88' lang='lat' dir='ltr'>esse,</span> 
     </span>
     <span class='ocr_line' id='line_1_14' title="bbox 205 820 1199 869; baseline -0.005 -13"><span class='ocrx_word' id='word_1_89' title='bbox 205 831 279 856; x_wconf 90' lang='lat' dir='ltr'>tum</span> <span class='ocrx_word' id='word_1_90' title='bbox 297 830 335 856; x_wconf 92' lang='lat' dir='ltr'>ut</span> <span class='ocrx_word' id='word_1_91' title='bbox 353 823 495 855; x_wconf 63' lang='lat' dir='ltr'>videant</span> <span class='ocrx_word' id='word_1_92' title='bbox 514 830 545 856; x_wconf 89' lang='lat' dir='ltr'>et</span> <span class='ocrx_word' id='word_1_93' title='bbox 565 822 613 863; x_wconf 89' lang='lat' dir='ltr'>hi,</span> <span class='ocrx_word' id='word_1_94' title='bbox 642 824 703 869; x_wconf 89' lang='lat' dir='ltr'>qui</span> <span class='ocrx_word' id='word_1_95' title='bbox 722 829 903 862; x_wconf 89' lang='lat' dir='ltr'>metuunt,</span> <span class='ocrx_word' id='word_1_96' title='bbox 925 834 968 855; x_wconf 88' lang='lat' dir='ltr'>ne</span> <span class='ocrx_word' id='word_1_97' title='bbox 986 822 1029 855; x_wconf 90' lang='lat' dir='ltr'>sit</span> <span class='ocrx_word' id='word_1_98' title='bbox 1049 820 1199 852; x_wconf 70' lang='lat' dir='ltr'>invictus</span> 
     </span>
     <span class='ocr_line' id='line_1_15' title="bbox 204 872 1200 918; baseline -0.006 -10"><span class='ocrx_word' id='word_1_99' title='bbox 204 874 410 918; x_wconf 80' lang='lat' dir='ltr'>Philippus,</span> <span class='ocrx_word' id='word_1_100' title='bbox 439 872 527 907; x_wconf 86' lang='lat' dir='ltr'>nihil</span> <span class='ocrx_word' id='word_1_101' title='bbox 554 887 677 908; x_wconf 91' lang='lat' dir='ltr'>eorum</span> <span class='ocrx_word' id='word_1_102' title='bbox 705 875 1024 908; x_wconf 79' lang='lat' dir='ltr'>instrumentorum</span> <span class='ocrx_word' id='word_1_103' title='bbox 1055 878 1200 909; x_wconf 87' lang='lat' dir='ltr'>restare,</span> 
     </span>
     <span class='ocr_line' id='line_1_16' title="bbox 206 920 1200 971; baseline -0.006 -12"><span class='ocrx_word' id='word_1_104' title='bbox 206 926 334 971; x_wconf 85' lang='lat' dir='ltr'>quibus</span> <span class='ocrx_word' id='word_1_105' title='bbox 363 923 532 959; x_wconf 83' lang='lat' dir='ltr'>hactenus</span> <span class='ocrx_word' id='word_1_106' title='bbox 559 927 686 959; x_wconf 87' lang='lat' dir='ltr'>almsus</span> <span class='ocrx_word' id='word_1_107' title='bbox 715 939 798 969; x_wconf 87' lang='lat' dir='ltr'>opes</span> <span class='ocrx_word' id='word_1_108' title='bbox 826 938 906 958; x_wconf 89' lang='lat' dir='ltr'>suas</span> <span class='ocrx_word' id='word_1_109' title='bbox 933 924 1041 957; x_wconf 86' lang='lat' dir='ltr'>auxit.</span> <span class='ocrx_word' id='word_1_110' title='bbox 1110 920 1200 955; x_wconf 85' lang='lat' dir='ltr'>Mihi</span> 
     </span>
     <span class='ocr_line' id='line_1_17' title="bbox 207 973 1201 1023; baseline -0.006 -13"><span class='ocrx_word' id='word_1_111' title='bbox 207 990 350 1023; x_wconf 84' lang='lat' dir='ltr'>qnoque</span> <span class='ocrx_word' id='word_1_112' title='bbox 365 977 599 1011; x_wconf 81' lang='lat' dir='ltr'>formidabilis</span> <span class='ocrx_word' id='word_1_113' title='bbox 618 983 706 1011; x_wconf 86' lang='lat' dir='ltr'>esset</span> <span class='ocrx_word' id='word_1_114' title='bbox 718 975 923 1020; x_wconf 83' lang='lat' dir='ltr'>Philippus,</span> <span class='ocrx_word' id='word_1_115' title='bbox 951 976 978 1009; x_wconf 93' lang='lat' dir='ltr'>si</span> <span class='ocrx_word' id='word_1_116' title='bbox 997 974 1100 1007; x_wconf 91' lang='lat' dir='ltr'>bonis</span> <span class='ocrx_word' id='word_1_117' title='bbox 1117 973 1201 1006; x_wconf 85' lang='lat' dir='ltr'>arti-</span> 
     </span>
     <span class='ocr_line' id='line_1_18' title="bbox 205 1024 1201 1072; baseline -0.004 -12"><span class='ocrx_word' id='word_1_118' title='bbox 205 1029 271 1062; x_wconf 85' lang='lat' dir='ltr'>bus</span> <span class='ocrx_word' id='word_1_119' title='bbox 308 1035 442 1061; x_wconf 84' lang='lat' dir='ltr'>tantam</span> <span class='ocrx_word' id='word_1_120' title='bbox 475 1029 671 1072; x_wconf 86' lang='lat' dir='ltr'>potentiam</span> <span class='ocrx_word' id='word_1_121' title='bbox 707 1034 934 1061; x_wconf 88' lang='lat' dir='ltr'>consecutum</span> <span class='ocrx_word' id='word_1_122' title='bbox 970 1026 1125 1059; x_wconf 73' lang='lat' dir='ltr'>viderem</span> <span class='ocrx_word' id='word_1_123' title='bbox 1142 1024 1201 1069; x_wconf 79' lang='lat'>³⁹).</span> 
     </span>
     <span class='ocr_line' id='line_1_19' title="bbox 206 1076 1202 1123; baseline -0.004 -11"><span class='ocrx_word' id='word_1_124' title='bbox 206 1080 253 1112; x_wconf 87' lang='lat' dir='ltr'>At</span> <span class='ocrx_word' id='word_1_125' title='bbox 286 1092 364 1112; x_wconf 89' lang='lat' dir='ltr'>cum</span> <span class='ocrx_word' id='word_1_126' title='bbox 397 1079 584 1123; x_wconf 80' lang='lat' dir='ltr'>diligenter</span> <span class='ocrx_word' id='word_1_127' title='bbox 616 1080 736 1112; x_wconf 89' lang='lat' dir='ltr'>onmia</span> <span class='ocrx_word' id='word_1_128' title='bbox 760 1079 1004 1123; x_wconf 87' lang='lat' dir='ltr'>contemplor,</span> <span class='ocrx_word' id='word_1_129' title='bbox 1042 1076 1202 1109; x_wconf 83' lang='lat' dir='ltr'>animad-</span> 
     </span>
     <span class='ocr_line' id='line_1_20' title="bbox 206 1130 1201 1175; baseline -0.002 -13"><span class='ocrx_word' id='word_1_130' title='bbox 206 1137 307 1163; x_wconf 72' lang='lat' dir='ltr'>verto</span> <span class='ocrx_word' id='word_1_131' title='bbox 333 1143 413 1163; x_wconf 89' lang='lat' dir='ltr'>eum</span> <span class='ocrx_word' id='word_1_132' title='bbox 438 1131 646 1175; x_wconf 84' lang='lat' dir='ltr'>imposuisse</span> <span class='ocrx_word' id='word_1_133' title='bbox 670 1131 792 1170; x_wconf 86' lang='lat' dir='ltr'>nobis,</span> <span class='ocrx_word' id='word_1_134' title='bbox 821 1144 899 1163; x_wconf 90' lang='lat' dir='ltr'>cum</span> <span class='ocrx_word' id='word_1_135' title='bbox 920 1130 1148 1174; x_wconf 72' lang='lat' dir='ltr'>polliceretur</span> <span class='ocrx_word' id='word_1_136' title='bbox 1166 1139 1201 1160; x_wconf 87' lang='lat' dir='ltr'>se</span> 
     </span>
     <span class='ocr_line' id='line_1_21' title="bbox 208 1180 1202 1227; baseline -0.004 -13"><span class='ocrx_word' id='word_1_137' title='bbox 208 1182 312 1215; x_wconf 86' lang='lat' dir='ltr'>nobis</span> <span class='ocrx_word' id='word_1_138' title='bbox 335 1180 571 1226; x_wconf 78' lang='lat' dir='ltr'>Amphipolin</span> <span class='ocrx_word' id='word_1_139' title='bbox 595 1182 809 1215; x_wconf 82' lang='lat' dir='ltr'>traditurum</span> <span class='ocrx_word' id='word_1_140' title='bbox 839 1194 911 1215; x_wconf 89' lang='lat' dir='ltr'>esse</span> <span class='ocrx_word' id='word_1_141' title='bbox 925 1180 994 1227; x_wconf 71' lang='lat'>⁶⁰),</span> <span class='ocrx_word' id='word_1_142' title='bbox 1036 1181 1202 1212; x_wconf 82' lang='lat' dir='ltr'>efficeret-</span> 
     </span>
     <span class='ocr_line' id='line_1_22' title="bbox 207 1231 1201 1278; baseline -0.004 -13"><span class='ocrx_word' id='word_1_143' title='bbox 207 1245 295 1278; x_wconf 91' lang='lat' dir='ltr'>que,</span> <span class='ocrx_word' id='word_1_144' title='bbox 327 1245 370 1265; x_wconf 93' lang='lat' dir='ltr'>ne</span> <span class='ocrx_word' id='word_1_145' title='bbox 396 1233 600 1266; x_wconf 86' lang='lat' dir='ltr'>audiremus</span> <span class='ocrx_word' id='word_1_146' title='bbox 625 1231 817 1278; x_wconf 75' lang='lat' dir='ltr'>Olynthios</span> <span class='ocrx_word' id='word_1_147' title='bbox 838 1233 994 1265; x_wconf 81' lang='lat' dir='ltr'>facturos</span> <span class='ocrx_word' id='word_1_148' title='bbox 1018 1231 1201 1263; x_wconf 87' lang='lat' dir='ltr'>nobiscum</span> 
     </span>
     <span class='ocr_line' id='line_1_23' title="bbox 207 1283 1204 1330; baseline -0.004 -13"><span class='ocrx_word' id='word_1_149' title='bbox 207 1284 434 1323; x_wconf 84' lang='lat' dir='ltr'>societatem,</span> <span class='ocrx_word' id='word_1_150' title='bbox 476 1296 627 1330; x_wconf 79' lang='lat' dir='ltr'>rumque</span> <span class='ocrx_word' id='word_1_151' title='bbox 657 1290 779 1317; x_wconf 84' lang='lat' dir='ltr'>nostra</span> <span class='ocrx_word' id='word_1_152' title='bbox 810 1296 917 1328; x_wconf 87' lang='lat' dir='ltr'>opera</span> <span class='ocrx_word' id='word_1_153' title='bbox 944 1283 1033 1315; x_wconf 89' lang='lat' dir='ltr'>clam</span> <span class='ocrx_word' id='word_1_154' title='bbox 1060 1287 1204 1326; x_wconf 84' lang='lat' dir='ltr'>pararet</span> 
     </span>
     <span class='ocr_line' id='line_1_24' title="bbox 207 1332 1204 1379; baseline -0.003 -12"><span class='ocrx_word' id='word_1_155' title='bbox 207 1335 369 1379; x_wconf 66' lang='lat' dir='ltr'>Pydnam</span> <span class='ocrx_word' id='word_1_156' title='bbox 392 1335 559 1379; x_wconf 88' lang='lat' dir='ltr'>recipere.</span> <span class='ocrx_word' id='word_1_157' title='bbox 595 1335 708 1368; x_wconf 77' lang='lat' dir='ltr'>Video</span> <span class='ocrx_word' id='word_1_158' title='bbox 727 1342 759 1368; x_wconf 86' lang='lat' dir='ltr'>et</span> <span class='ocrx_word' id='word_1_159' title='bbox 775 1336 978 1369; x_wconf 83' lang='lat' dir='ltr'>societatem</span> <span class='ocrx_word' id='word_1_160' title='bbox 1001 1332 1204 1377; x_wconf 76' lang='lat' dir='ltr'>cumOlyn-</span> 
     </span>
     <span class='ocr_line' id='line_1_25' title="bbox 209 1384 1204 1427; baseline -0.003 -9"><span class='ocrx_word' id='word_1_161' title='bbox 209 1384 291 1419; x_wconf 85' lang='lat' dir='ltr'>thiis</span> <span class='ocrx_word' id='word_1_162' title='bbox 308 1387 432 1419; x_wconf 84' lang='lat' dir='ltr'>fraude</span> <span class='ocrx_word' id='word_1_163' title='bbox 450 1388 578 1419; x_wconf 80' lang='lat' dir='ltr'>factam</span> <span class='ocrx_word' id='word_1_164' title='bbox 591 1414 599 1427; x_wconf 91' lang='lat'>,</span> <span class='ocrx_word' id='word_1_165' title='bbox 628 1400 706 1419; x_wconf 88' lang='lat' dir='ltr'>cum</span> <span class='ocrx_word' id='word_1_166' title='bbox 726 1387 934 1419; x_wconf 87' lang='lat' dir='ltr'>Potidaeam</span> <span class='ocrx_word' id='word_1_167' title='bbox 953 1385 1054 1417; x_wconf 89' lang='lat' dir='ltr'>nobis</span> <span class='ocrx_word' id='word_1_168' title='bbox 1072 1384 1204 1416; x_wconf 87' lang='lat' dir='ltr'>adime-</span> 
     </span>
     <span class='ocr_line' id='line_1_26' title="bbox 208 1435 1205 1483; baseline -0.003 -13"><span class='ocrx_word' id='word_1_169' title='bbox 208 1444 281 1477; x_wconf 89' lang='lat' dir='ltr'>ret,</span> <span class='ocrx_word' id='word_1_170' title='bbox 306 1450 474 1483; x_wconf 81' lang='lat' dir='ltr'>eamque,</span> <span class='ocrx_word' id='word_1_171' title='bbox 502 1437 591 1471; x_wconf 88' lang='lat' dir='ltr'>nihil</span> <span class='ocrx_word' id='word_1_172' title='bbox 610 1438 742 1471; x_wconf 85' lang='lat' dir='ltr'>veritus</span> <span class='ocrx_word' id='word_1_173' title='bbox 760 1450 837 1477; x_wconf 89' lang='lat' dir='ltr'>nos,</span> <span class='ocrx_word' id='word_1_174' title='bbox 867 1437 1075 1482; x_wconf 84' lang='lat' dir='ltr'>quibuscum</span> <span class='ocrx_word' id='word_1_175' title='bbox 1095 1435 1205 1468; x_wconf 86' lang='lat' dir='ltr'>socie-</span> 
     </span>
     <span class='ocr_line' id='line_1_27' title="bbox 209 1485 1204 1529; baseline -0.002 -8"><span class='ocrx_word' id='word_1_176' title='bbox 209 1495 262 1521; x_wconf 83' lang='lat' dir='ltr'>tas</span> <span class='ocrx_word' id='word_1_177' title='bbox 283 1489 369 1528; x_wconf 89' lang='lat' dir='ltr'>erit,</span> <span class='ocrx_word' id='word_1_178' title='bbox 398 1489 557 1529; x_wconf 87' lang='lat' dir='ltr'>laedere,</span> <span class='ocrx_word' id='word_1_179' title='bbox 586 1490 654 1522; x_wconf 88' lang='lat' dir='ltr'>illis</span> <span class='ocrx_word' id='word_1_180' title='bbox 676 1489 834 1522; x_wconf 88' lang='lat' dir='ltr'>tradidit.</span> <span class='ocrx_word' id='word_1_181' title='bbox 887 1488 1074 1521; x_wconf 88' lang='lat' dir='ltr'>Postremo</span> <span class='ocrx_word' id='word_1_182' title='bbox 1094 1485 1204 1519; x_wconf 66' lang='lat' dir='ltr'>Thes&lt;</span> 
     </span>
     <span class='ocr_line' id='line_1_28' title="bbox 209 1538 1203 1586; baseline -0.004 -13"><span class='ocrx_word' id='word_1_183' title='bbox 209 1541 302 1573; x_wconf 88' lang='lat' dir='ltr'>salos</span> <span class='ocrx_word' id='word_1_184' title='bbox 328 1540 452 1581; x_wconf 65' lang='lat' dir='ltr'>video,</span> <span class='ocrx_word' id='word_1_185' title='bbox 491 1541 618 1586; x_wconf 87' lang='lat' dir='ltr'>quibus</span> <span class='ocrx_word' id='word_1_186' title='bbox 643 1540 820 1585; x_wconf 81' lang='lat' dir='ltr'>pollicitus</span> <span class='ocrx_word' id='word_1_187' title='bbox 845 1545 894 1572; x_wconf 89' lang='lat' dir='ltr'>est</span> <span class='ocrx_word' id='word_1_188' title='bbox 921 1552 956 1572; x_wconf 93' lang='lat' dir='ltr'>se</span> <span class='ocrx_word' id='word_1_189' title='bbox 984 1538 1203 1582; x_wconf 83' lang='lat' dir='ltr'>Magnesiam</span> 
     </span>
     <span class='ocr_line' id='line_1_29' title="bbox 211 1592 1203 1635; baseline -0.002 -13"><span class='ocrx_word' id='word_1_190' title='bbox 211 1592 426 1624; x_wconf 79' lang='lat' dir='ltr'>traditurum</span> <span class='ocrx_word' id='word_1_191' title='bbox 444 1604 536 1632; x_wconf 88' lang='lat' dir='ltr'>esse,</span> <span class='ocrx_word' id='word_1_192' title='bbox 563 1598 596 1625; x_wconf 88' lang='lat' dir='ltr'>et</span> <span class='ocrx_word' id='word_1_193' title='bbox 619 1598 863 1635; x_wconf 87' lang='lat' dir='ltr'>suscepturum</span> <span class='ocrx_word' id='word_1_194' title='bbox 888 1603 923 1624; x_wconf 90' lang='lat' dir='ltr'>se</span> <span class='ocrx_word' id='word_1_195' title='bbox 950 1603 1073 1623; x_wconf 89' lang='lat' dir='ltr'>eorum</span> <span class='ocrx_word' id='word_1_196' title='bbox 1101 1602 1203 1622; x_wconf 86' lang='lat' dir='ltr'>causa</span> 
     </span>
     <span class='ocr_line' id='line_1_30' title="bbox 210 1640 1206 1682; baseline -0.001 -9"><span class='ocrx_word' id='word_1_197' title='bbox 210 1640 395 1675; x_wconf 85' lang='lat' dir='ltr'>Phocense</span> <span class='ocrx_word' id='word_1_198' title='bbox 415 1643 557 1676; x_wconf 84' lang='lat' dir='ltr'>bellum.</span> <span class='ocrx_word' id='word_1_199' title='bbox 600 1642 638 1675; x_wconf 88' lang='lat' dir='ltr'>In</span> <span class='ocrx_word' id='word_1_200' title='bbox 654 1655 791 1676; x_wconf 81' lang='lat' dir='ltr'>summa</span> <span class='ocrx_word' id='word_1_201' title='bbox 806 1670 814 1682; x_wconf 91' lang='lat'>,</span> <span class='ocrx_word' id='word_1_202' title='bbox 842 1655 947 1675; x_wconf 89' lang='lat' dir='ltr'>nemo</span> <span class='ocrx_word' id='word_1_203' title='bbox 965 1648 1014 1675; x_wconf 86' lang='lat' dir='ltr'>est</span> <span class='ocrx_word' id='word_1_204' title='bbox 1032 1641 1206 1680; x_wconf 91' lang='lat' dir='ltr'>omnium,</span> 
     </span>
     <span class='ocr_line' id='line_1_31' title="bbox 212 1693 1207 1739; baseline -0.001 -14"><span class='ocrx_word' id='word_1_205' title='bbox 212 1693 341 1738; x_wconf 84' lang='lat' dir='ltr'>quibus</span> <span class='ocrx_word' id='word_1_206' title='bbox 366 1706 443 1727; x_wconf 87' lang='lat' dir='ltr'>eum</span> <span class='ocrx_word' id='word_1_207' title='bbox 472 1707 512 1726; x_wconf 91' lang='lat' dir='ltr'>eo</span> <span class='ocrx_word' id='word_1_208' title='bbox 538 1707 593 1727; x_wconf 90' lang='lat' dir='ltr'>res</span> <span class='ocrx_word' id='word_1_209' title='bbox 615 1694 699 1733; x_wconf 88' lang='lat' dir='ltr'>suit,</span> <span class='ocrx_word' id='word_1_210' title='bbox 736 1706 840 1739; x_wconf 89' lang='lat' dir='ltr'>quem</span> <span class='ocrx_word' id='word_1_211' title='bbox 866 1706 938 1725; x_wconf 89' lang='lat' dir='ltr'>non</span> <span class='ocrx_word' id='word_1_212' title='bbox 963 1693 1145 1732; x_wconf 83' lang='lat' dir='ltr'>fefellerit,</span> <span class='ocrx_word' id='word_1_213' title='bbox 1174 1699 1207 1724; x_wconf 92' lang='lat' dir='ltr'>et</span> 
     </span>
     <span class='ocr_line' id='line_1_32' title="bbox 211 1744 1207 1789; baseline 0.001 -14"><span class='ocrx_word' id='word_1_214' title='bbox 211 1745 255 1776; x_wconf 84' lang='lat' dir='ltr'>ad</span> <span class='ocrx_word' id='word_1_215' title='bbox 280 1757 358 1776; x_wconf 91' lang='lat' dir='ltr'>eum</span> <span class='ocrx_word' id='word_1_216' title='bbox 386 1746 531 1778; x_wconf 90' lang='lat' dir='ltr'>modum</span> <span class='ocrx_word' id='word_1_217' title='bbox 554 1746 682 1778; x_wconf 87' lang='lat' dir='ltr'>abusus</span> <span class='ocrx_word' id='word_1_218' title='bbox 709 1745 807 1777; x_wconf 89' lang='lat' dir='ltr'>omni</span> <span class='ocrx_word' id='word_1_219' title='bbox 834 1745 1094 1788; x_wconf 71' lang='lat' dir='ltr'>imprudentia,</span> <span class='ocrx_word' id='word_1_220' title='bbox 1130 1744 1207 1789; x_wconf 81' lang='lat' dir='ltr'>qui-</span> 
     </span>
     <span class='ocr_line' id='line_1_33' title="bbox 210 1795 1205 1840; baseline 0 -13"><span class='ocrx_word' id='word_1_221' title='bbox 210 1795 275 1828; x_wconf 89' lang='lat' dir='ltr'>bus</span> <span class='ocrx_word' id='word_1_222' title='bbox 295 1807 367 1828; x_wconf 92' lang='lat' dir='ltr'>non</span> <span class='ocrx_word' id='word_1_223' title='bbox 384 1803 459 1829; x_wconf 89' lang='lat' dir='ltr'>erat</span> <span class='ocrx_word' id='word_1_224' title='bbox 478 1797 624 1840; x_wconf 87' lang='lat' dir='ltr'>propius</span> <span class='ocrx_word' id='word_1_225' title='bbox 645 1802 770 1835; x_wconf 86' lang='lat' dir='ltr'>notus,</span> <span class='ocrx_word' id='word_1_226' title='bbox 799 1808 861 1840; x_wconf 89' lang='lat' dir='ltr'>per</span> <span class='ocrx_word' id='word_1_227' title='bbox 885 1796 1106 1829; x_wconf 71' lang='lat' dir='ltr'>occasionem</span> <span class='ocrx_word' id='word_1_228' title='bbox 1134 1807 1205 1827; x_wconf 86' lang='lat' dir='ltr'>cre-</span> 
     </span>
     <span class='ocr_line' id='line_1_34' title="bbox 211 1845 1205 1891; baseline -0.002 -11"><span class='ocrx_word' id='word_1_229' title='bbox 211 1847 272 1880; x_wconf 74' lang='lat' dir='ltr'>vit.</span> <span class='ocrx_word' id='word_1_230' title='bbox 342 1848 497 1880; x_wconf 85' lang='lat' dir='ltr'>Proinde</span> <span class='ocrx_word' id='word_1_231' title='bbox 530 1860 608 1880; x_wconf 78' lang='lat' dir='ltr'>cuin</span> <span class='ocrx_word' id='word_1_232' title='bbox 636 1845 703 1880; x_wconf 90' lang='lat' dir='ltr'>hoc</span> <span class='ocrx_word' id='word_1_233' title='bbox 728 1848 836 1879; x_wconf 80' lang='lat' dir='ltr'>inodo</span> <span class='ocrx_word' id='word_1_234' title='bbox 868 1859 952 1891; x_wconf 84' lang='lat' dir='ltr'>opes</span> <span class='ocrx_word' id='word_1_235' title='bbox 980 1847 1054 1880; x_wconf 88' lang='lat' dir='ltr'>eins</span> <span class='ocrx_word' id='word_1_236' title='bbox 1082 1853 1205 1879; x_wconf 79' lang='lat' dir='ltr'>auctae</span> 
     </span>
     <span class='ocr_line' id='line_1_35' title="bbox 212 1898 1206 1942; baseline -0.004 -9"><span class='ocrx_word' id='word_1_237' title='bbox 212 1901 300 1939; x_wconf 90' lang='lat' dir='ltr'>sint,</span> <span class='ocrx_word' id='word_1_238' title='bbox 335 1900 418 1931; x_wconf 92' lang='lat' dir='ltr'>dum</span> <span class='ocrx_word' id='word_1_239' title='bbox 443 1899 570 1942; x_wconf 84' lang='lat' dir='ltr'>singuli</span> <span class='ocrx_word' id='word_1_240' title='bbox 595 1899 796 1932; x_wconf 83' lang='lat' dir='ltr'>existimant</span> <span class='ocrx_word' id='word_1_241' title='bbox 823 1911 902 1931; x_wconf 86' lang='lat' dir='ltr'>eum</span> <span class='ocrx_word' id='word_1_242' title='bbox 928 1898 1125 1931; x_wconf 87' lang='lat' dir='ltr'>commodis</span> <span class='ocrx_word' id='word_1_243' title='bbox 1149 1910 1206 1930; x_wconf 87' lang='lat' dir='ltr'>eo—</span> 
     </span>
     <span class='ocr_line' id='line_1_36' title="bbox 211 1950 1206 1990; baseline -0.002 -6"><span class='ocrx_word' id='word_1_244' title='bbox 211 1965 289 1984; x_wconf 86' lang='lat' dir='ltr'>rum</span> <span class='ocrx_word' id='word_1_245' title='bbox 308 1950 460 1990; x_wconf 62' lang='lat' dir='ltr'>servire,</span> <span class='ocrx_word' id='word_1_246' title='bbox 489 1963 627 1984; x_wconf 87' lang='lat' dir='ltr'>necesse</span> <span class='ocrx_word' id='word_1_247' title='bbox 647 1956 696 1983; x_wconf 86' lang='lat' dir='ltr'>est</span> <span class='ocrx_word' id='word_1_248' title='bbox 715 1952 835 1982; x_wconf 79' lang='lat' dir='ltr'>eadem</span> <span class='ocrx_word' id='word_1_249' title='bbox 856 1950 910 1982; x_wconf 79' lang='lat' dir='ltr'>via</span> <span class='ocrx_word' id='word_1_250' title='bbox 939 1950 1048 1982; x_wconf 77' lang='lat' dir='ltr'>everti</span> <span class='ocrx_word' id='word_1_251' title='bbox 1076 1962 1206 1983; x_wconf 88' lang='lat' dir='ltr'>rursus.</span> 
     </span>
     <span class='ocr_line' id='line_1_37' title="bbox 211 2000 1204 2047; baseline -0.003 -12"><span class='ocrx_word' id='word_1_252' title='bbox 211 2003 450 2047; x_wconf 80' lang='lat' dir='ltr'>Posteaquam</span> <span class='ocrx_word' id='word_1_253' title='bbox 485 2000 786 2046; x_wconf 82' lang='lat' dir='ltr'>deprehenderint</span> <span class='ocrx_word' id='word_1_254' title='bbox 814 2001 911 2033; x_wconf 90' lang='lat' dir='ltr'>illum</span> <span class='ocrx_word' id='word_1_255' title='bbox 945 2002 1076 2045; x_wconf 84' lang='lat' dir='ltr'>perfide</span> <span class='ocrx_word' id='word_1_256' title='bbox 1103 2014 1204 2034; x_wconf 84' lang='lat' dir='ltr'>suum</span> 
     </span>
     <span class='ocr_line' id='line_1_38' title="bbox 212 2051 1207 2097; baseline -0.001 -11"><span class='ocrx_word' id='word_1_257' title='bbox 212 2054 393 2097; x_wconf 73' lang='lat' dir='ltr'>negotium</span> <span class='ocrx_word' id='word_1_258' title='bbox 421 2053 541 2096; x_wconf 84' lang='lat' dir='ltr'>egisse.</span> <span class='ocrx_word' id='word_1_259' title='bbox 596 2053 671 2085; x_wconf 89' lang='lat' dir='ltr'>Hoc</span> <span class='ocrx_word' id='word_1_260' title='bbox 696 2052 732 2084; x_wconf 94' lang='lat' dir='ltr'>in</span> <span class='ocrx_word' id='word_1_261' title='bbox 750 2059 842 2087; x_wconf 84' lang='lat' dir='ltr'>statu</span> <span class='ocrx_word' id='word_1_262' title='bbox 861 2059 943 2085; x_wconf 85' lang='lat' dir='ltr'>sunt</span> <span class='ocrx_word' id='word_1_263' title='bbox 964 2051 1120 2097; x_wconf 89' lang='lat' dir='ltr'>Philippi</span> <span class='ocrx_word' id='word_1_264' title='bbox 1142 2064 1207 2085; x_wconf 76' lang='lat' dir='ltr'>res.</span> 
     </span>
     <span class='ocr_line' id='line_1_39' title="bbox 214 2104 1205 2150; baseline -0.002 -13"><span class='ocrx_word' id='word_1_265' title='bbox 214 2106 318 2150; x_wconf 77' lang='lat' dir='ltr'>Quod</span> <span class='ocrx_word' id='word_1_266' title='bbox 338 2105 364 2137; x_wconf 87' lang='lat' dir='ltr'>si</span> <span class='ocrx_word' id='word_1_267' title='bbox 384 2104 438 2137; x_wconf 90' lang='lat' dir='ltr'>cui</span> <span class='ocrx_word' id='word_1_268' title='bbox 461 2105 582 2137; x_wconf 68' lang='lat' dir='ltr'>videar</span> <span class='ocrx_word' id='word_1_269' title='bbox 608 2116 747 2144; x_wconf 88' lang='lat' dir='ltr'>errare,</span> <span class='ocrx_word' id='word_1_270' title='bbox 777 2116 839 2147; x_wconf 84' lang='lat' dir='ltr'>age</span> <span class='ocrx_word' id='word_1_271' title='bbox 869 2104 1038 2147; x_wconf 84' lang='lat' dir='ltr'>prodeat,</span> <span class='ocrx_word' id='word_1_272' title='bbox 1072 2111 1105 2137; x_wconf 90' lang='lat' dir='ltr'>et</span> <span class='ocrx_word' id='word_1_273' title='bbox 1128 2116 1205 2136; x_wconf 87' lang='lat' dir='ltr'>cum</span> 
     </span>
     <span class='ocr_line' id='line_1_40' title="bbox 213 2155 1207 2200; baseline -0.003 -11"><span class='ocrx_word' id='word_1_274' title='bbox 213 2155 320 2195; x_wconf 89' lang='lat' dir='ltr'>mibi,</span> <span class='ocrx_word' id='word_1_275' title='bbox 349 2162 422 2189; x_wconf 85' lang='lat' dir='ltr'>tum</span> <span class='ocrx_word' id='word_1_276' title='bbox 443 2156 542 2189; x_wconf 71' lang='lat' dir='ltr'>vobis</span> <span class='ocrx_word' id='word_1_277' title='bbox 558 2156 704 2194; x_wconf 76' lang='lat' dir='ltr'>indicet,</span> <span class='ocrx_word' id='word_1_278' title='bbox 735 2162 795 2188; x_wconf 88' lang='lat' dir='ltr'>ant</span> <span class='ocrx_word' id='word_1_279' title='bbox 817 2155 875 2187; x_wconf 92' lang='lat' dir='ltr'>ubi</span> <span class='ocrx_word' id='word_1_280' title='bbox 899 2156 1022 2192; x_wconf 62' lang='lat' dir='ltr'>fallar,</span> <span class='ocrx_word' id='word_1_281' title='bbox 1051 2162 1111 2188; x_wconf 89' lang='lat' dir='ltr'>aut</span> <span class='ocrx_word' id='word_1_282' title='bbox 1131 2155 1207 2200; x_wconf 88' lang='lat' dir='ltr'>qui-</span> 
     </span>
     <span class='ocr_line' id='line_1_41' title="bbox 213 2206 1206 2252; baseline -0.002 -12"><span class='ocrx_word' id='word_1_283' title='bbox 213 2221 295 2240; x_wconf 87' lang='lat' dir='ltr'>nam</span> <span class='ocrx_word' id='word_1_284' title='bbox 321 2207 481 2239; x_wconf 86' lang='lat' dir='ltr'>omnium</span> <span class='ocrx_word' id='word_1_285' title='bbox 498 2233 506 2246; x_wconf 86' lang='lat'>,</span> <span class='ocrx_word' id='word_1_286' title='bbox 545 2207 672 2252; x_wconf 86' lang='lat' dir='ltr'>quibus</span> <span class='ocrx_word' id='word_1_287' title='bbox 697 2206 752 2239; x_wconf 91' lang='lat' dir='ltr'>ille</span> <span class='ocrx_word' id='word_1_288' title='bbox 775 2207 882 2239; x_wconf 83' lang='lat' dir='ltr'>semel</span> <span class='ocrx_word' id='word_1_289' title='bbox 910 2206 1095 2250; x_wconf 77' lang='lat' dir='ltr'>imposuit,</span> <span class='ocrx_word' id='word_1_290' title='bbox 1131 2219 1206 2251; x_wconf 83' lang='lat' dir='ltr'>per-</span> 
     </span>
     <span class='ocr_line' id='line_1_42' title="bbox 213 2256 1207 2303; baseline -0.001 -13"><span class='ocrx_word' id='word_1_291' title='bbox 213 2266 297 2302; x_wconf 80' lang='lat' dir='ltr'>gant</span> <span class='ocrx_word' id='word_1_292' title='bbox 314 2259 345 2290; x_wconf 91' lang='lat' dir='ltr'>ei</span> <span class='ocrx_word' id='word_1_293' title='bbox 363 2259 526 2298; x_wconf 86' lang='lat' dir='ltr'>credere,</span> <span class='ocrx_word' id='word_1_294' title='bbox 555 2264 615 2290; x_wconf 82' lang='lat' dir='ltr'>aut</span> <span class='ocrx_word' id='word_1_295' title='bbox 631 2270 737 2303; x_wconf 88' lang='lat' dir='ltr'>quam</span> <span class='ocrx_word' id='word_1_296' title='bbox 758 2257 934 2301; x_wconf 65' lang='lat' dir='ltr'>patienter</span> <span class='ocrx_word' id='word_1_297' title='bbox 953 2256 1113 2291; x_wconf 73' lang='lat' dir='ltr'>Thessali</span> <span class='ocrx_word' id='word_1_298' title='bbox 1138 2270 1207 2291; x_wconf 81' lang='lat' dir='ltr'>ser-</span> 
     </span>
     <span class='ocr_line' id='line_1_43' title="bbox 194 2308 1207 2354; baseline -0.002 -12"><span class='ocrx_word' id='word_1_299' title='bbox 194 2308 360 2342; x_wconf 67' lang='lat' dir='ltr'>&#39;vitutem</span> <span class='ocrx_word' id='word_1_300' title='bbox 377 2310 512 2349; x_wconf 64' lang='lat' dir='ltr'>ser-int,</span> <span class='ocrx_word' id='word_1_301' title='bbox 538 2309 574 2341; x_wconf 88' lang='lat' dir='ltr'>in</span> <span class='ocrx_word' id='word_1_302' title='bbox 591 2322 696 2354; x_wconf 82' lang='lat' dir='ltr'>quam</span> <span class='ocrx_word' id='word_1_303' title='bbox 716 2315 856 2353; x_wconf 86' lang='lat' dir='ltr'>praeter</span> <span class='ocrx_word' id='word_1_304' title='bbox 875 2309 1039 2341; x_wconf 87' lang='lat' dir='ltr'>meritum</span> <span class='ocrx_word' id='word_1_305' title='bbox 1060 2309 1207 2342; x_wconf 89' lang='lat' dir='ltr'>coniecti</span> 
     </span>
     <span class='ocr_line' id='line_1_44' title="bbox 214 2368 306 2394; baseline 0 0"><span class='ocrx_word' id='word_1_306' title='bbox 214 2368 306 2394; x_wconf 78' lang='lat' dir='ltr'>sunt.</span> 
     </span>
    </p>
   </div>
   <div class='ocr_carea' id='block_1_3' title="bbox 213 2426 1209 2576">
    <p class='ocr_par' dir='ltr' id='par_1_3' title="bbox 213 2426 1209 2576">
     <span class='ocr_line' id='line_1_45' title="bbox 318 2426 1207 2474; baseline 0 -14"><span class='ocrx_word' id='word_1_307' title='bbox 318 2428 432 2461; x_wconf 84' lang='lat' dir='ltr'>Porro</span> <span class='ocrx_word' id='word_1_308' title='bbox 450 2429 477 2462; x_wconf 89' lang='lat' dir='ltr'>si</span> <span class='ocrx_word' id='word_1_309' title='bbox 497 2428 575 2474; x_wconf 88' lang='lat' dir='ltr'>quis</span> <span class='ocrx_word' id='word_1_310' title='bbox 592 2428 788 2468; x_wconf 79' lang='lat' dir='ltr'>existimat,</span> <span class='ocrx_word' id='word_1_311' title='bbox 815 2440 1032 2474; x_wconf 84' lang='lat' dir='ltr'>quamquam</span> <span class='ocrx_word' id='word_1_312' title='bbox 1053 2426 1140 2461; x_wconf 87' lang='lat' dir='ltr'>baec</span> <span class='ocrx_word' id='word_1_313' title='bbox 1160 2427 1207 2460; x_wconf 81' lang='lat' dir='ltr'>ita</span> 
     </span>
     <span class='ocr_line' id='line_1_46' title="bbox 214 2476 1208 2524; baseline -0.001 -12"><span class='ocrx_word' id='word_1_314' title='bbox 214 2491 250 2512; x_wconf 86' lang='lat' dir='ltr'>se</span> <span class='ocrx_word' id='word_1_315' title='bbox 281 2476 454 2519; x_wconf 77' lang='lat' dir='ltr'>babeant,</span> <span class='ocrx_word' id='word_1_316' title='bbox 497 2487 615 2512; x_wconf 84' lang='lat' dir='ltr'>tamen</span> <span class='ocrx_word' id='word_1_317' title='bbox 642 2480 674 2511; x_wconf 71' lang='lat' dir='ltr'>vi</span> <span class='ocrx_word' id='word_1_318' title='bbox 700 2480 839 2524; x_wconf 87' lang='lat' dir='ltr'>imperii</span> <span class='ocrx_word' id='word_1_319' title='bbox 868 2480 1123 2524; x_wconf 77' lang='lat' dir='ltr'>possessionem</span> <span class='ocrx_word' id='word_1_320' title='bbox 1150 2481 1208 2512; x_wconf 93' lang='lat' dir='ltr'>de—</span> 
     </span>
     <span class='ocr_line' id='line_1_47' title="bbox 213 2530 1209 2576; baseline 0.001 -14"><span class='ocrx_word' id='word_1_321' title='bbox 213 2531 396 2562; x_wconf 82' lang='lat' dir='ltr'>fensurum</span> <span class='ocrx_word' id='word_1_322' title='bbox 415 2543 506 2570; x_wconf 90' lang='lat' dir='ltr'>esse,</span> <span class='ocrx_word' id='word_1_323' title='bbox 540 2532 635 2576; x_wconf 85' lang='lat' dir='ltr'>quod</span> <span class='ocrx_word' id='word_1_324' title='bbox 660 2531 790 2575; x_wconf 83' lang='lat' dir='ltr'>oppida</span> <span class='ocrx_word' id='word_1_325' title='bbox 818 2543 856 2563; x_wconf 75' lang='lat' dir='ltr'>ac</span> <span class='ocrx_word' id='word_1_326' title='bbox 886 2538 1009 2575; x_wconf 87' lang='lat' dir='ltr'>portus</span> <span class='ocrx_word' id='word_1_327' title='bbox 1035 2537 1068 2563; x_wconf 89' lang='lat' dir='ltr'>et</span> <span class='ocrx_word' id='word_1_328' title='bbox 1092 2530 1209 2563; x_wconf 88' lang='lat' dir='ltr'>muni-</span> 
     </span>
    </p>
   </div>
   <div class='ocr_carea' id='block_1_4' title="bbox 223 2622 329 2627">
    <p class='ocr_par' dir='ltr' id='par_1_4' title="bbox 223 2622 329 2627">
     <span class='ocr_line' id='line_1_48' title="bbox 223 2622 329 2627; baseline 0 0"><span class='ocrx_word' id='word_1_329' title='bbox 223 2622 329 2627; x_wconf 95' lang='lat' dir='ltr'> </span> 
     </span>
    </p>
   </div>
   <div class='ocr_carea' id='block_1_5' title="bbox 248 2672 845 2704">
    <p class='ocr_par' dir='ltr' id='par_1_5' title="bbox 248 2672 845 2704">
     <span class='ocr_line' id='line_1_49' title="bbox 248 2672 845 2704; baseline 0.002 -8"><span class='ocrx_word' id='word_1_330' title='bbox 248 2672 296 2703; x_wconf 81' lang='lat'>59)</span> <span class='ocrx_word' id='word_1_331' title='bbox 318 2674 349 2698; x_wconf 78' lang='lat' dir='ltr'>u.</span> <span class='ocrx_word' id='word_1_332' title='bbox 371 2673 387 2696; x_wconf 82' lang='lat'>1.</span> <span class='ocrx_word' id='word_1_333' title='bbox 408 2674 501 2697; x_wconf 86' lang='lat' dir='ltr'>annot.</span> <span class='ocrx_word' id='word_1_334' title='bbox 522 2673 654 2703; x_wconf 58' lang='lat' dir='ltr'>mai-gith:</span> <span class='ocrx_word' id='word_1_335' title='bbox 682 2673 845 2704; x_wconf 74' lang='lat' dir='ltr'>propositio.</span> 
     </span>
    </p>
   </div>
   <div class='ocr_carea' id='block_1_6' title="bbox 250 2733 1151 2766">
    <p class='ocr_par' dir='ltr' id='par_1_6' title="bbox 250 2733 1151 2766">
     <span class='ocr_line' id='line_1_50' title="bbox 250 2733 1151 2766; baseline 0.002 -10"><span class='ocrx_word' id='word_1_336' title='bbox 250 2733 298 2761; x_wconf 83' lang='lat'>60)</span> <span class='ocrx_word' id='word_1_337' title='bbox 319 2734 350 2757; x_wconf 79' lang='grc' dir='ltr'>Η,</span> <span class='ocrx_word' id='word_1_338' title='bbox 373 2733 390 2756; x_wconf 88' lang='lat' dir='ltr'>l.</span> <span class='ocrx_word' id='word_1_339' title='bbox 410 2734 503 2757; x_wconf 85' lang='lat' dir='ltr'>annot.</span> <span class='ocrx_word' id='word_1_340' title='bbox 524 2733 654 2763; x_wconf 74' lang='lat' dir='ltr'>margin.:</span> <span class='ocrx_word' id='word_1_341' title='bbox 687 2735 782 2763; x_wconf 78' lang='lat' dir='ltr'>Qualis</span> <span class='ocrx_word' id='word_1_342' title='bbox 803 2740 870 2766; x_wconf 79' lang='lat' dir='ltr'>erga</span> <span class='ocrx_word' id='word_1_343' title='bbox 889 2734 982 2759; x_wconf 82' lang='lat' dir='ltr'>socios</span> <span class='ocrx_word' id='word_1_344' title='bbox 1002 2735 1151 2766; x_wconf 80' lang='lat' dir='ltr'>Philippus.</span> 
     </span>
    </p>
   </div>
   <div class='ocr_carea' id='block_1_7' title="bbox 783 117 1659 159">
    <p class='ocr_par' dir='ltr' id='par_1_7' title="bbox 783 117 1659 159">
     <span class='ocr_line' id='line_1_51' title="bbox 783 117 1659 159; baseline -0.008 0"><span class='ocrx_word' id='word_1_345' title='bbox 783 124 904 159; x_wconf 82' lang='lat' dir='ltr'>PHIL.</span> <span class='ocrx_word' id='word_1_346' title='bbox 940 121 1052 156; x_wconf 89' lang='lat' dir='ltr'>MEL.</span> <span class='ocrx_word' id='word_1_347' title='bbox 1087 119 1288 155; x_wconf 65' lang='lat' dir='ltr'><strong>SCRIPTA</strong></span> <span class='ocrx_word' id='word_1_348' title='bbox 1322 117 1659 153; x_wconf 82' lang='lat' dir='ltr'>PHILOLOGICA.</span> 
     </span>
    </p>
   </div>
   <div class='ocr_carea' id='block_1_8' title="bbox 2168 116 2242 152">
    <p class='ocr_par' dir='ltr' id='par_1_8' title="bbox 2168 116 2242 152">
     <span class='ocr_line' id='line_1_52' title="bbox 2168 116 2242 152; baseline 0 -1"><span class='ocrx_word' id='word_1_349' title='bbox 2168 116 2242 152; x_wconf 73' lang='lat'>720</span> 
     </span>
    </p>
   </div>
   <div class='ocr_carea' id='block_1_9' title="bbox 1250 199 2253 2456">
    <p class='ocr_par' dir='ltr' id='par_1_9' title="bbox 1250 199 2253 1942">
     <span class='ocr_line' id='line_1_53' title="bbox 1251 199 2242 250; baseline -0.003 -12"><span class='ocrx_word' id='word_1_350' title='bbox 1251 211 1370 238; x_wconf 82' lang='lat' dir='ltr'>menta</span> <span class='ocrx_word' id='word_1_351' title='bbox 1401 205 1522 238; x_wconf 84' lang='lat' dir='ltr'>onmia</span> <span class='ocrx_word' id='word_1_352' title='bbox 1552 210 1809 250; x_wconf 82' lang='lat' dir='ltr'>praeoccupata</span> <span class='ocrx_word' id='word_1_353' title='bbox 1842 207 1978 241; x_wconf 75' lang='lat' dir='ltr'>teneat,</span> <span class='ocrx_word' id='word_1_354' title='bbox 2022 201 2107 248; x_wconf 81' lang='lat' dir='ltr'>is⁶¹)</span> <span class='ocrx_word' id='word_1_355' title='bbox 2138 199 2242 235; x_wconf 89' lang='lat' dir='ltr'>vehe-</span> 
     </span>
     <span class='ocr_line' id='line_1_54' title="bbox 1250 252 2240 302; baseline -0.004 -13"><span class='ocrx_word' id='word_1_356' title='bbox 1250 263 1388 289; x_wconf 84' lang='lat' dir='ltr'>menter</span> <span class='ocrx_word' id='word_1_357' title='bbox 1407 263 1517 293; x_wconf 85' lang='lat' dir='ltr'>errat;</span> <span class='ocrx_word' id='word_1_358' title='bbox 1545 258 1690 302; x_wconf 86' lang='lat' dir='ltr'>quando</span> <span class='ocrx_word' id='word_1_359' title='bbox 1708 255 1802 288; x_wconf 90' lang='lat' dir='ltr'>enim</span> <span class='ocrx_word' id='word_1_360' title='bbox 1820 252 1968 297; x_wconf 85' lang='lat' dir='ltr'>imperia</span> <span class='ocrx_word' id='word_1_361' title='bbox 1992 253 2240 286; x_wconf 74' lang='lat' dir='ltr'>benevolentia</span> 
     </span>
     <span class='ocr_line' id='line_1_55' title="bbox 1250 304 2242 355; baseline -0.004 -15"><span class='ocrx_word' id='word_1_362' title='bbox 1250 307 1552 355; x_wconf 59' lang='lat' dir='ltr'>continentium),</span> <span class='ocrx_word' id='word_1_363' title='bbox 1579 320 1641 340; x_wconf 89' lang='lat' dir='ltr'>nec</span> <span class='ocrx_word' id='word_1_364' title='bbox 1666 307 1798 347; x_wconf 87' lang='lat' dir='ltr'>socios,</span> <span class='ocrx_word' id='word_1_365' title='bbox 1827 306 1887 351; x_wconf 88' lang='lat' dir='ltr'>qui</span> <span class='ocrx_word' id='word_1_366' title='bbox 1912 304 2149 337; x_wconf 88' lang='lat' dir='ltr'>communiter</span> <span class='ocrx_word' id='word_1_367' title='bbox 2170 304 2242 337; x_wconf 85' lang='lat' dir='ltr'>bel-</span> 
     </span>
     <span class='ocr_line' id='line_1_56' title="bbox 1251 356 2243 403; baseline -0.005 -11"><span class='ocrx_word' id='word_1_368' title='bbox 1251 359 1323 392; x_wconf 88' lang='lat' dir='ltr'>lum</span> <span class='ocrx_word' id='word_1_369' title='bbox 1347 365 1493 402; x_wconf 81' lang='lat' dir='ltr'>gerunt,</span> <span class='ocrx_word' id='word_1_370' title='bbox 1521 358 1716 403; x_wconf 88' lang='lat' dir='ltr'>praesentis</span> <span class='ocrx_word' id='word_1_371' title='bbox 1735 364 1846 392; x_wconf 82' lang='lat' dir='ltr'>status</span> <span class='ocrx_word' id='word_1_372' title='bbox 1871 356 2048 401; x_wconf 87' lang='lat' dir='ltr'>poenitet,</span> <span class='ocrx_word' id='word_1_373' title='bbox 2083 362 2158 388; x_wconf 89' lang='lat' dir='ltr'>tum</span> <span class='ocrx_word' id='word_1_374' title='bbox 2183 356 2243 388; x_wconf 87' lang='lat' dir='ltr'>de-</span> 
     </span>
     <span class='ocr_line' id='line_1_57' title="bbox 1253 407 2242 454; baseline 0 -12"><span class='ocrx_word' id='word_1_375' title='bbox 1253 423 1348 443; x_wconf 91' lang='lat' dir='ltr'>mum</span> <span class='ocrx_word' id='word_1_376' title='bbox 1375 410 1411 441; x_wconf 94' lang='lat' dir='ltr'>in</span> <span class='ocrx_word' id='word_1_377' title='bbox 1434 410 1501 442; x_wconf 87' lang='lat' dir='ltr'>fide</span> <span class='ocrx_word' id='word_1_378' title='bbox 1530 416 1758 454; x_wconf 76' lang='lat' dir='ltr'>permanent,</span> <span class='ocrx_word' id='word_1_379' title='bbox 1792 421 1856 442; x_wconf 88' lang='lat' dir='ltr'>nec</span> <span class='ocrx_word' id='word_1_380' title='bbox 1887 409 1981 453; x_wconf 82' lang='lat' dir='ltr'>piget</span> <span class='ocrx_word' id='word_1_381' title='bbox 2012 407 2145 441; x_wconf 86' lang='lat' dir='ltr'>laboris</span> <span class='ocrx_word' id='word_1_382' title='bbox 2180 415 2242 442; x_wconf 82' lang='lat' dir='ltr'>aut</span> 
     </span>
     <span class='ocr_line' id='line_1_58' title="bbox 1253 460 2243 506; baseline 0.001 -13"><span class='ocrx_word' id='word_1_383' title='bbox 1253 460 1512 505; x_wconf 89' lang='lat' dir='ltr'>periculorum:</span> <span class='ocrx_word' id='word_1_384' title='bbox 1555 461 1699 506; x_wconf 85' lang='lat' dir='ltr'>quando</span> <span class='ocrx_word' id='word_1_385' title='bbox 1728 473 1812 493; x_wconf 79' lang='lat' dir='ltr'>vero</span> <span class='ocrx_word' id='word_1_386' title='bbox 1846 460 2018 493; x_wconf 81' lang='lat' dir='ltr'>maleficio</span> <span class='ocrx_word' id='word_1_387' title='bbox 2049 472 2088 493; x_wconf 83' lang='lat' dir='ltr'>ac</span> <span class='ocrx_word' id='word_1_388' title='bbox 2113 460 2243 494; x_wconf 86' lang='lat' dir='ltr'>scelere</span> 
     </span>
     <span class='ocr_line' id='line_1_59' title="bbox 1253 511 2243 556; baseline 0 -12"><span class='ocrx_word' id='word_1_389' title='bbox 1253 518 1394 556; x_wconf 84' lang='lat' dir='ltr'>partum</span> <span class='ocrx_word' id='word_1_390' title='bbox 1421 518 1471 544; x_wconf 90' lang='lat' dir='ltr'>est</span> <span class='ocrx_word' id='word_1_391' title='bbox 1491 511 1699 555; x_wconf 88' lang='lat' dir='ltr'>imperium,</span> <span class='ocrx_word' id='word_1_392' title='bbox 1733 511 1847 556; x_wconf 85' lang='lat' dir='ltr'>prima</span> <span class='ocrx_word' id='word_1_393' title='bbox 1872 512 2009 545; x_wconf 85' lang='lat' dir='ltr'>occasio</span> <span class='ocrx_word' id='word_1_394' title='bbox 2035 518 2067 545; x_wconf 88' lang='lat' dir='ltr'>et</span> <span class='ocrx_word' id='word_1_395' title='bbox 2091 512 2167 544; x_wconf 86' lang='lat' dir='ltr'>leve</span> <span class='ocrx_word' id='word_1_396' title='bbox 2190 511 2243 545; x_wconf 91' lang='lat' dir='ltr'>in—</span> 
     </span>
     <span class='ocr_line' id='line_1_60' title="bbox 1253 562 2243 602; baseline 0.001 -7"><span class='ocrx_word' id='word_1_397' title='bbox 1253 562 1450 595; x_wconf 79' lang='lat' dir='ltr'>fortunium</span> <span class='ocrx_word' id='word_1_398' title='bbox 1470 562 1603 595; x_wconf 84' lang='lat' dir='ltr'>alienat</span> <span class='ocrx_word' id='word_1_399' title='bbox 1618 562 1797 596; x_wconf 90' lang='lat' dir='ltr'>sociorum</span> <span class='ocrx_word' id='word_1_400' title='bbox 1824 563 1983 602; x_wconf 86' lang='lat' dir='ltr'>animos,</span> <span class='ocrx_word' id='word_1_401' title='bbox 2017 569 2051 596; x_wconf 86' lang='lat' dir='ltr'>et</span> <span class='ocrx_word' id='word_1_402' title='bbox 2076 563 2243 596; x_wconf 87' lang='lat' dir='ltr'>convellit</span> 
     </span>
     <span class='ocr_line' id='line_1_61' title="bbox 1254 614 2244 659; baseline 0 -12"><span class='ocrx_word' id='word_1_403' title='bbox 1254 614 1458 647; x_wconf 76' lang='lat' dir='ltr'>uuiversum</span> <span class='ocrx_word' id='word_1_404' title='bbox 1477 620 1607 647; x_wconf 82' lang='lat' dir='ltr'>statum</span> <span class='ocrx_word' id='word_1_405' title='bbox 1626 626 1759 653; x_wconf 86' lang='lat' dir='ltr'>rerum,</span> <span class='ocrx_word' id='word_1_406' title='bbox 1782 625 1897 659; x_wconf 86' lang='lat' dir='ltr'>neque</span> <span class='ocrx_word' id='word_1_407' title='bbox 1913 614 2007 647; x_wconf 86' lang='lat' dir='ltr'>enim</span> <span class='ocrx_word' id='word_1_408' title='bbox 2025 615 2101 648; x_wconf 84' lang='lat' dir='ltr'>fieri</span> <span class='ocrx_word' id='word_1_409' title='bbox 2116 620 2244 659; x_wconf 86' lang='lat' dir='ltr'>potest,</span> 
     </span>
     <span class='ocr_line' id='line_1_62' title="bbox 1253 665 2245 710; baseline 0.001 -12"><span class='ocrx_word' id='word_1_410' title='bbox 1253 672 1292 698; x_wconf 88' lang='lat' dir='ltr'>nt</span> <span class='ocrx_word' id='word_1_411' title='bbox 1314 665 1439 698; x_wconf 88' lang='lat' dir='ltr'>stabile</span> <span class='ocrx_word' id='word_1_412' title='bbox 1462 677 1501 697; x_wconf 88' lang='lat' dir='ltr'>ac</span> <span class='ocrx_word' id='word_1_413' title='bbox 1523 666 1664 698; x_wconf 82' lang='lat' dir='ltr'>firmum</span> <span class='ocrx_word' id='word_1_414' title='bbox 1692 665 1880 709; x_wconf 88' lang='lat' dir='ltr'>imperium</span> <span class='ocrx_word' id='word_1_415' title='bbox 1905 673 2131 710; x_wconf 81' lang='lat' dir='ltr'>comparetur</span> <span class='ocrx_word' id='word_1_416' title='bbox 2152 666 2245 699; x_wconf 91' lang='lat' dir='ltr'>iniu-</span> 
     </span>
     <span class='ocr_line' id='line_1_63' title="bbox 1253 716 2245 761; baseline 0.001 -12"><span class='ocrx_word' id='word_1_417' title='bbox 1253 717 1336 756; x_wconf 87' lang='lat' dir='ltr'>riis,</span> <span class='ocrx_word' id='word_1_418' title='bbox 1381 716 1575 760; x_wconf 84' lang='lat' dir='ltr'>peierando</span> <span class='ocrx_word' id='word_1_419' title='bbox 1606 722 1639 749; x_wconf 89' lang='lat' dir='ltr'>et</span> <span class='ocrx_word' id='word_1_420' title='bbox 1663 717 1806 755; x_wconf 87' lang='lat' dir='ltr'>frande,</span> <span class='ocrx_word' id='word_1_421' title='bbox 1850 717 2029 761; x_wconf 87' lang='lat' dir='ltr'>paulisper</span> <span class='ocrx_word' id='word_1_422' title='bbox 2053 716 2140 750; x_wconf 87' lang='lat' dir='ltr'>haee</span> <span class='ocrx_word' id='word_1_423' title='bbox 2162 730 2245 750; x_wconf 92' lang='lat' dir='ltr'>con-</span> 
     </span>
     <span class='ocr_line' id='line_1_64' title="bbox 1253 767 2245 812; baseline 0.001 -11"><span class='ocrx_word' id='word_1_424' title='bbox 1253 768 1400 807; x_wconf 89' lang='lat' dir='ltr'>sistunt,</span> <span class='ocrx_word' id='word_1_425' title='bbox 1434 767 1634 812; x_wconf 86' lang='lat' dir='ltr'>florentque</span> <span class='ocrx_word' id='word_1_426' title='bbox 1658 767 1850 812; x_wconf 85' lang='lat' dir='ltr'>tantisper,</span> <span class='ocrx_word' id='word_1_427' title='bbox 1881 769 1964 801; x_wconf 90' lang='lat' dir='ltr'>dum</span> <span class='ocrx_word' id='word_1_428' title='bbox 1984 769 2116 802; x_wconf 82' lang='lat' dir='ltr'>bonam</span> <span class='ocrx_word' id='word_1_429' title='bbox 2141 769 2184 802; x_wconf 89' lang='lat' dir='ltr'>de</span> <span class='ocrx_word' id='word_1_430' title='bbox 2208 781 2245 802; x_wconf 84' lang='lat' dir='ltr'>se</span> 
     </span>
     <span class='ocr_line' id='line_1_65' title="bbox 1253 817 2245 863; baseline 0.001 -11"><span class='ocrx_word' id='word_1_431' title='bbox 1253 831 1349 863; x_wconf 90' lang='lat' dir='ltr'>spem</span> <span class='ocrx_word' id='word_1_432' title='bbox 1373 819 1564 863; x_wconf 78' lang='lat' dir='ltr'>praebent,</span> <span class='ocrx_word' id='word_1_433' title='bbox 1591 825 1710 863; x_wconf 89' lang='lat' dir='ltr'>postea</span> <span class='ocrx_word' id='word_1_434' title='bbox 1728 819 1787 852; x_wconf 86' lang='lat' dir='ltr'>ubi</span> <span class='ocrx_word' id='word_1_435' title='bbox 1807 818 1890 851; x_wconf 80' lang='lat' dir='ltr'>vitia</span> <span class='ocrx_word' id='word_1_436' title='bbox 1917 817 2245 863; x_wconf 82' lang='lat' dir='ltr'>deprehenduntur,</span> 
     </span>
     <span class='ocr_line' id='line_1_66' title="bbox 1253 869 2248 912; baseline 0.001 -9"><span class='ocrx_word' id='word_1_437' title='bbox 1253 876 1364 903; x_wconf 88' lang='lat' dir='ltr'>ruunt</span> <span class='ocrx_word' id='word_1_438' title='bbox 1379 870 1513 904; x_wconf 85' lang='lat' dir='ltr'>omnia.</span> <span class='ocrx_word' id='word_1_439' title='bbox 1567 870 1615 903; x_wconf 81' lang='lat' dir='ltr'>Ut</span> <span class='ocrx_word' id='word_1_440' title='bbox 1632 870 1725 903; x_wconf 86' lang='lat' dir='ltr'>enim</span> <span class='ocrx_word' id='word_1_441' title='bbox 1747 869 1915 909; x_wconf 80' lang='lat' dir='ltr'>aedificii,</span> <span class='ocrx_word' id='word_1_442' title='bbox 1948 871 2070 912; x_wconf 77' lang='lat' dir='ltr'>navis,</span> <span class='ocrx_word' id='word_1_443' title='bbox 2101 877 2135 904; x_wconf 86' lang='lat' dir='ltr'>et</span> <span class='ocrx_word' id='word_1_444' title='bbox 2160 871 2248 904; x_wconf 86' lang='lat' dir='ltr'>alio-</span> 
     </span>
     <span class='ocr_line' id='line_1_67' title="bbox 1255 921 2246 967; baseline 0.001 -13"><span class='ocrx_word' id='word_1_445' title='bbox 1255 933 1333 954; x_wconf 87' lang='lat' dir='ltr'>rum</span> <span class='ocrx_word' id='word_1_446' title='bbox 1354 921 1388 953; x_wconf 90' lang='lat' dir='ltr'>id</span> <span class='ocrx_word' id='word_1_447' title='bbox 1407 934 1516 965; x_wconf 86' lang='lat' dir='ltr'>genus</span> <span class='ocrx_word' id='word_1_448' title='bbox 1533 922 1633 954; x_wconf 84' lang='lat' dir='ltr'>firma</span> <span class='ocrx_word' id='word_1_449' title='bbox 1654 922 1883 954; x_wconf 83' lang='lat' dir='ltr'>fundamenta</span> <span class='ocrx_word' id='word_1_450' title='bbox 1910 921 2068 955; x_wconf 87' lang='lat' dir='ltr'>iacienda</span> <span class='ocrx_word' id='word_1_451' title='bbox 2096 921 2246 967; x_wconf 58' lang='lat' dir='ltr'>suntoe)‚</span> 
     </span>
     <span class='ocr_line' id='line_1_68' title="bbox 1255 972 2248 1018; baseline 0.003 -14"><span class='ocrx_word' id='word_1_452' title='bbox 1255 972 1303 1005; x_wconf 85' lang='lat' dir='ltr'>ita</span> <span class='ocrx_word' id='word_1_453' title='bbox 1322 972 1548 1015; x_wconf 86' lang='lat' dir='ltr'>negotiorum</span> <span class='ocrx_word' id='word_1_454' title='bbox 1565 972 1725 1006; x_wconf 87' lang='lat' dir='ltr'>omnium</span> <span class='ocrx_word' id='word_1_455' title='bbox 1745 985 1868 1005; x_wconf 83' lang='lat' dir='ltr'>causae</span> <span class='ocrx_word' id='word_1_456' title='bbox 1888 979 1921 1005; x_wconf 90' lang='lat' dir='ltr'>et</span> <span class='ocrx_word' id='word_1_457' title='bbox 1940 972 2041 1005; x_wconf 79' lang='lat' dir='ltr'>initia</span> <span class='ocrx_word' id='word_1_458' title='bbox 2069 974 2181 1018; x_wconf 84' lang='lat' dir='ltr'>proba</span> <span class='ocrx_word' id='word_1_459' title='bbox 2207 985 2248 1007; x_wconf 81' lang='lat' dir='ltr'>ac</span> 
     </span>
     <span class='ocr_line' id='line_1_69' title="bbox 1256 1022 2247 1069; baseline 0.003 -14"><span class='ocrx_word' id='word_1_460' title='bbox 1256 1023 1345 1056; x_wconf 87' lang='lat' dir='ltr'>iusta</span> <span class='ocrx_word' id='word_1_461' title='bbox 1364 1036 1436 1057; x_wconf 83' lang='lat' dir='ltr'>esse</span> <span class='ocrx_word' id='word_1_462' title='bbox 1452 1024 1592 1057; x_wconf 87' lang='lat' dir='ltr'>debent.</span> <span class='ocrx_word' id='word_1_463' title='bbox 1652 1022 1689 1056; x_wconf 90' lang='lat' dir='ltr'>Id</span> <span class='ocrx_word' id='word_1_464' title='bbox 1713 1036 1796 1057; x_wconf 82' lang='lat' dir='ltr'>vero</span> <span class='ocrx_word' id='word_1_465' title='bbox 1822 1024 1858 1056; x_wconf 88' lang='lat' dir='ltr'>in</span> <span class='ocrx_word' id='word_1_466' title='bbox 1877 1022 2033 1069; x_wconf 85' lang='lat' dir='ltr'>Philippi</span> <span class='ocrx_word' id='word_1_467' title='bbox 2059 1025 2164 1058; x_wconf 89' lang='lat' dir='ltr'>rebus</span> <span class='ocrx_word' id='word_1_468' title='bbox 2189 1037 2247 1069; x_wconf 87' lang='lat' dir='ltr'>ge-</span> 
     </span>
     <span class='ocr_line' id='line_1_70' title="bbox 1255 1075 2248 1120; baseline 0.001 -12"><span class='ocrx_word' id='word_1_469' title='bbox 1255 1075 1316 1108; x_wconf 89' lang='lat' dir='ltr'>stis</span> <span class='ocrx_word' id='word_1_470' title='bbox 1332 1087 1559 1120; x_wconf 79' lang='lat' dir='ltr'>nequaquam</span> <span class='ocrx_word' id='word_1_471' title='bbox 1579 1081 1640 1108; x_wconf 86' lang='lat' dir='ltr'>est.</span> <span class='ocrx_word' id='word_1_472' title='bbox 1694 1075 1851 1107; x_wconf 86' lang='lat' dir='ltr'>Proinde</span> <span class='ocrx_word' id='word_1_473' title='bbox 1868 1075 1981 1108; x_wconf 91' lang='lat' dir='ltr'>sentio</span> <span class='ocrx_word' id='word_1_474' title='bbox 2005 1075 2160 1119; x_wconf 86' lang='lat' dir='ltr'>primum</span> <span class='ocrx_word' id='word_1_475' title='bbox 2187 1088 2248 1110; x_wconf 83' lang='lat' dir='ltr'>au-</span> 
     </span>
     <span class='ocr_line' id='line_1_71' title="bbox 1257 1123 2250 1171; baseline 0.002 -13"><span class='ocrx_word' id='word_1_476' title='bbox 1257 1126 1340 1159; x_wconf 77' lang='lat' dir='ltr'>xilio</span> <span class='ocrx_word' id='word_1_477' title='bbox 1361 1126 1536 1159; x_wconf 73' lang='lat' dir='ltr'>iuvandos</span> <span class='ocrx_word' id='word_1_478' title='bbox 1564 1138 1636 1158; x_wconf 85' lang='lat' dir='ltr'>esse</span> <span class='ocrx_word' id='word_1_479' title='bbox 1652 1123 1862 1170; x_wconf 66' lang='lat' dir='ltr'>Olynthios,</span> <span class='ocrx_word' id='word_1_480' title='bbox 1896 1126 2003 1171; x_wconf 88' lang='lat' dir='ltr'>idque</span> <span class='ocrx_word' id='word_1_481' title='bbox 2031 1127 2186 1170; x_wconf 83' lang='lat' dir='ltr'>optarim</span> <span class='ocrx_word' id='word_1_482' title='bbox 2215 1133 2250 1161; x_wconf 84' lang='lat' dir='ltr'>et</span> 
     </span>
     <span class='ocr_line' id='line_1_72' title="bbox 1257 1176 2252 1220; baseline 0.004 -11"><span class='ocrx_word' id='word_1_483' title='bbox 1257 1177 1524 1220; x_wconf 83' lang='lat' dir='ltr'>diligentissime</span> <span class='ocrx_word' id='word_1_484' title='bbox 1550 1176 1720 1209; x_wconf 76' lang='lat' dir='ltr'>adornari</span> <span class='ocrx_word' id='word_1_485' title='bbox 1745 1183 1779 1210; x_wconf 90' lang='lat' dir='ltr'>et</span> <span class='ocrx_word' id='word_1_486' title='bbox 1804 1177 1989 1210; x_wconf 83' lang='lat' dir='ltr'>maturari.</span> <span class='ocrx_word' id='word_1_487' title='bbox 2051 1177 2190 1213; x_wconf 88' lang='lat' dir='ltr'>Deinde</span> <span class='ocrx_word' id='word_1_488' title='bbox 2217 1185 2252 1212; x_wconf 90' lang='lat' dir='ltr'>et</span> 
     </span>
     <span class='ocr_line' id='line_1_73' title="bbox 1257 1227 2252 1276; baseline 0.003 -15"><span class='ocrx_word' id='word_1_489' title='bbox 1257 1230 1299 1261; x_wconf 86' lang='lat' dir='ltr'>ad</span> <span class='ocrx_word' id='word_1_490' title='bbox 1319 1227 1508 1262; x_wconf 82' lang='lat' dir='ltr'>Thessalos</span> <span class='ocrx_word' id='word_1_491' title='bbox 1524 1228 1657 1272; x_wconf 80' lang='lat' dir='ltr'>legatos</span> <span class='ocrx_word' id='word_1_492' title='bbox 1673 1227 1777 1267; x_wconf 86' lang='lat' dir='ltr'>mitti,</span> <span class='ocrx_word' id='word_1_493' title='bbox 1802 1228 1863 1273; x_wconf 89' lang='lat' dir='ltr'>qui</span> <span class='ocrx_word' id='word_1_494' title='bbox 1880 1240 1958 1262; x_wconf 90' lang='lat' dir='ltr'>cum</span> <span class='ocrx_word' id='word_1_495' title='bbox 1975 1229 2136 1271; x_wconf 85' lang='lat' dir='ltr'>doceant,</span> <span class='ocrx_word' id='word_1_496' title='bbox 2166 1230 2252 1276; x_wconf 87' lang='lat' dir='ltr'>quid</span> 
     </span>
     <span class='ocr_line' id='line_1_74' title="bbox 1258 1278 2247 1324; baseline 0.002 -11"><span class='ocrx_word' id='word_1_497' title='bbox 1258 1282 1300 1313; x_wconf 89' lang='lat' dir='ltr'>de</span> <span class='ocrx_word' id='word_1_498' title='bbox 1317 1278 1485 1323; x_wconf 88' lang='lat' dir='ltr'>Philippo</span> <span class='ocrx_word' id='word_1_499' title='bbox 1502 1279 1567 1313; x_wconf 88' lang='lat' dir='ltr'>sibi</span> <span class='ocrx_word' id='word_1_500' title='bbox 1586 1279 1744 1322; x_wconf 89' lang='lat' dir='ltr'>polliceri</span> <span class='ocrx_word' id='word_1_501' title='bbox 1761 1280 1914 1324; x_wconf 84' lang='lat' dir='ltr'>possint,</span> <span class='ocrx_word' id='word_1_502' title='bbox 1948 1286 2021 1312; x_wconf 86' lang='lat' dir='ltr'>tum</span> <span class='ocrx_word' id='word_1_503' title='bbox 2047 1282 2091 1314; x_wconf 84' lang='lat' dir='ltr'>ad</span> <span class='ocrx_word' id='word_1_504' title='bbox 2115 1282 2247 1315; x_wconf 89' lang='lat' dir='ltr'>bellum</span> 
     </span>
     <span class='ocr_line' id='line_1_75' title="bbox 1258 1331 2249 1377; baseline 0.002 -13"><span class='ocrx_word' id='word_1_505' title='bbox 1258 1331 1472 1370; x_wconf 85' lang='lat' dir='ltr'>accendant,</span> <span class='ocrx_word' id='word_1_506' title='bbox 1498 1331 1677 1363; x_wconf 90' lang='lat' dir='ltr'>decretum</span> <span class='ocrx_word' id='word_1_507' title='bbox 1703 1331 1797 1363; x_wconf 91' lang='lat' dir='ltr'>enim</span> <span class='ocrx_word' id='word_1_508' title='bbox 1823 1332 1953 1363; x_wconf 85' lang='lat' dir='ltr'>sactum</span> <span class='ocrx_word' id='word_1_509' title='bbox 1979 1337 2048 1372; x_wconf 89' lang='lat' dir='ltr'>est,</span> <span class='ocrx_word' id='word_1_510' title='bbox 2076 1333 2118 1365; x_wconf 88' lang='lat' dir='ltr'>de</span> <span class='ocrx_word' id='word_1_511' title='bbox 2136 1333 2249 1377; x_wconf 82' lang='lat' dir='ltr'>Paga—</span> 
     </span>
     <span class='ocr_line' id='line_1_76' title="bbox 1258 1381 2249 1426; baseline 0.004 -11"><span class='ocrx_word' id='word_1_512' title='bbox 1258 1383 1303 1416; x_wconf 89' lang='lat' dir='ltr'>sis</span> <span class='ocrx_word' id='word_1_513' title='bbox 1332 1381 1553 1426; x_wconf 88' lang='lat' dir='ltr'>repetendis,</span> <span class='ocrx_word' id='word_1_514' title='bbox 1595 1388 1626 1414; x_wconf 85' lang='lat' dir='ltr'>et</span> <span class='ocrx_word' id='word_1_515' title='bbox 1659 1383 1702 1414; x_wconf 90' lang='lat' dir='ltr'>de</span> <span class='ocrx_word' id='word_1_516' title='bbox 1727 1382 1907 1426; x_wconf 78' lang='lat' dir='ltr'>Magnesia</span> <span class='ocrx_word' id='word_1_517' title='bbox 1934 1382 2003 1414; x_wconf 82' lang='lat' dir='ltr'>iam</span> <span class='ocrx_word' id='word_1_518' title='bbox 2035 1384 2249 1419; x_wconf 77' lang='lat' dir='ltr'>consultant.</span> 
     </span>
     <span class='ocr_line' id='line_1_77' title="bbox 1260 1431 2250 1477; baseline 0.002 -11"><span class='ocrx_word' id='word_1_519' title='bbox 1260 1434 1374 1466; x_wconf 87' lang='lat' dir='ltr'>Porro</span> <span class='ocrx_word' id='word_1_520' title='bbox 1392 1431 1458 1466; x_wconf 90' lang='lat' dir='ltr'>hoc</span> <span class='ocrx_word' id='word_1_521' title='bbox 1476 1434 1729 1477; x_wconf 87' lang='lat' dir='ltr'>praestandum</span> <span class='ocrx_word' id='word_1_522' title='bbox 1749 1440 1799 1466; x_wconf 90' lang='lat' dir='ltr'>est</span> <span class='ocrx_word' id='word_1_523' title='bbox 1819 1433 1938 1473; x_wconf 76' lang='lat' dir='ltr'>vobis,</span> <span class='ocrx_word' id='word_1_524' title='bbox 1966 1445 2010 1466; x_wconf 92' lang='lat' dir='ltr'>ne</span> <span class='ocrx_word' id='word_1_525' title='bbox 2033 1434 2149 1468; x_wconf 89' lang='lat' dir='ltr'>verbis</span> <span class='ocrx_word' id='word_1_526' title='bbox 2173 1441 2250 1468; x_wconf 83' lang='lat' dir='ltr'>tan-</span> 
     </span>
     <span class='ocr_line' id='line_1_78' title="bbox 1261 1484 2249 1528; baseline 0.003 -10"><span class='ocrx_word' id='word_1_527' title='bbox 1261 1492 1334 1519; x_wconf 90' lang='lat' dir='ltr'>tum</span> <span class='ocrx_word' id='word_1_528' title='bbox 1355 1491 1461 1528; x_wconf 78' lang='lat' dir='ltr'>agant</span> <span class='ocrx_word' id='word_1_529' title='bbox 1478 1497 1553 1517; x_wconf 84' lang='lat' dir='ltr'>rem</span> <span class='ocrx_word' id='word_1_530' title='bbox 1571 1484 1696 1528; x_wconf 83' lang='lat' dir='ltr'>legati,</span> <span class='ocrx_word' id='word_1_531' title='bbox 1724 1485 1785 1518; x_wconf 89' lang='lat' dir='ltr'>sed</span> <span class='ocrx_word' id='word_1_532' title='bbox 1811 1484 1972 1528; x_wconf 84' lang='lat' dir='ltr'>exemplo</span> <span class='ocrx_word' id='word_1_533' title='bbox 2001 1492 2117 1519; x_wconf 87' lang='lat' dir='ltr'>vestro</span> <span class='ocrx_word' id='word_1_534' title='bbox 2136 1484 2249 1521; x_wconf 81' lang='lat' dir='ltr'>Thes—</span> 
     </span>
     <span class='ocr_line' id='line_1_79' title="bbox 1259 1536 2253 1583; baseline 0.001 -12"><span class='ocrx_word' id='word_1_535' title='bbox 1259 1537 1351 1571; x_wconf 84' lang='lat' dir='ltr'>salos</span> <span class='ocrx_word' id='word_1_536' title='bbox 1369 1536 1605 1575; x_wconf 87' lang='lat' dir='ltr'>inflamment,</span> <span class='ocrx_word' id='word_1_537' title='bbox 1630 1548 1707 1569; x_wconf 89' lang='lat' dir='ltr'>cum</span> <span class='ocrx_word' id='word_1_538' title='bbox 1728 1548 1792 1580; x_wconf 89' lang='lat' dir='ltr'>pro</span> <span class='ocrx_word' id='word_1_539' title='bbox 1811 1536 1907 1569; x_wconf 90' lang='lat' dir='ltr'>urbis</span> <span class='ocrx_word' id='word_1_540' title='bbox 1925 1536 2095 1581; x_wconf 81' lang='lat' dir='ltr'>dignitate</span> <span class='ocrx_word' id='word_1_541' title='bbox 2112 1538 2253 1583; x_wconf 85' lang='lat' dir='ltr'>expedi-</span> 
     </span>
     <span class='ocr_line' id='line_1_80' title="bbox 1261 1586 2253 1632; baseline 0.005 -12"><span class='ocrx_word' id='word_1_542' title='bbox 1261 1589 1394 1621; x_wconf 89' lang='lat' dir='ltr'>tionem</span> <span class='ocrx_word' id='word_1_543' title='bbox 1411 1586 1652 1632; x_wconf 84' lang='lat' dir='ltr'>susceperitis,</span> <span class='ocrx_word' id='word_1_544' title='bbox 1681 1593 1714 1620; x_wconf 87' lang='lat' dir='ltr'>et</span> <span class='ocrx_word' id='word_1_545' title='bbox 1729 1600 1873 1622; x_wconf 85' lang='lat' dir='ltr'>manum</span> <span class='ocrx_word' id='word_1_546' title='bbox 1891 1589 1995 1622; x_wconf 88' lang='lat' dir='ltr'>rebus</span> <span class='ocrx_word' id='word_1_547' title='bbox 2010 1590 2253 1626; x_wconf 77' lang='lat' dir='ltr'>admoveritis.</span> 
     </span>
     <span class='ocr_line' id='line_1_81' title="bbox 1260 1639 2251 1684; baseline 0.003 -11"><span class='ocrx_word' id='word_1_548' title='bbox 1260 1640 1322 1673; x_wconf 81' lang='lat' dir='ltr'>Est</span> <span class='ocrx_word' id='word_1_549' title='bbox 1344 1639 1438 1672; x_wconf 89' lang='lat' dir='ltr'>enim</span> <span class='ocrx_word' id='word_1_550' title='bbox 1463 1640 1580 1673; x_wconf 83' lang='lat' dir='ltr'>inanis</span> <span class='ocrx_word' id='word_1_551' title='bbox 1603 1640 1738 1680; x_wconf 84' lang='lat' dir='ltr'>oratio,</span> <span class='ocrx_word' id='word_1_552' title='bbox 1780 1640 1848 1674; x_wconf 92' lang='lat' dir='ltr'>nisi</span> <span class='ocrx_word' id='word_1_553' title='bbox 1873 1652 2019 1674; x_wconf 78' lang='lat' dir='ltr'>manum</span> <span class='ocrx_word' id='word_1_554' title='bbox 2048 1642 2251 1684; x_wconf 80' lang='lat' dir='ltr'>admoveas,</span> 
     </span>
     <span class='ocr_line' id='line_1_82' title="bbox 1262 1691 2249 1737; baseline 0.004 -14"><span class='ocrx_word' id='word_1_555' title='bbox 1262 1691 1424 1736; x_wconf 86' lang='lat' dir='ltr'>inprimis</span> <span class='ocrx_word' id='word_1_556' title='bbox 1443 1692 1485 1724; x_wconf 92' lang='lat' dir='ltr'>de</span> <span class='ocrx_word' id='word_1_557' title='bbox 1502 1698 1622 1724; x_wconf 81' lang='lat' dir='ltr'>nostra</span> <span class='ocrx_word' id='word_1_558' title='bbox 1642 1692 1747 1729; x_wconf 85' lang='lat' dir='ltr'>urbe;</span> <span class='ocrx_word' id='word_1_559' title='bbox 1782 1704 1865 1724; x_wconf 84' lang='lat' dir='ltr'>nam</span> <span class='ocrx_word' id='word_1_560' title='bbox 1890 1705 1961 1737; x_wconf 91' lang='lat' dir='ltr'>quo</span> <span class='ocrx_word' id='word_1_561' title='bbox 1987 1692 2089 1726; x_wconf 89' lang='lat' dir='ltr'>citius</span> <span class='ocrx_word' id='word_1_562' title='bbox 2114 1694 2150 1726; x_wconf 90' lang='lat' dir='ltr'>in</span> <span class='ocrx_word' id='word_1_563' title='bbox 2168 1707 2249 1728; x_wconf 90' lang='lat' dir='ltr'>eum</span> 
     </span>
     <span class='ocr_line' id='line_1_83' title="bbox 1262 1742 2249 1788; baseline 0.004 -13"><span class='ocrx_word' id='word_1_564' title='bbox 1262 1744 1432 1788; x_wconf 88' lang='lat' dir='ltr'>impetum</span> <span class='ocrx_word' id='word_1_565' title='bbox 1454 1742 1643 1783; x_wconf 85' lang='lat' dir='ltr'>faciemus,</span> <span class='ocrx_word' id='word_1_566' title='bbox 1672 1755 1713 1775; x_wconf 88' lang='lat' dir='ltr'>eo</span> <span class='ocrx_word' id='word_1_567' title='bbox 1732 1743 1843 1787; x_wconf 84' lang='lat' dir='ltr'>magis</span> <span class='ocrx_word' id='word_1_568' title='bbox 1862 1743 1911 1775; x_wconf 90' lang='lat' dir='ltr'>illi</span> <span class='ocrx_word' id='word_1_569' title='bbox 1929 1743 2090 1777; x_wconf 83' lang='lat' dir='ltr'>diffident</span> <span class='ocrx_word' id='word_1_570' title='bbox 2114 1757 2249 1780; x_wconf 84' lang='lat' dir='ltr'>ornnes.</span> 
     </span>
     <span class='ocr_line' id='line_1_84' title="bbox 1262 1794 2252 1839; baseline 0.003 -12"><span class='ocrx_word' id='word_1_571' title='bbox 1262 1795 1452 1839; x_wconf 81' lang='lat' dir='ltr'>Magnam,</span> <span class='ocrx_word' id='word_1_572' title='bbox 1479 1794 1632 1833; x_wconf 89' lang='lat' dir='ltr'>credite,</span> <span class='ocrx_word' id='word_1_573' title='bbox 1667 1795 1902 1827; x_wconf 84' lang='lat' dir='ltr'>mutationem</span> <span class='ocrx_word' id='word_1_574' title='bbox 1930 1807 1991 1828; x_wconf 87' lang='lat' dir='ltr'>vos</span> <span class='ocrx_word' id='word_1_575' title='bbox 2018 1795 2187 1830; x_wconf 84' lang='lat' dir='ltr'>allaturos</span> <span class='ocrx_word' id='word_1_576' title='bbox 2211 1797 2252 1829; x_wconf 90' lang='lat' dir='ltr'>il-</span> 
     </span>
     <span class='ocr_line' id='line_1_85' title="bbox 1261 1844 2252 1890; baseline 0.001 -11"><span class='ocrx_word' id='word_1_577' title='bbox 1261 1848 1326 1880; x_wconf 92' lang='lat' dir='ltr'>lius</span> <span class='ocrx_word' id='word_1_578' title='bbox 1344 1846 1468 1885; x_wconf 85' lang='lat' dir='ltr'>rebus,</span> <span class='ocrx_word' id='word_1_579' title='bbox 1496 1845 1524 1878; x_wconf 89' lang='lat' dir='ltr'>si</span> <span class='ocrx_word' id='word_1_580' title='bbox 1544 1844 1697 1878; x_wconf 88' lang='lat' dir='ltr'>viderint</span> <span class='ocrx_word' id='word_1_581' title='bbox 1714 1858 1778 1879; x_wconf 89' lang='lat' dir='ltr'>nos</span> <span class='ocrx_word' id='word_1_582' title='bbox 1804 1846 1928 1890; x_wconf 90' lang='lat' dir='ltr'>cupide</span> <span class='ocrx_word' id='word_1_583' title='bbox 1952 1847 2132 1887; x_wconf 85' lang='lat' dir='ltr'>conferre,</span> <span class='ocrx_word' id='word_1_584' title='bbox 2159 1847 2252 1881; x_wconf 85' lang='lat' dir='ltr'>mili-</span> 
     </span>
     <span class='ocr_line' id='line_1_86' title="bbox 1261 1896 1896 1942; baseline 0 -12"><span class='ocrx_word' id='word_1_585' title='bbox 1261 1905 1336 1931; x_wconf 87' lang='lat' dir='ltr'>tare</span> <span class='ocrx_word' id='word_1_586' title='bbox 1348 1925 1356 1938; x_wconf 94' lang='lat'>,</span> <span class='ocrx_word' id='word_1_587' title='bbox 1386 1896 1579 1942; x_wconf 89' lang='lat' dir='ltr'>omniaque</span> <span class='ocrx_word' id='word_1_588' title='bbox 1595 1896 1758 1929; x_wconf 82' lang='lat' dir='ltr'>alacriter</span> <span class='ocrx_word' id='word_1_589' title='bbox 1772 1897 1896 1930; x_wconf 85' lang='lat' dir='ltr'>facere.</span> 
     </span>
    </p>

    <p class='ocr_par' dir='ltr' id='par_1_10' title="bbox 1262 1947 2252 2456">
     <span class='ocr_line' id='line_1_87' title="bbox 1364 1947 2251 1992; baseline 0.002 -11"><span class='ocrx_word' id='word_1_590' title='bbox 1364 1948 1436 1981; x_wconf 86' lang='lat' dir='ltr'>lam</span> <span class='ocrx_word' id='word_1_591' title='bbox 1455 1947 1484 1981; x_wconf 89' lang='lat' dir='ltr'>si</span> <span class='ocrx_word' id='word_1_592' title='bbox 1502 1960 1646 1992; x_wconf 78' lang='lat' dir='ltr'>pergere</span> <span class='ocrx_word' id='word_1_593' title='bbox 1671 1948 1871 1987; x_wconf 71' lang='lat' dir='ltr'>volueritis,</span> <span class='ocrx_word' id='word_1_594' title='bbox 1903 1960 1977 1981; x_wconf 91' lang='lat' dir='ltr'>non</span> <span class='ocrx_word' id='word_1_595' title='bbox 2001 1950 2109 1982; x_wconf 89' lang='lat' dir='ltr'>modo</span> <span class='ocrx_word' id='word_1_596' title='bbox 2133 1949 2170 1982; x_wconf 91' lang='lat' dir='ltr'>in</span> <span class='ocrx_word' id='word_1_597' title='bbox 2196 1962 2251 1984; x_wconf 90' lang='lat' dir='ltr'>so—</span> 
     </span>
     <span class='ocr_line' id='line_1_88' title="bbox 1262 1997 2251 2045; baseline 0.002 -12"><span class='ocrx_word' id='word_1_598' title='bbox 1262 2001 1323 2034; x_wconf 90' lang='lat' dir='ltr'>ciis</span> <span class='ocrx_word' id='word_1_599' title='bbox 1354 2012 1480 2045; x_wconf 88' lang='lat' dir='ltr'>parum</span> <span class='ocrx_word' id='word_1_600' title='bbox 1516 1999 1681 2043; x_wconf 85' lang='lat' dir='ltr'>praesidii</span> <span class='ocrx_word' id='word_1_601' title='bbox 1710 1997 1898 2043; x_wconf 88' lang='lat' dir='ltr'>Philippo,</span> <span class='ocrx_word' id='word_1_602' title='bbox 1942 2001 2001 2033; x_wconf 85' lang='lat' dir='ltr'>sed</span> <span class='ocrx_word' id='word_1_603' title='bbox 2040 2001 2251 2035; x_wconf 82' lang='lat' dir='ltr'>domesticas</span> 
     </span>
     <span class='ocr_line' id='line_1_89' title="bbox 1262 2050 2250 2097; baseline 0 -12"><span class='ocrx_word' id='word_1_604' title='bbox 1262 2053 1367 2085; x_wconf 86' lang='lat' dir='ltr'>etiam</span> <span class='ocrx_word' id='word_1_605' title='bbox 1397 2050 1543 2097; x_wconf 64' lang='lat' dir='ltr'>viresffl)</span> <span class='ocrx_word' id='word_1_606' title='bbox 1569 2051 1741 2084; x_wconf 80' lang='lat' dir='ltr'>invalidas</span> <span class='ocrx_word' id='word_1_607' title='bbox 1765 2063 1837 2084; x_wconf 84' lang='lat' dir='ltr'>esse</span> <span class='ocrx_word' id='word_1_608' title='bbox 1861 2051 2103 2095; x_wconf 70' lang='lat' dir='ltr'>comperietis:</span> <span class='ocrx_word' id='word_1_609' title='bbox 2144 2052 2250 2097; x_wconf 81' lang='lat' dir='ltr'>plane</span> 
     </span>
     <span class='ocr_line' id='line_1_90' title="bbox 1263 2102 2252 2137; baseline 0.001 -1"><span class='ocrx_word' id='word_1_610' title='bbox 1263 2104 1356 2136; x_wconf 88' lang='lat' dir='ltr'>enim</span> <span class='ocrx_word' id='word_1_611' title='bbox 1376 2103 1612 2135; x_wconf 87' lang='lat' dir='ltr'>Macedonum</span> <span class='ocrx_word' id='word_1_612' title='bbox 1633 2102 1724 2135; x_wconf 77' lang='lat' dir='ltr'>vires</span> <span class='ocrx_word' id='word_1_613' title='bbox 1746 2114 1818 2135; x_wconf 88' lang='lat' dir='ltr'>non</span> <span class='ocrx_word' id='word_1_614' title='bbox 1841 2103 2036 2137; x_wconf 87' lang='lat' dir='ltr'>mediocres</span> <span class='ocrx_word' id='word_1_615' title='bbox 2061 2110 2143 2137; x_wconf 90' lang='lat' dir='ltr'>sunt</span> <span class='ocrx_word' id='word_1_616' title='bbox 2169 2116 2252 2137; x_wconf 89' lang='lat' dir='ltr'>con-</span> 
     </span>
     <span class='ocr_line' id='line_1_91' title="bbox 1263 2153 2252 2198; baseline 0.001 -11"><span class='ocrx_word' id='word_1_617' title='bbox 1263 2155 1401 2188; x_wconf 88' lang='lat' dir='ltr'>iunctae</span> <span class='ocrx_word' id='word_1_618' title='bbox 1419 2167 1497 2187; x_wconf 89' lang='lat' dir='ltr'>cum</span> <span class='ocrx_word' id='word_1_619' title='bbox 1515 2153 1628 2187; x_wconf 86' lang='lat' dir='ltr'>sociis.</span> <span class='ocrx_word' id='word_1_620' title='bbox 1669 2153 1801 2198; x_wconf 73' lang='lat' dir='ltr'>Quales</span> <span class='ocrx_word' id='word_1_621' title='bbox 1819 2160 1938 2194; x_wconf 85' lang='lat' dir='ltr'>erant,</span> <span class='ocrx_word' id='word_1_622' title='bbox 1967 2167 2044 2187; x_wconf 90' lang='lat' dir='ltr'>cum</span> <span class='ocrx_word' id='word_1_623' title='bbox 2067 2155 2252 2189; x_wconf 85' lang='lat' dir='ltr'>nobiscum</span> 
     </span>
     <span class='ocr_line' id='line_1_92' title="bbox 1263 2203 2251 2250; baseline 0.001 -11"><span class='ocrx_word' id='word_1_624' title='bbox 1263 2207 1299 2239; x_wconf 88' lang='lat' dir='ltr'>in</span> <span class='ocrx_word' id='word_1_625' title='bbox 1336 2205 1444 2239; x_wconf 88' lang='lat' dir='ltr'>armis</span> <span class='ocrx_word' id='word_1_626' title='bbox 1477 2211 1611 2245; x_wconf 86' lang='lat' dir='ltr'>essent,</span> <span class='ocrx_word' id='word_1_627' title='bbox 1654 2206 1798 2250; x_wconf 88' lang='lat' dir='ltr'>quando</span> <span class='ocrx_word' id='word_1_628' title='bbox 1827 2203 2019 2239; x_wconf 87' lang='lat' dir='ltr'>Timotheo</span> <span class='ocrx_word' id='word_1_629' title='bbox 2048 2207 2135 2240; x_wconf 89' lang='lat' dir='ltr'>duce</span> <span class='ocrx_word' id='word_1_630' title='bbox 2171 2219 2251 2240; x_wconf 85' lang='lat' dir='ltr'>curn</span> 
     </span>
     <span class='ocr_line' id='line_1_93' title="bbox 1263 2255 2252 2303; baseline 0 -12"><span class='ocrx_word' id='word_1_631' title='bbox 1263 2255 1444 2303; x_wconf 69' lang='lat' dir='ltr'>Olynthiis</span> <span class='ocrx_word' id='word_1_632' title='bbox 1478 2257 1607 2289; x_wconf 88' lang='lat' dir='ltr'>bellum</span> <span class='ocrx_word' id='word_1_633' title='bbox 1644 2257 1842 2300; x_wconf 80' lang='lat' dir='ltr'>gerebatur.</span> <span class='ocrx_word' id='word_1_634' title='bbox 1910 2257 2049 2291; x_wconf 90' lang='lat' dir='ltr'>Deinde</span> <span class='ocrx_word' id='word_1_635' title='bbox 2083 2270 2252 2302; x_wconf 81' lang='lat' dir='ltr'>magnum</span> 
     </span>
     <span class='ocr_line' id='line_1_94' title="bbox 1263 2307 2252 2354; baseline 0 -12"><span class='ocrx_word' id='word_1_636' title='bbox 1263 2309 1454 2342; x_wconf 75' lang='lat' dir='ltr'>exercitum</span> <span class='ocrx_word' id='word_1_637' title='bbox 1479 2308 1678 2341; x_wconf 83' lang='lat' dir='ltr'>conflarunt</span> <span class='ocrx_word' id='word_1_638' title='bbox 1699 2309 1741 2341; x_wconf 86' lang='lat' dir='ltr'>ad</span> <span class='ocrx_word' id='word_1_639' title='bbox 1761 2309 1971 2342; x_wconf 76' lang='lat' dir='ltr'>Potidaeain</span> <span class='ocrx_word' id='word_1_640' title='bbox 1996 2307 2252 2354; x_wconf 83' lang='lat' dir='ltr'>Olynthiorum</span> 
     </span>
     <span class='ocr_line' id='line_1_95' title="bbox 1264 2359 2252 2394; baseline 0 -1"><span class='ocrx_word' id='word_1_641' title='bbox 1264 2361 1460 2393; x_wconf 84' lang='lat' dir='ltr'>accessione</span> <span class='ocrx_word' id='word_1_642' title='bbox 1471 2359 1696 2393; x_wconf 85' lang='lat' dir='ltr'>Macedones.</span> <span class='ocrx_word' id='word_1_643' title='bbox 1739 2360 1848 2393; x_wconf 88' lang='lat' dir='ltr'>Modo</span> <span class='ocrx_word' id='word_1_644' title='bbox 1868 2373 1950 2393; x_wconf 86' lang='lat' dir='ltr'>vero</span> <span class='ocrx_word' id='word_1_645' title='bbox 1961 2359 2141 2394; x_wconf 86' lang='lat' dir='ltr'>Thessalis</span> <span class='ocrx_word' id='word_1_646' title='bbox 2160 2360 2252 2393; x_wconf 86' lang='lat' dir='ltr'>inter</span> 
     </span>
     <span class='ocr_line' id='line_1_96' title="bbox 1263 2410 2252 2456; baseline -0.003 -10"><span class='ocrx_word' id='word_1_647' title='bbox 1263 2425 1297 2446; x_wconf 90' lang='lat' dir='ltr'>se</span> <span class='ocrx_word' id='word_1_648' title='bbox 1320 2410 1568 2445; x_wconf 84' lang='lat' dir='ltr'>dissidentibus</span> <span class='ocrx_word' id='word_1_649' title='bbox 1593 2417 1626 2443; x_wconf 90' lang='lat' dir='ltr'>et</span> <span class='ocrx_word' id='word_1_650' title='bbox 1649 2412 1884 2456; x_wconf 85' lang='lat' dir='ltr'>perturbatis,</span> <span class='ocrx_word' id='word_1_651' title='bbox 1918 2412 2106 2445; x_wconf 80' lang='lat' dir='ltr'>adversum</span> <span class='ocrx_word' id='word_1_652' title='bbox 2132 2418 2252 2456; x_wconf 81' lang='lat' dir='ltr'>tyran-</span> 
     </span>
    </p>
   </div>
   <div class='ocr_carea' id='block_1_10' title="bbox 1319 2497 1467 2502">
    <p class='ocr_par' dir='ltr' id='par_1_11' title="bbox 1319 2497 1467 2502">
     <span class='ocr_line' id='line_1_97' title="bbox 1319 2497 1467 2502; baseline 0 0"><span class='ocrx_word' id='word_1_653' title='bbox 1319 2497 1467 2502; x_wconf 95' lang='lat' dir='ltr'> </span> 
     </span>
    </p>
   </div>
   <div class='ocr_carea' id='block_1_11' title="bbox 1296 2543 2252 2608">
    <p class='ocr_par' dir='ltr' id='par_1_12' title="bbox 1296 2543 2252 2608">
     <span class='ocr_line' id='line_1_98' title="bbox 1296 2543 2252 2575; baseline 0 -7"><span class='ocrx_word' id='word_1_654' title='bbox 1296 2546 1346 2573; x_wconf 79' lang='lat'>61)</span> <span class='ocrx_word' id='word_1_655' title='bbox 1365 2545 1439 2567; x_wconf 82' lang='lat' dir='ltr'>Haec</span> <span class='ocrx_word' id='word_1_656' title='bbox 1466 2549 1518 2566; x_wconf 82' lang='lat' dir='ltr'>vox</span> <span class='ocrx_word' id='word_1_657' title='bbox 1546 2543 1572 2566; x_wconf 88' lang='lat' dir='ltr'>in</span> <span class='ocrx_word' id='word_1_658' title='bbox 1598 2543 1678 2566; x_wconf 82' lang='lat' dir='ltr'>huius</span> <span class='ocrx_word' id='word_1_659' title='bbox 1704 2543 1753 2567; x_wconf 85' lang='lat' dir='ltr'>Ed.</span> <span class='ocrx_word' id='word_1_660' title='bbox 1778 2544 1944 2574; x_wconf 76' lang='lat' dir='ltr'>exemplari,</span> <span class='ocrx_word' id='word_1_661' title='bbox 1982 2550 2034 2574; x_wconf 85' lang='lat' dir='ltr'>quo</span> <span class='ocrx_word' id='word_1_662' title='bbox 2061 2545 2140 2575; x_wconf 83' lang='lat' dir='ltr'>utor,</span> <span class='ocrx_word' id='word_1_663' title='bbox 2172 2544 2252 2575; x_wconf 81' lang='lat' dir='ltr'>lapsu</span> 
     </span>
     <span class='ocr_line' id='line_1_99' title="bbox 1333 2577 2004 2608; baseline 0 -7"><span class='ocrx_word' id='word_1_664' title='bbox 1333 2579 1449 2608; x_wconf 82' lang='lat' dir='ltr'>quodam</span> <span class='ocrx_word' id='word_1_665' title='bbox 1470 2577 1608 2601; x_wconf 82' lang='lat' dir='ltr'>exstincta</span> <span class='ocrx_word' id='word_1_666' title='bbox 1627 2580 1668 2601; x_wconf 76' lang='lat' dir='ltr'>est</span> <span class='ocrx_word' id='word_1_667' title='bbox 1688 2579 1800 2608; x_wconf 83' lang='lat' dir='ltr'>eiusque</span> <span class='ocrx_word' id='word_1_668' title='bbox 1821 2579 1896 2602; x_wconf 80' lang='lat' dir='ltr'>loeus</span> <span class='ocrx_word' id='word_1_669' title='bbox 1916 2581 2004 2601; x_wconf 83' lang='lat' dir='ltr'>vacat.</span> 
     </span>
    </p>
   </div>
   <div class='ocr_carea' id='block_1_12' title="bbox 1297 2630 2030 2712">
    <p class='ocr_par' dir='ltr' id='par_1_13' title="bbox 1297 2630 2030 2712">
     <span class='ocr_line' id='line_1_100' title="bbox 1297 2630 2030 2661; baseline 0 -7"><span class='ocrx_word' id='word_1_670' title='bbox 1297 2630 1346 2658; x_wconf 77' lang='lat'>62)</span> <span class='ocrx_word' id='word_1_671' title='bbox 1368 2631 1400 2655; x_wconf 89' lang='lat' dir='ltr'>n.</span> <span class='ocrx_word' id='word_1_672' title='bbox 1420 2630 1437 2653; x_wconf 87' lang='lat' dir='ltr'>l.</span> <span class='ocrx_word' id='word_1_673' title='bbox 1456 2631 1580 2654; x_wconf 85' lang='lat' dir='ltr'>annotat.</span> <span class='ocrx_word' id='word_1_674' title='bbox 1602 2630 1736 2661; x_wconf 73' lang='lat' dir='ltr'>margin-z</span> <span class='ocrx_word' id='word_1_675' title='bbox 1763 2631 1852 2654; x_wconf 86' lang='lat' dir='ltr'>Locus</span> <span class='ocrx_word' id='word_1_676' title='bbox 1873 2630 2030 2654; x_wconf 85' lang='lat' dir='ltr'>communis.</span> 
     </span>
     <span class='ocr_line' id='line_1_101' title="bbox 1297 2681 1892 2712; baseline 0.003 -8"><span class='ocrx_word' id='word_1_677' title='bbox 1297 2681 1346 2709; x_wconf 75' lang='lat'>63)</span> <span class='ocrx_word' id='word_1_678' title='bbox 1367 2682 1398 2706; x_wconf 75' lang='grc' dir='ltr'>ΙΙ,</span> <span class='ocrx_word' id='word_1_679' title='bbox 1418 2681 1435 2705; x_wconf 92' lang='grc'>1.</span> <span class='ocrx_word' id='word_1_680' title='bbox 1455 2682 1548 2703; x_wconf 87' lang='lat' dir='ltr'>annot.</span> <span class='ocrx_word' id='word_1_681' title='bbox 1569 2681 1703 2712; x_wconf 77' lang='lat' dir='ltr'>margin.:</span> <span class='ocrx_word' id='word_1_682' title='bbox 1729 2681 1892 2706; x_wconf 77' lang='lat' dir='ltr'>Similitudo.</span> 
     </span>
    </p>
   </div>
   <div class='ocr_carea' id='block_1_13' title="bbox 1299 2731 2078 2764">
    <p class='ocr_par' dir='ltr' id='par_1_14' title="bbox 1299 2731 2078 2764">
     <span class='ocr_line' id='line_1_102' title="bbox 1299 2731 2078 2764; baseline -0.001 -8"><span class='ocrx_word' id='word_1_683' title='bbox 1299 2733 1347 2761; x_wconf 68' lang='lat'>6⁴)</span> <span class='ocrx_word' id='word_1_684' title='bbox 1370 2733 1401 2758; x_wconf 79' lang='grc' dir='ltr'>Η,</span> <span class='ocrx_word' id='word_1_685' title='bbox 1420 2733 1438 2756; x_wconf 92' lang='lat'>1.</span> <span class='ocrx_word' id='word_1_686' title='bbox 1461 2733 1552 2756; x_wconf 85' lang='lat' dir='ltr'>annot.</span> <span class='ocrx_word' id='word_1_687' title='bbox 1572 2733 1704 2764; x_wconf 49' lang='lat' dir='ltr'>margins</span> <span class='ocrx_word' id='word_1_688' title='bbox 1729 2733 1770 2757; x_wconf 86' lang='lat' dir='ltr'>De</span> <span class='ocrx_word' id='word_1_689' title='bbox 1790 2732 1946 2756; x_wconf 82' lang='lat' dir='ltr'>domesticis</span> <span class='ocrx_word' id='word_1_690' title='bbox 1966 2731 2078 2756; x_wconf 83' lang='lat' dir='ltr'>viribus.</span> 
     </span>
    </p>
   </div>
   <div class='ocr_carea' id='block_1_14' title="bbox 2289 0 2351 2990">
    <p class='ocr_par' dir='ltr' id='par_1_15' title="bbox 2289 0 2351 2990">
     <span class='ocr_line' id='line_1_103' title="bbox 2289 0 2351 2990; baseline 0 0"><span class='ocrx_word' id='word_1_691' title='bbox 2289 0 2351 2990; x_wconf 95' lang='lat' dir='ltr'> </span> 
     </span>
    </p>
   </div>
  </div>
 </body>
</html>
