2351 2990
216 115 289 151 923
792 110 911 143 ritu..
946 108 1057 141 MEL.

216 215 277 247 per
297 202 387 234 Deos
407 212 448 231 nc
469 199 610 244 quidem
631 198 753 229 eodem
771 196 826 227 dic
845 195 878 227 iu
900 192 1040 227 theatro
1058 192 1209 225 mentio-

215 266 296 287 nem
323 251 520 283 faciendam
545 262 616 283 esse
644 255 728 292 puto
760 247 902 278 illorum
936 245 1080 277 sortium
1116 244 1210 276 xiro-

216 318 293 338 rum
314 310 346 336 et
365 301 468 335 huius
485 302 634 334 belluae.
681 298 855 331 Ostendat
871 303 987 330 autem
1000 293 1209 329 Demosthe-

215 368 296 392 nes,
326 355 384 387 uhi
403 353 572 397 scriptum
591 352 633 384 sit
654 349 807 394 aliquem
830 349 977 381 istorum
997 353 1207 379 coronatum

216 419 301 440 esse.
345 406 437 439 Num
458 404 564 445 igitur
583 403 718 445 ingrata
739 407 814 432 erat
831 398 978 432 civitas?
1022 399 1120 435 Nom
1149 399 1209 431 sed

218 458 393 504 quaedam
425 454 632 497 magnitudo
658 451 768 483 animi
793 457 888 490 erat,
925 448 1079 483 honores
1106 461 1210 493 parce

216 511 423 543 decernere,
453 512 484 538 et
502 505 550 537 illi
570 505 681 542 cives,
709 503 770 548 qui
788 500 852 535 hos
876 500 1031 535 honores
1054 513 1127 533 non
1156 513 1211 533 so-

217 561 336 594 lebant
353 557 508 595 ambire,
537 556 634 599 digni
655 554 716 586 tali
735 553 913 597 republica
932 554 1086 586 suerunt.
1128 551 1210 585 Non

217 613 311 645 enim
333 609 504 653 putabant
523 605 696 640 honorem
718 605 753 637 in
771 605 896 637 litteris
918 611 951 637 et
970 602 1211 636 monumentis

217 675 289 696 esse
307 661 538 698 collocatum,
566 659 626 691 sed
643 658 678 689 in
695 657 868 688 memoria
888 668 1032 694 eorum,
1069 654 1129 700 qui
1152 655 1212 686 be—

216 713 381 747 neficium
400 710 635 754 accepissent,
669 720 759 754 quae
779 709 821 739 ad
841 705 934 740 hunc
953 707 1046 739 diem
1066 706 1213 738 immor-

216 765 296 798 talis
312 768 509 808 permanet.
563 759 773 794 Cuiusmodi
793 765 910 792 antem
929 757 1087 802 praemia
1117 769 1212 789 acce-

216 816 353 861 perint,
380 814 546 846 reseram.

320 865 469 899 Fuerint
503 864 563 896 illo
596 868 756 905 tempore
788 860 954 906 quidam,
993 859 1055 905 qui
1082 859 1126 891 ad
1150 858 1214 891 flu-

218 920 315 953 vium
333 917 559 951 Strwnonem
581 913 705 946 Medos
723 913 831 955 longo
852 918 1011 955 tempore
1035 910 1214 943 maximis—

219 984 286 1017 que
306 956 471 1014 periculis
494 970 755 1010 represserant,
792 961 828 995 hi
854 963 986 996 reversi
1008 961 1167 1006 praemia
1195 973 1213 993 a

219 1022 361 1056 civitate
383 1018 664 1064 postulaverunt.
724 1014 915 1047 Decretum
935 1021 985 1047 est
1002 1013 1214 1058 praemium,

218 1080 258 1108 ut
290 1079 373 1105 tunc
403 1070 610 1107 videbatur,
645 1064 884 1099 honorificum
897 1092 907 1105 ‚
950 1072 1020 1099 tres
1055 1064 1214 1108 lapideae

218 1131 355 1159 statuae
374 1122 410 1153 in
430 1120 588 1164 porticu,
614 1130 653 1151 ea
673 1117 897 1157 conditione,
924 1129 969 1149 ne
983 1117 1132 1149 nomina
1153 1116 1216 1148 du-

220 1188 299 1209 cum
337 1172 636 1209 inscriberentur,
675 1182 719 1202 ne
749 1168 897 1202 ducibus
922 1166 1037 1201 honos
1062 1165 1217 1206 habitus,

219 1228 278 1262 sed
298 1224 430 1270 populo
450 1223 628 1255 videretur
638 1220 696 1266 1Β).
724 1220 831 1265 Quod
849 1226 967 1252 autem
986 1231 1070 1253 vera
1087 1218 1216 1257 dicam,

221 1278 289 1323 ipsi
313 1274 490 1319 versusffl)
517 1279 702 1306 testantur.

324 1335 466 1369 Primae
485 1340 622 1367 statuae
639 1331 675 1365 hi
692 1344 813 1365 versus
830 1330 990 1374 inscripti
1008 1336 1107 1363 sunt:

273 1399 320 1431 Ho'
343 1398 463 1429 virtute
488 1406 550 1427 sua
575 1394 694 1427 Medos
719 1393 763 1424 ad
783 1392 979 1435 Strymonis
1002 1391 1128 1429 undas,

327 1447 490 1491 Goyebanf
509 1446 602 1487 iurpi
627 1449 752 1477 vertere
773 1448 869 1486 ierya
885 1442 987 1485 fuya,-

276 1502 319 1534 Et
342 1499 448 1542 primi
468 1499 629 1536 domuere·
645 1496 754 1528 hostes
774 1494 932 1539 ferroque
950 1492 1123 1538 fameque,

329 1554 371 1584 Ut
393 1553 541 1593 tegerent
561 1548 696 1590 ριιΐνὶαυ
720 1547 849 1578 moenia
872 1556 953 1577 cara
976 1556 1069 1577 suae.

432 1615 586 1647 Alterius
613 1620 750 1646 statuae
777 1613 1013 1656 epigrannna:

276 1678 366 1710 llaec
388 1675 526 1708 ducibus
546 1675 640 1717 yrati
664 1677 853 1706 statuerunt
873 1673 1027 1715 praemia
1050 1672 1156 1710 cives,

329 1729 395 1767 Qui
417 1729 474 1769 pia
498 1731 615 1758 contra
639 1725 746 1757 hostes
772 1736 870 1756 arma
890 1724 996 1756 tedere
1016 1721 1127 1765 feros,

279 1780 320 1812 [Ἰ
344 1783 500 1811 moneant
523 1788 614 1809 seros
636 1787 797 1808 mansura
820 1775 980 1817 trophaea
1006 1778 1156 1816 nepotes,

326 1832 393 1863 Pro
415 1830 542 1871 patriis
567 1829 667 1860 etiam
689 1826 783 1869 serre
801 1826 928 1869 pericla
948 1825 1046 1868 focis.

437 1896 581 1929 Tertiae
603 1901 740 1928 statuae
764 1894 1000 1938 epigramma:

279 1960 358 1992 Cum
384 1958 501 1990 Danai
525 1957 569 1988 ad
596 1957 733 1988 Troiam
756 1960 939 1998 posuerunt
961 1959 1094 1993 castra,
1140 1955 1220 1988 Me-

655 2008 809 2040 nestheus

328 2061 414 2092 Dux
440 2059 486 2091 ibi
509 2060 665 2101 Cecropia
689 2060 813 2091 missus
833 2057 873 2090 ab
899 2057 978 2089 urbe
996 2054 1077 2098 suit.

275 2113 346 2145 Hoc
370 2111 473 2142 aciem
498 2121 591 2142 nemo
614 2110 731 2142 melius
753 2110 930 2152 disponere
956 2111 1066 2140 norat.

329 2163 371 2195 Si
396 2161 548 2200 dubitas,
576 2165 686 2193 certus
709 2162 804 2193 iestis
826 2162 993 2193 Homerus
1016 2159 1094 2191 erit.

277 2214 376 2246 Hanc
391 2214 492 2245 etiam
513 2212 643 2244 laudem
663 2213 729 2244 sibi
744 2216 877 2254 postera
894 2211 1041 2243 vindicat
1057 2212 1150 2241 aeras
1160 2222 1170 2247 ‚-

328 2265 482 2308 Namque
499 2263 604 2296 solent
614 2262 722 2306 fortes
741 2263 939 2305 Cecropidae
957 2272 1027 2294 esse
1046 2261 1155 2292 duces.

228 2322 321 2356 Num
361 2323 488 2355 alicubi
525 2322 700 2366 adscripta
739 2322 867 2353 ducum
904 2317 1052 2353 nomina
1070 2319 1086 2352 ἐ’
1140 2331 1223 2352 nus-

229 2386 349 2417 quam,
369 2374 427 2406 sed
446 2374 581 2418 populi.
621 2373 851 2406 Considerate
867 2372 987 2404 animo
999 2371 1178 2416 paulisper
1191 2376 1224 2403 et

228 2424 364 2456 variam
382 2425 577 2468 porticum;
616 2437 698 2457 nam
721 2423 880 2456 omnium
901 2435 1018 2456 rerum
1042 2422 1224 2466 praeclare

269 2507 314 2539 18)
337 2514 369 2530 ne
389 2508 499 2531 ducibus
525 2508 611 2531 honos
636 2508 762 2536 habitus,
795 2507 843 2530 scd
871 2506 968 2536 populo
994 2505 1159 2532 videretur]
1186 2503 1226 2527 sic

301 2542 463 2571 scripsimus
485 2551 514 2561 z
537 2543 660 2566 Aeschini.
689 2542 733 2565 ἱνα
752 2540 789 2574 μή
809 2541 864 2565 τῶν
883 2539 1060 2572 στρατηγῶν,
1088 2536 1157 2561 ἀλλά
1177 2537 1225 2561 τοῦ

299 2574 387 2606 δῆμου
406 2574 479 2608 εδοκῇ
505 2571 576 2599 εἶναι
601 2575 630 2599 τὸ
658 2575 839 2608 ἐπίγραμμα;
877 2576 924 2599 Ed.
947 2574 1021 2598 1562.
1055 2580 1089 2597 ne
1114 2573 1226 2597 ducibus

301 2612 404 2641 honos,
425 2610 530 2633 habitus
550 2612 719 2645 nonvpopuio
739 2611 888 2635 videretur.

270 2654 314 2681 19)
336 2654 369 2677 ui
390 2659 487 2676 versus
507 2659 522 2676 a
537 2654 601 2678 Mel.
621 2654 667 2678 iat.
689 2654 786 2677 redditi
807 2654 887 2677 etiam
902 2653 1032 2684 leguntur
1046 2651 1143 2674 initiet.
1157 2652 1224 2681 Opp.

301 2688 386 2711 Basil.
406 2689 434 2711 T.
452 2687 485 2711 V.
506 2687 622 2718 11:334„
656 2688 681 2710 in
702 2689 760 2711 eius
779 2688 943 2718 [epigramm.
964 2687 1005 2711 ed.
1024 2686 1151 2709 Vinceut.
1177 2685 1224 2709 sol.

300 2723 319 2745 P
339 2720 454 2746 tlh-2³
475 2724 501 2745 et
521 2722 548 2745 in
567 2723 616 2745 hoc
637 2722 718 2751 Coi-p.
734 2722 794 2746 Ber.
815 2723 849 2748 X.
870 2730 894 2753 p.
907 2723 958 2746 660
973 2728 1013 2752 sq.

1101 107 1300 140 SCRll’TA
1337 105 1672 140 PHILOLOGICA.

1262 199 1439 234 gestarum
1460 198 1690 224 monumenta
1712 191 1747 223 in
1769 191 1847 223 soro
1875 191 1987 235 posita
2015 198 2108 224 sunt.
2163 190 2257 235 Quid

1263 244 1370 286 igitur
1395 243 1443 275 ihi
1470 242 1650 275 cernitur?
1692 255 1810 287 pugna
1836 240 2064 275 Marathonia
2093 242 2142 274 ihi
2167 243 2258 286 picta

1264 300 1325 327 est.
1379 294 1416 327 Si
1433 294 1510 339 quis
1528 294 1739 337 interroget:
1776 295 1865 338 Quis
1884 294 1990 326 suerit
2014 294 2049 326 in
2073 306 2113 326 ea
2140 305 2259 337 pugna

1263 344 1357 378 dux?
1408 345 1675 388 respondebunt
1710 357 1853 384 omnes,
1897 344 2096 377 Miltiadem
2141 344 2259 378 fuisse.

1264 396 1336 430 Cur
1356 396 1464 439 igitur
1486 407 1617 428 nomen
1642 395 1689 428 ibi
1716 408 1788 428 non
1817 403 1867 429 est
1892 395 2136 440 adscriptum?
2170 408 2258 429 num

1265 447 1348 492 quia
1369 459 1442 479 non
1461 446 1587 490 petiit?
1640 445 1752 479 Immo
1772 459 1855 480 vero
1875 447 1994 491 petiit,
2022 448 2083 480 sed
2106 447 2259 491 populus

1264 511 1337 531 non
1356 497 1527 531 concessit
1544 497 1591 535 ei;
1620 509 1743 530 verum
1760 510 1825 542 pro
1842 499 1987 531 nomine
2005 496 2072 531 hoc
2087 497 2259 542 permisit,

1265 556 1304 582 ut
1328 556 1410 582 ante
1435 548 1547 582 aciem
1573 547 1780 592 pingeretur
1803 547 1993 583 cohortans
2018 550 2160 583 milites.
2220 547 2261 581 Iu

1265 600 1452 633 matricula
1476 600 1571 633 iuxta
1598 599 1733 632 curiam
1760 599 1905 641 videtis,
1939 602 2036 646 quod
2060 599 2261 645 praemium

1265 653 1445 685 decretum
1462 651 1507 684 sit
1523 651 1583 691 iis,
1611 651 1672 695 qui
1689 651 1869 685 exulantes
1887 651 1979 685 cives
2004 653 2041 685 in
2068 652 2193 686 urbem
2219 662 2261 684 ex

1265 701 1377 747 Phyle
1401 703 1631 735 reduxerunt.
1685 702 1832 746 Scripsit
1855 709 1973 736 autem
1997 704 2176 737 decretum
2193 703 2262 736 Ar-

1267 753 1409 794 chinus,
1437 766 1528 787 unus
1549 766 1590 786 ex
1607 751 1681 793 his,
1710 754 1771 798 qui
1796 755 2028 788 restituerunt
2049 755 2191 798 fugatos
2215 753 2262 786 ci-

1266 818 1337 839 ves.
1391 805 1553 838 Primum
1581 805 1742 837 decretae
1769 811 1851 839 sunt
1875 805 1923 839 eis
1949 806 2044 838 mille
2069 802 2260 838 drachmae

1267 869 1333 901 pro
1359 854 1484 890 hostiis
1508 862 1542 889 et
1565 856 1741 890 donariis:
1785 857 1832 889 ita
1859 857 1977 890 minus
2004 868 2111 902 quam
2141 857 2262 889 decem

1268 906 1458 941 drachmae
1477 908 1522 940 ad
1538 907 1695 951 singulos
1711 908 1978 952 perveniebant.
2036 907 2174 941 Deinde
2200 907 2264 940 do-

1268 959 1369 992 navit
1388 971 1447 992 eos
1464 959 1626 1002 oleagina
1644 971 1789 1000 corona,
1816 972 1891 993 non
1909 971 2037 998 aurea3
2065 965 2151 993 tunc
2166 958 2263 992 enim

1268 1011 1306 1044 in
1337 1022 1468 1054 magno
1501 1007 1640 1043 honore
1673 1016 1749 1043 erat
1780 1011 1942 1055 oleagina
1971 1022 2126 1051 corona,
2167 1021 2262 1043 nunc

1269 1063 1376 1096 etiam
1397 1073 1504 1095 aurea
1524 1061 1715 1095 fastiditur.

1371 1113 1495 1158 Neque
1517 1110 1604 1145 haec
1622 1114 1781 1157 praemia
1805 1112 1913 1156 gratis
1939 1113 2108 1153 contulit,
2135 1113 2196 1146 sed
2212 1111 2266 1145 iu-

1269 1166 1328 1198 bet
1344 1171 1506 1198 senatum
1522 1164 1723 1209 inquirere,
1749 1164 1811 1209 qui
1825 1164 1958 1198 suerint
1976 1164 2125 1205 obsessi,
2152 1175 2265 1209 quan-

1271 1218 1316 1249 do
1336 1215 1613 1248 Lacedaemonii
1639 1221 1672 1248 et
1694 1215 1839 1259 triginta
1866 1216 2011 1260 tyranni
2036 1227 2265 1260 oppugnave-

1271 1273 1356 1301 runt
1372 1265 1529 1311 Phylen,
1556 1278 1631 1299 non
1648 1267 1709 1311 qui
1727 1266 1838 1299 aciem
1856 1268 2089 1301 deseruerunt
2105 1267 2142 1299 in
2153 1264 2265 1299 Chae-

1270 1329 1400 1357 ronea,
1429 1330 1508 1350 cum
1525 1315 1642 1350 hostes
1660 1317 1836 1361 proelium
1857 1324 2096 1352 consererent.
2157 1317 2262 1362 Quod

1272 1376 1390 1403 autem
1406 1380 1487 1401 vera
1506 1368 1642 1408 dicam,
1670 1368 1877 1401 recitabitur
1896 1370 2089 1402 decretum.
2140 1368 2266 1402 Recita

1272 1427 1306 1454 et
1334 1420 1440 1459 illud,
1469 1421 1565 1465 quod
1585 1417 1752 1463 Ctesipho
1768 1418 2005 1453 Demostheni
2026 1419 2167 1464 scripsit
2191 1431 2265 1452 ma-

1270 1473 1451 1505 ximorum
1471 1470 1713 1515 periculorum
1731 1471 1862 1504 autori.

1373 1522 1450 1554 Hoc
1468 1523 1610 1554 decreto
1631 1522 1841 1555 obscuratur
1864 1520 2000 1562 honos,
2039 1522 2101 1567 qui
2123 1519 2265 1555 habitus

1273 1579 1324 1607 est
1348 1570 1421 1613 his,
1456 1573 1518 1617 qui
1542 1572 1722 1606 exulantes
1747 1573 1840 1607 cives
1861 1573 1898 1606 in
1924 1573 2079 1618 patriam
2103 1573 2266 1607 restitue-

1271 1630 1367 1658 runt.
1427 1623 1497 1657 Sed
1521 1624 1551 1657 si
1573 1624 1721 1668 dignum
1748 1624 1888 1658 civitate
1913 1624 2056 1658 videtur
2076 1621 2144 1657 hoc
2166 1629 2266 1657 vetus

1272 1677 1474 1715 decretum,
1513 1687 1653 1709 necesse
1683 1682 1735 1709 est
1759 1676 1846 1709 illud
1870 1677 1913 1709 de
1936 1673 2177 1709 Demosthene
2200 1675 2266 1707 im·
2289 1679 2292 1683 '
2323 1672 2325 1686 ³

1272 1726 1430 1772 probari.
1472 1726 1509 1759 Si
1523 1726 1575 1759 illi
1593 1726 1708 1771 dignis
1724 1727 1893 1771 praemiis
1911 1727 2028 1760 affecti
2041 1734 2141 1768 sunt,
2168 1726 2267 1760 nullo

1272 1779 1382 1812 modo
1417 1777 1499 1810 licet
1534 1776 1629 1811 hunc
1665 1778 1843 1812 coronari.
1915 1779 1986 1812 Sed
2014 1779 2150 1823 accipio
2184 1790 2266 1812 eum

1274 1830 1453 1863 dicturum
1475 1841 1570 1869 esse,
1597 1830 1693 1874 quod
1711 1842 1785 1862 non
1804 1836 1897 1863 recte
1915 1830 2062 1870 faciam,
2091 1830 2188 1875 quod
2207 1841 2267 1862 ve-

1273 1888 1364 1915 teres
1384 1880 1463 1914 illos
1480 1892 1559 1914 cum
1575 1881 1651 1925 ipso
1669 1882 1825 1915 consero.
1876 1882 1959 1916 Non
1976 1881 2070 1914 enim
2087 1881 2169 1914 licet
2182 1878 2267 1914 Phi-

1272 1934 1453 1966 lamonem
1479 1932 1665 1972 coronari,
1700 1939 1871 1978 tanquam
1896 1931 2020 1965 vicerit
2046 1938 2199 1966 veterem
2225 1931 2267 1964 il—

1272 1985 1346 2018 lum
1365 1983 1520 2028 pugilem
1538 1984 1713 2017 Glaucum
1727 2011 1736 2024 ,
1762 1985 1821 2017 sed
1839 1984 1922 2029 quia
1944 1996 2027 2017 suae
2055 1984 2181 2017 aetatis
2203 1995 2268 2028 pu-

1274 2036 1359 2080 giles
1375 2035 1573 2079 superavit:
1602 2041 1772 2080 tanquam
1791 2035 1996 2078 ignoremus
2015 2035 2150 2079 pugiles
2174 2035 2268 2068 inter

1274 2088 1369 2132 ipsos
1387 2092 1567 2119 certamen
1585 2098 1677 2126 esse,
1703 2086 1781 2119 illos
1797 2093 1913 2119 autem
1927 2113 1935 2126 ,
1964 2086 2024 2132 qui
2041 2098 2191 2119 coronas
2207 2097 2268 2130 pe-

1274 2145 1374 2178 tunt,
1405 2138 1626 2182 propositam
1651 2135 1782 2170 habere
1806 2137 1974 2171 virtutem
1999 2138 2037 2170 in
2062 2137 2268 2177 certamine,

1275 2195 1422 2234 propter
1445 2201 1553 2234 quam
1577 2188 1742 2222 coronari
1768 2189 1908 2223 debent.
1971 2189 2148 2223 Convenit
2171 2188 2266 2222 enim

1275 2252 1489 2286 praeconem
1504 2252 1578 2273 non
1596 2240 1760 2280 mentiri,
1787 2253 1866 2274 cum
1884 2241 2116 2285 praeconium
2131 2240 2215 2273 facit
2230 2240 2268 2272 in

1276 2290 1416 2326 theatro
1436 2304 1555 2325 coram
1567 2291 1722 2325 Graecis.
1776 2290 1874 2326 Nihil
1888 2292 1995 2336 igitur
2012 2304 2101 2336 opus
2119 2297 2171 2325 est
2186 2303 2269 2324 nar·

1276 2356 1376 2384 rare,
1424 2343 1521 2388 quod
1554 2342 1680 2376 melius
1716 2343 1977 2378 administraris
2011 2343 2268 2388 rempublicam

1278 2407 1386 2441 quam
1404 2393 1590 2434 Pataecio,
1616 2395 1676 2427 sed
1696 2396 1793 2440 quod
1815 2395 1945 2428 virtute
1973 2395 2139 2435 excellas,
2173 2405 2269 2427 eam-

1277 2459 1345 2492 que
1363 2447 1408 2479 ob
1426 2457 1568 2479 causam
1584 2446 1742 2490 praemia
1760 2459 1778 2479 a
1795 2447 1929 2491 populo
1951 2447 2097 2491 flagites.
2151 2445 2267 2479 Porro

1277 2510 1321 2531 ne
1342 2510 1403 2531 vos
1420 2497 1552 2531 diutius
1569 2508 1587 2529 a
1606 2498 1792 2542 proposito
1817 2499 2011 2538 abducam,
2046 2498 2139 2541 legat
2154 2495 2268 2530 scriba

1278 2549 1516 2594 epigramma,
1545 2549 1641 2594 quod
1669 2549 1878 2594 inscriptum
1902 2556 1953 2583 est
1975 2549 2036 2589 iis,
2069 2548 2131 2594 qui
2148 2548 2268 2593 pulsos

1279 2602 1371 2634 cives
1389 2600 1426 2632 in
1442 2600 1595 2644 patriam
1615 2601 1865 2634 restituerunt:

1381 2653 1444 2685 His
1464 2653 1558 2695 yruti
1581 2653 1666 2685 cives
1689 2654 1858 2686 doum-un!
1879 2652 1971 2695 ferre
1994 2663 2144 2692 coronas,

1433 2705 1500 2737 Pro
1526 2704 1622 2737 rebus
1640 2706 1746 2747 yesic‘s
1765 2706 1917 2747 praemia
1943 2705 2031 2737 iusta
2057 2705 2137 2737 suis.

2185 105 2262 141 924

2334 1453 2336 1457 -
2330 1422 2341 1445 .·
2323 1346 2341 1419 ivn—f
