2351 2990
81 117 154 152 901

81 202 273 237 utilitatem
299 203 417 237 vellet.
483 201 534 236 Ita
566 204 711 236 tandem
736 204 918 237 decretum
948 217 988 238 ex
1013 216 1076 238 sua

83 253 259 288 sententia
296 254 467 299 scriptum
503 266 566 298 per
603 254 675 287 vim
711 262 909 301 extorquet.
970 256 1078 301 Quod

82 311 202 338 autem
220 311 297 338 erat
315 306 494 351 reliquum
506 332 515 345 ‚
541 312 581 338 ut
597 306 791 349 proderent
808 307 1076 352 Cersoblepten,

81 361 117 388 et
139 355 322 400 regionem
348 355 544 397 Thraciae,
570 356 607 389 id
633 370 776 403 quoque
805 358 997 393 effecerunt
1020 358 1076 391 die

79 406 269 441 Februarii
291 407 372 448 24„
418 407 626 453 priusquam
659 407 921 443 Demosthenes
952 422 1075 443 secun-

80 458 163 491 dam
189 458 403 502 legationem
432 458 547 492 obiret
572 460 617 492 ad
636 459 880 504 recipiendum
899 461 1075 494 iusiuran-

78 509 178 543 dum.
213 510 305 544 Nam
324 510 388 544 iste
407 521 627 555 quamquam
645 523 680 544 se
696 509 855 556 Philippi
872 512 1074 545 acAlexan-

81 560 139 593 dri
161 558 299 594 hostem
323 558 506 605 perhiberi
531 562 635 601 velit,
676 562 731 596 bis
762 563 799 596 in
823 563 1073 597 Macedoniam

82 611 271 655 legationis
287 612 402 656 specie
420 613 598 656 profectus
617 619 687 653 est,
716 626 794 647 cum
812 627 856 648 ne
873 615 981 648 semel
997 613 1075 660 qui-

79 662 160 695 dem
187 663 219 695 ei
241 663 417 707 proficisci
440 664 575 698 liceret.
640 664 685 697 Et
709 665 771 710 qui
794 678 889 699 nunc
916 667 1014 699 iubet
1037 665 1074 697 in

78 712 294 748 Macedones
312 715 497 759 despuere,
515 715 543 749 is
563 715 599 747 in
618 716 826 750 concionem
838 717 983 751 veniens
994 717 1075 750 sub-

80 771 248 805 ornatus,
285 766 444 809 prodidit
477 778 597 810 regem
622 765 811 802 Thraciae.
876 768 1075 812 Adscripsit

77 816 174 848 enim
191 814 412 850 Philocrates
430 817 519 850 clam
540 818 577 850 in
593 818 748 859 decreto,
773 819 880 864 idque
898 820 1075 864 approba-

78 867 130 899 vit
146 866 426 908 Demosthenes,
457 874 496 901 ut
515 881 556 901 eo
574 869 631 902 die
648 869 897 903 iusiurandum
914 869 1075 915 Philippi

75 917 201 961 legatis
215 918 395 952 sociorum
405 919 511 963 legati
528 920 666 954 darent.
693 921 810 954 Porro
829 934 847 954 a
865 934 946 966 rege
959 920 1075 955 Thra—

77 968 152 1002 ciae
174 981 281 1003 nemo
307 970 443 1014 legatus
470 970 508 1003 in
534 972 707 1005 concione
731 979 828 1013 erat,
856 974 904 1007 ita
929 973 1075 1007 exclusit

76 1017 172 1053 hanc
195 1033 215 1054 a
235 1021 391 1056 foedere.
452 1022 560 1067 Quod
587 1029 706 1056 autem
731 1036 814 1057 vera
836 1025 972 1065 dicam,
999 1025 1074 1068 lege

76 1069 186 1112 mihi,
209 1072 287 1117 quis
305 1073 412 1107 suerit
428 1073 558 1106 decreti
578 1080 696 1115 autor,
716 1075 795 1121 quis
812 1076 1042 1121 subscriptor.

179 1123 369 1158 Praeclara
395 1137 450 1159 res
482 1131 533 1158 est
563 1125 704 1170 publica
736 1128 917 1168 custodia,
957 1140 1073 1173 neque

76 1172 173 1206 enim
199 1175 426 1219 publicorum
458 1182 620 1210 actorum
653 1178 829 1212 memoria
861 1178 1073 1212 intercidere

75 1230 212 1268 potest,
240 1238 305 1260 nec
322 1227 455 1260 mutari
471 1239 541 1260 una
560 1240 640 1261 cum
658 1226 712 1262 his
725 1255 733 1269 ‚
757 1231 817 1274 qui
838 1231 874 1263 in
890 1230 1071 1275 republica

76 1275 176 1309 velut
193 1278 396 1322 transfugae
416 1284 621 1317 mutantur;
653 1280 713 1312 sed
741 1280 946 1314 facultatem
970 1293 1073 1325 prae-

74 1326 135 1359 bet
159 1329 294 1372 populo
325 1329 580 1373 cognoscendi,
617 1330 680 1376 qui
706 1342 786 1364 cum
810 1338 913 1365 antea
938 1332 1073 1365 fuerint

74 1377 252 1422 improbi,
288 1387 411 1424 postea
436 1381 547 1414 velint
573 1393 675 1414 suam
700 1382 806 1415 fidem
830 1384 965 1428 populo
989 1395 1072 1427 pro-

73 1428 165 1463 bari.
218 1430 286 1463 Hic
298 1429 389 1464 mihi
406 1431 513 1464 etiam
529 1436 845 1468 commemoranda
865 1441 916 1469 est
940 1435 1071 1479 turpis-

74 1479 165 1514 sima
194 1481 269 1515 eius
291 1482 496 1517 assentatio.
558 1482 652 1516 Nam
677 1483 957 1526 Demosthenes,
990 1498 1070 1519 cum

76 1536 155 1564 toto
179 1542 275 1566 anno
298 1533 336 1566 in
357 1540 484 1567 senatu
511 1533 654 1575 fuisset,
682 1536 772 1568 nulli
788 1537 959 1581 legationi
975 1549 1071 1570 sum-

74 1594 175 1616 mum
192 1583 230 1617 in
245 1585 417 1618 concione
440 1586 558 1618 locum
585 1586 765 1630 praebuit3
802 1589 862 1622 sed
890 1595 974 1622 tunc
998 1588 1072 1632 pri-

76 1645 178 1666 mum
203 1635 392 1670 collocavit
413 1636 549 1680 legatos
566 1649 733 1681 supremo
751 1639 830 1673 loco
843 1666 851 1680 ‚
879 1640 977 1672 dedit
993 1640 1071 1684 pul-

74 1684 197 1727 vinos,
225 1693 260 1720 et
280 1688 476 1722 constravit
500 1700 559 1721 eos
582 1700 763 1734 purpura,
792 1697 826 1724 et
847 1703 952 1724 mane
976 1690 1071 1735 lega-

73 1741 128 1769 tos
145 1735 183 1768 in
199 1736 379 1773 theatrum
395 1739 515 1779 duxit,
542 1751 649 1784 quam
669 1741 929 1785 turpitudinem
946 1754 991 1775 ne
1007 1754 1071 1786 po-

72 1787 177 1832 pulus
201 1790 346 1835 quidem
377 1790 478 1831 tulit,
520 1791 581 1824 sed
609 1791 793 1826 exibilavit
816 1806 897 1827 eum
923 1799 1071 1838 propter

73 1841 365 1876 assentationem.
418 1841 464 1875 Et
483 1842 628 1887 quando
647 1841 791 1878 Thebas
810 1844 960 1889 profecti
977 1851 1070 1885 sunt,

74 1891 244 1926 conduxit
263 1893 312 1928 eis
331 1893 398 1926 tria
417 1893 498 1937 iuga
517 1894 718 1935 mulorum,
747 1902 781 1928 et
803 1896 938 1940 legatos
962 1896 1071 1929 comi-

75 1947 170 1977 tatus
196 1951 248 1979 est
271 1957 403 1990 magno
430 1957 511 1978 cum
537 1945 710 1979 dedecore
735 1947 888 1981 civitatis
914 1954 1070 1981 nostrae.

73 1992 143 2027 Sed
164 2006 209 2028 ne
230 1996 371 2041 longius
395 1997 439 2029 ab
462 1996 625 2030 instituto
652 1998 851 2039 discedam,
878 1999 987 2033 recita
1011 2000 1071 2032 de-

75 2050 211 2079 cretum
234 2048 276 2081 de
306 2048 430 2092 legatis
454 2047 491 2080 in
517 2059 722 2083 concessum
747 2050 893 2085 vocatis.
959 2050 1070 2096 Atqui

70 2093 129 2129 hic
148 2103 220 2131 tam
244 2099 358 2143 turpis
383 2099 570 2139 adulator,
598 2112 678 2133 cum
696 2103 833 2146 primus
857 2115 922 2146 per
947 2102 1068 2146 explo-

72 2153 211 2184 ratores
230 2150 390 2184 rescisset
405 2148 566 2195 Philippi
584 2151 790 2193 interitum,
818 2154 919 2187 finxit
942 2153 976 2186 id
1002 2153 1070 2187 sibi

74 2211 140 2244 per
154 2202 334 2236 somnium
350 2201 447 2236 Deos
465 2201 647 2237 nuntiasse
660 2230 669 2243 ,
698 2217 826 2249 magna
851 2204 1067 2238 contumelia

73 2251 229 2288 afficiens
243 2252 364 2287 Iovem
386 2260 493 2300 atque
510 2253 735 2297 Minervam,
762 2269 827 2301 per
850 2269 959 2303 quos,
987 2268 1067 2289 cum

75 2313 135 2338 eos
160 2312 270 2339 noctu
295 2317 415 2340 secum
438 2304 615 2351 colloqui,
659 2314 693 2341 et
716 2308 836 2342 futura
864 2307 1068 2353 praedicere

74 2356 297 2398 affirmabat,
328 2356 486 2390 interdiu
513 2357 714 2401 peierabat;
751 2366 785 2393 et
806 2372 885 2393 cum
911 2366 992 2392 ante
1016 2371 1069 2393 se—

73 2414 173 2453 ptem
191 2409 265 2443 dies
282 2408 393 2442 filiam
412 2408 598 2450 amisisset,
614 2410 652 2443 in
667 2410 744 2456 ipso
761 2412 876 2446 luctus
894 2417 1068 2455 tempore,

73 2460 285 2507 priusquam
309 2459 401 2493 iusta
425 2460 672 2504 persolvisset,
715 2469 907 2497 coronatus
932 2463 1068 2507 prodiit

74 2524 156 2546 cum
181 2511 333 2546 candida
355 2517 471 2552 veste,
499 2518 533 2544 et
556 2513 787 2556 sacrificavit,
815 2521 849 2548 et
873 2514 999 2555 miser,
1027 2514 1068 2547 il-

75 2563 144 2598 lius
159 2576 283 2599 manes
300 2561 432 2596 iniuria
452 2562 589 2605 affecit,
621 2576 711 2610 quae
732 2578 812 2600 eum
840 2566 914 2601 sola
945 2572 979 2599 et
994 2566 1067 2610 pri-

74 2627 133 2648 ma
156 2623 297 2661 patrem
323 2613 578 2659 appellaverat.
627 2615 752 2663 Neque
777 2630 841 2662 ego
866 2617 899 2651 ei
916 2617 1066 2651 infortu-

73 2667 175 2701 nium
194 2667 344 2707 obiicio,
372 2666 433 2701 sed
449 2678 568 2701 mores
591 2666 666 2701 eius
690 2675 724 2702 et
744 2669 927 2714 ingenium
951 2668 1066 2703 consi-

71 2718 194 2753 derari
209 2719 304 2754 volo.
358 2717 431 2764 Qui
448 2718 543 2752 enim
559 2718 691 2754 liberos
707 2721 803 2764 odit,
830 2727 864 2755 et
880 2721 1066 2767 improbus

268 116 456 153 XXXVIII.
501 117 728 154 INTERPR.
755 117 1017 154 ORATIONIS
1042 118 1288 154 AESCHINIS
1318 119 1518 155 CONTRA
1547 120 1937 162 CTESIPHONTEM.

2050 130 2126 168 902

1131 210 1234 247 pater
1258 210 1336 245 est,
1376 218 1562 252 nunquam
1587 207 1803 253 reipublicae
1829 212 1920 247 bene
1952 217 2128 257 consulet,

1132 260 1166 287 et
1190 255 1252 300 qui
1276 268 1350 289 non
1376 264 1473 290 amat
1499 271 1577 298 eos,
1606 273 1696 305 quos
1719 267 1847 295 natura
1867 265 1971 300 nobis
1990 268 2129 303 carissi-

1130 318 1208 340 mos
1242 307 1622 356 coniunctissimosque
1655 323 1728 345 esse
1762 314 1896 355 voluit,
1939 330 2127 364 nunquam

1130 370 1193 391 vos
1212 358 1325 401 pluris
1340 360 1446 392 faciet
1467 374 1575 406 quam
1596 369 1752 402 exteros;
1780 376 1845 398 nec
1871 368 1932 412 qui
1955 369 2125 413 privatim

1128 408 1243 442 malus
1274 415 1344 450 est,
1381 411 1521 455 publice
1555 425 1714 459 unquam
1744 416 1859 450 bonus
1890 419 2030 455 futurus
2057 429 2126 461 est;

1128 471 1192 492 nec
1214 460 1313 492 domi
1338 473 1493 507 nequam
1519 462 1651 505 homo,
1691 466 1728 499 in
1754 467 1966 504 Macedonia
1990 473 2124 517 legatus

1127 508 1297 544 honestus
1311 512 1439 554 fuerit,
1465 526 1544 547 cum
1562 528 1637 549 non
1654 530 1793 559 mores,
1820 521 1880 553 sed
1904 521 2022 557 locum
2047 530 2125 558 tan-

1128 567 1203 594 tum
1223 568 1349 596 mutet.

1230 612 1335 646 Unde
1353 614 1462 659 igitur
1479 615 1528 649 sic
1550 617 1759 654 immutatus
1780 621 1854 655 ost?
1894 623 2009 658 Venio
2028 627 2124 662 enim

1128 663 1173 695 ad
1191 665 1385 698 secundum
1410 672 1570 711 tempus,
1599 676 1633 702 et
1651 683 1742 715 quae
1766 684 1820 706 res
1846 685 1927 707 eum
1955 677 2043 710 adeo
2069 680 2125 713 sui

1128 714 1335 749 dissimilem
1367 717 1469 758 fecit,
1506 725 1565 759 ut,
1609 733 1688 754 cum
1726 720 1946 760 Philocrates
1981 729 2125 773 capitali

1128 765 1259 799 iudicio
1293 775 1540 810 accusaretur,
1584 771 1843 808 Demosthenes
1877 783 1977 810 actor
2009 781 2124 815 esset':>

1128 824 1163 850 et
1194 819 1288 851 unde
1320 831 1386 853 nos
1414 819 1452 853 in
1483 827 1599 856 tantas
1623 824 1840 860 calamitates
1870 828 2035 864 scelestus
2065 833 2124 866 ille

1129 868 1297 909 coniecit,
1326 882 1456 915 operae
1481 873 1636 916 pretium
1663 881 1714 909 est
1738 877 1874 912 audire.
1924 879 2123 927 Postquam

1128 919 1223 952 enim
1242 919 1430 966 Philippus
1452 924 1570 957 subito
1596 925 1688 959 intra
1706 927 1813 971 Pylas
1836 933 2057 974 penetravit,
2089 941 2124 969 et

1127 969 1367 1006 Phoeensium
1395 974 1501 1009 urbes
1525 977 1670 1017 evertit,
1706 990 1746 1011 ae
1770 977 1963 1016 Thebanos
1996 992 2123 1019 contra

1128 1034 1191 1056 vos
1215 1024 1389 1065 armavit,
1426 1032 1465 1059 ut
1495 1028 1603 1071 paulo
1635 1035 1717 1062 ante
1745 1036 1829 1064 tunc
1852 1034 2052 1076 putabatis,
2089 1044 2124 1071 et

1128 1086 1191 1107 vos
1208 1076 1426 1109 consternati
1444 1089 1527 1111 vasa
1548 1091 1589 1112 ex
1605 1079 1698 1123 agris
1712 1080 1756 1124 ¹in
1776 1083 1901 1116 urbem
1918 1094 2123 1131 comporta-

1127 1125 1232 1166 retis,
1257 1126 1364 1171 legati
1380 1128 1476 1171 pacis
1494 1130 1680 1164 faciendae
1701 1144 1806 1166 causa
1823 1134 1921 1169 missi
1936 1136 1972 1169 in
1990 1150 2122 1182 magna

1126 1175 1263 1210 invidia
1289 1185 1412 1219 erant,
1440 1182 1649 1224 praesertim
1666 1182 1927 1220 Demosthenes
1949 1194 1983 1221 et
1998 1187 2122 1223 Philo-

1127 1234 1259 1268 crates,
1287 1229 1349 1274 qui
1372 1242 1446 1263 non
1472 1232 1588 1265 solum
1613 1234 1719 1278 legati
1741 1236 1903 1278 fuerant,
1931 1240 2121 1275 sedetiam

1127 1285 1270 1313 autores
1301 1281 1434 1314 decreti
1458 1282 1552 1318 illius
1580 1284 1623 1318 de
1654 1297 1740 1329 pace
1773 1288 1947 1324 facienda.
2012 1291 2121 1327 Forte

1126 1335 1210 1362 tunc
1227 1330 1411 1365 dissidium
1430 1340 1549 1367 ortum
1567 1342 1618 1369 est
1634 1336 1728 1370 inter
1744 1336 1986 1375 Philocratem
2005 1350 2038 1377 et
2052 1343 2124 1378 De-

1125 1379 1373 1423 mosthenem,
1401 1385 1446 1417 ob
1469 1397 1527 1419 eas
1549 1398 1692 1428 causas,
1720 1402 1807 1434 quas
1831 1393 2121 1436 suspicabamini.

1125 1430 1163 1464 ln
1188 1430 1255 1465 hac
1279 1433 1458 1468 discordia
1484 1448 1563 1469 cum
1591 1438 1656 1471 iste
1680 1439 1716 1472 in
1742 1447 1839 1474 metu
1867 1451 1974 1485 esset,
2003 1453 2054 1487 et,
2082 1455 2123 1482 ut

1126 1490 1177 1517 est
1200 1496 1368 1528 perversa
1392 1493 1540 1528 natura,
1574 1488 1751 1524 invideret
1774 1490 1973 1529 Philocrati
1999 1499 2123 1542 prodi-

1124 1535 1233 1569 tionis
1249 1536 1422 1580 praemia,
1449 1550 1585 1572 novum
1603 1541 1791 1576 consilium
1810 1545 1902 1590 cepit
1912 1546 1956 1592 6).
1992 1548 2122 1584 Existi-

1125 1586 1238 1619 mavit
1259 1588 1374 1628 enim,
1401 1589 1430 1623 si
1456 1599 1637 1625 accusaret
1658 1593 1848 1637 legationis
1865 1598 1998 1640 socios,
2026 1607 2061 1634 et
2083 1601 2121 1635 in

1124 1636 1333 1682 Philippum
1358 1639 1608 1683 inveheretur,
1635 1642 1877 1681 Philocratem
1899 1646 1996 1684 haud
2014 1652 2121 1687 dubie

1124 1689 1326 1733 periturum
1359 1704 1451 1732 esse,
1493 1699 1527 1726 et
1554 1694 1712 1740 reliquos
1734 1697 1771 1730 in
1797 1712 1928 1744 magno
1961 1703 2120 1746 periculo

1123 1741 1288 1779 futuros;
1330 1755 1365 1776 se
1396 1755 1482 1776 vero
1517 1744 1554 1777 in
1589 1758 1720 1790 magna
1753 1750 1867 1792 gratia
1898 1752 1995 1793 fore,
2038 1767 2120 1789 cum

1124 1792 1277 1836 proditis
1299 1794 1422 1829 amicis
1446 1795 1562 1830 bonus
1588 1796 1673 1831 civis
1698 1803 1732 1831 et
1755 1811 1879 1836 amans
1903 1804 2041 1846 patriae
2069 1806 2121 1839 vi-

1124 1844 1279 1878 deretur.

1230 1895 1276 1929 Et
1298 1909 1377 1930 eum
1402 1897 1548 1942 quidam
1571 1910 1748 1933 novarum
1774 1914 1893 1936 rerum
1911 1905 2031 1950 cupidi
2047 1907 2121 1941 bel-

1123 1946 1198 1979 lum
1219 1946 1324 1981 tacite
1342 1948 1530 1983 molientes
1547 1947 1615 1983 hoc
1632 1951 1960 1989 animadverterent
1972 1983 1981 1997 ,
2007 1958 2120 1993 liben-

1124 2004 1178 2030 ter
1198 2010 1278 2031 eum
1293 2000 1521 2034 accersebant
1537 2001 1574 2034 in
1591 2009 1792 2046 suggestum
1804 2031 1813 2045 ,
1841 2012 1875 2039 et
1894 2004 1989 2041 hunc
2005 2022 2119 2044 unum

1123 2050 1301 2084 vocabant
1318 2051 1567 2096 incorruptum
1587 2053 1717 2093 civem;
1746 2062 1852 2102 atque
1871 2055 1928 2091 hic
1949 2061 2119 2104 prodiens

1123 2101 1207 2134 belli
1223 2113 1262 2134 ac
1278 2103 1451 2137 tumultus
1470 2105 1657 2137 materiam
1676 2105 1725 2140 eis
1740 2108 1918 2151 praebuit.
1963 2111 2030 2145 Hic
2046 2113 2120 2157 pri-

1123 2165 1202 2186 mus
1226 2154 1439 2198 excogitavit
1467 2153 1653 2190 Serrhium
1671 2169 1835 2200 murum,
1870 2159 2060 2197 Doriscum
2085 2171 2120 2199 et

1123 2204 1334 2249 Hergiscen,
1361 2205 1584 2251 Murgiscen,
1617 2208 1739 2243 Ganos
1769 2216 1803 2243 et
1829 2211 1968 2246 Ganida
1986 2214 2025 2262 ⁷)
2057 2228 2120 2260 op-

1123 2256 1229 2301 pida,
1257 2269 1413 2302 quorum
1439 2270 1484 2291 ne
1509 2259 1657 2292 nomina
1680 2260 1825 2306 quidem
1849 2270 1930 2297 ante
1955 2266 2119 2300 audiera-

1122 2321 1213 2343 mus.
1266 2309 1430 2342 Tandem
1447 2322 1489 2342 eo
1505 2322 1581 2343 rem
1600 2312 1766 2353 adduxit,
1794 2319 1853 2355 ut,
1881 2314 1910 2349 si
1926 2314 2118 2363 Philippus

1122 2372 1197 2394 non
1240 2360 1398 2394 mitteret
1442 2361 1576 2405 legatos
1594 2389 1603 2402 ‚
1645 2363 1827 2398 videretur
1863 2367 1988 2401 urbem
2033 2382 2119 2403 con-

1122 2419 1302 2451 temnere;
1329 2412 1358 2446 si
1379 2411 1557 2454 mitteret,
1585 2411 1803 2449 haberentur
1825 2429 1892 2461 pro
1915 2419 2119 2464 explorato-

1120 2464 1240 2505 ribus,
1267 2476 1341 2497 non
1367 2475 1434 2508 pro
1458 2464 1594 2509 legatis.
1647 2465 1684 2499 Si
1707 2467 1813 2500 vellet
1834 2470 2042 2513 permittere
2063 2472 2117 2507 iu-

1121 2516 1252 2550 dicium
1276 2516 1319 2549 de
1343 2515 1475 2550 nostris
1497 2516 1650 2562 querelis
1666 2518 1816 2552 arbitrio
1841 2520 1989 2557 alicuius
2003 2524 2116 2566 urbis,

1153 2651 1184 2684 6)
1204 2650 1288 2684 cepit]
1307 2652 1356 2676 Ed.
1376 2652 1451 2677 1562.
1471 2652 1568 2683 coepit.

1153 2701 1183 2734 7)
1210 2701 1332 2731 Ganida]
1352 2701 1391 2725 sic
1410 2701 1572 2732 scripsimus

1190 2736 1296 2762 Gauiua
1612 2712 1647 2728 =
1668 2705 1780 2732 Aschin.
1799 2706 1947 2740 Partem„
1966 2709 2015 2737 Ed.
2037 2711 2111 2736 1562.

1396 2769 1447 2806 57
1465 2770 1484 2789 ⁹¹⁵
