2294 2975
108 129 180 166 279

109 213 282 247 lumnius.
309 212 336 245 si
353 212 470 257 aliqua
488 212 604 245 iocosa
621 212 711 244 dicta
723 212 767 254 79)
793 210 938 243 nomine
955 209 1096 242 Cicero-

107 265 161 298 nis
177 263 394 297 circumferri
415 264 553 300 audiat,
583 275 672 307 quae
698 262 814 294 minus
839 267 920 294 sunt
946 261 1096 299 erudita,

109 322 230 348 contra
255 315 379 358 probet
407 326 479 346 non
503 326 573 347 csse
593 313 783 345 Ciceronis.
845 312 972 345 Postea
998 311 1097 344 addit

109 366 174 399 sibi
199 363 424 398 vehementer
440 365 485 410 s⁰)
508 365 542 396 in
567 365 720 408 quodam
749 363 892 396 tribuno
915 362 1096 395 communi

110 417 244 453 amico,
271 417 368 449 cuius
386 427 515 448 nomen
534 415 574 446 de
594 413 765 447 industria
784 420 891 453 tacet,
920 414 1094 458 quaedam

110 468 257 500 ridicula
277 468 366 499 dicta
387 465 593 509 improbari,
621 472 810 509 propterea
830 465 925 510 quod
943 464 1003 497 tali
1019 476 1097 508 per-

111 531 217 552 sonae
235 518 380 550 minime
399 515 675 562 conveniantffl).
728 516 897 560 Epilogus
913 514 1020 548 habet
1037 516 1097 548 ad-

110 568 370 605 hortationem,
407 573 445 599 ut
468 567 598 600 scribat
624 568 781 611 saepius,
818 581 857 600 ac
874 567 1096 600 Dolabellam

110 620 291 652 confirmet
308 618 344 650 in
365 617 532 651 amicitia.

355 693 488 727 Aliud
517 702 841 738 argumentum.

209 762 320 795 Valde
338 762 475 796 erudita
493 768 526 795 et
543 763 681 806 elegans
701 769 751 796 est
768 762 916 807 epistola
936 762 978 793 de
996 760 1097 793 dictis

109 822 141 847 et
161 814 294 848 facetiis
311 813 382 847 sive
398 813 505 851 iocis,
534 814 661 858 quibus
687 826 790 857 saepe
815 825 897 846 usus
919 812 1025 845 fuerit
1041 811 1097 844 Ci-

109 878 188 898 cero
200 892 213 910 ².
236 871 374 908 sumpta
396 864 579 897 occasione
598 877 638 897 ex
657 865 791 897 facetiis
809 864 982 902 aliorum,
1010 874 1097 907 quas

108 922 256 961 propter
272 916 526 949 absurditatem
545 922 578 948 et
595 916 825 949 insulsitatem
850 927 916 958 pro
941 913 1011 947 suis
1033 913 1097 945 mi-

108 968 203 1000 nime
228 978 416 1009 agnoscere
438 966 524 1000 vult.
592 965 674 999 Ideo
706 972 827 999 monet
850 964 1097 1003 Volumnium,

109 1025 148 1051 ut
164 1019 198 1050 in
216 1017 412 1051 iudicandis
430 1024 463 1050 et
485 1017 724 1051 discernendis
749 1017 849 1050 dictis
875 1028 910 1049 se
928 1015 1097 1059 praebeat

109 1070 326 1111 diligentem.
383 1068 580 1101 Exordium
606 1074 744 1101 constat
768 1067 869 1101 brevi
891 1066 1096 1100 laudatione

108 1120 306 1154 festivitatis
330 1119 527 1152 litterarum
545 1119 742 1152 Volumnii.
796 1118 964 1152 Narratio
990 1115 1098 1149 habet

107 1169 419 1215 reprehensionem
445 1170 589 1203 illorum
615 1170 811 1207 dictorum,
848 1181 938 1214 quae
961 1168 1095 1201 nullam

108 1222 257 1265 gratiam
270 1248 279 1261 ,
307 1234 421 1266 neque
440 1222 658 1265 voluptatem
677 1219 829 1259 habent,
858 1220 988 1253 additis
1010 1219 1096 1252 locis

108 1285 252 1307 suorum
277 1273 474 1311 dictorum,
503 1273 630 1317 quibus
654 1273 727 1316 ipse
751 1272 803 1305 uti
827 1271 949 1305 soleat.
1009 1269 1095 1303 Item

108 1324 226 1356 addita
246 1324 491 1356 admonitione
507 1336 567 1356 seu
584 1323 775 1367 petitione,
808 1329 847 1355 ut
864 1323 954 1355 dicta
968 1348 977 1361 ‚
1005 1333 1096 1367 quae

108 1375 404 1407 circumferuntur
428 1375 574 1407 nomine
598 1374 797 1413 Ciceronis,
840 1386 902 1406 nec
933 1379 1015 1406 sunt
1045 1378 1096 1404 ta-

107 1438 209 1465 men,
237 1426 272 1457 in
298 1432 410 1458 totum
434 1425 626 1472 reiiciat⁸²)
651 1432 684 1458 et
707 1426 872 1464 damnet,
908 1424 1097 1457 ostendens

108 1477 314 1511 Ciceronem
335 1488 408 1509 non
426 1488 498 1509 esse
516 1483 690 1510 autorem.
724 1476 862 1508 Deinde
880 1475 979 1507 addit
995 1486 1094 1507 suam

107 1528 316 1562 sententiam
354 1528 396 1559 de
434 1526 589 1560 Curione
606 1527 652 1570 83)
696 1528 825 1571 adepto
862 1526 1097 1564 tribunatum,

108 1580 204 1624 quod
222 1579 258 1610 in
278 1591 318 1610 eo
338 1578 416 1622 plus
434 1578 618 1621 gravitatis
644 1578 829 1611 desideret.
889 1576 928 1609 In
953 1577 1021 1609 fine
1047 1582 1097 1609 est

107 1628 311 1662 adhortatio
335 1630 379 1661 ad
405 1629 648 1669 scribendum,
694 1636 727 1662 et
750 1635 790 1662 ut
810 1628 1033 1662 Dolabellam
1059 1627 1097 1660 in

108 1680 260 1713 amicitia
280 1680 476 1714 confirmet.

351 1758 487 1791 Aliud
525 1763 853 1802 argumentum.

208 1826 403 1861 Exordium
423 1838 441 1859 a
464 1838 590 1870 genere
614 1826 834 1865 litterarum,
866 1836 952 1869 quas
979 1836 1019 1857 ex
1039 1835 1098 1857 ur-

107 1880 264 1913 banitate
290 1885 459 1923 tanquam
486 1884 579 1910 certa
615 1878 769 1923 quadam
804 1882 889 1909 nota
912 1875 1098 1909 Volumnii

108 1944 179 1965 esse
203 1929 381 1973 cognorit.
448 1928 615 1974 Sequitur
639 1927 927 1966 narratiuncula,
969 1927 1005 1959 in
1028 1939 1096 1971 qua

108 1981 270 2026 exponit,
299 1980 384 2025 quid
402 1980 577 2013 desideret
591 1977 705 2012 adhuc
723 1979 759 2011 in
775 1978 981 2011 Volumnio.
1028 1978 1097 2011 De-

108 2034 188 2066 inde
214 2031 358 2065 additur
381 2029 606 2070 adhortatio,
648 2037 687 2063 ut
721 2030 841 2063 omnia
866 2030 977 2062 facete
1004 2029 1096 2062 dicta

108 2083 288 2118 Ciceronis
304 2082 468 2115 defendat
486 2081 694 2121 subiiciens,
722 2094 812 2127 quae
835 2081 926 2113 dicta
951 2081 1097 2125 proprie

106 2136 176 2170 sint
200 2146 274 2169 sua.
325 2131 579 2166 Adhortationi
604 2132 758 2166 subiecta
786 2138 837 2166 est
859 2132 1098 2165 confutatiun—

108 2186 204 2227 cula,
230 2198 265 2220 se
281 2185 372 2219 serio
391 2184 546 2217 tribuere
563 2183 758 2217 Volumnio
776 2183 989 2227 singularem
1007 2183 1097 2216 face-

108 2238 205 2271 tiam.
255 2236 365 2269 Addit
381 2236 422 2268 de
438 2248 500 2268 sua
526 2235 708 2268 voluntate
735 2247 817 2278 erga
846 2234 1018 2274 amicum,
1054 2235 1097 2267 de

109 2301 179 2333 quo
205 2288 394 2332 scripserat
414 2286 640 2320 Volumnius.
708 2284 880 2330 Epilogus
905 2283 1013 2318 habet
1037 2286 1098 2318 ad-

108 2337 348 2372 hortationem
362 2365 371 2379 ,
397 2344 438 2372 ut
455 2337 594 2382 saepius
611 2337 753 2371 scribat.

146 2454 194 2482 79)
213 2453 299 2483 dicta]
319 2455 367 2481 Ed.
388 2455 462 2480 156⁹.
482 2461 580 2480 errore
599 2456 729 2487 typognz
755 2454 834 2479 eicta.

146 2497 194 2523 80)
214 2496 401 2525 vehementer]
421 2497 469 2520 Ed.
491 2498 566 2520 1569.
585 2498 729 2527 corrupte:
756 2495 944 2519 unlmmenter.

144 2539 193 2566 81)
212 2538 390 2566 conveniant]
417 2538 457 2563 sic
480 2542 556 2563 recte
580 2540 629 2564 Ed.
650 2540 748 2569 1556.;
782 2537 866 2562 Editt.
887 2537 978 2565 1565a

180 2573 254 2597 1592.
272 2573 426 2597 conveniat.

142 2615 190 2645 82)
210 2614 332 2643 reliciat]
350 2615 399 2640 Ed.
420 2615 495 2639 1569.
515 2621 612 2639 errore
631 2617 758 2646 typogr.:
786 2613 909 2640 reiiceat.

142 2659 191 2686 83)
211 2657 345 2686 Curione]
365 2657 405 2681 sic
425 2657 472 2681 Ed.
494 2658 585 2686 1556.;
619 2658 701 2682 Editt.
720 2658 811 2688 1565„
831 2657 923 2686 1569.‚
947 2656 1021 2680 1592.
1042 2656 1097 2680 Cu-

178 2692 228 2716 rio.
247 2704 280 2709 —-
324 2692 363 2715 De
389 2691 436 2715 ilio
456 2691 486 2716 C.
507 2691 648 2715 Scribonio
668 2693 698 2716 C.
718 2692 736 2717 s.
757 2691 876 2716 Curione
900 2690 971 2715 conf.
999 2690 1098 2715 Oreliii

178 2729 203 2749 et
223 2726 322 2750 Baiteri
343 2726 483 2750 onomast.
503 2726 620 2750 Tullian.
641 2726 669 2751 P.
683 2726 714 2750 ΙΙ.
735 2733 758 2755 p.
772 2725 929 2750 526—528.

1012 2537 1023 2559 1
1028 2536 1086 2560 569.
1091 2553 1098 2560 ,

677 126 798 161 PHIL.
834 124 946 158 MEL.
981 122 1181 159 SCRIPTA
1215 126 1550 163 PHILOLOGICA.

1120 238 1124 295 1

2062 132 2136 167 280

1359 213 1498 247 Aliud
1532 220 1844 257 argumentum
1863 212 1922 259 θ’).

1251 278 1347 313 Haec
1378 281 1525 325 epistola
1559 288 1609 315 est
1635 282 1670 314 in
1696 293 1822 326 genere
1848 281 1968 315 iocoso
1994 283 2137 328 scripta,

1150 327 1186 360 in
1203 341 1271 373 qua
1288 331 1377 374 petit
1398 344 1417 364 a
1434 332 1649 373 Volumnio,
1682 339 1722 366 ut
1745 333 1911 366 defendat
1925 332 2062 367 Romae
2078 347 2137 368 ur-

1148 379 1363 422 banitatem,
1392 389 1426 416 et
1442 396 1515 416 non
1541 384 1633 418 sinat
1658 384 1749 417 inter
1772 384 1916 417 facetias
1940 384 2064 417 referri
2086 385 2139 418 in-

1149 430 1254 464 sulsa.
1289 432 1475 468 Postremo
1493 435 1683 479 respondet
1698 436 1741 468 ad
1761 436 1945 479 epistolam
1967 436 2040 469 eius
2056 436 2139 470 scri-

1150 487 1246 525 ptam
1265 483 1307 515 de
1324 486 1446 518 eadem
1464 498 1513 519 re.
1561 486 1756 519 Exordium
1774 486 1962 531 epistolare
1982 487 2026 520 ab
2042 499 2141 521 occa-

1150 532 1268 572 sione,
1292 531 1359 567 hoc
1377 542 1446 576 est,
1473 537 1517 569 ab
1533 537 1634 570 initio
1655 537 1761 582 ipsius
1780 537 1961 582 epistolae.

1396 619 1531 654 Aliud
1568 628 1896 665 argumentum.

1252 685 1310 718 Illa
1338 687 1485 731 epistola
1510 694 1560 721 est
1584 689 1766 721 referenda
1794 689 1836 721 ad
1861 700 1970 732 genus
1994 689 2142 721 ‹lemon-

1151 737 1358 777 strativum,
1400 738 1472 771 sive
1505 738 1692 772 familiare.
1752 739 1837 773 Eius
1862 746 1980 773 autem
2006 739 2141 772 utilitas

1152 793 1219 826 est,
1255 788 1409 832 primum
1424 815 1432 828 ‚
1468 790 1564 834 quod
1583 802 1656 822 non
1675 790 1719 823 sit
1741 790 1894 823 cuiusvis
1919 797 2069 824 naturae
2093 790 2141 823 ef-

1151 839 1281 881 fingere
1299 839 1412 879 iocos,
1440 841 1500 873 sed
1517 841 1722 887 requiratur
1743 842 1785 873 ad
1802 838 1869 874 hoc
1886 841 2064 886 singulare
2087 840 2141 873 in-

1151 890 1306 932 genium.
1360 890 1497 924 Deinde
1516 899 1567 925 est
1584 892 1681 925 locus
1705 892 1924 933 communis,
1959 892 2055 938 quod
2076 889 2141 924 ho—

1151 940 1264 974 mines
1298 942 1408 975 solide
1445 943 1539 975 docti
1578 955 1718 987 semper
1756 941 1911 976 habeant
1942 943 2140 976 imitatores

1150 992 1333 1035 pessimos.
1371 993 1485 1026 Breve
1505 1000 1556 1027 est
1574 1001 1691 1027 autem
1709 994 1915 1034 exordium,
1943 995 2039 1040 quod
2058 1005 2142 1027 con-

1151 1043 1239 1075 tinet
1255 1045 1600 1077 commendationem
1620 1045 1803 1078 suavitatis
1818 1045 2031 1079 litterarum.
2063 1044 2140 1088 Ego

1151 1092 1302 1140 (inquit)
1319 1095 1437 1127 statim
1464 1096 1615 1139 cognovi
1641 1094 1732 1129 hanc
1755 1096 1942 1140 epistolam
1967 1107 2039 1129 esse
2063 1107 2083 1128 a
2106 1101 2141 1128 te

1150 1145 1337 1189 scriptam,
1377 1158 1595 1192 quamquam
1620 1153 1718 1180 tuum
1743 1159 1963 1191 praenomen
1985 1157 2060 1180 non
2081 1146 2142 1179 ad-

1150 1195 1271 1229 didisti
1281 1195 1364 1243 ⁸⁴³).

1200 1297 1523 1342 Argumentum
1558 1303 1599 1330 et
1632 1295 1804 1330 scholia
1842 1298 1884 1330 in
1919 1297 2092 1342 episto-

1469 1349 1479 1380 1
1491 1360 1508 1380 a
1521 1361 1554 1380 m
1590 1347 1745 1382 XXXIV.
1755 1347 1814 1395 85).

1251 1422 1438 1468 Brevesffl)
1465 1423 1728 1467 propositiones
1752 1423 1909 1469 suntffi),
1951 1423 1990 1456 in
2013 1424 2141 1470 quibus

1149 1486 1220 1508 una
1245 1480 1295 1507 est
1320 1474 1551 1518 amplificata,
1593 1474 1630 1507 in
1655 1486 1724 1519 qua
1756 1480 1923 1507 extenuat
1943 1487 2044 1508 suam
2070 1475 2142 1508 elo-

1151 1526 1354 1571 quentiam,
1396 1531 1535 1568 sumpta
1566 1525 1704 1557 ratione
1737 1525 1781 1557 ab
1805 1525 1977 1558 iniustitia
2004 1532 2142 1570 tempo-

1150 1589 1242 1610 rum.
1295 1575 1501 1621 Sequuntur
1516 1582 1549 1608 et
1564 1575 1654 1608 aliae
1673 1576 1847 1621 quaedam
1863 1575 2031 1610 rationes.
2079 1576 2143 1610 Est

1151 1634 1267 1661 autem
1295 1627 1539 1660 venustissima
1569 1626 1695 1660 allusio
1728 1626 1972 1672 eloquentiae,
2011 1633 2046 1660 et
2078 1627 2142 1660 tri-

1149 1679 1255 1713 stium
1289 1684 1492 1722 temporum
1532 1679 1576 1710 ad
1612 1678 1680 1710 tela
1706 1677 1866 1712 Herculis
1898 1683 1933 1710 et
1961 1675 2141 1712 Philocte-

1150 1729 1278 1776 tenss).
1338 1729 1384 1763 Et
1406 1727 1463 1761 hic
1485 1735 1654 1773 apparet,
1689 1735 1862 1774 quantum
1889 1728 2140 1775 venustatis⁸⁹)

1151 1782 1194 1816 sit
1210 1781 1246 1814 in
1264 1780 1507 1814 allusionibus.
1560 1779 1622 1813 Est
1640 1786 1758 1814 autem
1778 1778 1864 1813 haec
1883 1779 2030 1824 epistola
2054 1780 2139 1814 scri-

1185 1918 1309 1946 84)110c
1333 1917 1524 1948 argumentum
1550 1916 1577 1939 et
1603 1920 1721 1944 sequens
1753 1914 1788 1937 ab
1813 1912 1898 1938 Editt.
1928 1911 2152 1940 1565—1596.>

1221 1953 1387 1976 exhibentur.

1186 1997 1253 2025 84³)
1272 1994 1414 2023 addidisti]
1433 1993 1517 2017 Editt.
1534 1991 1627 2022 ¹565,
1648 1991 1740 2022 1569..
1761 1990 1834 2015 1592,
1854 1989 1965 2016 addisti.

1185 2040 1234 2068 85)
1254 2038 1401 2066 XXXIV]
1419 2036 1460 2060 sic
1477 2035 1560 2059 Editt.
1581 2033 1704 2064 (1537.)‚
1726 2033 1818 2065 ¹540„
1838 2033 1930 2064 1544„
1951 2033 2140 2059 1554—1596.

1223 2073 1320 2105 (Editt.
1342 2072 1433 2102 1545„
1454 2070 1545 2100 1546„
1567 2069 1656 2092 1601.:
1683 2067 1772 2096 134.);
1800 2067 1851 2093 Ed.
1871 2067 1956 2091 Orell.
1975 2067 2103 2091 xxxui.

1184 2117 1232 2144 86)
1252 2115 1320 2140 Huic
1337 2114 1398 2138 voci
1412 2113 1439 2136 in
1451 2111 1631 2140 Editt.1540.‚
1647 2111 1732 2140 1544.⁷
1747 2110 1832 2140 1554.7
1850 2109 1925 2134 1557.
1940 2110 2062 2139 praefixa
2074 2111 2140 2134 sunt

1221 2150 1276 2175 Cic.
1297 2150 1381 2173 verba
1399 2146 1439 2179 (§.
1456 2147 1509 2174 1.):
1536 2145 1619 2175 Quod
1636 2145 1897 2168 declamationibus
1914 2145 2036 2169 nostris.

1184 2192 1232 2220 87)
1252 2193 1356 2215 Breves
1374 2187 1575 2219 propositiones
1590 2186 1669 2214 sunt]
1686 2185 1726 2209 sic
1738 2186 1821 2211 Editt.
1837 2184 1924 2215 1537.,
1944 2185 2030 2214 1545„
2052 2185 2140 2218 1546„

1221 2227 1307 2251 1560..
1326 2225 1416 2252 1601.;
1437 2222 1519 2246 Editt.
1538 2221 1623 2251 1540„
1644 2220 1728 2245 1544..
1749 2220 1833 2247 1554„
1855 2218 1930 2242 155⁷.
1947 2219 2052 2243 Breves
2071 2225 2139 2249 pro-

1220 2260 1373 2291 positiones
1397 2257 1457 2281 sive
1488 2255 1673 2285 expositiones
1704 2255 1784 2284 sunt3
1820 2253 1903 2277 Editt.
1927 2253 2020 2285 1565„
2052 2253 2141 2285 1569„

1222 2295 1296 2318 1592.
1315 2294 1418 2316 Breves
1436 2290 1639 2321 propositiones
1659 2289 1737 2317 sunt.
1756 2288 1816 2311 sive
1834 2287 2028 2317 expositiones.

1185 2339 1233 2366 88)
1253 2336 1437 2363 Philocteien]
1463 2334 1511 2356 Ed.
1532 2332 1605 2356 1546.
1631 2337 1727 2355 errore
1745 2332 1874 2361 typo-gn:
1906 2330 2083 2355 Philotecten.
2104 2342 2139 2349 --

1221 2371 1403 2395 Philoctetes.
1428 2366 1558 2392 Poeantis
1579 2367 1605 2389 et
1622 2366 1811 2389 Demonassae
1830 2365 1918 2395 filius,
1943 2364 1986 2388 cui
2004 2365 2140 2388 Hercules

1221 2405 1342 2430 moriens
1362 2403 1479 2431 sagittas
1499 2400 1626 2426 tradidit:
1652 2399 1790 2430 serpentis
1802 2405 1894 2423 morsu
1906 2398 2046 2423 ulceratus
2061 2397 2139 2422 ideo-

1222 2447 1273 2471 que
1295 2432 1409 2469 propter
1425 2438 1558 2460 clamores
1579 2436 1605 2458 et
1624 2435 1741 2458 eiulatus
1761 2440 1778 2458 a
1796 2433 1911 2458 Graecis
1930 2432 2038 2456 'froiam
2056 2432 2139 2456 navi-

1221 2474 1349 2504 gantibus
1366 2472 1392 2496 in
1410 2471 1500 2494 insuia
1514 2471 1616 2493 Lemno
1630 2469 1743 2492 relictus
1760 2469 1819 2497 cst,
1843 2467 1886 2491 uhi
1900 2467 1990 2490 decem
2005 2471 2093 2490 annos
2110 2467 2138 2491 in

1221 2504 1351 2539 spelunca
1369 2506 1467 2532 iacuit,
1487 2504 1599 2534 aucupio
1619 2504 1783 2534 sagittarum
1797 2502 1880 2526 vitam
1896 2505 2067 2531 propagans,
2086 2501 2137 2525 do-

1220 2550 1270 2567 nec
1288 2548 1304 2566 a
1322 2541 1499 2569 Neoptolemo
1521 2541 1547 2562 et
1566 2539 1671 2568 Uiysse
1689 2537 1796 2561 Troiam
1821 2534 2028 2564 ductus-ibique
2051 2540 2137 2558 sana-

1221 2579 1266 2600 tus
1291 2577 1334 2599 est
1358 2575 1427 2604 (vid.
1453 2574 1549 2598 Orellii
1574 2575 1598 2596 et
1626 2572 1728 2597 Baiteri
1753 2571 1892 2596 onomast.
1912 2569 2031 2593 Tullian.
2056 2568 2085 2593 P.
2104 2569 2137 2594 ΙΙ.

1219 2618 1244 2642 p.
1263 2610 1348 2638 4550.

1183 2655 1232 2683 89)
1252 2654 1379 2684 qnantum
1392 2651 1562 2677 venustatis]
1582 2647 1820 2676 sicEditt.1537.‚
1840 2646 1924 2677 1540„
1946 2646 2032 2677 1544„
2053 2645 2139 2676 1554„

1222 2688 1308 2717 1557„
1325 2687 1410 2712 1565..
1428 2687 1511 2709 1569..
1528 2685 1618 2713 i592.;
1637 2684 1720 2707 Editt.
1737 2682 1824 2711 1545„
1840 2681 1925 2711 156⁰„
1940 2680 2014 2704 1601.
2036 2681 2138 2711 quauta

1219 2723 1369 2753 venustam
1398 2721 1445 2744 Ed.
1467 2720 1541 2744 1546.
1561 2720 1662 2749 quanta
1680 2716 1835 2741 venustatis
