2351 2990
192 135 265 167 455

497 216 527 249 A
541 228 614 259 rgu
626 229 658 248 m
670 228 686 248 e
698 228 719 247 n
731 222 742 247 t
754 227 775 248 u
786 228 819 246 m
839 214 880 257 τ).

298 284 455 328 Duplicis
474 291 521 317 est
539 283 736 327 argiuuenti
755 281 913 325 epistola.
942 280 1064 313 Primo
1085 280 1179 313 enim

194 336 357 368 hortatur
378 335 627 368 Cornificium,
654 340 688 365 ut
718 333 760 363 ad
788 333 983 364 libertatem
1012 331 1179 374 reipubli—

857 382 992 414 Deinde
1020 382 1051 414 ci
1075 382 1180 414 Pina-

822 432 1017 466 Exordium
1044 438 1180 466 constat

195 487 502 520 commendatione
520 496 603 518 suae
621 484 907 523 henex’olentiae,
937 496 1042 528 quam
1061 489 1179 515 tamen

194 540 358 571 xitandae
378 537 566 568 iactantiae
592 548 693 568 causa
713 535 929 578 praecisione
949 535 992 566 ad
1018 534 1105 567 alios
1127 546 1181 566 re-

193 590 312 621 mittit.
375 587 540 631 Sequitur
572 585 770 629 propositio
795 583 990 618 hortatoria
1022 598 1099 617 cum
1127 597 1181 616 ra-

194 641 289 671 tione
317 639 359 670 al»
377 637 491 670 officio
509 643 647 680 sumpta
668 649 730 680 per
748 637 1045 669 distrilmtimiem.
1095 635 1182 668 Sul,-

194 691 265 722 iicit
295 690 420 721 deinde
452 687 694 720 narratitinem
723 689 764 719 de
795 694 886 720 statu
912 686 1126 730 reipublicae
1150 693 1182 718 et

194 401 253 419 cac
281 388 446 419 itu-udam
466 386 622 417 animum
649 383 802 416 adiiciat.

194 437 285 470 rium
317 437 490 482 quendam
526 434 762 467 commendat.

195 754 257 773 suo
285 741 318 772 in
357 754 394 771 ea
431 739 648 771 defendenda
683 738 811 771 studio.
881 738 974 769 Haec
1007 738 1041 769 in
1068 737 1180 780 prima

195 798 294 835 parte
312 791 548 822 continentur.
577 788 616 821 ln
634 789 741 821 altera
761 795 810 822 cst
828 788 1088 821 commendatio
1102 800 1183 820 con-

197 845 334 874 tii-:nata
365 855 382 873 a
412 840 663 873 familiaritate.

443 924 579 956 Aliud
607 928 931 965 argumentum.

302 990 483 1033 Principio
508 989 654 1032 ponitur
678 987 875 1031 propositio
901 989 942 1019 de
969 1000 1032 1020 suo
1058 986 1184 1019 officio.

199 1043 365 1086 Sequitur
386 1041 610 1078 adhortatio,
644 1045 683 1071 ut
708 1039 889 1070 incumbat
912 1039 947 1069 in
974 1050 1095 1070 curam
1118 1037 1185 1069 rei-

200 1093 373 1136 publicae.
445 1090 581 1123 Deinde
599 1089 741 1121 additur
764 1089 1032 1121 narratiuncula
1059 1089 1101 1120 de
1121 1100 1185 1121 suo

201 1143 317 1177 studio
342 1143 379 1174 in
403 1141 643 1174 conservanda
670 1140 860 1183 republica.
914 1140 1098 1172 Postremo
1123 1152 1187 1182 po-

201 1195 297 1227 nitur
314 1192 574 1226 commendatio
591 1202 777 1234 personae,
800 1190 920 1223 addita
941 1188 1187 1223 adhortatiun-

203 1245 290 1277 cula.

435 1317 570 1350 Aliud
600 1322 932 1359 argumentum.

307 1379 455 1412 Orditur
481 1390 498 1409 a
519 1375 859 1409 commemoratione
886 1388 1031 1408 suorum
1058 1375 1189 1407 officio-

207 1443 297 1464 rum.
351 1429 487 1462 Deinde
511 1433 634 1459 narrat
662 1427 703 1459 de
728 1426 929 1470 republica,
966 1427 1062 1472 quod
1088 1438 1189 1469 expe-

205 1487 343 1514 ctentur
367 1479 491 1523 legati,
527 1478 586 1522 qui
609 1478 652 1509 ad
674 1477 870 1510 Antonium
896 1489 915 1509 a
946 1483 1070 1510 senatu
1092 1476 1189 1510 missi

207 1539 326 1570 erant,
368 1538 407 1563 ut
439 1536 500 1562 aut
529 1529 572 1560 ab
605 1527 713 1560 armis
751 1528 961 1567 discederet,
1006 1528 1191 1560 obsederat

207 1583 300 1615 enim
322 1582 473 1614 Brutum
500 1578 679 1617 Mutinae,
708 1584 768 1611 aut
786 1578 981 1611 indicerent
1001 1579 1031 1610 ei
1046 1579 1189 1611 bellum.

209 1633 248 1666 In
264 1635 331 1665 fine
351 1631 575 1664 commendat
591 1629 774 1662 Pinarium
804 1630 992 1674 quendam.

428 1712 563 1745 Aliud
599 1712 970 1756 argumentumss).

311 1779 567 1815 Adhortaioria
586 1785 636 1811 est
661 1785 693 1811 et
719 1779 1034 1812 commendatoria.
1088 1778 1194 1811 Ordi-

209 1842 267 1867 tur
289 1845 308 1865 a
335 1831 434 1864 brevi
460 1830 798 1862 commemoratione
824 1830 876 1862 sui
902 1829 1018 1863 officii.
1071 1829 1194 1874 Sequi-

209 1892 267 1917 tur
290 1881 511 1920 adliortatiO,
538 1886 577 1912 ut
600 1881 854 1924 rempublicam
889 1892 1026 1913 summa
1051 1892 1132 1913 cura
1162 1887 1196 1913 et

212 1934 327 1968 studio
352 1933 534 1969 defendat,
563 1931 681 1963 addita
709 1931 962 1974 significatione
985 1932 1194 1974 legatorum,

214 1986 273 2031 qui
296 1984 393 2017 missi
418 1988 518 2015 erant
544 1983 585 2013 ad
610 1982 823 2019 Antoninum
860 1983 941 2013 item
966 1994 1048 2014 suae
1071 1983 1196 2015 volun-

212 2037 293 2068 tatis
319 2048 356 2067 ac
383 2033 490 2066 studii
515 2032 551 2064 in
578 2033 795 2066 defendenda
822 2031 1014 2076 republica.
1066 2033 1194 2066 Postea

212 2086 358 2130 ponitur
377 2083 657 2122 commendatio,
685 2090 722 2116 ut
745 2089 1013 2127 procuratorem
1032 2083 1195 2129 Dionysii

214 2137 398 2180 diligenter
415 2135 568 2167 adiuvet.

338 2225 558 2260 Scholion
587 2225 629 2257 in
658 2226 900 2269 epistolam
928 2226 1086 2271 XXV.⁹).

320 2293 349 2337 ξ.
370 2295 401 2326 1.
439 2293 650 2326 Liberalibus
673 2291 823 2339 litteras]
852 2293 1020 2326 Narratio
1040 2293 1096 2338 ¹⁰).

254 2417 284 2443 7)
304 2417 359 2439 Hoc
377 2418 562 2442 argumentum
583 2417 609 2437 et
628 2414 680 2438 duo
699 2415 841 2445 sequentia
865 2416 898 2438 ah
916 2415 998 2439 Editt.
1020 2416 1110 2447 1556.,
1136 2416 1202 2440 1565

290 2450 403 2473 ——15-‚ast
426 2449 606 2478 reperiuntur.

255 2494 285 2519 b)
307 2492 361 2514 Hoc
381 2493 567 2521 argumentum
586 2490 684 2513 habent
703 2490 785 2515 Editt.
807 2491 994 2515 1565—1596.

256 2535 286 2563 9)
306 2534 378 2556 Ilaec
396 2533 512 2561 epistota
535 2532 562 2555 in
581 2533 664 2556 Editt.
687 2533 778 2564 15⁴0„
799 2535 890 2558 ¹544..
912 2535 996 2562 1554..
1018 2535 1091 2558 1557.
1110 2535 1200 2565 incipit

295 2573 311 2590 a
331 2567 421 2589 verbis
437 2567 618 2590 Liberalibus
637 2568 763 2595 litteras.
783 2570 810 2591 et
829 2568 922 2592 finitur
942 2569 1033 2591 verbis
1050 2569 1147 2600 facias
1161 2577 1202 2594 me

293 2601 378 2625 velim
403 2601 570 2627 1-erli01·em;
602 2601 627 2623 in
648 2601 695 2624 Ed.
719 2602 806 2626 Orett.
831 2604 899 2626 haec
924 2602 949 2625 in
975 2603 1042 2626 duas
1069 2604 1200 2633 epistolas

292 2638 335 2658 est
354 2634 504 2660 disiuncta,
524 2640 634 2662 quarum
654 2635 746 2665 prior,
768 2642 879 2660 numero
899 2637 988 2660 XXV.
1007 2638 1118 2667 signata
1131 2636 1199 2670 §§.1

293 2668 365 2691 -5,
393 2667 574 2692 Liberalibus
606 2668 708 2692 liceras
737 2682 772 2687 —
802 2672 987 2695 coniunctam
1010 2678 1070 2696 esse
1093 2672 1201 2697 debere.

293 2703 383 2726 attera
413 2707 523 2724 numero
556 2700 637 2724 XXV
648 2707 671 2725 a.
701 2703 809 2734 signata
834 2703 880 2736 ἐξ.
897 2705 921 2729 6.
943 2704 968 2730 7.
998 2705 1028 2730 Ρ.
1050 2706 1202 2731 Lucceium

768 129 887 162 Ptin..
924 128 1034 162 Mill..
1069 127 1267 163 sctttt‘TA
1299 130 1633 167 PHILOLOGICA.

2143 135 2215 169 444

1336 215 1553 251 Scholion
1579 219 1621 251 in
1651 219 1888 263 epistolam
1919 218 2103 264 XXVI.¹¹).

1335 292 1364 329 ἕ.
1391 294 1422 326 1.

1337 329 1343 334 ⁸
1459 296 1496 335 Q.
1527 292 1736 341 T‹c›·ius“·')]
1773 294 2044 327 Commendatio
2082 295 2117 326 in
2148 296 2213 326 tine

1234 341 1350 374 addita
1373 342 1427 388 ¹³).

1283 453 1607 496 Argumentum
1654 453 1958 497 epistolarum
1994 454 2099 489 XXV.
2134 461 2166 488 et

1614 504 1737 538 xxxi.
1755 505 1810 550 ι4).

1335 579 1576 623 Responsoria
1600 586 1651 613 est
1681 581 1848 624 epistola,
1884 587 1917 613 ct
1939 581 2158 621 narratoria,
2186 588 2220 615 et

1235 630 1338 673 plena
1354 628 1593 674 metaphoris,
1617 636 1657 663 ut
1675 631 1785 674 possit
1804 643 1875 664 esse
1893 632 2092 675 exemplum
2108 639 2218 665 meta-

1234 678 1402 724 phoricae
1434 681 1602 724 epistolae
1627 680 1891 715 Ciceronianae.
1950 681 2076 726 incipit
2099 689 2216 716 autem

1236 744 1253 763 a
1279 731 1506 771 narratione,
1536 738 1570 764 et
1593 739 1849 765 commemorat
1874 732 2115 776 potissimum,
2149 746 2218 778 qua

1236 782 1417 825 diligentia
1449 795 1571 815 causas
1601 782 1781 815 Cornificii
1810 783 1846 814 in
1872 790 1995 816 senatu
2029 784 2156 827 egerit,
2182 791 2221 817 ut

1237 833 1420 877 provincia
1446 833 1494 865 iili
1527 834 1643 866 denuo
1674 835 1932 866 decerneretur.
1985 832 2025 866 ln
2050 832 2115 867 hoc
2142 835 2220 867 loco

1236 884 1394 927 prolixus
1410 883 1455 929 15)
1486 890 1556 922 est,
1584 896 1624 916 eo
1650 885 1744 929 quod
1770 896 1871 917 suum
1894 885 2049 917 studium
2077 891 2111 917 et
2138 897 2221 928 ope-

1237 947 1313 967 ram
1339 934 1524 977 diligenter
1554 941 1717 967 testatam
1750 934 1844 967 vetit.
1909 934 2047 967 Deinde
2080 935 2164 968 dicit
2185 948 2220 968 sc·

1238 985 1422 1018 admittere
1450 985 1709 1018 exeusationem
1730 985 1909 1018 Cornificii
1939 987 1980 1018 de
1999 985 2223 1030 Sempronio,

1239 1035 1293 1068 cui
1312 1036 1496 1079 provincia
1513 1036 1683 1068 tradenda
1704 1042 1789 1068 erat.
1841 1035 1905 1068 Hic
1923 1036 2101 1069 interserit
2115 1037 2222 1069 aliam

1238 1086 1483 1119 narrationem
1508 1087 1550 1118 de
1575 1092 1734 1129 suscepto
1761 1086 1885 1118 itinere
1910 1086 1947 1117 in
1971 1087 2156 1119 Graeciam
2182 1100 2222 1120 ex

1238 1136 1385 1169 fortuito
1402 1136 1532 1175 reditu,
1559 1142 1592 1168 et
1610 1136 1723 1168 obiter
1739 1136 1843 1168 etiam
1862 1136 2012 1175 indicat,
2039 1138 2221 1181 quomodo

1240 1188 1276 1220 in
1295 1187 1491 1220 Antonium
1508 1187 1664 1220 invectus
1691 1186 1746 1220 sit.
1778 1186 1782 1190 ’
1807 1186 1861 1219 Ex
1877 1184 1944 1219 hoc
1966 1186 2044 1219 loco
2059 1187 2152 1220 redit
2179 1190 2222 1220 ad

1241 1251 1316 1271 eam
1339 1245 1496 1281 partem,
1526 1238 1561 1270 i'n
1586 1249 1655 1282 qua
1680 1237 1767 1270 dixit
1781 1249 1816 1270 se
1832 1237 2018 1270 admittere
2040 1239 2223 1281 purgatio-

1240 1301 1321 1321 nem
1339 1289 1538 1328 Cornificii,
1567 1294 1672 1332 atque
1698 1288 1780 1320 inde
1798 1287 2017 1320 occasionem
2036 1290 2143 1322 sumit
2165 1291 2226 1322 ad—

1240 1338 1409 1371 hortandi
1440 1352 1519 1371 cum
1552 1339 1594 1370 ad
1626 1339 1883 1382 suscipiendam
1917 1350 2139 1372 communem
2168 1341 2227 1372 de—

1241 1390 1436 1422 fensionem
1460 1402 1525 1433 pro
1548 1389 1739 1432 republica.
1799 1389 1966 1433 Sequitur
1993 1389 2119 1423 deinde
2141 1403 2225 1435 que-

1241 1441 1312 1472 rela
1337 1442 1378 1473 dc
1395 1440 1511 1472 Hirtio
1541 1446 1573 1471 ct
1589 1441 1704 1472 Pansa
1722 1439 1923 1472 consulibus
1939 1439 2060 1473 occisis
2086 1442 2129 1473 ad
2147 1440 2226 1473 Mu-

1242 1491 1365 1524 tinam.
1419 1491 1605 1523 Postremo
1623 1491 1850 1535 quorundam
1868 1490 2065 1524 amicorum
2084 1492 2225 1535 negotia

1242 1543 1486 1581 commendat,
1515 1548 1552 1574 ut
1576 1541 1616 1574 iis
1636 1541 1812 1585 praesidio
1838 1552 1910 1573 esse
1930 1541 2025 1574 velit.

1312 1690 1383 1714 mihi
1401 1701 1434 1705 -
1452 1688 1548 1718 facias
1566 1694 1609 1712 me
1627 1688 1712 1711 velim
1731 1688 1901 1717 certiorem,
1921 1688 2120 1718 complectitur.
2137 1701 2172 1706 -—
2195 1690 2227 1713 In

1312 1724 1396 1748 Editt.
1424 1722 1513 1753 1537„
1536 1722 1610 1745 1545.
1636 1724 1764 1750 (numero
1783 1721 1841 1745 267.
1871 1722 2012 1751 signata),
2046 1723 2120 1748 1546.
2140 1726 2226 1752 (num.

1313 1759 1372 1782 265,
1393 1758 1496 1787 signu),
1524 1756 1597 1779 1556.
1624 1758 1651 1779 et
1672 1756 1746 1778 1560.
1771 1755 1816 1783 (iu
1840 1757 1955 1785 utraque
1978 1762 2051 1781 num.
2069 1757 2112 1782 25.
2129 1757 2226 1787 sign.),

1317 1792 1428 1815 1565-
1443 1790 1518 1814 1596.
1546 1791 1587 1817 (in
1612 1789 1653 1812 his
1679 1796 1749 1813 nuru.
1768 1789 1811 1813 26.
1836 1789 1938 1819 sign),
1971 1790 2044 1814 1601.
2064 1793 2149 1818 (num.
2167 1791 2226 1815 267.

1314 1826 1401 1854 sign.)
1425 1825 1491 1848 haec
1515 1824 1633 1853 epistola
1656 1824 1689 1847 ab
1711 1823 1809 1846 iisdem
1834 1823 1926 1847 verbis
1948 1823 2096 1853 incipiens,
2134 1825 2227 1848 verbis

1316 1862 1404 1885 etiam
1419 1860 1505 1888 atque
1526 1859 1613 1882 etiam
1631 1864 1718 1887 rosso,
1744 1857 1852 1886 finitur,
1884 1857 2008 1887 quoniam
2027 1864 2145 1887 sequens
2168 1859 2227 1887 epi-

1315 1894 1387 1916 stota
1405 1893 1508 1916 XXVI.
1529 1893 1555 1914 iu
1580 1892 1621 1914 his
1641 1892 1723 1915 Editt.
1749 1898 1808 1914 cuni
1835 1892 1885 1914 hac
1911 1891 1937 1913 in
1957 1897 2036 1914 unam
2055 1894 2096 1915 est
2114 1893 2228 1916 coniun-

1316 1931 1368 1950 cta.
1405 1928 1481 1949 Hauc
1506 1927 1538 1949 ob
1563 1932 1620 1949 rem
1645 1925 1726 1948 etiam
1746 1924 1886 1954 utriusque
1911 1925 2045 1954 epistotae
2069 1931 2229 1956 argumenta

1317 1961 1461 1985 coniuncta
1480 1962 1550 1983 sunt.

1288 2012 1333 2039 10)
1353 2012 1426 2035 naec
1444 2011 1509 2033 nota
1528 2009 1554 2031 in
1572 2007 1655 2032 Editt.
1677 2008 1762 2036 1544„
1784 2007 1872 2038 1554,
1894 2007 1966 2031 1557.
1986 2008 2072 2033 deest.

1284 2064 1330 2090 11)
1351 2063 1424 2085 Haec
1442 2059 1561 2089 epistola
1579 2059 1606 2082 in
1621 2058 1703 2081 Editt.
1725 2058 1809 2089 1540„
1831 2059 1915 2083 1544..
1937 2059 2022 2090 1554„
2042 2060 2116 2085 1557.
2135 2062 2163 2084 et
2180 2062 2229 2085 Ed.

1320 2096 1407 2121 orell.
1426 2099 1539 2118 numero
1557 2093 1659 2116 XXVI.
1679 2092 1804 2121 signata,
1834 2098 1850 2116 a
1869 2093 1960 2116 verbis
1979 2094 2009 2123 Q.
2031 2094 2138 2119 Turius
2156 2095 2226 2118 inci-

1318 2131 1396 2160 piens
1416 2128 1559 2157 verbisque
1579 2127 1666 2150 etiam
1694 2128 1785 2156 atque
1799 2127 1885 2150 etiam
1904 2132 1974 2157 rogo
2000 2128 2077 2151 finita
2100 2129 2127 2151 in
2145 2129 2229 2152 Editt.

1320 2164 1412 2193 153⁷.,
1433 2163 1523 2189 1545..
1545 2161 1635 2186 1546..
1664 2160 1736 2183 1560.
1763 2161 1835 2184 1601.
1858 2162 1885 2183 et
1912 2161 1939 2184 in
1958 2161 2041 2187 Editt.
2061 2162 2122 2186 sola
2145 2168 2230 2193 argu-

1319 2199 1411 2222 menta
1430 2198 1457 2220 et
1478 2195 1582 2218 scholia
1606 2194 1804 2217 contineutibus
1831 2195 1904 2219 1556.
1917 2211 1924 2218 .
1951 2196 2017 2219 1565
2029 2207 2062 2212 -
2078 2197 2151 2221 1596.
2170 2204 2229 2221 cum

1319 2230 1492 2262 praecedenti
1511 2228 1627 2258 epistota
1646 2230 1689 2251 est
1707 2234 1844 2258 connexa,
1864 2229 1924 2252 vide
1944 2230 2035 2253 notam
2052 2230 2078 2253 9.

1286 2283 1331 2311 12)
1352 2282 1405 2305 Pro
1424 2282 1474 2304 hoc
1492 2279 1600 2303 nomine
1618 2279 1644 2301 in
1663 2279 1745 2303 Editt.
1766 2280 1856 2305 1545..
1877 2280 1949 2304 1560.
1970 2279 2028 2304 huic
2046 2282 2128 2304 notae
2145 2287 2227 2311 prae-

1321 2317 1375 2340 fixa
1393 2317 1455 2338 suut
1475 2314 1530 2339 Cic.
1549 2314 1632 2336 verba
1651 2313 1807 2342 sequentia:
1834 2315 1881 2338 Em·
1899 2321 1997 2338 eorum
2015 2315 2154 2339 oratione.

1289 2367 1334 2395 13)
1353 2367 1425 2390 Haec
1443 2366 1507 2388 nota
1527 2363 1554 2387 in
1573 2363 1656 2388 Editt.
1674 2364 1758 2394 1544„
1783 2365 1870 2393 1554.,
1887 2364 1963 2389 1557.
1981 2365 2066 2390 deest.

1289 2420 1333 2445 1⁴)
1355 2418 1412 2440 Hae
1432 2415 1564 2445 epistolae
1583 2414 1609 2437 in
1629 2415 1728 2442 Editt..
1755 2416 1822 2438 haec
1847 2417 2008 2446 argumenta
2032 2415 2228 2439 continentibus

1322 2452 1408 2479 1556..
1428 2449 1616 2473 1565—1596.
1636 2449 1780 2479 (aliisque,
1809 2449 1869 2472 vide
1890 2451 1969 2473 notas
1987 2451 2012 2475 9.
2034 2451 2088 2476 11.)
2106 2449 2133 2472 in
2152 2456 2231 2473 unam

1320 2485 1482 2509 coniunctae
1508 2483 1533 2506 in
1554 2483 1601 2507 Ed.
1620 2483 1692 2506 1556.
1713 2489 1824 2506 munero
1844 2483 1933 2507 XXV.
1946 2500 1954 2511 ,
1979 2484 2005 2507 in
2022 2483 2105 2508 Editt.
2127 2483 2230 2506 1565-

1321 2519 1396 2543 1596.
1421 2520 1510 2541 autem
1536 2523 1646 2540 numero
1673 2517 1774 2541 XXVI.
1807 2517 1934 2547 signatae
1959 2520 2029 2542 suut.
2061 2529 2094 2534 —-
2129 2518 2229 2541 Horum

1320 2556 1435 2583 quatuor
1453 2554 1673 2581 argumentorum
1700 2552 1755 2574 tria
1783 2551 1877 2580 priora
1903 2551 1930 2574 in
1949 2551 2034 2577 Editt.
2053 2551 2143 2581 ¹556..
2164 2552 2230 2575 1565

1320 2587 1442 2614 —1596..
1462 2588 1585 2616 quartum
1605 2591 1670 2609 vero
1689 2587 1792 2609 tantum
1814 2585 1839 2608 in
1859 2585 2128 2608 mammea—1596.
2149 2585 2228 2609 inve-

1320 2621 1440 2644 iniuntur.

1288 2673 1332 2699 15]
1353 2672 1490 2701 prolixus]
1510 2671 1550 2694 sic
1568 2670 1650 2694 Editt.
1672 2670 1762 2695 1556..
1789 2670 1880 2699 1565.;

1322 2707 1371 2730 Eu.
1397 2706 1470 2730 1596.
1491 2705 1630 2736 proiixior.

1916 2670 1964 2695 Ed.
1988 2669 2058 2694 1571.
2080 2670 2211 2699 prolixius
2223 2680 2230 2699 ς
