2351 2990
65 119 141 156 769

65 206 127 241 ciis
146 212 207 240 aut
224 206 392 247 Graecis,
426 218 495 252 qua
518 206 556 239 in
579 218 617 240 re
641 206 670 240 si
694 206 781 252 quid
808 206 951 241 videtur
971 207 1064 252 peri-

66 257 156 298 culi,
197 255 293 292 haud
317 258 493 302 gravatim
518 270 588 291 una
621 258 853 302 navigaturus
887 272 987 299 sum,
1031 265 1066 292 et

66 309 259 343 discrimen
287 309 333 355 (si
356 310 453 355 quod
477 310 544 356 est)
569 309 763 344 subiturus.
824 310 929 344 Unde
955 310 1064 355 igitur

69 361 258 394 conflanda
275 358 363 395 haec
379 360 531 405 pecunia
551 361 627 394 est?
655 361 732 394 Hoc
751 373 814 405 ego
837 362 910 395 sere
934 362 971 394 in
997 360 1064 395 hac

64 424 104 446 re
122 413 294 457 comperi.
346 411 386 445 In
406 413 630 446 decernendo
649 413 806 458 primum
833 414 881 446 ita
906 413 1063 454 statuite,

63 475 108 497 ne
129 464 213 498 solis
229 464 379 497 decretis
396 470 430 497 et
454 464 612 509 epistolis
636 477 715 498 cum
734 462 903 510 Philippo
928 465 1061 499 bellum

64 527 252 560 geramus,
287 516 347 549 sed
371 528 483 549 manu
506 527 546 549 ac
569 528 607 549 re
639 516 728 561 ipsa.
786 516 909 550 Sentio
942 523 1062 550 autem

64 567 194 600 debere
211 567 328 600 locum
345 567 501 612 aliquem
521 567 623 611 eligi,
651 574 685 601 et
705 574 839 601 certam
866 568 1062 612 regionem,

62 617 125 651 ubi
142 624 315 664 tanquam
332 618 369 651 in
385 619 539 652 statione
554 624 698 653 nostrae
716 619 839 665 copiae
858 620 940 654 sint.
968 619 1061 653 Nam

62 667 253 714 Philippus
286 682 349 714 per
385 671 609 704 occasionem
652 683 732 704 cum
776 671 874 704 venti
916 670 1063 704 secundi

62 727 146 755 sunt
159 720 207 767 4¹)
219 748 228 761 ,
257 722 302 754 ad
316 733 382 755 nos
397 722 595 766 procurrit,
622 729 656 755 et
672 722 821 767 captatis
836 721 965 756 Etesiis
985 727 1060 755 tum

63 773 109 806 ad
126 784 192 806 nos
210 773 355 807 classem
374 774 538 813 adducit,
566 786 645 807 cum
663 786 729 807 nos
754 786 940 807 occurrere
964 772 1062 806 venti

62 835 138 857 non
154 824 289 858 sinunt.
341 824 500 858 Proinde
516 825 635 858 locum
651 825 808 871 aliquem
829 824 972 869 deligite
984 851 993 865 ,
1017 836 1062 857 ne

62 875 179 908 obiter
206 873 471 910 contrahendus
497 876 543 910 sit
569 876 763 916 exercitus,
797 883 832 909 et
856 876 1063 916 armandus,

62 933 207 972 accepto
244 928 313 960 iam
340 928 486 961 damno.
546 925 597 960 lta
624 927 719 960 enim
742 928 801 967 fit,
838 934 878 960 ut
901 927 1061 972 undique

58 978 290 1016 frustremur;
318 978 380 1011 sed
399 990 488 1023 opus
507 984 558 1011 est
577 984 751 1023 perpetuo
777 985 811 1012 et
837 985 934 1011 certo
960 990 1063 1022 prae-

58 1028 163 1063 sidio.
217 1029 418 1063 Hibernare
437 1036 557 1063 autem
577 1041 766 1074 possumus
791 1030 826 1062 in
846 1029 985 1063 Lemno
1001 1029 1062 1074 ⁴²²),

60 1078 182 1114 Thaso
204 1080 252 1128 ⁴²³)
283 1087 317 1114 et
333 1079 478 1114 Sciatho
499 1081 567 1127 44“),
603 1087 637 1114 et
665 1081 743 1115 aliis
767 1082 894 1115 eodem
919 1081 956 1113 in
980 1082 1059 1114 loco

56 1131 202 1174 insulis,
226 1133 288 1166 ubi
306 1139 340 1166 et
357 1139 482 1177 portus
500 1138 583 1167 sunt
598 1139 633 1165 et
646 1133 845 1173 frumenta,
873 1139 907 1166 et
922 1139 1059 1166 caetera

58 1190 273 1228 suppetunt,
310 1196 401 1229 quae
422 1191 505 1217 sunt
529 1184 610 1218 usui
634 1184 753 1219 militi.
804 1184 902 1218 Anni
925 1190 1059 1229 tempe-

58 1241 166 1269 states
181 1242 215 1269 et
231 1236 405 1269 secundos
422 1242 564 1275 ventos,
592 1242 626 1269 et
644 1236 764 1269 omnia
776 1262 785 1276 ,
814 1236 943 1281 quibus
970 1248 1059 1281 opus

59 1286 147 1327 erit,
182 1287 387 1331 providebit
408 1286 617 1331 imperator.
677 1287 780 1332 Quae
804 1294 924 1321 autem
949 1299 968 1320 a
996 1299 1058 1320 vo-

57 1337 113 1372 bis
135 1338 311 1383 praestari
334 1344 497 1383 oportet,
524 1350 563 1371 ea
589 1344 692 1379 sunt,
730 1350 822 1384 quae
847 1344 951 1371 antea
973 1350 1058 1383 pro-

58 1390 176 1435 posui.
238 1390 275 1424 Si
299 1390 394 1423 enim
419 1390 608 1435 pecuniam
634 1389 876 1430 contuleritis,
911 1391 954 1423 de
986 1402 1057 1435 qua

59 1441 155 1481 dixi,
191 1447 226 1474 et
241 1447 380 1475 caetera
405 1441 717 1486 comparaveritis‚
752 1441 901 1482 milites,
934 1453 1057 1481 naves,

60 1492 217 1539 equites,
245 1494 273 1527 si
298 1492 457 1537 integras
482 1492 602 1537 copias
628 1493 773 1526 decreto
799 1493 985 1537 coegeritis
1011 1494 1057 1526 ad

58 1544 261 1588 urgendum
278 1544 412 1578 bellum
427 1544 495 1590 ²¹⁵),
523 1544 552 1578 si
573 1544 762 1588 pecuniam
788 1557 851 1578 vos
875 1545 1058 1589 dispensa-

56 1595 160 1637 bitis,
187 1596 438 1642 rationemque
457 1596 642 1640 exegeritis
657 1608 779 1629 rerum
805 1603 985 1640 gestarum
1013 1596 1057 1629 ab

59 1648 359 1693 imperatoribus,
388 1648 532 1681 tandem
560 1648 768 1681 conficietur
794 1660 861 1682 res.
911 1648 1058 1681 Accedit

59 1697 130 1733 hoe
154 1700 261 1732 etiam
288 1700 489 1739 commodi,
524 1701 621 1745 quod
642 1699 875 1744 intercipietis
897 1697 1059 1744 Philippi

59 1750 272 1796 pecuniam,
319 1751 381 1797 qui
416 1752 458 1784 de
492 1757 616 1785 nostro
650 1757 811 1795 sumptus
845 1751 930 1784 belli
955 1751 1058 1785 susti-

61 1808 123 1836 net
139 1802 198 1849 46).
251 1802 441 1836 Praeterea
459 1802 566 1835 etiam
584 1815 646 1835 vos
664 1802 764 1835 domi
786 1802 823 1835 in
848 1809 924 1836 tuto
948 1802 1058 1842 eritis,

61 1866 127 1887 nec
158 1854 279 1887 licebit
312 1854 349 1886 in
369 1853 548 1887 Lemnum
581 1853 787 1888 incursione
818 1854 930 1893 sacta,
966 1854 1058 1888 cives

61 1905 145 1939 inde
159 1912 296 1939 vestros
313 1906 507 1945 abducere,
536 1917 703 1949 magnam
721 1905 793 1938 vim
818 1905 990 1950 pecuniae
1013 1906 1058 1938 ad

62 1957 248 1991 Cerastum
262 1958 395 2001 exegit,
432 1957 637 2001 interceptis
660 1957 828 1995 navibus;
858 1957 1001 1990 transiit
1025 1963 1060 1990 et

59 2008 99 2041 in
116 2007 332 2042 Marathona
346 2036 355 2049 ,
382 2015 417 2043 et
430 2021 568 2043 sacram
584 2021 713 2041 navem
735 2009 818 2041 inde
841 2009 978 2048 avexit,
1006 2008 1059 2041 id-

62 2072 131 2106 que
146 2072 190 2093 ne
206 2061 377 2104 poteratis
396 2061 540 2107 quidem
558 2057 750 2104 prohibere
768 2073 832 2094 nec
850 2060 1057 2105 tempestive

62 2123 260 2145 occurrere.
309 2112 503 2158 Nunquam
523 2112 798 2152 committimus,
826 2118 866 2146 ut
889 2124 963 2145 non
986 2112 1058 2146 suis

96 2259 145 2286 41)
166 2259 198 2282 Η.
223 2258 241 2281 l.
267 2257 294 2280 in
320 2256 405 2282 Editt.
431 2256 525 2285 1559„
552 2256 644 2283 1564η
671 2256 761 2283 1570..
790 2255 865 2280 1567.
892 2257 958 2280 nota
982 2262 1058 2280 mar-

134 2293 207 2324 gia:
232 2292 387 2316 Ventorum
407 2290 574 2315 observatio.

98 2335 147 2363 42)
173 2334 317 2364 praesidio.
360 2333 514 2357 Hibernare
539 2333 629 2356 autem
654 2338 798 2363 possumus
824 2332 850 2356 in
875 2333 992 2361 Lemno]
1020 2332 1059 2356 sic

134 2370 182 2394 Ed.
205 2369 298 2399 1562.;
323 2368 406 2392 Editt.
425 2367 526 2398 Basil.,
557 2367 649 2397 1559„
678 2368 746 2391 1564
763 2380 799 2385 —
820 2367 894 2392 1587.
920 2367 1058 2398 praesidio

133 2404 281 2428 hibernare
301 2403 327 2426 in
345 2403 459 2426 Lemno.

100 2448 149 2475 43)
173 2447 275 2475 Thaso]
304 2445 344 2469 sic
367 2444 528 2474 scripsimus
547 2453 582 2466 =
600 2445 739 2471 Demosth.
762 2444 862 2478 Θάσῳς
904 2446 953 2470 Ed.
983 2445 1057 2469 1562.

135 2483 258 2511 Thass0;
288 2480 338 2505 Ed.
358 2480 442 2505 Basil.
467 2479 590 2510 Chasso3
615 2480 698 2505 Editt.
720 2481 811 2512 1559.‚
843 2481 909 2504 1564
928 2493 960 2498 —
984 2480 1057 2504 1587.

134 2517 231 2542 casso.

101 2561 148 2588 44]
169 2559 294 2587 Sciatho]
314 2558 355 2581 sic
372 2558 422 2584 Ed,
443 2556 517 2582 1562.
537 2566 570 2578 =
588 2557 726 2583 Demosth.
746 2555 876 2592 Σκιάθιμ;
902 2558 986 2583 Editt.
1005 2560 1059 2582 Ba-

136 2594 198 2625 sil.‚
219 2594 311 2622 1559.,
332 2593 399 2616 1564
420 2605 454 2609 —
474 2592 550 2618 1587.
571 2593 722 2622 Schyarro,

102 2638 150 2665 45)
171 2637 205 2660 ad
219 2636 371 2667 urgendum
388 2635 501 2662 bellum]
520 2635 560 2658 sic
573 2635 622 2659 Ed.
640 2636 733 2667 1562.;
753 2636 836 2661 Editt.
853 2636 934 2661 Basil.
947 2653 954 2667 ‚
976 2636 1061 2663 1559..

138 2672 204 2695 1564
227 2684 260 2689 -·—
281 2670 355 2695 1587.
376 2670 495 2700 augendi
516 2670 622 2693 bellum.

100 2715 149 2743 46)
168 2714 298 2742 sustinet]
324 2713 364 2737 sie
387 2713 437 2737 Ed.
465 2713 556 2742 1562.;
580 2713 665 2738 Editt.
693 2714 793 2743 Basa,
823 2715 914 2745 1559.‚
943 2715 1008 2738 1564
1027 2726 1060 2730 -

138 2749 211 2773 1587,
232 2749 382 2774 sustentat.

59 2793 242 2823 Memmi.
266 2792 371 2822 oven.
395 2791 480 2821 VoL.
503 2790 609 2821 xvii.

272 118 426 155 XXXIII.
460 118 860 156 INTERPRETATIO
887 119 1149 157 ORATIONIS
1176 119 1475 157 PHILIPPICAE
1501 120 1527 157 I.
1554 120 1909 158 DEMOSTHENIS.

2039 121 2115 158 770

1120 208 1342 253 temporibus
1359 208 1640 254 quinquennalia
1658 215 1692 242 et
1701 207 1940 242 Bacchanalia
1950 208 1996 255 υ)
2014 209 2114 249 fiant,

1117 259 1190 293 sive
1201 260 1361 304 opulenti
1371 260 1448 306 ⁴⁷³),
1468 260 1541 294 sive
1552 267 1675 294 tenues
1684 260 1853 305 praefecti
1862 260 1926 307 ⁴⁷b)
1944 260 2114 293 ludorum

1117 317 1211 344 sorte
1226 312 1335 344 creati
1352 312 1498 346 suerint.
1533 311 1580 345 Et
1597 312 1633 344 in
1649 312 1684 345 id
1704 311 1884 345 effunditis
1900 318 2035 345 tantam
2052 323 2115 355 pe-

1117 363 1278 403 cuniam,
1307 369 1442 408 quanta
1460 376 1646 409 nunquam
1674 363 1713 396 in
1738 363 1883 396 classem
1906 364 2015 396 ullam
2041 361 2113 395 col-

1116 414 1272 451 locatur;
1300 420 1422 459 estque
1443 421 1561 448 tantus
1577 421 1770 459 apparatus
1781 441 1790 454 ,
1813 420 1967 459 quantus
1983 413 2041 446 vix
2058 426 2116 448 us·

1117 477 1225 510 quam
1264 465 1301 498 in
1335 466 1407 499 ulla
1435 466 1588 500 civitate.
1647 466 1695 499 At
1719 466 1755 498 in
1781 466 1889 499 classe
1915 465 2115 499 necessaria

1117 517 1223 549 etiam
1240 516 1503 557 desiderantur,
1531 529 1648 562 neque
1666 518 1725 550 illa
1742 517 1779 549 in
1794 523 1954 561 tempore
1971 515 2117 550 instrui·

1116 573 1186 601 tur.
1241 567 1313 612 Qui
1329 569 1368 601 fit
1392 565 1485 601 hoc?
1521 569 1603 613 quia
1628 569 1719 601 ratio
1743 568 1991 602 faciendorum
2012 568 2114 601 ludo-

1115 630 1195 652 rum
1213 619 1482 662 diligentissime
1499 620 1675 663 descripta
1694 626 1745 653 est
1762 620 1916 663 legibus,
1948 619 2031 653 belli
2056 632 2114 664 ge-

1116 669 1219 702 rendi
1236 670 1415 703 rationem
1431 671 1568 704 nullam
1584 683 1731 716 prorsus
1749 678 1880 703 certam
1898 671 2001 705 nobis
2011 683 2114 716 prae-

1116 721 1316 755 scribimus.
1377 721 1460 756 Non
1484 728 1589 755 antea
1617 722 1882 756 constituuntur
1911 720 2113 763 trierarchi,

1117 784 1225 817 quam
1244 770 1388 806 hostilia
1406 773 1637 811 nuntiantur;
1665 779 1740 806 tum
1769 773 1925 817 primum
1952 775 1994 807 de
2018 786 2114 808 sum·

1116 824 1234 868 ptibus
1252 824 1489 869 prospicitur,
1518 831 1552 858 et
1569 826 1612 858 de
1630 824 1808 869 stipendio
1827 825 1982 858 delectus
2005 823 2114 858 habe-

1116 882 1174 908 tur
1189 876 1463 920 peregrinorum
1475 903 1484 917 ,
1512 889 1578 921 pro
1594 876 1737 910 delectis
1763 876 1823 908 alii
1846 882 2112 920 supponuntur.

1116 927 1304 961 Postremo
1335 929 1421 961 dum
1455 934 1664 968 contamur,
1697 927 1835 961 occasio
1860 928 1913 960 rei
1935 928 2112 972 gerendae

1117 978 1245 1012 amissa
1269 985 1332 1013 est.
1395 979 1554 1024 Tempus
1580 985 1826 1024 opportunum
1854 980 2001 1023 gerendi
2028 979 2113 1012 belli

1115 1029 1152 1062 in
1169 1036 1346 1074 apparatu
1363 1031 1610 1071 constituitur,
1635 1037 1669 1064 et
1686 1037 1847 1064 nostram
1866 1031 2111 1064 contationem

1116 1082 1254 1115 occasio
1282 1094 1355 1115 non
1387 1088 1565 1126 expectat;
1617 1088 1652 1115 et
1683 1082 1902 1126 praesidium
1933 1088 2112 1123 nostrum,

1115 1134 1212 1178 quod
1230 1133 1365 1166 interea
1382 1134 1420 1166 in
1440 1134 1549 1168 armis
1568 1140 1640 1173 est,
1668 1131 1759 1166 nihil
1783 1146 1856 1167 esse
1882 1135 1927 1166 ad
1952 1131 2111 1168 hostium

1114 1185 1246 1229 copias,
1264 1198 1319 1219 res
1338 1185 1495 1219 ostendit
1509 1185 1575 1231 4⁸);
1594 1183 1706 1219 hostis
1721 1197 1806 1218 vero
1824 1185 1897 1229 ipse
1915 1198 1956 1218 eo
1972 1198 2113 1230 proces-

1112 1235 1157 1269 sit
1173 1237 1361 1282 superbiae
1372 1263 1381 1277 ,
1398 1243 1438 1271 ut
1454 1237 1490 1270 in
1501 1236 1687 1271 Euboeam
1706 1236 1794 1270 tales
1810 1236 1946 1271 litteras
1962 1236 2111 1271 miserit.

1471 1339 1670 1383 Epistola
1690 1338 1751 1385 ⁴9).

1215 1405 1395 1451 Pleraque
1412 1406 1450 1438 in
1465 1403 1521 1440 his
1537 1407 1665 1441 litteris
1680 1418 1762 1440 vere
1782 1406 1941 1451 scripsit,
1972 1407 2115 1442 tametsi

1111 1456 1237 1490 acerba
1256 1457 1346 1495 sint;
1374 1470 1498 1491 verum
1514 1458 1562 1490 ita
1580 1459 1694 1491 seram
1721 1459 1766 1490 ad
1793 1458 1946 1501 gratiam
1972 1459 2115 1493 concio-

1111 1514 1279 1548 nantem,
1325 1508 1355 1542 si
1386 1521 1443 1543 res
1475 1509 1661 1553 patiantur
1695 1509 1831 1554 aliquid
1862 1511 2114 1554 praetermitti,

1112 1561 1210 1605 quod
1236 1560 1395 1594 offendat
1419 1573 1535 1595 aures.
1593 1561 1642 1594 At
1663 1559 1710 1608 5⁰)
1737 1561 1766 1594 si
1792 1562 1985 1595 assentatio
2013 1563 2113 1596 beni-

1111 1611 1215 1655 gnius
1246 1612 1456 1655 pollicetur,
1502 1625 1611 1658 quam
1635 1625 1690 1647 res
1723 1613 1866 1653 ferunt,
1909 1614 2112 1658 perniciosa

1112 1669 1174 1697 est.
1229 1662 1352 1708 Turpe
1370 1670 1421 1697 est
1436 1676 1510 1698 sese
1527 1665 1670 1705 fallere,
1694 1671 1728 1697 et
1745 1665 1830 1698 dum
1847 1666 2115 1709 procrastinan-

1112 1721 1163 1748 tes
1195 1715 1337 1756 omnia,
1373 1727 1464 1761 quae
1496 1716 1682 1760 paululum
1712 1717 1821 1749 modo
1846 1717 1995 1751 molesta
2017 1726 2114 1760 sunt,

1113 1766 1335 1800 excludimur
1352 1780 1370 1800 a
1389 1767 1496 1801 rebus
1513 1768 1678 1811 gerendis
1695 1767 1762 1814 ⁵¹),
1789 1768 1979 1802 admoneri
2003 1771 2113 1811 nolle,

1112 1818 1210 1863 quod
1234 1824 1400 1862 oporteat
1429 1819 1562 1852 bellum
1587 1825 1768 1863 gerentes,
1816 1831 1890 1853 non
1916 1820 2111 1864 fugientem

1113 1869 1337 1903 occasionem
1370 1871 1490 1915 sequi,
1527 1871 1589 1904 sed
1616 1877 1781 1915 captare,
1818 1877 1926 1917 atque
1952 1872 2111 1907 oblatam

1113 1921 1284 1965 excipere.
1336 1921 1382 1955 Et
1396 1922 1486 1955 sicut
1502 1921 1540 1955 in
1557 1922 1632 1955 acie
1649 1923 1775 1969 ducem
1787 1947 1796 1961 ‚
1826 1921 1873 1955 ita
1894 1936 1960 1957 nos
1975 1923 2012 1957 in
2028 1937 2112 1959 con-

1112 1972 1199 2006 siliis
1215 1973 1406 2017 providere
1424 1973 1545 2007 omnia
1565 1974 1750 2015 convenit,
1786 1981 1825 2009 ut
1841 1987 1879 2007 ea
1893 2002 1901 2015 ,
1938 1988 2029 2021 quae
2058 1976 2112 2010 in-

1112 2024 1248 2058 dustria
1285 2037 1426 2058 summa
1461 2025 1688 2070 delegerunt,
1732 2032 1860 2071 agant,
1902 2039 1976 2059 non
2008 2040 2111 2073 expe-

1112 2082 1207 2109 ctent
1233 2088 1365 2111 casum.
1424 2076 1470 2110 Et
1492 2090 1572 2110 cum
1598 2083 1718 2111 tantae
1741 2078 1813 2112 sint
1836 2077 1928 2112 vires
1959 2085 2110 2120 vestrae,

1145 2211 1193 2240 47)
1213 2212 1245 2236 Η.
1265 2211 1283 2236 l.
1304 2210 1330 2234 in
1349 2210 1434 2236 Editt.
1456 2210 1549 2242 1559.‚
1569 2211 1663 2242 1564„
1685 2211 1777 2242 1570.,
1798 2211 1872 2237 1587.
1891 2212 1958 2235 nota
1976 2211 2110 2243 margin.:

1181 2245 1361 2270 Bacchanalia
1380 2245 1456 2276 fieri,
1476 2246 1672 2276 rempublicam
1690 2246 1804 2277 negligi.

1145 2290 1210 2317 47³¹)
1232 2288 1368 2319 opulenti]
1388 2288 1474 2312 Editt.
1493 2288 1595 2320 BasiL,
1617 2289 1684 2312 1559
1701 2288 1832 2321 —>1587.
1851 2288 2006 2319 opulentos.

1145 2331 1210 2361 47⁵7)
1230 2331 1379 2363 praefecti]
1399 2331 1449 2355 Ed.
1472 2331 1546 2355 ¹587.
1566 2337 1661 2356 errore
1680 2332 1809 2362 typogn:
1829 2331 1955 2361 perfecti.

1145 2377 1193 2402 48)
1213 2375 1279 2399 nihil
1307 2381 1371 2398 esse
1396 2374 1431 2397 ad
1458 2374 1577 2398 hostium
1601 2374 1714 2404 copias,
1740 2381 1788 2398 res
1816 2374 1966 2405 ostendit3]
1994 2375 2035 2399 sic
2059 2376 2110 2400 Ed.

1182 2410 1275 2440 1562.;
1294 2409 1379 2434 Editt.
1398 2408 1502 2439 Basil.,
1525 2409 1617 2437 1559„
1639 2410 1706 2433 1564
1723 2421 1759 2426 —
1779 2409 1854 2433 1587.
1874 2415 1929 2433 non
1948 2411 1992 2434 est
2010 2410 2038 2433 in
2057 2410 2109 2435 ho-

1181 2445 1265 2468 stium
1285 2443 1390 2474 copiis,
1410 2443 1458 2466 sed
1478 2449 1527 2473 per
1546 2443 1722 2467 occasionem
1741 2443 1913 2474 opprimitur.

1146 2488 1194 2516 49)
1213 2487 1408 2518 Epistola]
1428 2486 1468 2509 sic
1486 2486 1536 2510 Ed.
1558 2486 1634 2509 1562.
1654 2487 1704 2514 (Ξ
1722 2486 1798 2510 Dem.
1822 2482 1964 2516 Ἐπιστολή
1991 2487 2110 2513 lectione

1181 2523 1273 2552 vulg.;
1292 2521 1342 2546 Ed.
1363 2521 1457 2545 Reisk.
1477 2521 1572 2544 hahet:
1589 2516 1778 2551 Ἐπιστολαί);
1795 2521 1880 2545 Editt.
1899 2521 2002 2553 misit,
2022 2523 2111 2555 1559„

1184 2557 1275 2587 1564„
1297 2556 1390 2585 1570.‚
1412 2554 1486 2579 1587.
1506 2552 1725 2586 Προτρεπτικόν.

1147 2599 1194 2628 50)
1220 2600 1271 2628 At]
1298 2599 1339 2623 sic
1364 2598 1448 2622 Editt.
1473 2598 1576 2628 Basib,

1183 2633 1259 2657 1557.
1279 2634 1327 2657 Ac.

1147 2677 1195 2704 51)
1221 2676 1390 2700 excludimur
1414 2681 1431 2699 a
1456 2676 1538 2698 rebus
1563 2675 1726 2706 gerendi5,]
1759 2675 1800 2699 sic
1824 2675 1872 2699 Ed.
1900 2676 1990 2706 1562.;
2020 2677 2108 2710 Editt,

1184 2711 1285 2741 Basti„
1307 2710 1399 2739 1559.,
1421 2710 1487 2734 1564
1505 2722 1539 2727 --
1560 2709 1634 2735 1587.
1654 2710 1892 2734 circumvenimur.
1928 2711 2108 2739 (Demosthe-

1183 2745 1227 2769 nis
1247 2746 1333 2770 verba
1351 2746 1430 2769 sunt:
1450 2743 1564 2769 πάντων
1582 2741 1730 2776 ὑστερίζειν
1747 2743 1802 2768 τῶν
1820 2742 1931 2776 ἔργων).

1549 2780 1597 2815 49

1620 2598 1712 2629 1562.;
1743 2597 1828 2622 Editt.
1855 2598 1947 2630 1559„
1979 2599 2047 2623 156⁴
2075 2612 2109 2617 —
