2351 2990
73 130 148 168 893
263 128 450 165 XXXVIII.

74 217 184 258 verit,
211 217 310 263 quod
326 216 474 250 mulctas
490 216 721 260 irrogaverit,
758 218 853 263 quod
877 217 1072 261 praefuerit

73 268 235 309 iudiciis,
269 275 373 302 testes
397 274 501 301 erunt
523 268 589 312 ipsi
613 266 780 312 Ctesipho
804 275 838 302 et
859 266 1070 302 Demosthe-

75 333 150 354 nes.
202 319 294 353 Nam
309 325 474 364 praetore
484 317 666 353 Charonta
683 320 880 364 penultima
899 319 1070 364 (11οΑ1111-

75 372 120 406 115
137 383 204 415 pro
229 371 400 404 concione
424 370 505 404 secit
529 371 710 404 decretum
727 369 1005 410 Demosthenes,
1032 377 1072 404 ut

77 423 192 456 tribus
209 422 442 455 convenirent
456 423 610 455 secunda
627 422 683 455 die
704 422 791 455 Maii
803 449 812 462 ,
849 423 932 456 item
954 422 1071 461 tertia,

76 480 112 508 et
136 473 255 514 iussit,
294 479 334 507 ut
365 473 526 517 singulae
557 473 670 507 tribus
694 474 864 518 eligerent
889 480 1070 507 curatores

76 537 284 564 murorum,
311 530 345 557 et
363 531 585 570 quaestores;
615 532 758 558 0110010
776 526 822 558 ita
845 525 1004 570 scripsit,
1032 530 1071 557 ut

77 583 210 616 essent,
238 587 258 608 a
274 575 402 620 quibus
420 576 543 610 civitas
567 576 744 610 rationem
769 589 942 621 expensae
965 587 1070 620 pecu-

74 627 157 660 niae
174 638 358 671 reposcere
376 635 506 671 posset.
559 627 682 661 Recita
705 629 898 662 decretum.

179 678 247 712 Sed
279 678 422 711 obiiciet
442 677 719 720 Demosthenes,
761 692 797 713 se
821 689 938 724 neque
963 682 1070 716 sorte,

73 742 191 775 neque
211 730 334 774 populi
351 731 528 775 suffragiis
554 731 684 764 sactum
712 743 784 764 esse
812 731 1069 773 magistratum,

75 793 188 827 eaque
213 782 256 814 de
279 793 316 813 re
340 782 401 815 diu
426 783 649 827 multumque
674 781 881 826 disputabit.
934 779 1069 812 Verum

73 833 151 866 illas
169 833 365 866 calumnias
382 834 577 877 perspicuis
603 833 821 875 argumentis
847 839 880 866 et
903 830 1070 863 brevibus

71 884 244 919 refellam.
297 884 419 929 Quare
436 897 547 929 pauca
567 885 720 929 praefari
735 885 829 918 volo.
882 882 1071 926 Magistra-

74 941 176 969 tuum
201 936 295 980 apud
319 948 384 969 nos
412 942 481 969 tres
505 937 637 980 species
664 942 757 970 sunt.
811 934 933 968 Prima
950 945 991 966 ac
1006 945 1070 966 no·

73 986 209 1020 tissima
229 993 279 1019 est
297 999 419 1020 eorum
432 1013 441 1027 ,
474 988 535 1032 qui
561 994 655 1021 sorte
673 994 735 1020 aut
753 986 930 1030 suffragiis
949 996 1070 1017 crean-

74 1043 151 1076 tur;
202 1040 356 1072 secunda
391 1050 536 1078 eorum,
587 1039 649 1084 qui
680 1038 933 1072 administrant
962 1048 1069 1079 nego-

72 1089 161 1123 tium
188 1090 335 1136 aliquod
359 1090 540 1134 publicum
567 1103 672 1133 supra
700 1091 843 1134 triginta
875 1088 968 1127 dies,
1009 1093 1070 1119 aut

73 1142 244 1185 praefecti
271 1148 354 1174 sunt
384 1142 534 1184 publicis
564 1141 749 1179 aedificiis3
798 1140 899 1175 tertia
932 1140 970 1171 in
994 1139 1069 1182 lege

71 1192 200 1237 scripta
222 1199 291 1232 est,
319 1192 480 1225 videlicet
498 1193 656 1226 011111111111
675 1206 819 1232 eorum,
845 1190 1071 1238 quibuslicet

71 1244 202 1277 iudicia
223 1256 402 1281 exercere;
438 1257 522 1276 nam
551 1251 584 1277 et
608 1242 673 1277 1105
698 1245 853 1288 appellat
877 1243 932 1275 lex
959 1241 1069 1285 magi-

70 1301 203 1329 stratus
220 1296 438 1339 approbatos
456 1307 475 1328 a
496 1295 682 1329 iudicibus.
747 1296 837 1328 Sunt
863 1294 970 1337 igitur
994 1305 1068 1325 1113-

68 1346 261 1391 gistratus,
288 1353 431 1391 praeter
448 1358 527 1386 005,
557 1347 618 1392 qui
635 1347 760 1391 populi
785 1344 963 1389 suffragiis
987 1343 1069 1376 sacti

69 1404 172 1437 sunt,
202 1404 236 1430 et
260 1399 322 1443 qui
346 1404 442 1433 sorte
467 1399 573 1431 creati
597 1405 700 1438 sunt,
728 1398 798 1437 illi,
829 1410 919 1443 quos
944 1395 1070 1433 tribus,

69 1455 133 1482 aut
148 1448 252 1482 tertia
272 1449 428 1482 tribuum
447 1461 549 1493 pars,
577 1456 638 1482 3111
656 1450 774 1483 0111130
793 1449 927 1493 eligunt
945 1449 989 1480 ad
1006 1460 1069 1491 pu—

69 1500 179 1534 blicas
195 1500 364 1544 pecunias
380 1501 595 1534 tractandas.
650 1500 687 1532 Id
707 1502 763 1541 fit,
792 1503 936 1546 quando
959 1501 1070 1534 tribu-

68 1552 137 1589 bus
153 1551 352 1595 iniungitur
368 1552 503 1597 aliquid
524 1552 690 1596 proprie,
726 1552 877 1592 scilicet,
903 1559 943 1586 ut
958 1552 1069 1586 fossas

65 1603 222 1643 faciant,
250 1609 290 1636 ut
304 1615 412 1637 naves
430 1603 604 1636 fabricare
621 1610 757 1637 curent.
815 1604 925 1649 Quod
950 1610 1068 1637 autem

71 1666 156 1688 vera
180 1654 318 1694 dicam,
352 1667 393 1687 ex
417 1655 553 1699 legibus
574 1655 739 1698 cognosci
759 1662 887 1699 potest,
941 1655 1069 1688 Memi-

70 1706 164 1740 nisse
181 1706 290 1750 igitur
307 1718 371 1740 vos
389 1713 533 1750 oportet
552 1718 612 1747 ea,
647 1719 738 1751 quae
756 1707 865 1751 paulo
884 1714 966 1740 ante
984 1707 1069 1747 dixi,

69 1759 168 1805 quod
196 1757 378 1802 legislator
409 1758 583 1802 appellat,
626 1758 687 1803 qui
719 1769 739 1790 a
774 1758 937 1792 tribubus
968 1759 1069 1792 electi

69 1817 171 1851 sunt,
198 1810 446 1853 magistratus,
474 1816 508 1842 et
525 1815 737 1854 potestatem
758 1809 807 1843 eis
823 1810 958 1843 tribuat
978 1810 1069 1843 iudi-

66 1863 123 1896 cia
139 1860 338 1895 exercendi.
391 1862 508 1895 Porro
528 1861 640 1895 trihus
650 1861 846 1895 Pandionis
857 1859 1068 1895 Demosthe-

70 1926 152 1948 nem
173 1913 277 1957 elegit
295 1914 339 1945 ad
359 1913 568 1946 reficiendos
587 1925 730 1952 muros,
758 1925 908 1958 eamque
929 1914 973 1946 ad
991 1925 1067 1946 rem

70 1966 101 2000 is
144 1978 186 1999 ex
229 1964 373 2009 publico
417 1964 557 1997 circiter
594 1965 716 1997 decem
753 1965 884 1998 talenta
921 1965 1067 2009 accepit.

69 2017 211 2051 Deinde
228 2016 297 2049 alia
313 2016 370 2049 lex
392 2022 490 2049 vetat
513 2015 760 2063 magistratum
785 2028 979 2057 coronare,
1006 2028 1068 2050 an-

72 2075 218 2115 tequam
242 2067 405 2101 retulerit
428 2067 605 2108 rationes,
649 2074 681 2100 et
703 2080 766 2101 vos
797 2068 961 2107 iurastis,
1004 2079 1067 2101 vos

70 2121 168 2155 iuxta
185 2119 279 2163 leges
294 2118 513 2153 iudicaturos
529 2131 614 2153 0550.
667 2117 741 2152 13111
761 2117 929 2164 Ctesipho
948 2120 1067 2152 decre-

69 2172 123 2205 vit
140 2171 192 2204 illi
207 2182 378 2204 coronam
399 2177 481 2204 ante
496 2171 626 2205 relatas
644 2170 822 2212 rationes,
854 2183 920 2204 nec
935 2171 1067 2204 adscri-

70 2224 141 2270 psit
175 2223 283 2256 verha
319 2221 401 2262 illa,
441 2234 531 2267 quae
563 2235 604 2256 ex
633 2234 734 2255 more
763 2222 915 2257 adscribi
938 2223 1066 2263 solent,

67 2282 263 2321 postquam
279 2274 437 2307 rationes
454 2273 612 2307 redditae
627 2274 772 2308 fuerint.
831 2274 985 2307 Planum
1005 2286 1066 2307 au—

15 2370 20 2372 ·
69 2334 142 2361 tem
176 2326 324 2366 faciam,
366 2323 434 2358 hoc
465 2326 645 2359 decretum
671 2332 795 2359 contra
814 2326 908 2370 leges
932 2325 1063 2359 factum

69 2391 164 2419 esse,
205 2389 355 2422 eamque
387 2377 432 2409 ad
467 2388 542 2410 rem
575 2377 712 2422 legum,
748 2378 994 2417 decretorum,
1032 2383 1065 2410 et

62 2431 230 2476 ,ipsorum
254 2427 543 2462 adversariorum
565 2429 772 2463 testimonio
805 2435 898 2463 utar.
966 2428 1065 2473 Quo-

69 2483 179 2516 modo
209 2480 339 2514 clarius
366 2479 505 2513 ostendi
537 2486 675 2525 posset,
722 2480 878 2527 aliquem
907 2479 944 2513 in
970 2480 1065 2524 leges

64 2532 289 2568 commisisse
301 2558 310 2572 ‚
336 2543 443 2576 quam
461 2529 530 2564 hoc
546 2531 680 2565 modo?

177 2584 284 2629 Quod
302 2589 420 2616 autem
440 2589 474 2615 et
487 2583 718 2628 praeconium
737 2583 814 2616 sieri
831 2589 954 2616 contra
972 2583 1064 2625 leges

66 2635 288 2675 decreverit,
316 2634 514 2668 ostendam.
566 2634 640 2668 Lex
656 2635 750 2667 enim
768 2635 860 2668 clare
880 2633 1064 2679 praecipit,

66 2696 130 2730 ut,
157 2688 185 2721 si
204 2686 260 2720 cui
276 2692 418 2720 senatus
443 2698 613 2719 coronam
635 2686 812 2727 decernit,
838 2685 1065 2719 renuntietur

65 2741 107 2774 *in
128 2738 320 2779 concione,
346 2749 411 2771 nec
429 2738 500 2771 alio
517 2737 589 2771 ullo
606 2738 697 2772 loco.
746 2737 868 2771 Recita
885 2738 1010 2782 legem.

498 129 723 166 INTERPR.
751 128 1012 165 ORATIONIS
1038 127 1282 164 AESCHINIS
1310 126 1509 163 CONTRA
1537 126 1923 163 CTESIPHONTEM.

2043 129 2119 171 894

1225 214 1412 247 Praeclare
1431 214 1479 246 ita
1497 214 1726 247 constitutum
1746 225 1817 247 0550
1835 214 2010 249 existimo.
2062 214 2118 248 lu-

1123 266 1254 299 dicavit
1271 266 1366 299 enim
1391 265 1591 309 legislator,
1626 271 1807 298 oratorem
1833 266 1961 299 debere
1986 266 2117 300 civium

1123 315 1261 350 honore
1278 323 1484 350 contentum
1505 328 1596 356 esse,
1624 328 1697 349 non
1724 322 1901 350 ostentare
1920 329 1954 350 se
1978 317 2119 358 exteris,

1123 381 1187 402 nec
1212 381 1247 402 se
1274 369 1458 401 venditare
1484 368 1560 401 aliis
1583 379 1646 412 per
1675 365 1881 401 huiusmodi
1914 369 2117 412 praeconia.

1124 417 1292 464 Ctesipho
1311 427 1429 453 autem
1447 419 1531 464 quid
1551 418 1730 452 decrevit?
1778 418 1902 452 Recita
1923 419 2117 454 decretum.

1226 485 1367 519 Auditis
1383 486 1494 525 cives,
1522 486 1754 519 constitutum
1774 498 1847 520 esse
1871 486 1964 530 lege,
2000 493 2040 519 111
2062 498 2116 519 10-

1122 537 1334 570 nuntientur
1357 548 1511 569 coronae
1529 536 1567 569 in
1583 537 1661 569 loco
1689 537 1888 578 concionis,
1922 537 1952 570 si
1973 537 2029 571 cui
2053 549 2117 581 po-

1123 588 1226 632 pulus
1246 588 1403 620 decernit
1419 599 1588 620 coronam
1601 614 1610 627 ,
1637 600 1701 621 nec
1719 601 1870 634 usquam
1890 588 1986 622 alibi.
2037 588 2116 621 Cte-

1122 637 1225 682 sipho
1244 651 1327 671 vero
1346 638 1505 671 decernit
1522 640 1752 682 praeconimn
1771 640 1808 672 in
1823 638 1962 673 theatro
1976 666 1985 679 ,
2020 641 2117 685 quod

1124 702 1203 723 cum
1221 690 1308 722 alias
1324 696 1447 722 contra
1466 690 1558 733 leges
1575 696 1644 730 cst,
1672 697 1746 724 tum
1765 692 1806 723 de
1823 691 1900 724 loco
1917 691 2079 724 dissentit
2096 704 2116 724 a

1123 742 1275 785 legibus,
1301 753 1365 773 nec
1382 753 1446 785 pro
1465 741 1636 774 concione
1648 768 1656 781 ,
1691 743 1750 775 sed
1769 742 1830 775 ubi
1847 754 1961 775 novae
1978 749 2117 786 tragoe—

1122 794 1202 826 (1130
1227 791 1457 832 exhibentur,
1492 804 1556 825 nec
1578 805 1698 825 coram
1725 793 1879 834 civibus,
1911 795 1971 827 sed
1996 806 2116 826 coram

1122 844 1268 877 Graecis
1292 844 1388 877 iubet
1411 855 1581 876 coronam
1604 844 1830 884 renuntiare,
1866 851 1904 878 ut
1931 845 2041 878 exteri
2066 845 2117 877 vi-

1123 897 1246 935 deant,
1275 895 1331 928 0111
1350 895 1428 927 viro
1446 902 1564 928 tantos
1582 892 1738 929 honores
1755 896 2029 930 decreverimus.

1227 963 1457 1009 Quamquam
1483 969 1602 996 autern
1626 963 1663 996 in
1685 963 1877 1008 propatulo
1904 963 1966 1004 sit,
1993 970 2117 997 contra

1123 1015 1214 1058 leges
1231 1017 1411 1047 decretum
1431 1027 1503 1048 0550
1522 1016 1667 1055 factum,
1690 1022 1809 1048 tamen
1827 1015 2039 1060 excogitavit
2055 1015 2119 1049 iste

1124 1068 1297 1112 quasdam
1320 1064 1483 1105 technas,
1524 1073 1563 1099 ut
1587 1066 1769 1106 elabatur,
1805 1079 1912 1112 quas,
1948 1079 1992 1100 110
2016 1067 2118 1101 vobis

1123 1118 1304 1161 imponat,
1333 1124 1414 1150 ante
1437 1129 1613 1161 exponam
1642 1130 1683 1150 ac
1706 1117 1854 1152 diluam.
1914 1117 2035 1151 Fateri
2061 1131 2119 1152 co-

1123 1176 1269 1213 gentur,
1297 1170 1392 1214 quod
1408 1169 1502 1212 leges
1518 1175 1638 1202 vetent
1661 1169 1894 1214 praeconium
1920 1170 1996 1203 fieri
2021 1177 2118 1203 extra

1124 1221 1354 1259 concionem,
1382 1222 1443 1253 sed
1465 1227 1649 1264 opponent
1665 1221 1771 1253 aliam
1798 1222 1979 1266 quandam
2004 1221 2117 1265 legem

1123 1272 1295 1305 scenicam
1309 1298 1318 1311 ,
1346 1278 1380 1304 et
1397 1273 1596 1304 mutilatam
1614 1272 1834 1313 recitabunt,
1864 1279 1903 1305 ut
1919 1273 2038 1306 fucum
2057 1285 2119 1305 vo-

1122 1323 1176 1356 bis
1191 1324 1344 1362 faciant,
1374 1323 1515 1356 tametsi
1532 1336 1569 1356 ea
1589 1324 1643 1356 lex
1659 1322 1748 1356 nihil
1767 1325 1810 1357 ad
1829 1322 1920 1357 hanc
1936 1336 2012 1357 rem
2039 1337 2117 1369 pcr-

1123 1374 1245 1407 113031.
1315 1372 1438 1419 Itaque
1468 1375 1516 1407 ita
1546 1375 1680 1408 dicent:
1723 1377 1814 1409 duae
1847 1382 1929 1409 suut
1956 1376 2048 1420 leges
2075 1377 2118 1409 de

1123 1425 1342 1470 praeconiis,
1371 1426 1480 1458 altera
1495 1453 1504 1465 ,
1533 1439 1640 1471 quam
1661 1439 1724 1471 ego
1744 1427 1924 1465 recensui,
1953 1439 2043 1473 quae
2061 1440 2119 1461 ve-

1123 1484 1173 1510 tat
1189 1477 1421 1521 praeconium
1440 1484 1536 1510 extra
1557 1478 1764 1511 concionem
1784 1479 1878 1518 fieri,
1907 1479 2017 1512 altera
2036 1491 2118 1512 con-

1123 1529 1232 1561 traria
1250 1529 1305 1561 lex
1323 1535 1392 1568 est,
1422 1540 1512 1573 quae
1536 1536 1747 1573 potestatem
1774 1531 1855 1563 fecit
1878 1530 2058 1575 tragoedis
2081 1530 2119 1563 in

1122 1578 1262 1613 theatro
1295 1580 1479 1624 praeconii
1508 1580 1680 1621 faciendi,
1723 1582 1751 1615 si
1782 1582 1935 1626 populus
1968 1582 2120 1615 iusserit.

1122 1631 1223 1665 Hanc
1256 1632 1370 1674 legem
1401 1631 1520 1664 dicent
1550 1639 1709 1666 secutum
1740 1646 1812 1666 esse
1838 1631 2119 1678 Ctesiphontem.

1122 1682 1199 1726 Ego
1230 1694 1315 1716 vero
1345 1683 1503 1716 refellam
1533 1682 1596 1717 has
1618 1685 1815 1718 calumnias
1841 1685 2045 1719 testimonio
2072 1686 2119 1718 le-

1123 1747 1204 1778 gum
1222 1741 1441 1774 vestrarum,
1469 1735 1558 1768 sicut
1575 1735 1611 1767 in
1636 1737 1773 1781 reliqua
1799 1743 1873 1769 tota
1901 1737 2040 1769 actione
2066 1738 2118 1769 fa-

1293 1786 1417 1830 Qualis
1443 1786 1535 1818 enim
1562 1793 1651 1820 essct
1675 1793 1785 1820 status
1812 1787 2050 1832 reipublicae,
2090 1787 2117 1821 si

1122 1838 1179 1871 isti
1198 1850 1279 1870 vera
1297 1839 1473 1878 dicerent,
1506 1844 1544 1870 ut
1567 1838 1596 1871 si
1622 1838 1821 1882 irrepsisset
1848 1839 1884 1871 in
1908 1839 2033 1871 urbem
2062 1837 2118 1871 1110

1122 1902 1218 1929 11105,
1247 1889 1397 1923 abolitas
1413 1889 1504 1933 leges
1529 1890 1622 1922 inter
1645 1888 1866 1924 authenticas
1890 1891 2118 1930 numerandi,

1122 1949 1182 1974 aut
1201 1943 1322 1973 eadem
1344 1942 1386 1973 de
1405 1953 1441 1973 re
1461 1941 1660 1975 contrarias
1675 1942 1768 1985 leges
1788 1941 1982 1975 scribendi!

1123 1786 1225 1820 ciam.

1224 2002 1292 2035 Sed
1309 2001 1421 2034 multo
1439 2001 1542 2034 aliter
1559 2013 1594 2034 50
1611 2013 1665 2035 105
1682 1999 1789 2034 habet
1801 2029 1809 2042 ‚
1845 2014 1909 2035 nec
1926 2002 1962 2034 in
1980 2009 2114 2035 tantam

1121 2053 1367 2088 confusionem
1399 2053 1517 2096 legum
1553 2065 1712 2098 unquam
1746 2053 1879 2086 incidat
1904 2053 2117 2098 respublica,

1120 2118 1235 2151 neque
1252 2103 1339 2138 11300
1355 2116 1410 2137 105
1427 2104 1583 2148 neglecta
1604 2110 1655 2138 est
1671 2105 1714 2137 ab
1731 2102 1784 2138 his
1799 2133 1807 2145 ,
1843 2106 1902 2151 qui
1919 2106 2011 2149 leges
2029 2105 2117 2138 11110-

1119 2164 1224 2197 runt,
1251 2163 1285 2189 et
1307 2156 1508 2189 libertatem
1535 2156 1670 2200 legibus
1695 2157 1870 2189 munitam
1898 2169 1970 2190 esse
1996 2157 2115 2190 volue-

1119 2216 1214 2243 runt.
1267 2208 1336 2242 Sed
1354 2209 1563 2241 mandatum
1584 2214 1635 2241 est
1652 2209 1876 2249 censoribus,
1901 2215 1940 2241 ut
1963 2214 2115 2254 quotan-

1118 2261 1173 2294 nis
1188 2266 1446 2304 recognoscant
1462 2259 1554 2303 leges
1576 2259 1781 2303 diligenter,
1818 2266 1850 2292 et
1877 2260 2115 2301 considerent,

1117 2325 1200 2345 nam
1221 2312 1340 2357 aliqua
1363 2310 1541 2344 contraria
1560 2311 1614 2344 lex
1631 2311 1776 2356 reliquis
1786 2312 1961 2355 adscripta
1978 2311 2034 2351 sit,
2055 2317 2113 2344 3111

1118 2365 1210 2398 111101
1229 2362 1450 2397 authenticas
1468 2362 1586 2408 aliqua
1606 2362 1736 2395 abolita
1761 2368 1871 2402 extet,
1903 2368 1965 2395 aut
1988 2363 2112 2396 eadem

1118 2418 1160 2449 de
1176 2428 1214 2449 re
1233 2415 1352 2460 plures
1368 2415 1460 2459 leges
1479 2414 1643 2447 conditae
1658 2413 1741 2448 sint.

1220 2475 1328 2521 Quod
1343 2474 1373 2508 si
1398 2474 1467 2507 tale
1489 2472 1625 2519 aliquid
1650 2472 1873 2514 invenerint,
1907 2484 2112 2518 proponere

1117 2527 1247 2561 debent
1264 2526 1302 2559 in
1318 2526 1400 2559 albo
1424 2537 1490 2570 pro
1515 2524 1641 2558 statuis
1666 2522 1837 2566 heroum,
1868 2531 1908 2559 ut
1931 2525 2111 2570 principes

1115 2585 1258 2613 senatus
1274 2578 1447 2623 populum
1466 2577 1503 2609 in
1519 2576 1727 2609 concionem
1750 2582 1897 2617 vocent,
1931 2583 1965 2610 et
1988 2578 2112 2610 mode-

1115 2637 1252 2665 ratores
1275 2628 1456 2663 concionis
1483 2628 1629 2662 iubeant
1659 2628 1710 2661 ire
1740 2627 1778 2661 in
1805 2628 2034 2672 suffragium,
2076 2632 2111 2661 et

1116 2682 1203 2716 alias
1220 2683 1314 2726 leges
1338 2681 1530 2724 abrogare,
1566 2679 1653 2713 alias
1677 2680 1932 2725 comprobare,
1965 2691 2010 2713 ne
2034 2690 2108 2713 una

1087 2752 1091 2760 v
1116 2736 1159 2768 de
1177 2746 1214 2768 re
1232 2734 1350 2778 plures
1365 2733 1457 2776 leges
1473 2731 1554 2766 sint.
1607 2731 1643 2765 Si
1659 2731 1786 2776 igitur,
1813 2731 1924 2770 cives,
1952 2742 2035 2765 vera
2055 2742 2106 2764 es·
