2351 2990
77 104 150 139 717

74 190 203 234 singuli
223 190 362 234 culpam
380 190 417 222 in
433 190 585 223 aliorum
603 196 719 223 errata
740 190 939 223 conferunt.
989 189 1071 224 Non

77 241 171 275 enim
189 243 313 275 acerbe
338 242 491 275 aliorum
517 248 632 274 errata
660 239 953 285 reprehendenda
978 249 1071 282 sunt,

72 293 142 327 nisi
186 293 252 337 ipsi
295 293 392 338 prius
434 299 598 327 nostrum
634 293 789 326 officium
824 293 997 327 faciamus
1012 294 1070 339 ³¹).

73 344 192 389 Quam
218 344 311 377 enim
339 345 384 378 ob
405 356 545 378 causam
561 344 607 391 εἷς)
644 344 852 378 existimatis
877 346 982 378 duces
1006 357 1071 378 no-

73 402 165 430 stros
182 396 312 430 omisso
330 394 397 429 boc
413 396 527 437 bello,
553 396 672 441 potius
700 402 841 440 captare
867 397 1070 430 occasiones

74 447 322 480 commorandi
342 447 378 480 in
393 447 470 481 aliis
487 447 597 482 locis?
625 447 654 481 si
672 447 815 493 quidem
836 460 901 492 pro
922 447 1069 481 ducibus

74 499 226 543 ingenue
245 499 433 532 dicendum
451 506 502 533 est
511 499 557 545 ³³)
570 526 579 539 ‚
612 499 648 531 id
666 499 761 544 quod
780 512 836 532 res
853 506 915 533 est.
976 499 1068 533 Nam

74 551 113 583 in
133 551 226 583 bello
242 550 475 583 Macedonico
501 551 661 595 praemia
684 557 767 584 sunt
790 557 927 590 vestra,
965 557 1067 594 capta

72 599 302 646 Amphipoli,
353 614 416 636 vos
447 602 611 635 fruimini
641 601 858 642 redditibus,
911 602 1068 646 pericula

70 665 157 686 vero
175 660 257 686 sunt
275 655 403 687 ducum
423 654 569 698 propria
581 680 591 694 ,
620 659 653 686 et
669 653 846 698 stipendia
865 665 970 698 parce
988 652 1069 685 mit-

71 703 155 738 titis.
225 705 294 738 Sed
317 705 354 737 in
377 705 455 738 aliis
479 705 579 739 bellis
604 705 752 749 periculi
776 705 895 738 minus
926 710 996 744 est,
1036 710 1069 736 et

68 756 204 799 praeda
229 763 281 790 est
308 757 437 790 ducum
461 763 495 789 et
518 757 693 797 militum,
736 756 884 800 direptis
915 755 1068 799 oppidis,

68 813 130 840 aut
146 807 306 851 spoliatis
324 808 486 842 navibus.
541 808 678 851 Singuli
694 814 811 841 autem
830 807 969 839 malunt
984 818 1068 840 suae

68 858 216 892 utilitati
233 860 429 893 consulere.
483 860 552 893 Sed
571 872 634 892 vos
650 859 687 891 in
708 857 762 892 his
789 858 939 902 publicis
965 857 1068 890 malis

69 915 209 942 tantum
228 910 397 944 accusatis
415 912 538 949 duces3
574 911 719 956 quando
737 917 855 943 autem
875 909 912 942 in
931 909 1069 942 iudiciis

68 960 161 993 facta
189 961 329 994 dicendi
350 968 525 1006 potestate
557 961 703 1001 auditis,
746 961 875 1007 quibus
905 959 1069 1005 impediti

68 1011 203 1045 suerint
230 1013 515 1053 difficultatibus,
558 1010 622 1046 has
652 1025 727 1045 non
758 1012 975 1052 emendatis,
1007 1012 1069 1046 sed

67 1063 162 1095 inter
181 1075 243 1096 vos
260 1064 448 1104 rixamini,
476 1071 510 1097 et
537 1065 627 1098 alius
653 1064 741 1098 alias
765 1076 887 1098 causas
914 1076 1069 1096 comme-

67 1120 189 1146 morat
204 1115 430 1159 publicorum
451 1115 648 1152 malorum3
678 1128 757 1148 cum
781 1115 916 1148 interea
945 1128 1069 1148 omnes

65 1166 265 1206 fateantur,
309 1166 464 1210 graviter
496 1167 663 1201 afflictam
697 1179 770 1201 esse
798 1166 1068 1210 rempublicam.

68 1216 166 1250 Olim
199 1217 331 1251 tributa
368 1218 603 1251 conserebatis
629 1218 725 1251 iuxta
752 1218 985 1262 collegiorum
1010 1219 1069 1250 de-

69 1268 301 1313 scriptionem
319 1268 387 1314 5⁴),
427 1282 523 1302 nunc
552 1269 698 1313 litigatis
719 1269 816 1302 iuxta
841 1267 905 1302 has
930 1269 1069 1309 classes,

67 1325 102 1352 et
124 1318 232 1353 babet
257 1320 437 1366 quaelibet
466 1333 548 1365 pars
580 1334 683 1354 suum
717 1321 862 1360 ducem,
906 1319 1069 1353 videlicet

68 1377 271 1412 oratorem,
317 1378 351 1405 et
374 1370 457 1405 huic
480 1372 687 1405 adiunctum
714 1372 992 1417 imperatorem,
1036 1378 1069 1404 et

66 1428 244 1456 trecentos
266 1422 320 1456 sui
342 1423 479 1467 collegii
504 1424 745 1468 stipulatores.
797 1424 981 1457 Accedunt
1007 1424 1067 1456 de-

66 1473 151 1506 inde
167 1473 284 1508 studia
311 1474 463 1514 civium,
499 1475 630 1519 partim
654 1473 755 1515 huic,
785 1476 918 1519 partim
944 1475 995 1507 illi
1016 1476 1068 1508 sa-

68 1524 179 1558 ctioni
197 1525 407 1559 faventium.
460 1526 508 1559 At
526 1526 664 1560 omissis
682 1526 916 1567 factionibus,
941 1533 974 1559 et
996 1533 1067 1560 stu-

64 1576 132 1610 diis
158 1577 335 1621 partium,
382 1578 572 1622 oportebat
594 1590 887 1624 unumquemque
913 1578 1066 1611 liberum

67 1640 162 1669 esse,
205 1635 244 1662 ut
274 1628 385 1661 libere
408 1629 521 1673 possit
544 1629 760 1673 reipublicae
786 1630 989 1668 consulere;
1034 1636 1068 1662 et

66 1680 257 1724 oportebat
293 1692 417 1714 omnes
451 1681 587 1725 pariter
622 1681 737 1713 dicere
772 1682 986 1721 sententias,
1034 1687 1068 1713 et

67 1730 168 1764 obire
190 1744 352 1766 munera.
415 1731 478 1765 Sin
507 1739 627 1765 autem
662 1732 830 1766 distracta
858 1733 999 1765 civitate
1029 1733 1066 1764 in

66 1782 184 1816 varias
211 1789 330 1828 partes
355 1784 555 1817 concedetis
577 1783 774 1829 aliquibus,
815 1790 855 1817 ut
886 1784 984 1817 velut
1014 1790 1067 1828 ty-

67 1835 173 1868 ranni
193 1835 260 1868 soli
278 1841 428 1878 regnent
445 1835 481 1867 in
506 1835 706 1879 republica;
741 1835 869 1868 deinde
895 1835 983 1868 alios
1010 1847 1067 1867 co-

67 1886 154 1930 getis
170 1887 347 1920 instruere
364 1898 492 1926 naves,
521 1887 704 1927 conferre,
733 1887 907 1924 inilitare;
943 1892 1064 1931 postea

66 1936 145 1971 aliis
168 1937 380 1982 permittetis
391 1937 483 1983 ⁵³¹³),
526 1945 564 1971 ut
598 1945 721 1971 contra
746 1938 825 1971 illos
851 1939 990 1971 decreta
1017 1938 1066 1970 sa-

104 2075 154 2102 51)
173 2075 205 2099 H.
224 2074 244 2099 l.
262 2074 291 2098 in
304 2074 352 2098 Ed.
368 2074 451 2098 Basn.
472 2075 538 2097 nota
557 2073 691 2104 margin:
717 2073 745 2097 ld
765 2075 825 2105 est,
844 2073 898 2097 uisi
918 2079 968 2098 uos
987 2073 1066 2104 primi

136 2114 317 2139 provocemus
333 2109 404 2132 alios
423 2109 499 2132 recte
518 2109 652 2132 faciendo.

102 2152 151 2181 52)
171 2151 203 2174 Η.
223 2151 242 2175 1.
261 2150 288 2174 in
307 2151 356 2174 Ed.
372 2151 457 2175 Basil.
477 2153 544 2175 nota
561 2152 694 2182 margiu.:
722 2152 920 2182 Argumentum
939 2157 955 2175 a
974 2151 1064 2183 signo.

102 2194 151 2223 5³)
171 2195 204 2218 Η.
223 2194 242 2219 l.
263 2194 290 2217 iu
309 2194 358 2218 Ed.
378 2194 463 2218 Basil.
484 2196 550 2218 nota
574 2194 706 2225 margin:
742 2195 830 2218 Duces
858 2195 993 2218 habebant
1021 2195 1065 2218 iu-

134 2231 206 2253 stam
231 2228 454 2259 excusationem3
489 2235 551 2253 nam
582 2230 682 2253 civitas
713 2235 768 2253 non
794 2229 918 2253 mittebat
947 2230 986 2252 eis
1012 2229 1066 2252 sti-

136 2264 244 2294 pendia.

101 2308 149 2336 54)
169 2308 202 2331 H.
222 2308 239 2331 l.
260 2307 287 2330 in
308 2306 355 2330 Ed.
376 2306 459 2330 Basil.
480 2308 546 2330 nota
565 2307 699 2338 margin:
734 2306 944 2331 Atheniensium
964 2306 1065 2331 civitas

140 2342 233 2365 divisa
252 2342 313 2365 erat
332 2341 358 2364 in
378 2341 504 2370 classes,
536 2343 563 2365 et
587 2342 614 2365 iu
642 2348 697 2366 una
722 2342 842 2373 qualibet
867 2342 959 2365 classe
986 2344 1066 2365 erant

134 2376 303 2407 locupletes,
323 2376 350 2398 et
368 2381 434 2405 pars
452 2375 615 2401 tenuiorum.
659 2378 715 2401 lam
734 2377 836 2408 igitur,
868 2377 975 2407 quando
995 2377 1066 2400 inci-

136 2412 237 2435 debant
260 2410 453 2439 calamitates,
482 2410 635 2441 locupletes
662 2412 756 2435 statim
781 2412 910 2435 conferre
934 2411 1065 2441 pecunias

131 2447 317 2476 cogebantur,
347 2450 415 2475 quas
443 2444 541 2468 deiude
566 2451 617 2475 pro
642 2446 823 2476 proportione
850 2451 867 2469 a
894 2446 1065 2469 tenuioribus

133 2480 310 2510 recipiebant.
354 2479 437 2509 quue
464 2480 547 2503 siebat
572 2486 604 2504 eo
629 2481 763 2511 consilio,
795 2482 825 2504 ut
850 2480 1019 2510 reipublicae
1038 2480 1065 2503 in

134 2521 200 2539 casu
219 2514 397 2538 necessitatis
417 2514 625 2543 consuleretur,
659 2516 685 2538 et
709 2515 785 2538 cives
813 2515 892 2546 egeni
918 2521 971 2537 uon
998 2520 1065 2545 gra-

136 2551 272 2573 vai-entur
291 2549 468 2573 conferendis
488 2549 606 2573 tributis.
643 2550 684 2572 lta
703 2549 774 2573 enim
795 2549 990 2579 locupletiores
1011 2555 1065 2572 non

133 2585 336 2612 onerabantur,
378 2586 405 2606 et
431 2584 627 2607 consulebatur
654 2589 760 2614 quoque
786 2584 975 2608 tenuioribus,
1006 2591 1065 2607 cum

132 2621 239 2648 ternpus
268 2621 295 2642 et
328 2618 447 2647 spatium
480 2618 672 2642 remunerandi
698 2619 739 2641 eis
763 2619 903 2649 pecuniam
930 2619 1065 2642 concede—

133 2654 219 2677 retur.

101 2693 169 2724 54³)
189 2695 370 2724 permittetis]
395 2695 435 2719 sic
463 2697 527 2725 apte
546 2695 594 2720 Ed.
618 2695 709 2725 1562.;
746 2695 830 2722 Editt.
851 2696 951 2727 Basil.‚
979 2695 1066 2725 1559.‚

138 2730 229 2761 1564.‚
250 2730 343 2763 1570.,
365 2730 439 2754 1587.
457 2729 627 2760 permittitis.

223 102 359 137 XXXll.
398 106 433 139 2.
461 101 862 138 INTERPRETATIO
890 101 1150 138 ORATIONIS
1175 104 1519 139 OLYNTHIACAE
1542 103 1583 138 ΙΙ.
1612 105 1966 141 DEMOSTHEMS.

2042 108 2115 141 718

1127 191 1240 233 ciant,
1269 205 1313 225 ne
1332 193 1518 225 conferant
1538 192 1726 237 pecuniam
1747 199 1808 226 aut
1827 206 1994 238 operam,
2027 191 2119 226 nibil

1125 256 1284 289 unquam
1312 244 1379 277 rite
1409 245 1478 278 fiet.
1547 244 1641 278 Nam
1671 243 1730 276 illa
1759 257 1861 289 pars,
1903 257 1993 290 quae
2024 257 2120 278 acce-

1124 295 1262 341 pit54b)
1302 295 1492 336 iniuriam,
1541 308 1615 328 non
1648 302 1764 340 potest
1796 303 1968 339 perpetuo
2001 302 2120 330 tantos

1123 354 1285 391 sumptus
1301 348 1471 385 tolerare;
1506 347 1634 379 deinde
1657 359 1718 380 vos
1744 346 1836 380 cives
1858 347 1949 379 bene
1973 348 2121 382 meritos

1123 399 1215 431 male
1248 399 1406 443 plectetis
1438 411 1503 442 pro
1535 396 1709 432 hostibus.
1779 398 1913 432 Censeo
1948 398 2054 441 igitur
2083 400 2120 432 in

1124 462 1261 483 summa
1273 451 1338 496 ⁵⁵),
1367 463 1490 482 omnes
1516 450 1644 482 debere
1662 450 1823 483 conferre
1848 462 1913 494 pro
1939 451 2046 482 modo
2070 451 2121 482 sa-

1123 502 1315 541 cultatum,
1353 501 1507 533 militare
1532 513 1656 534 omnes
1677 514 1740 545 per
1766 502 1877 542 vices,
1920 513 2044 535 omnes
2069 502 2122 534 di-

1124 564 1200 584 cere
1232 553 1445 591 sententias,
1488 558 1527 584 ut
1555 552 1689 596 optima
1716 552 1885 597 eligatur,
1930 565 2003 585 non
2031 566 2120 598 quo—

1122 604 1231 635 modo
1256 601 1313 636 hic
1337 609 1397 636 aut
1419 602 1477 635 ille
1500 602 1600 636 dixit.
1668 603 1764 637 Haec
1786 604 1815 638 si
1839 604 2010 644 feceritis,
2046 616 2121 638 non

1122 654 1237 687 solum
1273 654 1311 686 in
1346 654 1548 698 praesentia
1584 654 1774 689 laudabitis
1810 662 2013 695 oratorem,
2061 657 2122 690 sed

1122 705 1228 738 etiam
1248 705 1449 750 vobisipsis
1466 705 1752 748 gratulabimini;
1789 712 1911 750 postea
1938 707 2120 752 republica

1121 756 1284 790 restituta
1301 757 1339 789 in
1357 756 1541 789 meliorem
1558 763 1703 791 statum.

1207 843 1308 876 Alia
1339 842 1667 887 interpretatio
1698 842 1903 876 eiusdem
1934 856 2036 876 ora-

1502 900 1515 926 t
1528 894 1537 926 i
1550 907 1569 927 o
1581 907 1604 926 n
1614 894 1625 926 i
1634 907 1648 928 s
1658 894 1717 941 56).

1227 963 1316 996 Cum
1333 962 1370 995 in
1389 962 1467 996 aliis
1483 961 1604 995 multis
1627 962 1751 1003 rebus,
1784 969 1860 995 tum
1886 962 1922 995 in
1945 963 2123 1006 praesenti

1124 1014 1268 1058 negotio
1286 1014 1441 1047 maxime
1459 1015 1608 1058 adparet
1631 1026 1706 1046 non
1727 1014 1910 1058 vulgarem
1937 1027 2009 1048 esse
2028 1014 2121 1048 Deo-

1122 1078 1202 1099 rum
1219 1078 1299 1110 erga
1315 1064 1407 1099 hanc
1421 1066 1546 1099 urbem
1560 1065 1848 1098 benevolentiam
1861 1079 1869 1104 3
1897 1078 2013 1111 neque
2026 1066 2121 1099 enim

1124 1117 1272 1151 dubium
1292 1123 1343 1150 est
1352 1117 1419 1162 ³⁷),
1450 1117 1537 1162 quin
1556 1118 1630 1149 sato
1648 1123 1683 1149 et
1702 1117 1824 1149 divino
1843 1117 2014 1150 beneficio
2034 1117 2124 1150 acci-

1124 1169 1234 1209 derit,
1262 1169 1420 1213 primum
1437 1175 1477 1201 ut
1493 1166 1662 1212 Philippo
1681 1168 1813 1202 bellum
1834 1168 1961 1208 vicini,
1988 1169 2122 1214 quique

1123 1220 1216 1254 vires
1238 1232 1313 1252 non
1338 1221 1616 1253 contemnendas
1634 1217 1785 1260 habent,
1813 1220 1998 1254 inferrent.
2052 1220 2123 1253 De-

1123 1271 1225 1311 inde,
1262 1272 1359 1317 quod
1383 1271 1495 1304 multo
1518 1270 1717 1304 maximum
1744 1277 1815 1311 est,
1855 1278 1894 1304 ut
1917 1270 1984 1304 hac
2006 1278 2123 1306 essent

1122 1329 1242 1355 mente
1271 1322 1444 1367 praediti,
1485 1329 1525 1355 ut
1555 1323 1680 1355 foedus
1713 1334 1793 1356 cum
1815 1321 1985 1368 Philippo
2012 1329 2046 1356 et
2069 1323 2123 1355 in—

1122 1375 1232 1407 fidum
1258 1380 1292 1406 et
1316 1374 1456 1418 patriae
1479 1373 1619 1406 exitiale
1645 1374 1835 1414 ducerent,
1876 1374 1998 1420 itaque
2030 1374 2121 1408 cives

1123 1425 1237 1459 anniti
1261 1426 1449 1465 debemus,
1485 1437 1529 1457 ne
1556 1426 1598 1458 de
1622 1425 1726 1459 nobis
1750 1425 1835 1470 ipsis
1862 1426 1962 1470 peius
1985 1438 2122 1459 merea-

1122 1490 1215 1518 mur,
1239 1490 1347 1523 quam
1361 1476 1421 1509 Dii
1438 1477 1565 1510 solent.
1593 1477 1716 1521 Turpe
1733 1484 1784 1511 est
1800 1478 1909 1518 enim,
1933 1477 2044 1510 immo
2061 1477 2123 1510 fla-

1122 1529 1248 1573 gitium
1267 1541 1340 1561 non
1359 1529 1464 1562 urbes
1482 1535 1621 1562 tanturn
1639 1534 1673 1561 et
1690 1529 1796 1569 fines,
1825 1542 1914 1575 quos
1930 1529 2123 1569 tenuimus,

1121 1582 1181 1614 sed
1207 1580 1313 1613 etiam
1340 1580 1470 1614 auxilia
1499 1580 1774 1626 occasionesque
1798 1580 2035 1625 recuperandi
2058 1580 2123 1612 im-

1121 1632 1214 1676 perii
1231 1644 1249 1664 a
1268 1632 1412 1665 fortuna
1432 1632 1570 1666 oblatas
1588 1631 1764 1667 amittere.

1224 1683 1318 1717 Nolo
1342 1689 1461 1717 autem
1487 1681 1556 1716 hoc
1580 1684 1660 1716 loco
1688 1684 2015 1717 commemorandis
2036 1680 2122 1716 Phi-

1120 1735 1210 1780 lippi
1235 1735 1370 1768 viribus
1393 1736 1436 1767 ad
1462 1734 1630 1768 virtutem
1656 1748 1719 1769 vos
1744 1733 1940 1769 adhortari.
2001 1735 2121 1780 Quam

1122 1788 1167 1819 ob
1193 1786 1295 1819 rem?
1339 1786 1463 1831 Neque
1482 1786 1575 1819 enim
1596 1793 1712 1830 potest
1736 1786 1772 1819 id
1794 1787 1871 1819 fieri
1892 1786 1967 1819 sine
1991 1785 2124 1829 insigni

1120 1837 1279 1882 Philippi
1296 1838 1400 1871 laude
1411 1837 1456 1882 58)
1481 1838 1628 1883 sineque
1646 1837 1844 1882 ignominia
1865 1844 1999 1875 vestrm
2036 1849 2121 1870 nam

1122 1903 1192 1936 quo
1214 1890 1271 1922 ille
1293 1890 1394 1934 plura
1414 1889 1519 1933 gessit
1536 1901 1644 1933 supra
1664 1889 1776 1929 vires,
1806 1901 1848 1922 eo
1873 1888 2121 1922 admirabilior

1121 1949 1183 1976 est.
1249 1941 1360 1974 Vobis
1396 1954 1475 1974 cum
1512 1940 1677 1974 maximis
1712 1941 1846 1974 viribus
1882 1953 1994 1986 usque
2030 1941 2120 1973 adeo

1120 1993 1275 2037 segniter
1308 1993 1363 2026 usi
1394 1992 1493 2031 estis,
1536 2005 1667 2036 magno
1698 1992 1865 2025 dedecori
1895 2005 1950 2025 res
1981 1998 2120 2025 vestrae

1120 2051 1213 2079 sunt.
1268 2044 1401 2078 Verum
1421 2042 1516 2076 hic-³³
1525 2045 1558 2090 ³)
1584 2056 1658 2077 non
1678 2050 1730 2078 est
1748 2045 1846 2078 locus
1863 2044 1900 2076 in
1918 2043 2120 2088 praesentia

1120 2097 1328 2142 deplorare,
1357 2096 1497 2129 tametsi
1516 2096 1546 2129 si
1560 2108 1642 2129 vere
1661 2108 1736 2129 rem
1765 2096 1964 2140 expendas,
1998 2095 2118 2128 videas

1119 2155 1241 2182 nostra
1261 2148 1402 2192 ignavia
1419 2145 1627 2192 Philippum
1646 2148 1796 2181 crevisse
1809 2174 1817 2187 ,
1845 2160 1919 2180 non
1938 2159 2001 2180 suo
2021 2146 2118 2179 Mar-

1154 2263 1224 2294 541.)
1244 2267 1364 2297 accepit]
1385 2267 1425 2291 sic
1443 2267 1528 2292 Editt.
1549 2266 1652 2296 Basil„
1673 2266 1766 2293 1559..
1787 2266 1880 2295 1564.,
1907 2265 1999 2295 157⁰.‚
2025 2263 2120 2294 1:13⁷&

1190 2301 1240 2326 Ed.
1263 2302 1337 2326 1562.
1357 2302 1465 2332 accipit.
2130 2306 2141 2316 ’

1154 2343 1201 2375 55)
1221 2346 1253 2369 H.
1274 2346 1291 2368 l.
1310 2346 1338 2369 in
1360 2346 1409 2369 Ed.
1432 2345 1515 2369 Basil.
1533 2346 1600 2370 nota
1619 2344 1752 2376 margiu.:
1781 2343 1936 2368 Conclusio.

1153 2389 1202 2416 56)
1223 2389 1296 2412 Haec
1322 2388 1514 2418 interpretatio
1539 2396 1597 2413 cum
1625 2388 1657 2412 12
1675 2387 1899 2412 annotationibus
1920 2386 2119 2417 marginalibus

1187 2423 1215 2447 iu
1233 2424 1294 2447 sola
1312 2423 1362 2448 Ed.
1384 2424 1490 2454 Ragau.
1510 2430 1531 2448 S.
1551 2429 1576 2450 a.
1597 2423 1753 2452 invenitur,
1778 2422 1806 2446 in
1825 2428 1878 2452 qua
1897 2422 2049 2452 praemisso
2068 2427 2119 2445 ar·-

1187 2460 1316 2488 gumento
1351 2458 1406 2487 (sic
1429 2458 1576 2488 inscripto:
1614 2458 1839 2486 „Argumentum
1864 2456 1999 2480 orationis
2027 2456 2118 2486 Olyn-

1189 2493 1298 2516 thiacae
1317 2493 1464 2517 secundae.
1474 2490 1529 2523 ’'),
1562 2492 1633 2522 quod
1653 2497 1738 2521 supra
1757 2500 1782 2523 p.
1803 2491 1863 2517 ⁷09.
1884 2491 2026 2521 dedimus,
2057 2490 2118 2514 sine

1190 2527 1370 2557 inscriptione
1388 2533 1498 2550 annexa
1517 2528 1567 2551 est.

1152 2569 1201 2597 57)
1224 2570 1292 2593 Huic
1312 2570 1447 2594 orationis
1468 2569 1580 2593 exordio
1601 2569 1627 2592 in
1646 2569 1696 2592 hac
1712 2569 1761 2594 Ed.
1780 2568 1809 2592 in
1828 2567 1954 2598 mai-gine
1977 2566 2119 2596 adscripta

1189 2606 1232 2627 est
1250 2605 1409 2628 annotatio:
1431 2604 1606 2634 Propositio,
1626 2606 1655 2627 ut
1675 2604 1816 2627 maturent
1836 2604 1943 2626 bellum.

1153 2647 1202 2675 58)
1222 2647 1293 2670 Huic
1312 2648 1371 2671 loco
1391 2647 1519 2676 apposita
1538 2648 1582 2670 est
1606 2647 1750 2670 annotatio
1777 2645 1913 2676 margia:
1945 2642 2114 2667 Pedetentim

1188 2682 1293 2705 accedit
1311 2682 1346 2705 ad
1365 2682 1482 2705 alteram
1502 2681 1737 2712 propositionem,
1764 2681 1797 2704 de
1816 2679 1931 2709 Philippi
1955 2678 2068 2703 viribus.

1152 2725 1220 2754 58³)
1239 2726 1296 2754 hic]
1319 2725 1369 2751 Ed.
1390 2726 1495 2756 flagan-
1515 2732 1538 2749 s.
1558 2730 1599 2749 a.:
1622 2725 1698 2749 haec.
