2294 2975
81 134 155 170 221
215 133 335 170 XXIII.
385 132 694 169 ARGUMENTA
720 133 785 168 ΕΤ
810 131 1012 168 SCHOLIA
1036 131 1084 168 IN
1108 131 1256 169 EPIST.
1283 131 1396 167 FAM.
1424 129 1508 166 CIC.
1535 127 1699 164 LIBNI.
1726 128 1797 164 ΕΡ.
1820 128 1992 164 9.10.11.

81 219 220 253 Deinde
239 227 290 254 est
305 219 520 260 consolatio,
548 231 638 266 quae
659 225 797 253 constat
814 219 952 253 duobus
976 217 1075 259 locis,

81 271 245 305 videlicet
275 273 354 305 loco
385 271 567 304 communi
599 272 642 304 de
675 270 889 305 conscientia
913 276 947 303 et
970 282 1074 314 argu—

76 322 206 357 mentis
226 324 268 356 de
287 323 415 356 reditu.
468 322 639 356 Rationes
655 329 817 366 sumptae
841 328 923 356 sunt
946 334 965 355 a
991 334 1070 366 per-

74 386 162 407 sona
181 374 341 408 Caesaris
365 380 399 407 et
421 385 439 406 a
464 380 558 407 statu
581 373 810 418 reipublicae.
869 372 909 406 In
932 373 1073 406 conclu-

74 425 174 459 sione
197 425 384 470 pollicetur
407 424 578 458 Trebatio
606 425 781 465 reditum,
823 430 857 457 et
882 424 988 458 simul
1011 425 1072 457 ad-

74 474 259 517 hortatur,
286 482 325 510 ut
343 476 486 509 interim
503 475 647 509 exilium
663 476 839 521 patienter
855 476 957 510 ferat.

328 552 463 587 Aliud
491 560 820 597 argumentum.

175 619 276 653 Duae
291 627 375 654 sunt
393 621 626 667 epistolae⁴³)
641 623 686 655 ad
699 620 922 655 Trebatium.
948 618 1068 652 Altera

74 670 312 704 consolatoria
327 698 335 712 ‚
364 672 474 705 altera
497 673 730 717 gratulatoria
757 674 799 706 de
822 671 951 705 reditu.
1003 670 1070 703 Ar-

72 728 280 765 gumentum
297 723 557 757 consolatoriae
571 724 724 758 sumitur
747 725 791 757 ab
816 723 926 768 ipsius
951 721 1069 761 exilio,

72 773 110 805 in
126 785 197 818 quo
216 780 292 806 erat
309 780 457 818 propter
473 775 686 819 Pompeium
700 801 709 815 ,
743 775 841 808 cuius
866 784 1008 806 causam
1028 778 1068 805 ut

72 823 302 858 iustissimam
331 826 564 869 probaverat,
605 838 670 859 nec
693 826 854 858 voluerat
876 823 1065 868 profligato

71 874 247 919 Pompeio
269 877 433 910 recedere
457 877 501 910 ab
527 877 646 910 armis.
705 875 903 908 Exordium
929 879 1067 907 constat

71 926 210 959 duobus
232 926 337 967 locis,
379 927 720 960 commemoratione
744 932 888 960 mutuae
912 926 1065 958 benevo-

69 976 220 1016 lentiae,
266 984 299 1011 et
327 979 471 1023 querela
504 979 546 1011 de
580 978 690 1022 ipsius
723 979 840 1012 exilio.
897 976 1066 1022 Sequitur

69 1027 269 1072 propositio
281 1055 289 1068 ,
318 1041 408 1073 quae
425 1027 532 1062 habet
548 1029 841 1073 pollicitationem
855 1055 864 1068 ,
893 1029 989 1073 quod
1008 1039 1065 1060 ve-

69 1079 111 1112 lit
142 1079 330 1122 diligenter
360 1080 525 1113 laborare
566 1092 632 1124 pro
669 1080 896 1124 impetrando
936 1078 1065 1112 reditu.

70 1130 177 1163 Ratio
197 1130 350 1180 sumitur
366 1143 386 1164 a
402 1132 516 1171 facili,
544 1143 605 1164 seu
630 1132 810 1176 possibili,
844 1130 900 1163 cui
923 1131 1066 1162 additur

70 1180 236 1225 repetitio
268 1181 537 1225 pollicitationis
572 1182 782 1216 officiorum.
843 1181 982 1214 Deinde
1015 1186 1066 1214 est

71 1231 249 1265 excusatio
265 1234 307 1265 de
325 1245 398 1266 non
415 1233 531 1267 missis
557 1233 700 1273 litteris,
735 1233 792 1267 cui
815 1233 915 1266 addit
941 1244 1065 1265 conso-

70 1283 241 1316 lationem
260 1290 438 1328 sumptam
456 1297 497 1318 ex
514 1284 593 1317 loco
610 1284 793 1317 communi
818 1285 860 1317 de
885 1283 1064 1317 conscien-

70 1334 138 1374 tia,
179 1340 213 1367 et
234 1335 276 1367 de
302 1341 396 1368 certa
417 1348 478 1380 spe
500 1335 654 1375 reditus,
696 1335 794 1369 cuius
819 1334 953 1378 colligit
977 1335 1064 1367 duas

68 1385 244 1419 rationes:
281 1385 430 1419 alteram
447 1399 466 1420 a
483 1398 635 1430 persona
656 1386 834 1426 Caesaris,
869 1386 1018 1418 alteram
1045 1396 1063 1416 a

69 1442 165 1470 statu
188 1436 415 1481 reipublicae.
483 1437 672 1471 Conclusio
700 1436 808 1471 habet
837 1435 1065 1481 significatio-

69 1499 153 1520 nem
171 1499 254 1520 suae
269 1494 462 1531 perpetuae
483 1488 687 1531 diligentiae
710 1501 777 1532 pro
801 1488 918 1521 reditu
940 1486 1064 1523 amici;

70 1539 155 1572 item
173 1535 480 1578 adhortationem,
507 1544 547 1571 ut
562 1539 691 1572 fortem
708 1537 837 1572 habeat
854 1538 1026 1572 animum.

319 1613 455 1647 Aliud
482 1622 810 1659 argumentum.

172 1680 331 1714 Exordio
348 1681 494 1726 exponit
509 1696 610 1716 suum
629 1696 710 1728 erga
728 1683 938 1717 Trebatium
965 1695 1063 1716 amo-

68 1745 145 1766 rem
169 1738 203 1766 et
229 1731 517 1767 sollicitudinem.
583 1734 752 1768 Narratio
785 1735 944 1768 continet
969 1747 1064 1767 com-

67 1783 367 1818 memorationem
385 1783 589 1827 diligentiae
606 1797 646 1818 ac
660 1785 767 1819 studii
791 1786 845 1819 sui
870 1798 936 1830 pro
963 1785 1063 1819 resti-

68 1835 201 1870 tuendo
211 1834 395 1868 Trebatio.
439 1835 568 1868 Addita
589 1842 639 1869 est
654 1836 900 1880 amplificatio:
928 1837 1063 1881 Quam-

70 1887 123 1920 vis
147 1898 274 1931 parum
300 1897 402 1930 posse
429 1886 553 1919 videar
577 1886 614 1919 in
637 1884 705 1920 hoc
729 1887 895 1931 negotio,
942 1893 1063 1920 tamen

69 1949 173 1983 spero
191 1949 248 1970 me
266 1936 402 1982 aliquid
421 1938 642 1972 effecturum.
692 1938 803 1972 Addit
816 1938 994 1971 rationem
1019 1939 1063 1971 ab

68 1987 293 2023 humanitate
318 1988 490 2023 Caesaris.
551 1989 740 2023 Postremo
772 1990 850 2023 loco
885 1989 1062 2023 excusatio

68 2040 237 2085 ponitur,
263 2051 374 2085 quare
390 2046 492 2073 antea
511 2038 601 2073 nihil
619 2041 818 2085 scripserit,
847 2041 902 2075 cui
918 2040 1063 2075 subiun-

70 2091 121 2136 git
137 2091 418 2126 consolationem
437 2104 517 2125 cum
541 2090 804 2127 adhortatione.

119 2193 449 2237 Argumentum
486 2200 528 2227 et
555 2192 735 2228 scholia
768 2194 812 2227 in
840 2194 1011 2239 episto-

477 2245 562 2279 lam
590 2245 648 2281 XI.

172 2316 375 2352 Gratulatio
395 2325 465 2360 est,
499 2319 555 2353 cui
577 2320 700 2354 attexit
715 2319 961 2354 brevissimam
980 2330 1063 2352 con-

70 2368 296 2404 solationem.
349 2368 499 2404 Orditur
522 2377 641 2405 autem
661 2384 679 2405 a
699 2372 928 2411 narratione,
955 2370 1063 2403 Dola-

71 2420 184 2454 bellae
195 2420 226 2467 5)
251 2431 397 2464 operam
422 2422 641 2465 praedicans.
709 2423 803 2468 Quia
828 2423 952 2456 Cicero
980 2433 1063 2455 con-

69 2472 211 2506 iunctus
235 2470 342 2516 fuit⁶)
362 2472 481 2506 multis
505 2474 647 2515 officiis,
678 2474 766 2515 illis,
803 2475 864 2521 qui
889 2480 991 2507 erant
1014 2474 1065 2506 fa-

105 2575 157 2603 42)
175 2572 326 2604 epistolae]
345 2573 396 2597 Ed.
418 2572 492 2597 1569.
513 2579 610 2598 errore
629 2575 760 2606 typogr.:
784 2574 911 2606 epistola.

107 2615 336 2675 fflbnll’eiabeuae]
361 2615 446 2640 Editt.
469 2615 560 2648 1537.‚
585 2616 660 2640 ¹540.
679 2617 705 2644 h.
723 2618 743 2643 1.
770 2619 798 2642 et
823 2617 851 2642 in
875 2623 951 2648 seqq.
978 2615 1064 2641 Dolo-

159 2657 173 2675 e
213 2656 237 2674 e.

104 2694 137 2723 6)
155 2693 221 2722 fuit]
240 2692 269 2716 in
286 2692 336 2718 Ed.
357 2692 434 2717 1545.
452 2692 546 2718 omiss.

104 2737 138 2765 7)
155 2735 262 2763 multis]
282 2735 332 2758 Ed.
351 2734 428 2759 ¹537.
448 2740 545 2759 errore
563 2735 692 2765 typogr.:
716 2734 806 2761 mulis.

2045 129 2120 163 222

1127 219 1359 255 miliarissimi
1379 217 1556 253 Caesaris:
1585 217 1664 250 ideo
1680 215 1799 249 multis
1809 215 1840 261 ⁷)
1859 213 2008 249 confecit
2026 212 2118 246 redi-

1126 279 1215 308 tum.
1280 271 1425 305 Initium
1450 276 1501 304 est
1525 269 1705 313 eleganter
1733 267 1987 311 amplificatum
2013 265 2118 298 colla-

1125 325 1222 358 tione
1238 324 1394 370 quadam
1404 322 1447 369 ⁸).

1229 373 1259 419 ξ.
1279 375 1312 409 1.
1339 374 1548 408 Dolabellam
1571 368 1691 418 antea]
1718 368 1886 404 Narratio
1913 379 1930 400 a
1948 365 2116 400 Dolabel-

1123 426 1178 459 lae
1203 425 1399 470 diligentia.
1476 425 1632 458 Alterum
1657 434 1723 455 uon
1749 417 1947 466 οιηηὶηο9)]
1978 418 2117 462 Propo-

1123 477 1204 512 sitio
1222 476 1408 510 continens
1426 473 1701 519 gratulationem
1721 473 1763 505 de
1779 471 1908 504 reditu.

1343 561 1480 595 Aliud
1508 572 1660 604 argum
1674 555 1895 601 entum¹⁰).

1224 629 1384 675 Epistola
1407 635 1458 663 est
1482 626 1734 672 gratulatoria,
1773 624 1810 657 in
1834 635 1903 669 qua
1929 620 2113 666 significat,

1121 688 1341 728 quantopere
1365 681 1537 725 gaudeat,
1571 678 1667 723 quod
1692 673 1938 719 impetraverit
1960 671 2113 705 reditum

1120 745 1139 766 a
1166 733 1317 766 Caesare
1347 730 1597 764 intercessione
1623 727 1852 765 Dolabellae,
1893 731 1926 758 et
1950 723 2112 768 precibus

1119 785 1298 816 bonorum
1315 783 1489 816 virorum.
1541 779 1689 813 Exordii
1712 778 1790 810 loco
1814 776 1961 821 ponitur
1987 785 2111 807 narra-

1119 835 1169 868 tio
1187 836 1230 868 de
1249 833 1431 878 diligentia
1448 831 1656 865 Dolabellae
1673 830 1708 861 in
1727 840 1829 861 causa
1846 825 2027 865 Trebatii,
2055 824 2111 857 cui

1118 892 1266 931 propter
1291 883 1359 918 hoc
1381 882 1592 917 beneficium
1615 893 1650 915 se
1673 879 1868 924 plurimum
1895 890 1967 911 esse
1990 876 2112 909 devin-

1119 944 1233 977 ctum,
1262 943 1295 970 et
1311 935 1431 969 omnia
1449 936 1576 968 debere
1599 933 1742 965 fatetur.
1795 929 1962 974 Sequitur
1980 938 2111 971 propo·

1118 988 1219 1028 sitio,
1243 1000 1333 1034 quae
1352 986 1509 1020 continet
1526 983 1800 1029 gratulationem
1823 981 1865 1013 de
1889 979 2006 1012 reditu
2023 977 2111 1010 Tre-

1118 1039 1217 1074 batii.
1272 1039 1410 1072 Deinde
1427 1044 1478 1071 est
1495 1034 1692 1069 consolatio
1718 1034 1760 1065 de
1782 1031 1971 1065 amissione
1997 1029 2111 1061 bono-

1119 1103 1218 1131 rum,
1247 1102 1338 1135 quae
1362 1096 1413 1123 est
1436 1085 1582 1133 pulchre
1607 1085 1840 1129 amplificata,
1868 1083 1928 1116 sed
1943 1079 2112 1119 breviter,

1119 1142 1308 1175 collatione
1331 1141 1531 1179 bonorum,
1570 1149 1660 1183 quae
1685 1135 1824 1174 amisit,
1859 1140 1892 1166 et
1917 1131 2112 1175 dignitatis,

1119 1205 1226 1238 quam
1261 1191 1496 1236 recuperavit.
1561 1188 1601 1221 In
1632 1189 1719 1227 fine,
1758 1186 1837 1218 loco
1864 1181 2112 1221 conclusionis,

1119 1250 1170 1278 est
1193 1250 1293 1288 grata
1318 1241 1528 1286 significatio
1554 1251 1638 1274 suae
1663 1236 1875 1276 modestiae,
1917 1234 2013 1280 quod
2037 1244 2112 1265 nou

1118 1296 1273 1339 postulet
1296 1293 1481 1327 ambitiose
1504 1291 1571 1325 sibi
1598 1289 1727 1334 gratias
1756 1287 1831 1332 agi,
1872 1293 1907 1319 et
1931 1285 2026 1330 quod
2052 1284 2112 1316 illa

1119 1346 1230 1379 animi
1248 1345 1428 1390 gratitudo
1445 1344 1482 1376 in
1497 1341 1669 1376 Trebatio
1688 1337 1916 1372 vehementer
1933 1336 2081 1381 placeat.

1371 1429 1506 1462 Aliud
1535 1431 1861 1471 argumentum.

1220 1495 1261 1529 In
1291 1495 1524 1540 gratulatoria
1557 1494 1695 1527 nullum
1721 1498 1772 1526 est
1803 1489 2010 1528 exordium,
2051 1488 2111 1521 sed

1117 1547 1264 1592 ponitur
1279 1547 1442 1580 narratio
1468 1546 1680 1590 amplificata
1699 1556 1716 1576 a
1736 1542 1944 1580 collatione,
1978 1540 2015 1572 in
2040 1550 2110 1584 qua

1118 1611 1265 1643 operam
1290 1605 1325 1631 et
1348 1598 1567 1642 diligentiam
1591 1595 1799 1628 Dolabellae
1822 1591 2006 1626 familiaris
2026 1590 2110 1623 Cae-

1117 1650 1206 1684 saris
1224 1649 1424 1695 praedicat‚
1452 1649 1548 1694 quod
1575 1647 1768 1680 admodum
1793 1645 2020 1677 laboraverat
2044 1652 2109 1685 pro

1117 1702 1235 1735 reditu
1265 1701 1493 1745 impetrando
1518 1698 1701 1732 Trebatio.
1772 1694 1982 1731 Narrationi
2014 1691 2112 1725 addi-

1117 1759 1175 1787 tur
1209 1751 1408 1797 propositio
1444 1749 1692 1795 gratulationis
1725 1749 1767 1781 de
1801 1747 1937 1785 reditu,
1991 1744 2111 1776 addita

1115 1804 1216 1837 brevi
1233 1803 1490 1842 consolatione,
1517 1809 1558 1836 ut
1574 1807 1737 1845 acceptae
1754 1798 1906 1832 iniuriae
1926 1795 2111 1829 oblivisca-

1117 1862 1174 1889 tur
1189 1861 1336 1899 propter
1358 1854 1470 1887 multa
1495 1853 1703 1892 commoda,
1741 1862 1830 1896 quae
1848 1848 2035 1882 habiturus
2060 1850 2112 1879 est

1116 1919 1158 1939 ex
1176 1905 1412 1940 restitutione.
1464 1905 1592 1939 Postea
1610 1910 1662 1938 est
1676 1903 1744 1935 alia
1762 1900 1922 1934 narratio
1941 1899 1983 1931 de
2002 1896 2110 1941 ipsius

1116 1957 1332 2001 gratitudine
1362 1968 1428 2001 pro
1461 1956 1595 1989 officiis.
1665 1953 1705 1986 In
1731 1954 1800 1986 fine
1825 1958 1876 1986 est
1899 1947 2109 1995 significatio

1116 2008 1282 2042 desiderii
1296 2007 1351 2042 sui
1367 2007 1512 2040 videndi
1527 2006 1635 2039 talem
1653 2003 1820 2037 amicum.

1359 2090 1496 2125 Aliud
1530 2094 1857 2135 argumentum.

1216 2159 1313 2193 Loco
1331 2158 1469 2193 exordii
1492 2158 1640 2203 ponitur
1664 2156 1782 2190 brevis
1803 2153 1984 2194 narratio,
2018 2163 2109 2198 quae

1117 2217 1167 2246 est
1190 2212 1341 2256 figurata
1368 2209 1633 2244 circumstantia
1659 2208 1847 2253 temporis:
1883 2205 1996 2239 Antea
2018 2201 2110 2236 nihil

1116 2263 1222 2296 debui
1238 2262 1465 2302 Dolabellae,
1491 2273 1606 2302 nunc,
1634 2261 1717 2306 quia
1735 2259 1799 2293 tibi
1820 2258 1974 2292 reditum
1997 2255 2109 2299 impe-

1116 2314 1264 2348 traverit
1280 2326 1298 2347 a
1318 2313 1489 2353 Caesare,
1515 2313 1685 2346 confiteor
1701 2323 1758 2344 me
1776 2310 1807 2343 ei
1826 2308 1945 2343 omnia
1968 2307 2109 2340 debere.

1115 2364 1325 2401 Narrationi
1343 2364 1530 2399 subiuncta
1557 2370 1609 2397 est
1632 2361 1835 2407 gratulatio.
1893 2359 2031 2393 Deinde
2056 2369 2109 2391 se-

1118 2417 1239 2464 quitur
1253 2416 1371 2451 brevis
1388 2413 1591 2449 adhortatio
1605 2441 1614 2455 ‚
1641 2420 1679 2447 ut
1696 2412 1855 2446 omnium
1869 2438 1878 2452 ,
1906 2422 1998 2456 quae
2021 2408 2108 2441 ami-

1150 2551 1182 2579 6)
1202 2550 1334 2581 quadam]
1353 2549 1380 2574 in
1397 2551 1447 2575 Ed.
1468 2550 1542 2575 1601.
1562 2549 1648 2574 deest.
1667 2562 1702 2567 —
1744 2550 1801 2573 Hoc
1819 2548 2009 2577 argumentum
2028 2550 2111 2576 prae-

1186 2586 1250 2609 bent
1268 2585 1352 2608 Editt.
1373 2585 1577 2615 15³7-1554.‚
1598 2584 1685 2615 1557„
1706 2584 1792 2614 1560„
1812 2581 2015 2611 1565-1596.,
2036 2580 2111 2603 1601.

1151 2628 1184 2657 9)
1199 2634 1257 2651 non
1276 2627 1406 2655 omnino]
1424 2626 1464 2650 sic
1480 2626 1564 2651 Editt.
1584 2626 1670 2654 1537„
1692 2627 1758 2650 1545
1770 2643 1778 2656 ‚
1798 2626 1885 2655 1546„
1904 2624 1997 2655 1560„
2018 2623 2113 2653 1601.;

1186 2662 1270 2686 Editt.
1286 2662 1376 2691 1544„
1398 2661 1491 2692 1554„
1512 2661 1587 2687 1557.
1607 2663 1634 2685 et
1655 2661 1704 2686 Ed.
1725 2661 1811 2686 orell.
1832 2661 1946 2685 omnino
1965 2665 2031 2683 non.

1152 2704 1200 2732 10)
1218 2704 1276 2727 Hoc
1293 2704 1484 2733 argumentum
1503 2704 1531 2727 et
1548 2703 1601 2728 duo
1621 2702 1766 2734 sequentia
1783 2701 1812 2726 in
1830 2700 1914 2726 Editt.
1934 2699 2020 2731 1556„
2042 2693 2109 2724 156⁵

1184 2737 1304 2762 -1596,
1326 2736 1512 2767 reperiuntur.

1990 2776 2010 2799 0
