2351 2990
136 121 238 161 1009
399 119 488 155 XLI.

129 214 195 244 aut
211 206 353 242 animae
369 212 485 251 parte.
535 205 718 240 Beneficia
739 214 825 240 vero
842 204 1006 240 Deorum
1029 216 1138 239 nemo

130 258 322 305 complecti
335 259 446 293 semel
462 262 592 303 potest.
644 256 769 304 Itaque
791 270 909 304 neque
924 254 1140 291 Demosthe—

131 324 196 347 nes
211 322 316 356 aegre
330 311 439 351 feret‚
466 310 673 345 si'virtutes
697 310 773 344 eius
799 322 876 343 non
901 306 1139 354 comprehen—

131 363 228 398 deris
243 374 318 397 una
333 363 512 396 oratione.
561 361 656 397 Nam
671 374 717 395 ne
733 361 808 407 ipse
817 361 865 410 ³⁴)
884 361 1031 408 quidem
1055 371 1138 395 suas

129 415 255 450 laudes
293 426 419 449 omnes
464 425 538 448 una
580 414 747 448 oratione
782 413 973 459 complecti
1007 417 1138 458 posset.

130 468 217 502 Luc.
243 466 341 500 Haec
355 466 533 500 dicentem
552 463 821 511 Thersagoram
842 463 1138 511 interpellaviffi).

130 520 182 552 Ac
196 525 308 563 puto,
340 518 511 564 inquam,
537 515 626 552 haec
643 525 678 552 te
695 530 866 558 narrare,
901 524 942 552 ut
967 518 1139 563 eloquen-

129 570 219 605 tiam
238 577 337 604 tuam
355 571 455 615 apud
469 582 528 604 me
553 577 730 611 ostentes,
763 583 845 604 cum
864 569 968 603 initio
996 574 1137 602 tantum

130 621 287 656 volueris
303 622 500 663 declarare,
517 629 674 668 quantus
690 629 797 667 poeta
815 622 879 660 sis;
906 634 1002 655 nunc
1021 626 1138 654 osten-

129 674 185 708 dis
211 673 341 713 etiam‚
382 680 558 720 quantum
589 674 628 707 in
660 675 776 708 soluta
811 674 975 707 oratione
1006 672 1137 705 valeas.

129 726 251 762 Thers.
290 725 386 760 Tum
410 726 487 760 ille:
522 726 652 767 Volui,
684 725 822 772 inquit,
856 723 926 759 hoc
949 735 1140 769 argumen-

127 783 206 812 tum
224 789 455 823 percurrere,
483 790 565 812 cum
581 779 741 812 viderem
769 784 803 812 te
825 777 1029 822 segniorem
1053 787 1140 815 esse,

127 829 159 865 si
175 836 299 863 tamen
314 842 399 864 cura
416 830 603 875 paulisper
632 830 781 865 remissa
807 829 950 864 audires
974 840 1032 862 me
1054 839 1141 872 poe·

128 894 189 915 ma
206 894 329 916 meum
347 881 571 916 recitantem.
634 884 719 917 Luc.
753 881 831 926 Ego
857 894 943 915 vero
968 878 1141 925 respondi

129 933 234 968 illum
264 946 339 967 non
371 934 488 967 facere
514 946 646 979 operae
672 934 850 979 pretium,
887 946 927 967 ac
950 933 1052 973 vide,
1086 931 1141 963 in-

130 997 262 1031 quam,
287 998 334 1019 ne
349 985 464 1030 magis
482 986 590 1019 etiarn
613 987 863 1031 perturbatum
888 997 945 1018 me
969 983 1141 1018 dimittas.

132 1038 254 1072 Thers.
283 1037 380 1071 Tum
397 1037 475 1071 ille:
506 1037 626 1071 Facile
647 1038 849 1072 remedium
876 1037 963 1077 erit,
997 1036 1027 1070 si
1049 1046 1141 1068 non-

129 1089 218 1123 dum
237 1089 347 1123 etiam
370 1089 436 1123 tihi
459 1090 680 1124 satisfactum
705 1096 769 1125 est.
829 1091 914 1124 Luc.
948 1089 996 1122 At
1016 1086 1142 1126 nescis,

128 1141 280 1187 inquam
292 1168 302 1181 ‚
329 1153 422 1187 quae
440 1154 497 1175 res
512 1154 570 1176 me
586 1149 706 1187 angat.
760 1141 901 1175 Deinde
918 1147 959 1174 ut
982 1139 1142 1173 medicus

128 1193 303 1237 ignorans
320 1193 442 1227 morbi
456 1206 587 1238 genus,
614 1194 733 1228 aliena
757 1193 917 1227 remedia
944 1190 1143 1226 adhibebis.

128 1245 189 1279 Tu
205 1246 302 1278 enim
318 1245 504 1279 instituisti
521 1259 578 1279 me
594 1246 719 1280 iuvare
737 1253 912 1291 tanquam
932 1245 1061 1278 rudem
1079 1242 1144 1276 ali-

131 1309 261 1343 quem,
290 1303 325 1330 et
342 1309 439 1331 nunc
457 1298 617 1342 primum
645 1299 691 1331 ad
713 1295 802 1330 haec
828 1296 947 1330 studia
974 1296 1144 1328 acceden-

130 1355 225 1390 tem,
267 1361 394 1383 verum
423 1347 512 1383 haec
543 1348 635 1383 mihi
668 1349 740 1382 iam
773 1348 859 1382 olim
892 1346 1023 1381 detrita
1049 1351 1144 1380 sunt.

131 1401 292 1436 Proinde
320 1403 484 1436 remedia
517 1408 579 1436 tua
605 1398 696 1435 nihil
721 1402 766 1435 ad
789 1412 908 1434 meam
932 1396 1144 1434 sollicitudi-

129 1465 214 1487 nem
235 1452 383 1487 faciunt.
441 1455 561 1489 Tkers.
589 1452 637 1487 At
658 1451 747 1494 hoc,
775 1452 914 1499 inquit,
941 1449 1143 1484 remedium

131 1505 257 1540 fuerit:
290 1505 394 1539 Trita
419 1506 477 1539 via
502 1506 681 1540 tutissima
699 1511 761 1540 est.
822 1507 908 1539 Luc.
936 1500 1029 1536 Mihi
1056 1513 1142 1535 vero

131 1557 328 1599 diversum,
352 1557 517 1604 inquam,
544 1558 720 1603 placebat.
773 1555 886 1590 Aiunt
904 1554 1145 1601 Cyrenaicum

132 1610 317 1657 quendam
357 1608 618 1655 philosophum
662 1622 698 1644 se
741 1609 966 1653 aurigantem
999 1606 1146 1640 Platoni

133 1668 331 1697 ostentasse
354 1670 437 1697 ante
461 1662 717 1703 Academiam,
750 1662 849 1707 quod
874 1660 912 1693 in
938 1660 1064 1693 eadem
1088 1670 1146 1692 or-

133 1715 209 1748 bita
233 1714 385 1749 subinde
411 1716 559 1749 duceret
583 1720 617 1748 et
641 1715 828 1747 reduceret
851 1724 1019 1752 currum,
1054 1708 1146 1744 nihil

135 1768 328 1807 deerrans,
354 1774 395 1801 ut
411 1767 559 1811 vestigia
577 1772 718 1800 tantum
740 1765 848 1799 unius
875 1764 1041 1810 perpetui
1067 1775 1146 1796 cur-

132 1832 193 1854 sus
216 1819 439 1854 viderentur.
498 1818 575 1863 Ego
599 1825 724 1852 contra
753 1818 880 1852 studeo
900 1816 1023 1850 tritam
1048 1815 1145 1848 viam

134 1877 171 1905 et
184 1870 233 1919 36)
263 1878 385 1905 vetera
418 1871 567 1916 vestigia
600 1870 769 1915 effugere.
836 1869 974 1902 Verum
1002 1867 1145 1901 difficile

135 1929 201 1965 est,
226 1935 362 1957 novam
380 1924 476 1956 viam
495 1923 618 1957 relicta
636 1922 750 1956 veteri
768 1921 982 1966 excogitare.
1024 1922 1059 1954 T
1054 1920 1145 1954 hers.

136 1976 194 2010 Ad
209 1974 298 2009 haec
306 1974 555 2020 Thersagoras
570 1976 637 2008 ait:
662 1975 785 2008 Placet
800 1973 910 2018 igitur
918 1971 1145 2017 Pausonisffi)

137 2027 342 2062 consilium.
410 2030 496 2063 Luc.
537 2027 668 2073 Quod,
702 2025 882 2073 inquam?
936 2025 1021 2060 Non
1047 2023 1145 2057 enim

136 2079 274 2114 audivi.
330 2081 450 2115 Thers.
479 2080 576 2114 Tum
592 2079 669 2113 ille:
698 2079 836 2113 Ferunt
861 2078 1043 2124 quendam
1064 2088 1145 2110 cum

135 2131 304 2167 Pausone
319 2131 367 2178 3⁷)
394 2139 540 2177 pactum
567 2144 661 2172 esse,
694 2138 735 2165 ut
761 2143 894 2177 equum
919 2130 1085 2175 pingeret
1097 2127 1145 2176 38)

137 2185 363 2219 volutantem
387 2196 443 2225 se,
487 2185 552 2218 iste
579 2190 783 2218 currentem
808 2182 946 2227 pinxit,
991 2187 1025 2214 et
1050 2180 1144 2214 circa

136 2248 271 2283 equum
288 2236 523 2270 exuscitatum
539 2237 739 2282 pulverem.
801 2235 965 2280 Cumque
990 2234 1147 2267 adstaret

138 2290 235 2334 apud
258 2289 467 2334 pingentem
494 2288 574 2329 ille,
613 2288 677 2335 qui
698 2289 880 2322 locaverat
906 2298 1039 2332 equum
1065 2285 1146 2330 pin—

174 2418 222 2447 34)
244 2417 318 2448 ipse]
337 2414 378 2439 sic
396 2414 480 2440 Editt.
503 2413 595 2444 ¹533..
619 2414 710 2443 15:380,
740 2414 787 2438 Ed.
811 2414 885 2438 154³.
906 2412 965 2444 ipsi.

174 2462 224 2489 35)
244 2461 277 2484 Η.
296 2459 314 2483 l.
333 2458 363 2482 in
381 2458 568 2487 Editt.1538.,
590 2458 665 2483 1543.
686 2459 752 2482 nota
770 2458 887 2488 margin.
908 2456 1033 2487 Micylli:
1054 2455 1145 2480 luter-

210 2494 343 2526 pellatio,
363 2499 416 2524 qua
434 2493 469 2516 ad
489 2495 648 2523 sequentem
662 2499 693 2516 ac
708 2498 809 2516 novam
822 2492 938 2516 encomii
953 2494 1059 2521 partein
1075 2492 1146 2515 viani

210 2529 320 2554 sternit.
345 2529 440 2552 Tacite
459 2530 551 2551 autem
571 2530 599 2551 et
617 2528 762 2552 consilium
781 2535 860 2551 suum
880 2528 1012 2557 detegere
1026 2526 1146 2555 videtur,

210 2571 263 2596 quo
283 2565 310 2588 iu
330 2564 380 2588 hoe
399 2563 523 2586 encomio
543 2563 687 2586 scribendo
707 2569 776 2586 usus
794 2564 848 2588 est.

176 2610 225 2637 36)
245 2610 288 2638 et]
309 2607 350 2632 sic
368 2607 418 2630 Ed.
438 2605 531 2636 1533.;
557 2606 640 2630 Editt.
663 2606 757 2637 1538„
783 2606 860 2630 1543.
880 2608 919 2629 ut.

175 2652 223 2681 37)
242 2649 398 2680 Pausonis,
416 2649 560 2676 Pausone]
581 2647 620 2672 sic
640 2647 804 2678 scripsimus
822 2657 857 2670 Ξ
874 2645 1046 2678 Παύσωνος,
1067 2646 1146 2670 11τεὺ-

211 2693 296 2717 σωνι;
324 2682 509 2712 Editt.1533.‚
530 2683 618 2710 1538..
640 2682 715 2708 1543.
736 2683 883 2713 Passonis,
902 2683 1038 2707 Passone.
1053 2694 1087 2699 —
1106 2682 1146 2705 De

212 2723 262 2745 hoc
278 2720 387 2751 pictore
406 2718 478 2743 conf.
499 2717 594 2748 Siliig:
623 2718 743 2748 catalog.
763 2718 899 2742 artificum
919 2725 944 2748 p.
961 2717 1022 2742 328.

176 2764 224 2797 38)
244 2759 387 2795 pingeret]
406 2762 456 2786 Ed.
471 2760 548 2786 1533.
568 2767 666 2785 errore
684 2762 812 2792 typogr.:
837 2761 977 2792 pingeret.

144 2810 327 2840 Mummi.
351 2805 460 2837 open.
485 2804 571 2835 Voi..
596 2804 704 2835 XVII.

541 118 943 155 INTERPRETATIO
970 116 1215 154 LUCIANlCl
1240 118 1448 155 ENCOMH
1470 120 1520 156 IN
1547 121 1936 158 DEMOSTHENEM.

2096 124 2196 158 1010

1192 207 1347 251 gendum
1360 233 1370 248 ‚
1398 213 1432 241 et
1447 219 1527 241 cum
1543 207 1682 253 pictore
1703 208 1965 253 expostularet,
1994 208 2078 254 quia
2097 209 2196 242 aliud

1190 264 1316 303 pactus
1341 266 1451 300 esset,
1494 258 1636 294 exhibet
1660 260 1778 305 pictor
1803 261 1963 294 tabulam
1990 273 2123 304 puero,
2160 267 2194 293 et

1192 309 1291 344 iubet
1313 310 1513 352 invertere,
1556 324 1597 345 ac
1619 312 1797 357 picturam
1820 312 1871 345 illi
1896 313 2101 346 ostendere:
2145 312 2195 345 ita

1191 361 1382 396 videbatur
1398 375 1510 409 equus
1533 363 1571 397 in
1594 370 1695 409 tergo
1721 364 1857 405 iacere,
1889 376 1996 410 seque
2020 365 2197 399 volutare.

1191 415 1277 448 Luc.
1304 413 1465 455 Festive,
1493 415 1662 461 inquam;
1697 429 1823 451 verum
1848 420 1953 461 putas
1978 429 2035 450 me
2058 422 2113 449 tot
2134 428 2197 449 an-

1191 465 1248 499 nis
1262 478 1339 499 non
1356 479 1461 511 saepe
1479 474 1647 501 conatum
1671 481 1765 509 esse,
1800 474 1841 501 ut
1866 467 2059 501 materiam
2082 474 2197 501 verte-

1191 517 1295 551 rem?
1347 518 1425 563 Ego
1444 531 1530 552 vero
1548 519 1782 553 multifariam
1799 520 1891 553 verti
1914 532 1954 553 ac
1976 519 2130 560 reverti,
2164 526 2200 553 et

1193 581 1333 610 vereor,
1356 582 1401 604 ne
1420 569 1511 603 mihi
1528 572 1573 604 ad
1590 578 1789 605 extremum
1807 572 1947 605 accidat
1963 572 2072 612 idem,
2101 572 2199 618 quod

1191 621 1339 656 Proteo.
1403 624 1522 657 Thers.
1557 623 1768 668 Quidnam?
1804 623 1854 657 ait
1880 624 1950 658 ille.
2011 625 2096 658 Luc.
2132 623 2200 657 Hic

1192 673 1306 707 fertur
1331 675 1554 719 consumptis
1579 675 1748 710 omnibus
1771 676 1917 717 formis,
1951 688 2040 722 quas
2061 676 2200 710 solebat

1193 725 1365 767 induere,
1407 726 1574 760 videlicet
1602 727 1819 767 bestiarum,
1862 728 2090 772 plantarum,
2131 728 2201 761 ele-

1193 784 1428 819 mentorum,
1477 791 1600 812 rursus
1634 780 1786 824 penuria
1818 780 2030 824 peregrinae
2062 781 2201 813 formae

1192 829 1346 864 Proteus
1367 831 1493 865 factus.
1562 832 1682 866 Ther-s.
1723 831 1800 870 Tu,
1834 832 1954 877 inquit
1975 832 2054 871 ille,
2087 832 2202 876 magis

1194 881 1313 916 varias
1328 883 1464 916 formas
1481 883 1659 927 excogitas
1679 895 1787 929 quam
1797 882 1950 918 Proteus
1961 910 1971 924 ‚
1998 890 2038 918 ut
2054 884 2203 928 effugias

1194 946 1315 967 meam
1341 934 1604 969 recitationem.
1670 937 1754 970 Luc.
1789 934 1867 980 Ego
1894 947 1999 976 vero,
2040 935 2203 982 inquam,

1195 986 1348 1019 libenter
1369 987 1551 1031 praebebo
1575 999 1633 1020 me
1659 987 1884 1027 auditorem,
1920 994 1954 1021 et
1978 987 2119 1021 eiiciam
2145 1000 2204 1022 cu-

1195 1050 1274 1071 ram
1301 1039 1556 1083 excogitandae
1580 1039 1756 1073 orationis
1782 1052 1824 1073 ex
1857 1040 1992 1074 animo.
2063 1040 2204 1075 Forsan

1197 1090 1294 1123 enim
1312 1102 1392 1124 cum
1412 1091 1503 1124 lecto
1520 1097 1687 1136 poemate
1705 1091 1845 1125 desines
1861 1098 2005 1136 partum
2024 1098 2127 1126 tuum
2145 1105 2205 1126 cu-

1196 1154 1298 1183 rare,
1326 1155 1383 1176 me
1401 1155 1546 1189 quoque
1565 1143 1826 1187 parturientem
1845 1144 2045 1178 adiuvabis.
2078 1143 2205 1190 Itaque

1198 1206 1279 1228 cum
1296 1194 1583 1242 pervicissem39)
1600 1196 1766 1236 tandem,
1794 1195 1951 1229 sedimus
1974 1195 2012 1228 in
2036 1196 2204 1241 proximo

1197 1258 1295 1281 saxo.
1332 1246 1399 1280 Hic
1418 1259 1483 1292 ego
1505 1247 1614 1280 audio
1632 1247 1843 1281 recitantem
1862 1248 2044 1292 egregium
2062 1260 2206 1293 poema.

1197 1298 1244 1331 At
1259 1299 1354 1332 inter
1377 1299 1569 1343 legendum
1596 1306 1744 1345 repente
1767 1300 1865 1334 velut
1890 1301 2011 1334 furore
2037 1300 2207 1345 percitus,

1199 1350 1319 1383 clauso
1352 1350 1465 1384 libro:
1511 1351 1640 1392 Aufer,
1685 1351 1822 1398 inquit,
1862 1353 2064 1386 mercedem
2100 1351 2208 1388 huius

1199 1401 1491 1441 auscultationis,
1532 1403 1630 1437 »sicut
1664 1402 1816 1438 Athenis
1852 1405 2036 1449 sportulae
2073 1405 2209 1438 daban-

1198 1460 1258 1487 tur
1283 1453 1321 1486 in
1343 1453 1578 1489 concionibus
1602 1466 1643 1488 ac
1666 1455 1820 1490 iudiciis.
1890 1456 1960 1490 Sed
1988 1457 2069 1491 vide
2099 1457 2209 1491 etiam

1199 1512 1309 1552 atque
1333 1506 1465 1547 etiam,
1496 1513 1533 1540 ut
1558 1506 1713 1551 gratiam
1746 1505 1835 1541 mihi
1861 1505 2007 1543 habeas.
2069 1508 2208 1555 Egone,

1200 1558 1372 1604 inquam,
1416 1559 1570 1603 gratiam
1605 1556 1779 1601 habeam,
1831 1573 1912 1595 cum
1952 1562 2116 1596 nondum
2153 1563 2209 1597 in-

1200 1610 1381 1654 telligam,
1418 1611 1506 1657 quid
1539 1610 1662 1645 dicas?
1713 1612 1849 1647 Verum
1884 1614 1971 1660 quid
1996 1620 2066 1656 est,
2111 1615 2211 1662 quod

1199 1661 1408 1707 promittis?
1447 1664 1568 1698 There.
1630 1662 1744 1698 Incidi
1769 1664 1839 1712 4⁰),
1881 1666 1932 1699 ait
1955 1666 2034 1707 ille,
2075 1666 2113 1700 in
2144 1668 2209 1701 do-

1200 1714 1366 1749 mesticos
1386 1715 1668 1750 commentarios
1686 1729 1810 1761 regum
1830 1717 2086 1760 Macedoniae,
2115 1732 2209 1765 quae

1199 1779 1256 1801 res
1290 1767 1540 1801 incredibilem
1575 1765 1665 1801 mihi
1700 1769 1876 1802 laetitiam
1914 1771 2051 1805 attulit:
2097 1784 2209 1817 quare

1199 1819 1332 1852 librum
1352 1819 1454 1853 illum
1471 1832 1547 1853 non
1562 1820 1640 1854 sine
1664 1833 1797 1865 magno
1824 1822 1970 1866 negotio
1994 1821 2084 1856 mihi
2110 1836 2208 1857 com-

1200 1871 1346 1916 paravi,
1374 1869 1481 1906 huius
1507 1870 1597 1905 mihi
1625 1872 1697 1905 iam
1715 1873 1813 1907 venit
1830 1873 1868 1906 in
1886 1881 2057 1910 mentem.
2112 1875 2208 1910 Con-

1200 1923 1291 1956 tinet
1315 1930 1435 1957 antem
1466 1936 1546 1957 cum
1579 1924 1758 1971 reliquam
1785 1925 1998 1960 interiorem
2022 1927 2209 1973 Antipatri

1200 1975 1334 2016 vitam,
1372 1982 1449 2009 tum
1494 1977 1601 2010 etiam
1645 1979 1825 2023 quaedam
1868 1978 1911 2012 de
1948 1978 2208 2023 Demosthene,

1201 2039 1291 2073 quae
1308 2028 1436 2073 cupide
1453 2028 1609 2064 lecturus
1626 2028 1771 2065 videris.
1813 2031 1898 2065 Luc.
1921 2030 1998 2076 Ego
2015 2045 2101 2066 vero
2121 2033 2208 2075 iam,

1200 2080 1350 2126 inquam
1363 2107 1372 2121 ,
1400 2081 1516 2114 refero
1535 2081 1688 2126 gratiam
1705 2094 1772 2126 pro
1795 2084 2001 2127 evangelio,
2030 2085 2124 2118 dabo
2141 2085 2208 2119 tibi

1199 2144 1350 2177 operam
1368 2133 1528 2179 reliquos
1547 2146 1668 2168 versus
1684 2134 1862 2175 recitanti,
1877 2147 1994 2182 neque
2012 2137 2208 2179 dimittam,

1199 2185 1314 2218 donec
1337 2185 1557 2230 promissum
1583 2185 1817 2231 praestiteris.
1877 2186 1972 2222 Nam
1994 2195 2035 2222 ut
2054 2189 2207 2223 Homeri

1200 2237 1366 2270 encomio
1390 2237 1580 2281 magnifice
1605 2251 1664 2272 me
1688 2238 1890 2280 delectasti,
1929 2239 1977 2273 ita
2014 2241 2207 2276 delectabis

1198 2287 1422 2335 haudssdubie
1439 2296 1473 2323 et
1492 2287 1748 2324 Demosthenis
1766 2290 1944 2325 encomio.
2005 2292 2207 2339 Postquam

1199 2341 1310 2386 igitur
1328 2341 1478 2386 perlegit
1494 2342 1654 2388 reliquos
1672 2354 1812 2383 versus,
1841 2343 2024 2389 paulisper
2041 2345 2091 2379 ibi
2110 2358 2207 2380 com-

1200 2394 1333 2427 morati
1355 2406 1478 2427 snmus
1490 2421 1500 2434 ,
1529 2394 1643 2428 donec
1659 2406 1726 2438 pro
1745 2402 1911 2439 poemate
1929 2396 2066 2432 debitas
2082 2398 2207 2433 laudes

1199 2447 1448 2490 rependerem.
1489 2445 1630 2479 Deinde
1646 2447 1691 2479 ad
1711 2447 1815 2480 aedes
1834 2444 2083 2493 Thersagorae
2100 2449 2208 2492 imus,

1199 2498 1250 2531 ihi
1266 2498 1325 2531 vix
1342 2499 1489 2532 tandem
1506 2498 1641 2543 reperit
1654 2498 1787 2531 librum
1799 2526 1808 2540 ,
1842 2500 1903 2533 sed
1919 2501 2055 2546 reperit
2071 2508 2206 2544 tamen,

1200 2562 1309 2596 quem
1334 2562 1404 2594 ego
1428 2550 1607 2595 accipiens
1633 2551 1782 2584 domum
1806 2551 1916 2592 redii3
1954 2559 1988 2586 et
2005 2566 2086 2587 cum
2102 2554 2204 2599 legis-

1233 2674 1281 2702 39)
1301 2672 1497 2704 pervicissem]
1516 2671 1566 2695 Ed.
1585 2671 1661 2697 1543.
1681 2677 1779 2695 errore
1801 2673 1930 2704 typogn:
1957 2673 2134 2703 pei-ficissem.

1236 2725 1283 2753 40)
1304 2725 1337 2748 Η.
1357 2724 1374 2748 1.
1398 2724 1425 2747 in
1445 2723 1529 2746 Editt.
1550 2723 1638 2754 1533„
1660 2723 1736 2746 1543.
1761 2725 1826 2748 nota
1846 2724 1962 2756 margin.
1983 2724 2106 2756 Micylli:
2127 2726 2204 2751 Nova

1273 2764 1425 2791 parasceue
1445 2758 1553 2783 laudum
1571 2758 1775 2783 Demosthenis.

1585 2793 1635 2828 64
