2351 2990
0 91 2 104 l

0 109 2 165 ἓ

84 127 158 163 889

81 213 339 259 rempublicam
362 214 624 258 deposuerunt,
661 226 810 261 eamque
833 222 970 250 vestrae
995 217 1078 250 fidei

81 265 442 304 commendaverunt,
469 264 601 308 partim
622 277 741 298 coram
761 273 978 311 spectatores
996 275 1078 302 sunt

80 315 186 350 huius
202 315 344 355 iudicii,
372 315 503 359 partim
525 316 654 350 absunt
676 330 822 351 suorum
848 319 1075 363 negotiorum

81 380 203 401 causa:
244 379 333 412 quos
353 379 494 406 omnes,
527 374 711 411 praeterea
730 370 823 413 leges
841 376 874 403 et
900 371 1076 404 iusiuran-

81 419 168 453 dum
185 417 342 451 revereri
359 430 421 451 vos
438 418 616 453 convenit.
669 419 714 453 Et
733 433 812 454 cum
830 422 936 454 fidem
960 423 1075 455 secero

79 471 262 504 decretum
288 466 527 513 Ctesiphontis
553 477 677 503 contra
699 472 792 516 leges
823 473 955 506 factum
990 486 1075 513 esse,

80 528 116 555 et
131 521 373 566 perniciosum
391 533 464 554 esse
481 521 716 565 reipublicae,
745 524 887 557 abolere
906 524 993 557 illud
1017 526 1075 558 de-

79 573 190 613 betis,
221 578 256 605 et
277 571 479 605 libertatem
505 573 682 614 stabilire,
721 581 756 607 et
779 575 991 620 supplicium
1019 588 1075 609 su-

80 636 178 657 mere
195 623 237 656 de
254 620 328 663 his,
357 623 419 668 qui
441 630 564 656 contra
585 625 696 668 leges,
728 633 853 659 contra
881 626 1075 666 civitatem,

79 681 203 709 contra
219 674 409 707 utilitatem
426 675 605 718 publicam
626 676 797 711 fecerunt.
849 677 895 711 Et
920 677 949 711 si
972 690 1075 722 prae-

77 726 144 760 diti
167 723 234 758 hac
258 731 377 758 mente
400 726 584 760 audieritis
612 740 729 760 meam
752 728 974 769 orationem,
1001 729 1073 762 scio

76 778 235 811 futurum
249 803 258 817 ‚
286 782 325 810 ut
341 776 470 810 iustam
489 778 698 812 sententiam
710 805 719 819 ,
747 785 781 812 et
797 786 1073 813 consentaneam

76 835 195 863 vestro
212 828 428 868 iuramento,
457 835 490 862 et
505 829 627 862 utilem
644 830 744 863 vobis
763 837 868 876 atque
886 831 1074 866 universae

76 879 294 925 reipublicae
310 879 444 913 seratis.

181 930 228 964 Et
249 931 292 963 de
319 937 392 963 tota
426 942 531 964 causa
564 932 647 965 satis
677 932 722 965 sit
753 930 840 965 haec
873 934 1073 978 praefatum

75 994 169 1022 esse,
196 993 292 1014 nunc
309 981 351 1014 de
368 981 522 1025 legibus,
551 994 642 1028 quae
666 989 788 1016 vetant
812 986 979 1018 coronari
1002 998 1074 1026 eos,

74 1033 139 1079 qui
171 1033 334 1066 nondum
368 1033 567 1066 retulerunt
601 1034 779 1076 rationes,
828 1043 952 1069 contra
985 1049 1074 1082 quas

76 1081 318 1128 Ctesiphontis
337 1084 469 1117 factum
489 1091 540 1118 est
558 1086 760 1127 decretum,
786 1099 899 1132 pauca
918 1088 1047 1122 dicam.

177 1135 429 1179 Superioribus
464 1137 686 1181 temporibus
725 1139 953 1182 magistratus
996 1140 1073 1185 qui-

75 1187 180 1227 dam,
208 1199 287 1220 cum
303 1187 482 1231 publicam
500 1188 690 1231 pecuniam
714 1190 808 1222 mala
834 1191 902 1223 fide
927 1197 1073 1225 tractas-

74 1244 171 1278 sent,
199 1238 443 1281 adiungebant
466 1239 533 1271 sibi
551 1245 584 1272 et
600 1247 761 1273 senatum
780 1247 813 1274 et
829 1239 1010 1282 rhetores,
1039 1249 1073 1275 et

74 1301 117 1322 ex
141 1289 242 1333 plebe
270 1289 409 1334 aliquos
435 1290 585 1333 pecunia
618 1298 826 1336 corruptos,
869 1299 908 1325 ut
941 1291 1071 1327 horum

74 1352 184 1385 opera
201 1346 418 1373 ornarentur
433 1341 700 1376 laudationibus
715 1349 749 1376 et
764 1344 966 1387 praeconiis
989 1351 1071 1378 ante

72 1391 245 1425 iudicium
262 1403 383 1424 rerum
400 1398 590 1435 gestarum.
634 1392 756 1440 Itaque
774 1395 811 1427 in
828 1395 960 1428 iudicio
975 1408 1072 1429 scru-

72 1443 179 1488 pulus
204 1442 430 1476 iniiciebatur
454 1450 529 1476 tum
551 1446 815 1480 accusatoribus
841 1452 916 1480 tum
946 1446 1071 1480 iudici-

72 1495 151 1528 bus.
211 1493 319 1527 Multi
344 1493 439 1527 enim
464 1494 501 1527 in
523 1496 711 1530 manifesto
736 1498 832 1531 furto
859 1497 1071 1543 deprehensi

74 1552 110 1579 et
133 1545 287 1578 convicti
311 1545 465 1579 absoluti
491 1553 592 1587 sunt,
636 1547 719 1593 quia
742 1549 901 1594 pudebat
925 1550 1070 1590 iudices,

73 1609 174 1637 eum,
210 1596 272 1643 qui
289 1609 405 1641 nuper
424 1596 462 1630 in
489 1599 612 1631 eadem
636 1599 744 1640 urbe,
778 1601 938 1635 fortassis
963 1601 1069 1634 etiam

73 1648 199 1682 eodem
217 1660 313 1681 anno
325 1675 333 1689 ,
359 1648 500 1692 publice
517 1656 666 1694 propter
684 1651 855 1684 iustitiam
880 1660 1071 1688 coronatus

73 1705 168 1740 erat,
203 1700 311 1743 paulo
344 1705 424 1744 post
454 1700 491 1732 in
522 1700 596 1734 eius
626 1701 678 1734 rei
708 1702 840 1736 iudicio
870 1704 956 1737 furti
987 1717 1070 1737 con-

71 1752 255 1784 demnare.
308 1750 481 1795 Oportuit
501 1751 609 1795 igitur
634 1752 767 1787 iudices
790 1755 861 1788 suis
886 1756 1071 1789 sententiis

70 1814 146 1836 non
162 1814 329 1847 praesens
344 1802 511 1836 delictum
530 1803 675 1848 punire,
702 1805 763 1838 sed
778 1807 903 1850 populi
919 1808 1070 1841 dedecus

71 1860 202 1898 tegere.
269 1853 347 1887 Hoc
370 1866 451 1887 cum
474 1854 784 1890 animadvertisset
812 1858 960 1903 aliquis,
1002 1859 1071 1892 sert

71 1903 360 1940 honestissimam
392 1905 526 1949 legem,
569 1907 662 1940 clare
689 1905 940 1951 prohibentem
968 1922 1069 1943 coro-

71 1969 159 1991 nare
177 1969 248 1997 eos,
278 1957 339 2002 qui
356 1958 518 1991 nondum
537 1958 740 1992 retulissent
755 1961 923 1995 rationes.
951 1961 1067 1995 Porro

73 2009 139 2042 etsi
157 2009 194 2042 id
209 2009 257 2042 ita
277 2008 372 2042 cavit
387 2008 588 2053 legislator,
616 2016 735 2044 tamen
752 2012 970 2056 excogitatae
987 2019 1069 2046 sunt

72 2058 221 2093 technae
245 2061 289 2092 ad
313 2060 525 2094 eludendam
549 2061 683 2105 legem,
726 2075 814 2108 quas
846 2063 915 2097 nisi
939 2064 1068 2110 aliquis

72 2117 230 2156 exponat
247 2111 366 2152 vobis,
394 2112 592 2156 periculum
612 2120 681 2153 est,
708 2126 752 2147 ne
777 2115 878 2149 vobis
903 2115 1068 2160 impona-

70 2169 141 2197 tur.
193 2162 286 2197 Nam
304 2162 536 2198 modestiores
552 2164 697 2210 quidam
715 2165 753 2198 in
769 2164 822 2200 his
834 2193 842 2207 ‚
879 2167 940 2212 qui
966 2180 1067 2201 coro-

70 2227 136 2248 nas
163 2215 361 2248 decernunt
394 2221 475 2248 ante
506 2216 635 2250 relatas
667 2217 844 2259 rationes,
885 2218 913 2251 si
947 2225 1067 2252 tamen

71 2267 263 2313 quisquam
292 2273 344 2299 est
374 2268 554 2301 modestus
588 2269 841 2313 appellandus,
884 2270 945 2315 qui
974 2271 1067 2315 leges

70 2318 202 2359 violat,
230 2318 291 2352 sed
310 2324 431 2351 tamen
450 2318 560 2365 aliqui
577 2326 789 2364 praetexunt
806 2321 976 2367 quiddam
993 2328 1067 2355 tur-

70 2368 255 2415 pitudine;
286 2370 493 2403 adscribunt
510 2370 605 2404 enim
630 2372 792 2413 decreto,
828 2373 876 2406 ita
901 2386 936 2407 se
964 2386 1066 2407 coro-

70 2433 156 2454 nam
175 2421 384 2461 decernere,
410 2433 489 2455 cum
513 2422 570 2455 ille
594 2424 756 2458 retulerit
782 2425 951 2459 rationes.
1012 2424 1064 2459 Ita

70 2472 196 2506 civitas
227 2470 464 2507 nihilominus
493 2486 600 2519 quam
634 2482 715 2509 ante
746 2477 925 2509 conditam
951 2477 1064 2521 legem

67 2524 318 2563 defraudatum
358 2524 531 2558 iudicium
561 2526 655 2560 enim
687 2528 887 2572 praeconiis
915 2529 1066 2573 publicis

68 2575 316 2610 antevertitur.
367 2575 414 2609 Et
431 2576 460 2610 si
482 2578 625 2622 quando
649 2580 909 2614 condemnatur
933 2580 981 2621 is,
1010 2581 1065 2614 cui

68 2639 203 2661 corona
233 2628 374 2661 decreta
409 2634 480 2669 est,
525 2629 750 2665 convincitur
782 2638 887 2666 autor
921 2632 1065 2673 decreti,

68 2679 166 2725 quod
185 2685 307 2713 contra
329 2679 423 2724 leges
440 2680 639 2725 scripserit,
673 2688 706 2715 et
731 2690 879 2728 propter
906 2691 1062 2718 erratum

65 2731 212 2775 pudefit.

279 125 465 162 XXXVIII.
507 126 732 162 INTERPR.
761 127 1022 164 ORATIONIS
1049 128 1294 164 AESCHIMS
1320 130 1518 165 CONTRA
1547 131 1933 170 CTESIPHONTEM.

2051 140 2126 175 890

1234 214 1402 261 Ctesipho
1438 224 1555 252 autem
1584 220 1742 263 neglecta
1767 221 1842 266 lege
1865 224 1908 257 de
1931 225 2125 261 referendis

1129 266 1329 301 rationibus
1355 281 1524 303 coronam
1543 270 1778 305 Demostheni
1803 272 1917 308 adhuc
1939 277 2126 321 magistra-

1130 324 1205 351 tum
1222 319 1378 363 gerenti,
1406 328 1597 367 antequam
1616 324 1738 356 retulit
1754 325 1928 367 rationes,
1957 329 2126 370 decrevit,

1130 375 1164 402 et
1180 382 1223 403 ne
1242 370 1385 415 quidem
1405 373 1668 407 cavillationem
1697 375 1794 408 illam
1819 377 1905 420 legis
1930 379 2125 414 eludendae

1130 432 1234 454 causa
1252 423 1458 464 confictam,
1487 437 1594 470 quam
1620 425 1711 466 dixi,
1741 428 1938 472 adscripsit.
1990 431 2126 465 Verum

1130 472 1298 505 obiicient
1311 473 1590 509 Demosthenem
1607 490 1680 510 non
1700 479 1843 522 gessisse
1862 480 2125 524 magistratum,

1129 524 1189 556 sed
1206 525 1493 559 extraordinario
1513 540 1663 561 munere
1687 530 1848 564 functum
1873 543 1957 566 esse.
2011 532 2126 577 Magi-

1128 580 1259 607 stratus
1276 575 1370 608 enim
1391 588 1450 610 eos
1470 584 1610 611 tantum
1628 587 1777 622 vocant,
1806 582 1867 627 qui
1881 590 1976 616 sorte
2001 596 2020 616 a
2047 597 2126 618 cen-

1128 625 1267 658 soribus
1284 633 1449 660 creantur
1466 629 1502 661 in
1521 631 1607 662 aede
1627 629 1776 672 Thesei,
1804 640 1838 666 et
1863 634 1924 679 qui
1949 635 2126 680 suffragiis

1128 676 1254 720 populi
1270 676 1307 709 in
1324 679 1476 713 comitiis
1497 680 1695 724 eliguntur,
1730 695 1858 728 nempe
1877 685 2126 730 imperatores,

1128 733 1162 759 et
1177 727 1366 771 magistros
1384 731 1543 776 equitum
1555 758 1564 771 ,
1593 739 1626 765 et
1642 733 1729 767 alios
1744 735 1916 770 militares
1939 738 2125 781 magistra-

1128 784 1202 816 tus;
1230 779 1408 825 reliquos,
1436 782 1563 827 quibus
1580 786 1785 827 procuratio
1805 787 1923 833 aliqua
1948 795 2044 822 extra
2069 802 2125 822 or-

1129 831 1247 864 dinem
1266 833 1460 866 mandatur
1474 846 1537 878 per
1555 836 1738 869 decretum
1751 863 1760 877 ,
1788 845 1921 882 negant
1938 841 2124 884 magistra-

1128 888 1183 915 tus
1208 883 1329 915 vocari
1354 885 1494 918 debere.
1555 886 1623 918 Sed
1646 884 1729 920 huic
1755 889 1953 924 calumniae
1978 904 2123 936 oppono

1127 933 1260 977 legem,
1301 947 1391 979 quae
1416 937 1558 969 condita
1589 944 1640 971 est
1670 939 1715 971 ad
1746 941 1982 976 excludendas
2003 941 2125 978 huius-

1128 984 1227 1017 modi
1256 984 1412 1021 technas.
1479 987 1530 1020 Ea
1557 988 1612 1021 lex
1639 1002 1763 1024 omnes
1787 992 1915 1026 electos
1946 994 2124 1038 suffragiis

1127 1036 1251 1080 populi
1269 1037 1360 1070 clare
1381 1039 1536 1082 appellat
1556 1041 1795 1085 magistratus.
1848 1043 1987 1078 Deinde
2013 1046 2125 1086 addit,

1127 1087 1355 1131 magistratus
1386 1102 1459 1123 esse
1493 1103 1635 1132 omnes,
1687 1106 1777 1139 quos
1809 1096 1942 1128 creavit
1970 1098 2124 1141 populus

1127 1139 1323 1183 suffragiis,
1351 1141 1458 1174 etiam
1485 1154 1564 1182 eos,
1599 1144 1727 1189 quibus
1754 1146 1952 1180 aedificatio
1976 1150 2125 1181 manda-

1127 1196 1196 1224 tur.
1249 1190 1312 1224 Est
1329 1199 1447 1225 autem
1465 1192 1701 1228 Demostheni
1718 1198 1886 1231 mandata
1910 1198 2123 1233 instauratio

1126 1240 1274 1274 maximi
1298 1244 1437 1287 operis,
1472 1244 1637 1279 videlicet
1662 1260 1862 1283 murorum.
1921 1250 2124 1292 Postremo,

1126 1292 1354 1335 magistratus
1371 1307 1444 1329 esse
1464 1304 1581 1330 censet
1607 1310 1748 1339 omnes,
1783 1300 1844 1345 qui
1870 1302 2125 1336 administrant

1126 1344 1383 1387 rempublicam
1404 1347 1482 1391 plus
1501 1348 1623 1383 diebus
1648 1349 1814 1394 triginta,
1850 1358 1884 1385 et
1908 1353 1969 1398 qui
1992 1353 2123 1387 iudicia

1126 1401 1300 1429 exercent.
1351 1397 1467 1431 Porro
1487 1397 1593 1440 ethi,
1629 1401 1691 1446 qui
1714 1410 1885 1446 praesunt
1907 1405 2123 1439 aedificatio-

1124 1444 1248 1486 nibus,
1289 1455 1452 1482 exercent
1485 1452 1662 1495 quaedam
1687 1452 1836 1487 iudicia:
1879 1453 1944 1490 hos
1969 1457 2025 1489 lex
2049 1469 2124 1490 non

1125 1496 1210 1529 dicit
1233 1501 1525 1542 procurationem
1549 1503 1706 1548 aliquam
1736 1505 1929 1547 sustinere,
1963 1508 2024 1541 sed
2048 1521 2124 1541 ma-

1125 1547 1294 1591 gistratus
1332 1563 1473 1595 gerere,
1518 1561 1710 1600 postquam
1738 1568 1757 1588 a
1784 1557 1960 1593 iudicibus
1993 1571 2124 1604 appro-

1123 1599 1199 1632 bati
1216 1607 1309 1635 sunt.
1363 1603 1455 1637 Nam
1475 1610 1508 1637 et
1524 1606 1770 1649 magistratus,
1806 1609 1867 1654 qui
1887 1617 1982 1643 sorte
2000 1623 2124 1644 crean-

1124 1657 1201 1691 tur,
1227 1663 1301 1684 non
1321 1653 1447 1687 ineunt
1464 1656 1712 1700 magistratus,
1747 1660 1956 1707 priusquam
1985 1674 2003 1695 a
2031 1663 2123 1696 iudi-

1125 1702 1221 1735 cibus
1239 1704 1414 1748 explorati
1430 1706 1520 1747 sint,
1556 1721 1686 1755 eosque
1707 1710 1801 1755 cogit
1816 1712 1871 1745 lex
1888 1713 2046 1748 rationes
2064 1715 2123 1748 de-

1123 1766 1256 1798 ponere
1276 1757 1371 1799 apud
1386 1758 1537 1791 scribam
1556 1765 1589 1792 et
1606 1761 1786 1794 rationum
1805 1765 1978 1798 custodes.
2015 1765 2123 1810 Quod

1124 1811 1242 1837 autem
1276 1819 1359 1840 vera
1393 1809 1531 1850 dicam,
1580 1811 1673 1855 leges
1705 1812 1803 1857 ipsae
1823 1814 1854 1861 ⁵)
1886 1817 2122 1853 testabuntur.

1123 1855 1246 1889 Recita
1263 1858 1368 1902 leges.

1225 1908 1380 1953 Quando
1411 1912 1519 1957 igitur
1551 1912 1609 1946 isti
1638 1916 1930 1958 procurationem
1962 1919 2120 1965 aliquam

1122 1959 1381 1995 nominandam
1399 1977 1471 1998 esse
1495 1966 1729 2006 contendent,
1758 1967 1794 2000 id
1815 1970 1911 2013 quod
1933 1970 1989 2003 lex
2010 1971 2121 2015 magi-

1122 2016 1270 2045 stratum
1307 2022 1430 2055 vocat,
1472 2023 1629 2049 vestrum
1663 2018 1730 2050 erit
1751 2018 1863 2063 legem
1889 2033 2058 2056 revocare
2082 2023 2120 2056 in

1122 2064 1353 2105 memoriam,
1382 2079 1532 2113 eamque
1555 2080 1737 2112 opponere
1762 2070 1905 2105 illorum
1931 2072 2120 2118 impuden-

1121 2113 1211 2153 tiae,
1248 2128 1379 2162 eosque
1407 2119 1621 2160 admonere,
1665 2133 1728 2154 vos
1761 2133 1835 2155 non
1868 2125 2032 2157 assentiri
2064 2138 2120 2159 ca-

1120 2164 1343 2209 lumniatori,
1371 2170 1433 2215 qui
1451 2177 1599 2204 conetur
1613 2172 1706 2216 leges
1723 2173 1840 2208 verbis
1856 2182 2030 2215 evertere;
2058 2178 2120 2210 sed

1121 2229 1192 2261 quo
1212 2218 1374 2254 callidius
1392 2222 1520 2255 dixerit
1547 2222 1723 2268 quispiam
1753 2232 1875 2259 contra
1903 2227 2015 2271 leges,
2050 2226 2120 2261 hoe

1120 2268 1257 2302 maiore
1276 2283 1392 2315 poena
1412 2273 1559 2318 dignum
1578 2287 1662 2308 esse.
1723 2275 1879 2320 Oportet
1901 2279 1995 2311 enim
2022 2279 2118 2313 idem

1120 2319 1220 2365 loqui
1239 2329 1418 2357 oratorem
1438 2331 1473 2358 et
1487 2325 1599 2369 leges;
1629 2328 1773 2371 quando
1792 2334 1911 2361 autem
1929 2329 2036 2362 aliam
2054 2343 2118 2364 vo-

1120 2383 1193 2403 cem
1213 2372 1268 2406 lex
1285 2375 1375 2415 edit,
1404 2376 1510 2409 aliam
1530 2383 1671 2418 orator,
1700 2380 1894 2412 secundum
1917 2380 2011 2425 leges
2033 2394 2117 2426 pro·

1118 2424 1358 2460 nuntiandum
1386 2434 1454 2468 est,
1497 2440 1572 2461 non
1599 2430 1793 2463 secundum
1824 2432 1977 2466 oratoris
2000 2433 2118 2478 impu-

1119 2474 1288 2511 dentiam.

1221 2529 1289 2562 Sed
1324 2530 1540 2564 confutanda
1578 2537 1628 2565 est
1662 2538 1696 2565 et
1730 2532 1797 2565 alia
1832 2535 2009 2579 quaedam
2046 2535 2117 2569 De-

1117 2578 1314 2614 mosthenis
1331 2582 1527 2623 excusatio,
1554 2595 1662 2628 quam
1679 2582 1753 2628 ipse
1775 2585 2016 2620 firmissimam
2041 2599 2114 2621 esse

1118 2638 1246 2666 censet,
1309 2631 1412 2666 Dicet
1431 2633 1546 2675 enim,
1574 2646 1610 2668 se
1624 2635 1748 2677 fateri,
1777 2638 1873 2682 quod
1890 2638 1996 2671 fuerit
2011 2650 2116 2682 prae-

1152 2751 1183 2780 5)
1207 2751 1298 2781 ipsae]
1316 2752 1365 2776 Ed.
1385 2752 1461 2779 1562.
1482 2758 1578 2778 errore
1597 2755 1727 2786 typogr.:
1755 2755 1824 2786 ipse.
