2294 2975
120 123 193 158 245
694 112 814 148 PHIL.
848 109 959 145 MEL.

122 206 293 251 potabant
325 210 357 236 et
391 202 608 235 damnabant
640 199 823 232 consilium
850 195 1029 229 Ciceronis
1063 196 1104 228 de

124 256 280 289 iacienda
306 266 408 298 pace,
453 253 554 291 item,
596 252 689 296 quod
720 247 930 281 discessisset
957 258 975 278 a
1000 246 1104 280 bello.

124 306 276 350 Exponit
298 305 414 349 itaque
427 303 541 336 Mario
559 313 678 334 causas
695 297 798 331 liuius
815 298 866 330 sui
885 296 1041 335 consilii,
1068 303 1107 330 nt

124 358 192 390 sint
219 362 310 388 certa
337 360 541 397 argumenta
569 362 651 385 suae
673 348 898 382 defensionis.
958 346 1108 380 Orditnr

127 414 243 440 autem
263 418 279 438 a
299 405 521 439 narratione„
550 413 638 446 quae
658 406 707 433 est
724 399 916 432 admodum
942 398 1051 431 dulcis
1076 404 1109 430 et

128 470 235 502 pura,
277 456 310 487 in
341 467 408 500 qua
436 454 538 486 altius
562 450 689 495 repetit
711 462 775 494 per
801 448 1109 481 commemoratio-

129 521 230 543 nem,
273 518 342 550 qno
376 503 520 536 consilio
551 503 593 534 ad
619 501 749 534 bellum
777 501 954 544 profectus
980 499 1044 539 sit,
1078 505 1111 531 et

131 571 234 603 quam
254 556 394 597 indigna
414 552 540 585 viderit
557 552 592 585 in
612 552 732 585 castris
748 551 929 595 Pompeii,
965 556 998 583 et
1016 550 1111 595 qnod

131 615 234 640 autor
256 606 359 638 suerit
382 604 561 636 faciendae
581 603 688 647 pacis,
741 602 830 635 Huic
856 612 1112 634 commemora-

131 657 218 690 tioni
251 655 347 687 addit
383 654 552 687 illustrem
586 653 909 692 enumerationem,
953 663 1061 697 quare.
1093 663 1110 683 a

131 708 222 740 bello
258 705 477 743 discesserit,
531 711 563 737 et
600 703 765 736 maluerit
798 703 951 736 Romam
986 702 1113 741 redire,

133 769 238 803 quam
259 756 340 788 alibi
360 768 430 788 esse
456 755 490 787 in
515 754 637 792 exilio;
681 754 761 786 item
777 781 785 794 ‚
821 765 887 798 qua
913 765 950 786 re
975 764 1010 786 se
1033 764 1114 785 con-

132 809 263 841 soletur
281 807 316 839 in
331 806 436 838 tantis
453 805 554 838 malis
569 812 602 838 et
619 805 781 838 miseriis.
830 803 1016 836 Conclusio
1035 815 1115 835 cau-

132 871 187 891 sas
210 857 384 890 scribendi
410 856 585 895 continet,
628 855 754 900 quibus
784 855 926 887 additur
952 853 1115 897 repetitio

132 908 354 952 superiorum
382 908 424 939 de
447 919 510 939 suo
535 907 700 944 consilio,
742 912 775 938 et
796 906 837 937 de
859 905 974 937 reditu
998 905 1033 936 in
1054 916 1116 948 pa-

133 959 250 991 triam.
303 957 341 990 In
358 958 425 990 sine
442 957 595 989 breviter
614 962 730 988 monet
744 983 752 995 ‚
779 962 818 988 ut
835 967 940 1000 quam
960 955 1115 998 primum

135 1010 322 1047 rescribat,
352 1014 384 1040 et
403 1014 439 1040 ut
455 1014 568 1040 certus
585 1007 626 1040 sit
644 1008 685 1039 de
703 1007 857 1038 adventu
875 1004 1067 1038 Ciceronis.

375 1082 510 1115 Aliud
539 1087 864 1125 argumentum.

233 1148 392 1192 Longior
415 1154 464 1181 cst
488 1146 667 1187 narratio,
710 1146 745 1179 in
769 1158 836 1192 qua
863 1151 1119 1179 commemorat

135 1200 257 1233 ordine
275 1199 394 1231 omnia
412 1210 473 1231 sua
492 1197 656 1237 consilia,
685 1198 811 1242 quibus
831 1209 913 1229 usus
932 1202 982 1229 est
1000 1196 1036 1228 in
1052 1195 1119 1227 ini-

132 1251 181 1283 tio
199 1250 279 1283 belli
297 1250 425 1288 civilis,
454 1255 487 1281 et
511 1248 610 1281 sinito
631 1248 734 1281 bello.
785 1247 921 1280 Deinde
940 1247 1119 1279 adduntur

131 1302 307 1339 rationes,
349 1300 475 1345 quibus
504 1300 674 1332 adductus
704 1305 784 1342 post
809 1298 983 1330 devictum
1012 1297 1119 1329 Pom-

132 1352 272 1396 peium,
310 1350 406 1383 cuius
431 1349 601 1395 partes‘2‘2)
627 1356 763 1382 secutus
786 1349 922 1387 suerat,
954 1346 1119 1380 maluerit

135 1402 281 1434 omnino
305 1402 465 1434 deserere
491 1406 653 1444 coeptum
676 1400 826 1438 bellum,
864 1398 1024 1441 eligendo
1049 1397 1118 1430 exi-

133 1454 239 1492 lium,
266 1464 371 1497 quam
390 1463 469 1483 cnm
488 1450 564 1483 aliis
581 1463 658 1483 cum
676 1451 869 1482 multorum
890 1448 1117 1480 incommodo

132 1503 306 1548 persequi.
360 1501 571 1533 Rationibus
587 1500 750 1533 adiuncta
769 1505 819 1532 est
844 1498 959 1531 brevis
983 1498 1117 1542 exposi-

133 1555 182 1586 tio
207 1565 289 1586 suae
314 1550 586 1590 consolationis,
620 1562 688 1595 qua
715 1549 861 1583 subinde,
887 1555 1018 1582 utatur.
1077 1546 1117 1581 In

135 1603 359 1637 conclusione
375 1607 558 1635 enumerat
574 1602 659 1634 duas
678 1612 797 1633 causas
816 1599 1023 1643 praecipuas
1041 1599 1117 1631 lon-

132 1654 265 1697 gissimi
297 1651 402 1685 buius
432 1652 552 1696 scripti
583 1652 624 1683 de
655 1651 725 1684 suis
755 1650 934 1689 consiliis,
987 1649 1117 1682 scilicet

134 1706 229 1750 quod
248 1703 394 1737 omnino
412 1709 509 1735 tanto
527 1702 640 1735 amico
659 1701 803 1734 consilia
821 1701 1026 1744 exponenda
1044 1701 1117 1733 fue-

131 1756 223 1794 rint,
253 1761 285 1787 et
303 1761 341 1787 ut
358 1754 439 1785 inde
457 1751 602 1785 baberet
621 1752 775 1792 Marius,
810 1752 906 1796 quod
925 1752 1117 1795 responde-

132 1813 186 1838 ret
202 1804 384 1838 malevolis
402 1816 441 1836 ac
460 1803 773 1836 calumniatoribus
790 1802 965 1835 omnibus.

349 1880 484 1913 Aliud
513 1877 899 1925 argumentumffl).

232 1948 352 1991 Longa
372 1947 530 1980 narratio
550 1947 777 1980 consiliorum
794 1957 939 1978 suorum
952 1970 961 1984 ,
989 1943 1117 1989 quibus

130 2000 167 2032 in
181 2000 273 2032 bello
292 1999 385 2032 civili
403 2011 484 2031 usus
500 2004 570 2038 est,
597 2003 630 2029 et
646 2009 707 2029 cur
723 1996 889 2029 maluerit
905 2000 985 2039 post
1006 1994 1116 2026 victo-

130 2050 219 2083 riam
241 2056 415 2094 superstes
440 2060 523 2082 esse.
588 2048 679 2081 Nam
709 2046 810 2079 multi
835 2045 900 2079 sibi
925 2045 1008 2089 ipsis
1033 2057 1116 2077 con-

131 2101 307 2134 sciverunt
333 2106 504 2138 mortem,
539 2104 578 2131 ut
596 2098 703 2137 Cato,
739 2103 772 2130 et
796 2095 1002 2129 invidebant
1020 2095 1115 2128 Cice-

130 2152 229 2191 roni,
256 2152 350 2197 quod
370 2150 442 2194 ipse
459 2161 533 2182 non
551 2149 691 2181 faceret.

371 2224 509 2257 Aliud
537 2227 859 2266 argumentum.

227 2293 318 2325 Tota
343 2292 489 2336 epistola
514 2297 564 2324 est
589 2289 827 2328 excusatoria,
863 2299 931 2333 qua
958 2289 1114 2332 exponit,

129 2353 236 2387 quare
254 2344 437 2376 decesserit
455 2355 495 2375 ex
511 2342 603 2375 bello
620 2339 732 2379 civili,
767 2344 801 2371 et
825 2350 933 2383 quare
959 2340 1111 2372 voluerit

127 2405 304 2436 superesse
328 2394 419 2426 bello
445 2393 551 2425 civili.
618 2391 681 2425 Est
704 2395 822 2423 autem
848 2389 997 2432 scripta,
1033 2402 1111 2423 cum

126 2443 195 2475 iam
214 2443 397 2476 interiisset
410 2443 620 2487 Pompeius,
649 2448 682 2475 et
699 2447 816 2474 tamen
838 2437 951 2472 adhuc
972 2441 1111 2474 arderet

124 2493 252 2525 bellum
274 2493 383 2526 civile.

158 2609 206 2635 22)
226 2609 330 2638 partes]
352 2608 398 2631 Ed.
421 2608 494 2631 1556.
516 2607 628 2637 partes-³.

154 2652 202 2678 23)
225 2652 280 2673 unc
306 2652 493 2675 argumentum
525 2652 552 2673 et
593 2650 643 2671 duo
669 2648 809 2678 sequentia
833 2648 866 2671 ab
891 2647 974 2671 Ed'tt.
996 2647 1107 2671 1565—

191 2684 263 2708 1596.
283 2685 452 2713 praelientur.

1000 108 1200 145 SCRIPTA
1233 110 1567 148 PHILOLOGICA.

2068 111 2143 148 244

1405 197 1540 231 Aliud
1574 203 1900 242 argumentum.

1261 263 1356 297 Haec
1388 264 1535 309 epistola
1565 264 1692 309 scripta
1717 271 1766 298 est
1789 271 1869 308 post
1896 275 2013 297 casum
2039 263 2147 296 Pom-

1162 314 1230 359 peii
1247 316 1391 348 ardente
1409 314 1524 349 adbuc
1540 316 1632 348 bello
1651 316 1743 348 civili
1759 342 1768 355 ,
1797 321 1830 348 et
1849 321 1899 348 est
1914 321 1988 348 tota
2007 321 2146 348 tantum

1162 365 1321 398 narratio
1346 367 1541 411 quaedam,
1578 379 1646 412 qua
1671 372 1811 400 accusat
1834 372 1866 398 et
1892 377 2013 399 causas
2034 365 2147 405 affert,

1165 427 1273 460 quare
1291 416 1486 450 discesserit
1502 429 1521 449 a
1535 417 1648 457 bello,
1676 423 1709 450 et
1731 423 1905 460 superstes
1931 428 2003 450 esse
2027 416 2146 449 volue-

1164 467 1220 500 rit.
1288 466 1402 501 Altius
1431 474 1547 501 autem
1582 468 1720 501 orditur
1752 481 1769 500 a
1806 466 2146 500 commemoratione

1165 516 1392 550 consiliorum
1416 530 1560 551 suornm
1585 525 1665 552 ante
1680 518 1809 551 bellum
1824 545 1832 557 ,
1860 524 1894 550 et
1912 530 1982 563 quo
2001 516 2147 551 consilio

1165 569 1340 612 profectus
1363 568 1408 602 sit
1431 570 1472 602 ad
1498 569 1641 603 bellum.
1707 568 1769 602 Est
1795 575 1910 601 antem
1933 569 1968 600 in
1993 574 2147 601 extrema

1167 625 1264 663 parte.
1282 619 1418 662 egregia
1438 621 1678 666 enumerati-o,
1713 619 1749 651 in
1775 632 1843 664 qua
1869 619 2005 652 collatis
2034 618 2148 651 omni-

1166 671 1230 703 bus
1248 670 1412 714 periculis
1428 670 1580 703 ostendit
1593 682 1628 704 se
1646 670 1679 702 id
1697 670 1857 714 elegisse,
1885 670 1979 715 quod
2005 667 2151 702 haberet

1169 720 1282 753 minus
1301 719 1448 764 periculi
1469 727 1502 753 et
1518 720 1747 754 incommodi.
1800 719 1884 753 Inde
1901 719 2060 766 sequitur
2080 718 2151 763 epi-

1170 772 1278 814 logiis.

1292 871 1610 915 Argumentum
1644 870 1865 915 epistolae
1895 869 2017 917 IV.²'¹).

1271 946 1438 980 Narratio
1455 946 1572 979 brevis
1592 952 1653 985 est,
1680 945 1716 977 in
1735 957 1803 990 qna
1820 946 1987 979 admonet
1996 944 2152 978 Marium

1172 997 1212 1029 de
1237 1009 1300 1029 sno
1323 998 1496 1036 adventu,
1531 1003 1565 1030 et
1585 996 1807 1029 familiariter
1830 996 1966 1030 iocatur
1992 1008 2070 1030 cum
2098 1007 2153 1035 eo,

1172 1059 1249 1079 cum
1266 1048 1310 1080 sit
1325 1048 1555 1091 podagricus,
1582 1053 1620 1080 ut
1636 1059 1698 1091 per
1716 1047 1750 1079 id
1769 1053 1927 1091 tempus,
1953 1060 2023 1093 quo
2040 1046 2153 1079 aderit

1172 1097 1244 1141 ipse
1255 1124 1264 1137 ,
1290 1096 1380 1130 nibil
1395 1098 1528 1141 negotii
1543 1095 1672 1130 babeat
1686 1109 1763 1130 cum
1780 1099 1951 1141 podagra.

1415 1181 1547 1214 Aliud
1576 1187 1901 1225 argumentum.

1272 1247 1396 1281 Brevis
1419 1254 1469 1281 est
1492 1247 1755 1281 narratiuncula
1783 1249 1825 1281 de
1858 1259 1919 1281 sua
1950 1246 2154 1291 peregrina-

1172 1297 1268 1330 tione
1293 1311 1332 1331 ex
1354 1299 1460 1338 urbe,
1497 1304 1530 1331 et
1554 1298 1614 1331 ubi
1641 1298 1678 1330 in
1699 1299 1798 1331 brevi
1827 1310 1898 1332 esse
1922 1297 2154 1336 constituerit,

1172 1349 1289 1381 addita
1307 1349 1562 1392 significatione
1578 1348 1631 1382 sui
1648 1349 1812 1382 desiderii
1829 1350 1871 1382 de
1887 1348 2016 1382 Mario.
2054 1348 2154 1380 Hane

1171 1399 1328 1443 sequitur
1344 1400 1485 1433 festivus
1504 1400 1600 1433 iocus
1618 1401 1659 1432 de
1676 1401 1845 1443 podagra.
1896 1398 1936 1431 In
1952 1399 2020 1431 fine
2038 1398 2154 1431 brevis

1172 1455 1221 1482 est
1237 1448 1440 1483 adhortatio
1458 1451 1502 1482 ad
1520 1451 1713 1483 curandam
1732 1449 1983 1490 valetudinem,
2001 1456 2034 1482 et
2049 1448 2154 1493 signi-

1172 1500 1286 1532 ficatio
1303 1500 1356 1533 sui
1375 1501 1558 1533 adventus.

1417 1583 1553 1617 Aliud
1576 1589 1900 1627 argumentum.

1270 1649 1394 1682 Brevis
1425 1656 1475 1682 est
1510 1649 1776 1682 narratiuncula
1812 1651 1854 1682 de
1889 1661 1952 1682 suo
1988 1648 2155 1687 adventu,

1171 1706 1290 1745 estque
1312 1701 1451 1733 additus
1467 1699 1562 1733 iocus
1581 1701 1621 1732 de
1641 1700 1810 1744 podagra.

1220 1800 1542 1844 Argumentum
1574 1806 1615 1833 et
1642 1798 1815 1834 scholia
1852 1800 1896 1832 in
1932 1800 2101 1844 episto-

1583 1852 1666 1883 lam
1695 1851 1738 1885 V.

1270 1923 1331 1956 Illa
1365 1930 1415 1958 cst
1445 1925 1547 1968 plena
1577 1922 1825 1964 humanitatis,
1874 1931 1994 1970 estque
2022 1924 2150 1968 scripta

1170 1981 1250 2007 ante
1272 1975 1402 2008 bellum
1429 1975 1541 2008 civile.
1609 1975 1879 2008 Commendatio
1902 1982 1952 2009 est
1976 1975 2149 2014 Trebatii,

1169 2024 1275 2059 babet
1296 2027 1401 2059 breve
1428 2025 1632 2065 exordium,
1671 2025 1752 2058 inde
1785 2026 1944 2072 seqnitur
1976 2025 2149 2064 narratio,

1169 2077 1223 2110 cui
1256 2077 1396 2110 additae
1428 2083 1510 2110 sunt
1540 2076 1695 2110 rationes
1724 2083 1884 2121 sumptae
1916 2090 1957 2111 ex
1985 2076 2149 2110 laudibus

1168 2128 1327 2161 Trebatii
1339 2128 1397 2174 2·”’).

1271 2177 1300 2222 ἓ.
1321 2179 1353 2212 1.
1399 2180 1496 2218 Vide,
1538 2190 1635 2223 quam
1661 2176 1763 2225 milei]
1798 2177 1994 2211 Exordium
2023 2178 2067 2210 ab
2098 2177 2148 2209 as-

1167 2230 1323 2275 sectum).
1422 2231 1457 2263 G.
1484 2226 1696 2275 Trebatium]
1731 2228 1919 2270 Narratio,
1955 2240 2023 2275 qua
2049 2239 2148 2262 occa-

1166 2281 1263 2314 sione
1281 2279 1488 2313 Trebatium
1505 2278 1571 2323 ipsi
1591 2280 1824 2314 commendet.

1198 2406 1247 2433 24]
1268 2406 1324 2428 Hoc
1343 2402 1530 2433 argumentum
1552 2403 1578 2425 et
1597 2402 1648 2425 duo
1667 2403 1809 2432 sequeussa
1829 2403 1854 2427 in
1873 2403 1955 2429 Editt.
1973 2404 2057 2434 1556„
2078 2403 2144 2427 ¹565

1231 2439 1349 2462 -1596,
1368 2437 1549 2466 reperiuntur.
1568 2448 1602 2453 —
1628 2437 1710 2461 Editt.
1732 2438 1930 2469 1537—1554„
1952 2438 2036 2466 1557„
2057 2438 2143 2466 1560„

1233 2474 1306 2497 1001.
1332 2478 1418 2501 neque
1445 2470 1549 2494 scholia
1568 2476 1654 2500 neque
1673 2473 1861 2501 argumentum
1879 2472 2061 2496 Metantnonis
2080 2471 2140 2495 eins

1228 2508 1255 2532 in
1275 2508 1341 2530 hauc
1360 2505 1502 2535 epistotam
1523 2504 1578 2527 nlla
1597 2504 1732 2529 exhibent.

1191 2559 1239 2616 25¹)
1260 2559 1322 2614 lHoct
1333 2556 1520 2586 argumentum
1534 2554 1615 2580 Editz.
1633 2555 1835 2586 1537—1554.‚
1856 2555 1939 2587 1557„
1960 2555 2045 2587 1560.,
2066 2556 2139 2581 1601.

1234 2598 1258 2616 ia
1269 2599 1309 2615 ›eu
1326 2609 1331 2615 .

1188 2644 1236 2671 26)
1255 2642 1365 2671 affectu]
1385 2640 1423 2664 sic
1436 2639 1614 2671 Editt.1537.‚
1636 2641 1720 2672 1540„
1741 2641 1827 2671 1544„
1848 2640 1939 2671 1557.;
1957 2641 2040 2666 Editt.
2054 2641 2138 2671 1545„

1223 2678 1315 2708 1554.,
1336 2676 1408 2699 1560.
1428 2675 1537 2698 effectu.
