2351 2990
159 108 255 144 1059

162 196 296 240 templo
322 191 516 237 aequaliter
545 189 719 234 supplices
742 200 884 228 sumus,
926 187 1152 232 opitulemini

162 248 264 280 nobis
294 247 329 278 iu
357 244 558 278 societatem
593 240 762 285 receptis,
795 251 858 272 nec
892 238 1054 283 proiicite
1085 251 1150 273 nos

161 298 309 343 proprio
329 296 486 342 periculo
505 305 708 338 corporum,
725 297 759 324 et
775 303 1000 324 communem
1018 290 1151 324 utilita-

161 357 232 383 tem
255 349 460 387 adiuturos,
487 347 514 379 si
540 345 726 377 vicerimus
751 342 953 381 vobiscum,
989 348 1024 375 et
1049 343 1151 375 datu-

160 413 220 435 ros
244 411 432 434 commune
461 399 651 435 damnum,
690 394 719 428 si
748 406 822 426 non
849 393 1026 438 persuasis
1050 393 1151 427 vobis

162 452 423 486 frustrabimur.
460 448 542 481 Sitis
559 447 646 487 viri,
666 447 787 491 quales
802 458 864 479 vos
881 445 1008 479 Graeci
1025 445 1151 489 dignos

163 506 315 542 ducunt,
343 508 375 535 et
392 500 512 546 quales
529 505 651 532 nostra
667 497 855 531 necessitas
873 497 948 530 vult
963 508 1049 530 esse.

416 585 578 619 Oratio
616 583 876 630 Cleonis⁸³).

264 655 375 699 Saepe
394 660 427 687 et
453 654 539 687 alias
563 652 819 692 animadverti,
847 651 1056 695 popularem
1082 656 1151 683 sta-

162 713 236 739 tum
267 718 339 738 non
367 717 438 739 esse
469 705 592 738 utilem
617 703 781 748 imperio.
846 702 1041 746 Praecipue
1065 713 1150 734 vero

162 770 257 791 nunc
281 756 348 790 hoc
373 756 596 790 consideravi
631 756 667 788 in
698 753 764 788 hac
797 761 913 787 vestra
944 755 986 787 de
1010 753 1151 798 Mityle-

162 809 261 842 naeis
279 808 512 853 poenitentia.
566 807 659 852 Quia
678 807 772 840 euim
790 807 883 839 inter
900 818 963 839 vos
980 805 1083 851 agitis
1100 818 1151 839 se-

160 873 242 894 cure
261 867 294 893 et
311 860 385 894 sine
402 860 536 893 insidiis
548 886 557 899 ,
583 859 714 893 similes
736 871 808 892 esse
826 859 1025 892 voluntates
1039 858 1153 893 socio-

159 925 239 946 rum
262 911 487 951 existimatis,
521 917 554 944 et
578 912 662 944 dum
687 911 742 943 vel
758 911 915 955 persuasi
939 911 995 943 vel
1016 909 1153 944 miseri-

163 963 284 997 cordia
310 964 400 995 moti
425 962 539 996 lenius
559 974 617 995 eos
633 962 787 1006 punitis,
813 975 888 995 non
905 962 1042 996 sentitis
1058 961 1152 1006 peri-

162 1015 279 1048 culum
298 1014 399 1048 vobis
417 1013 558 1058 augeri,
585 1025 648 1046 nec
664 1014 831 1058 prodesse
854 1020 1008 1047 vestram
1031 1013 1152 1046 molli-

163 1066 247 1099 tiem
271 1066 314 1098 ad
332 1066 523 1099 flectendos
549 1064 663 1098 socios
682 1066 727 1097 ad
751 1065 1060 1105 benevolentiam,
1087 1076 1152 1097 nec

162 1117 393 1151 consideratis
418 1116 629 1161 imperium,
671 1118 768 1162 quod
802 1115 957 1156 habetis,
991 1115 1153 1161 tyranni-

161 1169 242 1201 dem
270 1181 362 1208 esse,
397 1175 431 1201 et
451 1168 611 1202 subditos
644 1180 771 1213 parere
802 1168 953 1208 invitos,
992 1174 1026 1201 et
1051 1167 1152 1201 vobis

161 1219 344 1259 insidiari,
378 1232 443 1252 nec
469 1220 620 1253 audiunt
646 1232 709 1254 vos
737 1213 837 1260 ideo,
881 1220 963 1266 quia
988 1219 1073 1252 laesi
1103 1219 1152 1253 eis

161 1272 302 1304 veniam
320 1271 431 1311 datis,
455 1271 515 1305 sed
534 1271 616 1316 quia
636 1271 671 1303 vi
690 1269 933 1306 cobercentur.
969 1271 1151 1304 Pernicio—

162 1322 338 1356 sissimum
362 1329 481 1356 autem
507 1329 576 1362 est,
602 1322 632 1356 si
655 1323 794 1356 decreta
810 1335 884 1355 non
900 1328 983 1356 sunt
998 1322 1151 1362 stabilia,

162 1386 226 1407 nec
252 1374 413 1418 cogitatis
437 1374 622 1407 meliorem
648 1386 720 1408 esse
745 1380 875 1407 statum
897 1374 971 1407 eius
987 1373 1151 1412 civitatis,

162 1438 253 1471 quae
271 1437 490 1471 quamquam
513 1425 748 1459 deterioribus
764 1425 911 1469 legibus,
932 1431 1052 1457 tamen
1069 1436 1151 1457 con-

161 1483 296 1511 stanter
312 1476 436 1516 utitur,
464 1489 571 1522 quam
592 1489 682 1522 quae
698 1477 811 1510 bonas
828 1477 920 1520 leges
937 1474 1055 1515 habet,
1074 1475 1151 1520 qui—

161 1528 227 1561 bus
251 1535 370 1561 tamen
394 1540 469 1561 non
494 1534 697 1561 constanter
720 1527 851 1568 utitur,
883 1534 1004 1573 estque
1028 1527 1152 1560 utilior

162 1579 301 1613 inscitia
326 1592 406 1612 cum
432 1579 603 1613 modestia
621 1591 728 1624 quam
747 1579 920 1612 calliditas
938 1591 1015 1611 cum
1036 1578 1152 1622 impu-

161 1631 285 1664 nitate.
349 1630 397 1663 At
419 1631 629 1676 plerumque
652 1631 814 1664 rudiores
837 1628 1000 1663 homines
1025 1629 1152 1663 melius

161 1688 290 1725 regunt
316 1694 396 1715 suas
419 1682 633 1726 respublicas
659 1694 767 1727 quam
794 1681 912 1715 astuti.
981 1681 1026 1714 Hi
1055 1681 1150 1714 enim

161 1733 288 1766 volunt
303 1733 417 1766 videri
435 1733 668 1777 sapientiores
688 1734 844 1777 legibus,
872 1739 907 1766 et
931 1732 1072 1766 vincere
1098 1744 1152 1773 ea,

163 1796 254 1830 quae
272 1785 315 1816 ab
334 1784 411 1817 aliis
433 1784 620 1825 dicuntur,
648 1784 732 1830 quia
748 1784 888 1829 ingenia
908 1785 945 1817 in
967 1784 1097 1817 maiori
1113 1796 1151 1817 re

163 1841 340 1869 ostentare
357 1848 430 1868 non
448 1842 613 1880 possunt:
642 1836 722 1869 ideo
739 1836 775 1868 in
794 1836 913 1869 multis
929 1836 1081 1880 negotiis
1105 1836 1151 1868 ci-

161 1887 287 1920 vitates
304 1893 477 1921 evertunt.
531 1887 708 1921 Rudiores
729 1900 813 1920 vero
834 1887 1032 1921 diffidentes
1055 1887 1152 1931 inge-

161 1938 229 1972 niis
241 1965 249 1979 ‚
277 1950 351 1971 non
368 1939 494 1972 volunt
512 1951 584 1972 esse
601 1939 800 1972 callidiores
816 1939 971 1983 legibus,
997 1951 1062 1972 nec
1080 1951 1152 1971 cer-

162 1996 237 2023 tare
263 1990 414 2023 dicendo
440 2003 519 2024 cum
547 1990 644 2029 aliis,
673 1990 803 2023 conscii
819 1990 885 2024 sibi
901 2002 985 2024 suae
1003 1990 1151 2023 infirmi-

161 2041 260 2074 tatis:
296 2041 377 2074 ideo
412 2042 552 2086 saepius
586 2048 737 2086 prosunt
764 2042 978 2076 civitatibus.
1034 2042 1090 2076 Sic
1118 2047 1151 2074 et

160 2105 226 2126 nos
257 2093 450 2132 faciamus,
484 2106 558 2126 non
593 2093 720 2126 fiducia
755 2093 981 2138 eloquentiae
1003 2094 1151 2127 suadea-

161 2156 241 2177 mus
257 2144 351 2177 aliud
364 2171 374 2184 ,
402 2157 508 2190 quam
526 2145 707 2178 sentimus.
761 2144 836 2189 Ego
853 2145 1010 2189 priorem
1034 2156 1149 2177 meam

161 2195 373 2229 sententiam
390 2208 463 2228 non
480 2202 599 2236 muto,
628 2208 758 2241 eosque
776 2196 909 2237 miror,
936 2196 998 2242 qui
1021 2196 1149 2230 iterum

161 2246 360 2279 retulerunt
375 2247 417 2279 de
435 2247 679 2293 Mitylenaeis,
707 2259 746 2279 ac
762 2260 862 2280 mora
880 2248 1063 2281 interiecta
1087 2260 1151 2280 no-

161 2309 243 2330 vam
261 2297 552 2332 deliberationem
573 2298 774 2339 instituunt,
798 2311 888 2344 quae
908 2301 1054 2344 prodest
1071 2299 1151 2339 illis,

163 2348 225 2393 qui
251 2356 453 2392 peccarunt.
522 2350 624 2383 Mora
654 2350 748 2382 enim
781 2350 856 2383 irae
887 2350 1063 2395 mitigatio
1089 2356 1151 2390 est,

163 2400 223 2432 sed
240 2399 275 2431 in
293 2400 493 2434 ulciscendo
513 2401 560 2434 ita
580 2413 645 2445 par
660 2401 871 2446 supplicium
890 2403 1054 2442 sumitur,
1071 2414 1149 2435 cum

161 2450 364 2494 proximum
383 2458 434 2486 est
450 2452 651 2486 offensioni.

265 2501 427 2535 Mirabor
453 2503 558 2536 etiam
582 2516 674 2544 esse,
715 2504 775 2550 qui
803 2510 926 2537 contra
952 2503 1067 2536 dicere
1091 2515 1151 2537 au-

163 2553 289 2592 deant,
317 2559 351 2586 et
367 2556 551 2588 ostendere
568 2555 752 2599 perfidiam
771 2555 1069 2601 Mitylenaeorum
1087 2567 1151 2587 no-

161 2604 216 2638 bis
231 2604 353 2638 utilem
373 2617 466 2645 esse,
491 2612 525 2638 et
540 2613 680 2640 nostras
698 2607 914 2640 calamitates
930 2606 1032 2640 sociis
1044 2633 1053 2647 ,
1077 2618 1150 2639 non

196 2720 242 2751 33)
263 2721 383 2752 Thucyd.
397 2721 442 2747 ιιι,
463 2721 585 2745 37—40.

734 100 856 136 PHlL.
892 101 1004 136 MEL.
1039 101 1240 136 SCRIPTA
1274 103 1610 142 PHILOLOGICA.

1176 2666 1178 2707 l

1175 2711 1178 2749 Ι

2089 108 2106 142 1
2112 108 2187 143 060

1204 189 1308 222 nobis
1334 190 1548 225 detrimento
1574 203 1658 225 esse.
1712 191 1783 224 Aut
1810 190 1918 235 igitur
1944 191 2095 225 confisus
2114 192 2187 224 elo-

1204 240 1347 286 quentia
1366 243 1555 275 contendet
1570 242 1793 275 manifestam
1811 242 1997 276 veritatem
2023 243 2188 283 obruere,

1204 298 1265 325 aut
1279 292 1378 325 lucro
1398 299 1516 326 motus
1533 293 1648 326 fucata
1667 293 1829 327 oratione
1855 306 1917 327 vos
1939 294 2104 328 seducere
2126 305 2188 326 vo-

1204 343 1261 377 let.
1315 342 1386 376 Dat
1404 343 1497 376 enim
1515 342 1602 377 baec
1619 344 1741 378 civitas
1759 345 1879 379 multis
1895 345 2054 389 praemia
2077 357 2119 378 ex
2136 350 2189 377 ta-

1203 394 1294 428 libus
1305 394 1570 435 certaminibus,
1583 395 1657 439 ipsa
1674 395 1806 429 interea
1824 397 1859 429 in
1875 396 2066 430 discrimen
2083 396 2194 429 addu-

1204 446 1314 486 citur,
1339 446 1437 479 cuius
1452 446 1503 478 rei
1519 446 1620 490 culpa
1637 458 1741 490 penes
1757 460 1820 481 vos
1838 454 1909 488 est,
1938 447 1999 493 qui
2015 446 2098 481 talia
2117 458 2191 480 cer-

1205 497 1339 530 tamina
1367 497 1586 541 proponitis,
1615 503 1649 530 et
1671 498 1886 540 convenitis,
1914 506 1954 532 ut
1974 498 2048 533 sitis
2065 498 2192 531 verbo-

1204 561 1284 582 rum
1308 554 1542 592 spectatores,
1581 554 1615 581 et
1644 548 1842 582 alienorum
1879 562 2028 594 operum
2052 550 2193 583 audito-

1204 611 1279 640 res,
1320 606 1354 632 et
1376 599 1549 633 coniicitis
1573 600 1658 633 tales
1690 600 1829 634 futuros
1854 613 1926 635 esse
1954 608 2118 641 eventus,
2152 606 2194 634 ut

1204 651 1353 696 quisque
1375 650 1625 685 facundissime
1651 650 1757 691 dixit,
1798 658 1832 684 et
1853 664 1894 685 ex
1918 653 2017 687 factis
2040 664 2115 686 non
2142 652 2191 693 id,

1204 703 1301 747 quod
1318 702 1473 742 vidistis,
1503 702 1631 736 certius
1649 715 1720 736 esse
1737 702 1881 743 ducitis,
1906 715 2012 748 quam
2027 715 2116 749 quae
2130 715 2192 737 au-

1204 753 1308 793 ditis,
1341 759 1374 786 et
1396 753 1562 787 facillime
1584 754 1697 788 sinitis
1722 766 1784 788 vos
1803 754 1917 798 decipi
1938 754 2096 788 novitate
2113 767 2193 788 ora-

1205 805 1333 844 tionis,
1359 817 1424 838 nec
1448 806 1587 838 decreta
1608 805 1709 839 facile
1727 806 1963 851 exequimiui‚
1990 818 2031 839 ac
2051 818 2191 850 semper

1205 856 1296 889 servi
1324 856 1405 889 estis
1434 857 1669 890 absurdarum
1701 857 1933 901 opinionum,
1970 863 2004 890 et
2027 858 2192 892 fastiditis

1205 907 1346 941 usitata.
1390 907 1441 940 Ac
1455 908 1585 951 singuli
1602 908 1727 942 volunt
1746 909 1913 942 excellere
1931 908 2102 950 dicendo,
2122 915 2195 951 aut,

1205 971 1248 992 ne
1264 959 1452 992 videantur
1469 959 1654 993 inferiores
1669 960 1832 1004 ingenio,
1859 966 1996 993 certant
2011 973 2091 994 cum
2115 973 2197 994 ora-

1205 1010 1353 1044 toribus.
1420 1009 1531 1044 Acute
1555 1011 1646 1043 dicta
1671 1011 1841 1053 laudatis,
1876 1019 1910 1045 et
1942 1011 2056 1045 videri
2087 1012 2195 1047 vultis

1205 1061 1271 1106 ipsi
1305 1074 1447 1107 quoque
1484 1074 1541 1096 eas
1573 1061 1804 1106 cogitationes
1838 1063 2074 1107 praevidisse,
2112 1077 2193 1098 cum

1205 1113 1299 1146 tardi
1315 1112 1389 1147 sitis
1414 1119 1473 1145 aut
1496 1113 1742 1158 prospicienda
1770 1127 1828 1156 ea,
1854 1127 1944 1160 quae
1962 1126 2000 1148 re
2017 1115 2092 1159 ipsa
2110 1128 2195 1160 pro-

1205 1171 1305 1206 sunt,
1332 1177 1472 1209 semper
1490 1165 1557 1198 alia
1575 1165 1746 1211 quaeritis
1763 1165 1820 1211 (ut
1837 1166 1886 1199 sic
1903 1165 2056 1213 dicam),
2084 1179 2192 1212 quam

1205 1229 1296 1263 quae
1320 1217 1413 1249 vitae
1439 1223 1582 1250 nostrae
1607 1218 1875 1250 accommodata
1905 1224 2007 1258 sunt,
2044 1229 2123 1252 cum
2147 1231 2192 1253 ne

1204 1268 1403 1313 praesentia
1422 1268 1565 1313 quidem
1587 1275 1680 1301 recte
1709 1268 1937 1302 consideretis
1964 1268 2105 1302 aurium
2133 1283 2196 1304 vo·

1203 1321 1338 1364 luptate
1363 1319 1545 1363 impediti,
1586 1331 1626 1352 ac
1649 1319 1795 1360 sedetis,
1837 1332 1910 1353 non
1938 1326 1978 1353 ut
2006 1321 2194 1356 consilium

1205 1370 1322 1403 daturi
1358 1370 1520 1414 patriae,
1562 1372 1622 1404 sed
1657 1377 1696 1404 ut
1730 1371 1836 1405 otiosi
1871 1377 2086 1415 spectatores
2121 1373 2193 1406 elo—

1205 1421 1382 1467 quentiae.

1305 1472 1359 1505 Ab
1385 1470 1439 1505 his
1462 1472 1622 1505 moribus
1640 1483 1703 1515 ego
1721 1483 1782 1505 vos
1801 1472 1994 1514 abducam,
2021 1485 2061 1508 ac
2078 1481 2194 1509 osten-

1205 1525 1285 1557 dam
1304 1536 1366 1556 vos
1384 1523 1537 1556 maxima
1555 1524 1684 1556 iniuria
1706 1523 1849 1557 affectos
1871 1536 1944 1558 esse
1968 1525 2012 1558 ab
2036 1538 2106 1559 una
2124 1527 2193 1560 Mi-

1205 1575 1451 1621 tylenaeorum
1471 1574 1623 1608 civitate.
1675 1573 1746 1608 Illis
1764 1575 1857 1608 enim
1873 1575 2013 1609 veniam
2039 1578 2104 1618 do,
2130 1578 2194 1624 qui

1205 1627 1285 1660 ideo
1311 1638 1330 1659 a
1353 1626 1453 1660 vobis
1476 1627 1661 1666 deficiunt,
1687 1625 1771 1671 quia
1797 1633 1858 1660 aut
1873 1639 1979 1674 supra
1994 1627 2087 1663 vires
2108 1641 2193 1663 one-

1204 1678 1274 1711 rati
1293 1684 1394 1718 sunt,
1422 1684 1483 1711 aut
1506 1683 1681 1722 coguntur
1706 1678 1750 1710 ab
1771 1675 1931 1712 hostibus
1959 1679 2003 1712 ad
2030 1681 2196 1715 defectio-

1204 1742 1299 1763 nem.
1358 1728 1445 1763 Istos
1472 1741 1578 1770 vero,
1611 1728 1673 1775 qui
1698 1728 1849 1762 insulam
1875 1736 1909 1763 et
1930 1731 2055 1764 urbem
2077 1732 2196 1766 muni-

1205 1788 1278 1814 tam
1309 1787 1450 1821 tenent,
1485 1786 1519 1813 et
1542 1787 1678 1814 tantum
1707 1780 1744 1812 in
1768 1780 1859 1813 mari
1885 1784 2085 1826 oppugnari
2111 1796 2192 1828 pos-

1205 1838 1305 1873 sunt,
1331 1833 1393 1865 ubi
1418 1838 1452 1865 et
1475 1844 1536 1865 sua
1563 1831 1668 1866 classe
1692 1829 1810 1865 hostes
1827 1843 1946 1865 arcere
1964 1841 2132 1878 possunt,
2158 1841 2193 1869 et

1204 1890 1287 1918 sunt
1312 1896 1331 1916 a
1364 1883 1467 1916 nobis
1499 1881 1667 1916 honorati
1700 1895 1862 1917 concessa
1894 1883 2078 1925 libertate,
2116 1898 2192 1919 non

1205 1935 1478 1968 existimandum
1505 1941 1557 1968 est
1576 1940 1713 1968 tantum
1740 1934 1924 1975 defecisse,
1950 1937 2012 1970 sed
2035 1936 2115 1970 ideo
2134 1938 2194 1971 de-

1204 1987 1342 2027 fecisse,
1369 1993 1408 2020 ut
1433 1986 1536 2020 nobis
1558 1986 1689 2019 bellum
1718 1985 1910 2026 inferrent,
1947 1993 1981 2020 et
2012 1999 2078 2022 nos
2112 2001 2191 2033 per-

1204 2040 1340 2072 derent.
1404 2037 1564 2071 Desectio
1593 2036 1686 2070 enim
1722 2049 1845 2070 eorum
1875 2044 1944 2077 est,
1979 2039 2041 2084 qui
2071 2039 2107 2072 vi
2134 2053 2192 2074 co-

1204 2096 1346 2135 guntur.
1409 2088 1467 2123 Isti
1498 2101 1581 2122 vero
1609 2089 1704 2122 ultro
1737 2100 1773 2122 se
1797 2088 2038 2124 adiunxerunt
2058 2090 2194 2126 infestis

1203 2140 1384 2181 hostibus,
1412 2141 1508 2186 quod
1531 2141 1646 2185 ipsum
1673 2139 1778 2172 etiam
1804 2140 1959 2175 atrocius
1987 2147 2057 2182 est,
2083 2155 2192 2188 quam

1204 2193 1232 2226 si
1256 2205 1320 2237 per
1344 2204 1418 2226 sese
1442 2198 1579 2225 tantum
1604 2191 1734 2224 bellum
1752 2191 1964 2226 intulissent.
2016 2192 2089 2227 Nec
2106 2206 2192 2228 vero

1204 2243 1363 2288 exempla
1386 2243 1500 2276 vicina
1530 2255 1589 2276 eos
1615 2248 1820 2276 terruerunt
1846 2255 1968 2277 earum
1996 2243 2194 2287 civitatum,

1205 2308 1295 2341 quae
1329 2301 1410 2339 post
1438 2294 1671 2328 defectionem
1703 2294 1850 2339 punitae
1875 2301 1967 2329 sunt.
2026 2294 2101 2330 Nec
2127 2308 2191 2330 sua

1205 2359 1264 2380 eos
1291 2347 1438 2379 felicitas
1466 2345 1597 2385 movit,
1627 2351 1666 2378 ut
1690 2346 1927 2391 quiescerent;
1960 2358 2112 2393 cumque
2137 2360 2190 2381 es-

1204 2405 1282 2432 sent
1311 2399 1461 2432 audaces
1489 2398 1532 2430 ad
1556 2397 1694 2437 futura,
1736 2404 1770 2430 et
1791 2397 1927 2431 maiora
1951 2397 2086 2432 viribus
2113 2411 2192 2443 spe-

1204 2455 1346 2489 rarent,
1387 2448 1504 2482 minus
1541 2454 1662 2481 tamen
1699 2460 1827 2482 nocere
1869 2455 2013 2493 possent
2031 2476 2040 2491 ‚
2081 2462 2190 2495 quam

1204 2501 1390 2541 volebant,
1423 2500 1554 2533 bellum
1583 2507 1790 2540 moverunt;
1818 2512 1969 2546 cumque
1990 2501 2190 2545 potentiam

1204 2554 1421 2586 anteferrent
1446 2551 1620 2591 iustitiae,
1648 2552 1743 2585 nulla
1772 2551 1902 2585 iniuria
1931 2551 2068 2592 affecti,
2103 2552 2187 2597 quia

1203 2605 1393 2649 sperabant
1407 2615 1506 2636 suam
1527 2609 1663 2647 partein
1681 2604 1758 2636 fore
1775 2603 1974 2643 victricem,
2000 2614 2065 2636 nos
2087 2602 2188 2637 inva-

1204 2662 1336 2690 serunt.
1400 2654 1524 2688 Solent
1555 2655 1648 2687 enim
1679 2654 1782 2689 urbes
1804 2654 1894 2696 *fieri
1928 2654 2193 2697 insolentiores,

1203 2720 1281 2741 cum
1321 2705 1445 2750 exiguo
1477 2706 1599 2739 labore
1638 2707 1816 2750 insperata
1844 2705 1991 2740 felicitas
2021 2706 2192 2750 contigit;
