2351 2990
192 137 268 172 759

192 223 469 268 uniuscuiusque
486 216 641 254 vestrum
660 219 829 252 desidiam
854 223 960 261 atque
982 214 1182 248 socordiam

193 275 341 310 subinde
366 273 477 317 magis
503 284 542 305 ac
569 271 680 313 inagis
704 275 844 313 augent.
910 267 1006 310 Ergo
1031 272 1088 305 tu,
1131 265 1184 298 in-

194 326 291 373 quict
314 324 461 371 aliquis,
500 322 715 367 stipendium
741 320 941 353 faciendum
969 317 1082 351 dicis?
1134 317 1184 350 Ac

195 378 387 411 admodum
420 375 562 421 quidem
599 384 779 418 unamque
810 378 844 404 et
878 371 1026 404 eandem
1063 368 1185 402 condi-

195 430 328 467 tionem
362 428 520 461 omnium
555 425 682 457 debere
716 436 810 463 esse,
846 423 912 456 viri
939 419 1185 460 Athenienses,

195 490 233 519 ut
251 494 394 517 eorum,
422 490 511 525 quae
531 476 732 509 communia
758 481 858 514 suut,
891 473 1021 517 singuli
1046 478 1183 517 partem

196 537 350 581 aliquam
371 534 607 575 capessentes,
636 527 876 572 cuiuscunque
896 525 1017 559 civitas
1036 523 1108 568 ipsa
1132 523 1185 555 in-

197 586 344 631 digebit,
384 583 427 615 ad
452 581 487 613 id
516 586 660 624 paratos
681 592 720 612 ac
742 585 929 623 promptos
951 589 986 610 se
1012 576 1105 620 ipsos
1129 587 1186 607 ex-

195 638 352 673 hibeant.
423 633 529 679 Quod
550 631 579 664 si
606 631 712 675 igitur
737 630 889 676 quietem
919 628 1037 662 licebit
1070 638 1186 671 agere,

195 689 292 723 domi
308 686 508 723 manendo,
536 683 665 717 rectius
681 695 720 716 ac
740 681 864 715 melius
890 693 989 725 ages,
1024 691 1066 712 eo
1090 678 1187 711 vide-

196 742 276 775 licet
293 737 522 772 incommodo
538 734 724 774 liberatus,
758 746 802 766 ne
820 734 905 779 quid
923 739 1024 776 turpe
1040 736 1188 775 propter

199 791 357 837 inopiam
373 786 571 822 necessario
589 786 651 819 tibi
669 786 713 820 sit
728 785 941 818 faciendum.
987 783 1050 816 Sin
1068 788 1187 815 autem

200 845 268 878 tale.
283 841 418 887 aliquid
436 839 595 878 eveniat,
624 838 741 883 qualia
762 843 844 871 sunt
865 834 951 869 haec
975 832 1188 879 praesentia,

200 897 273 941 ipse
295 894 396 927 miles
422 904 463 925 ex
487 891 610 924 iisdem
633 888 727 923 hisce
751 894 938 932 capturus,
982 885 1130 930 perinde
1150 889 1189 917 ut

200 958 353 993 aequum
379 950 430 977 est.
454 954 519 987 pro
544 941 682 986 patria,
713 939 849 973 existes.
917 938 1024 983 Quod
1048 936 1075 970 si
1103 947 1188 968 vero

198 997 374 1045 quispiam
397 1001 552 1029 vestrum
572 999 668 1027 extra
688 998 838 1025 aetatem
855 991 982 1029 suerit,
1011 998 1189 1034 quaecun-

201 1062 269 1096 que
304 1048 361 1081 ille
395 1058 491 1080 nunc
513 1044 660 1077 militiae
686 1043 854 1076 immunis
888 1040 1061 1075 inutiliter
1084 1044 1189 1083 atque

201 1101 313 1135 otiose
330 1098 476 1143 accipit,
504 1109 542 1129 ea
560 1096 597 1129 iu
616 1095 756 1141 aequali
774 1094 910 1128 delectu
934 1100 1039 1138 atque
1065 1090 1190 1123 ordine

201 1152 366 1196 deinceps
382 1147 550 1193 accipiat,
579 1146 700 1181 omnia
726 1159 765 1180 ea
792 1147 984 1180 observans
1009 1156 1049 1176 ac
1074 1153 1192 1186 perse-

202 1215 333 1251 quens,
368 1213 459 1247 quae
482 1207 565 1234 sunt
588 1199 736 1243 agenda.
798 1197 958 1231 Omnino
983 1201 1101 1229 autem
1129 1205 1190 1226 ne-

202 1268 271 1302 que
292 1253 465 1291 adimens,
491 1263 606 1298 neque
625 1251 771 1290 addens,
796 1256 940 1295 praeter
955 1260 1066 1294 pauca
1085 1259 1193 1292 quae-

201 1308 305 1347 dam,
346 1303 488 1338 licentia
513 1302 750 1337 immunitatis
772 1301 931 1341 sublata,
972 1300 1009 1333 in
1041 1299 1192 1333 eundem

782 130 902 165 Pnu„
934 128 1046 164 MEL.
1082 128 1284 163 SCRIPTA
1314 127 1650 164 PHILOLOGICA.

2158 129 2233 165 760

1237 213 1400 247 ordinem
1423 214 1602 248 civitatem
1621 214 1851 259 redigendam
1870 226 1994 249 censeo
2008 242 2017 256 ‚
2051 221 2090 250 ut
2115 227 2229 262 aequa

1238 265 1442 299 conditione
1459 266 1653 311 accipiant,
1680 266 1851 307 militent,
1879 266 2047 308 iudicent,
2075 273 2230 300 caetera-

1238 329 1306 363 que
1337 316 1488 357 faciant,
1529 329 1619 363 quae
1650 317 1799 364 quisque
1830 330 1893 363 per
1923 324 2074 352 aetatem
2102 324 2229 363 potest.

1237 370 1288 403 Ac
1305 368 1544 415 cuiuscunque
1561 370 1612 402 rei
1627 369 1857 417 gerendaeffl)
1876 370 2014 403 occasio
2031 370 2156 410 fuerit,
2191 370 2230 403 in

1238 432 1301 454 suo
1328 419 1526 466 quibusque
1549 421 1673 454 ordine
1701 421 1912 461 constitute,
1954 434 2129 468 nusquam
2164 433 2229 465 ego

1239 471 1293 511 iis,
1321 471 1381 517 qui
1399 469 1490 504 nihil
1506 478 1628 515 agunt,
1653 484 1707 513 ea,
1732 485 1823 518 quae
1840 473 2024 517 agentibus
2043 474 2230 514 debentur,

1238 523 1480 556 distribuenda
1499 535 1571 556 esse
1589 523 1686 563 dico,
1714 536 1828 570 neque
1843 536 1984 558 rursum
2003 525 2097 570 ipsos
2112 524 2233 570 pigros

1239 581 1347 620 atque.
1372 574 1505 608 otiosos
1536 586 1629 615 esse,
1671 581 1777 620 atque
1808 575 1966 620 indigere
1999 577 2145 617 debere,
2186 577 2229 610 de

1239 625 1488 666 mercenariis,
1515 624 1621 660 huius
1637 638 1682 659 an
1702 625 1795 660 illius
1811 626 1966 668 vincant,
1993 629 2106 662 otiose
2122 639 2232 674 quae·

1239 684 1368 711 rentes.
1437 676 1532 711 Haec
1558 677 1652 710 enim
1678 689 1773 710 nunc
1795 678 1872 711 fieri
1894 679 2020 714 solent.
2079 679 2131 713 Ac
2155 679 2230 724 ipse

1242 730 1385 776 quidem
1406 726 1683 775 haudquaquam
1709 727 1952 773 reprehendo,
1978 730 2006 764 si
2034 731 2112 777 quis
2139 731 2229 765 alius

1241 794 1300 822 ea,
1329 792 1420 827 quae
1437 781 1624 821 convenit,
1650 793 1717 825 pro
1733 780 1834 814 vobis
1849 781 1943 815 facit.
1990 781 2122 816 Verum
2141 783 2230 817 illud

1241 833 1366 871 veliin,
1408 845 1471 866 vos
1494 832 1588 877 ipsos
1611 844 1677 876 pro
1703 832 1803 866 vobis
1832 845 1870 865 ea
1900 833 2034 874 facere,
2076 846 2230 879 quorum

1241 885 1354 929 gratia
1373 883 1450 918 aliis
1468 881 1623 917 honores
1645 896 1685 916 ac
1710 884 1867 928 praemia
1893 884 2080 925 confertis,
2116 897 2232 931 neque

1241 937 1422 975 deserere,
1450 935 1517 967 viri
1535 933 1787 975 Athenienses,
1816 948 1892 968 eam
1912 935 2101 969 stationem
2121 936 2234 971 virtu-

1242 987 1285 1021 tis
1297 1013 1306 1027 ‚
1333 998 1441 1033 quam
1458 986 1611 1020 maiores
1630 986 1736 1019 vestri
1751 987 1863 1020 multo
1881 987 2016 1027 labore,
2043 987 2234 1033 multisque

1242 1038 1410 1084 periculis
1427 1037 1624 1083 quaesitam
1645 1038 1744 1071 vobis
1760 1038 1994 1084 reliquerunt.
2046 1038 2129 1072 Dixi
2146 1040 2233 1080 fere,

1244 1103 1334 1136 quae
1349 1087 1439 1123 mihi
1456 1090 1652 1122 conducere
1669 1089 1847 1124 videntur.
1905 1089 2070 1124 Vestrum
2087 1090 2156 1124 erit
2169 1090 2232 1123 eli-

1243 1154 1344 1187 gere,
1378 1141 1615 1189 quodcunque
1639 1141 1854 1186 reipublicae
1880 1154 1920 1174 ac
1944 1141 2044 1176 vobis
2067 1141 2234 1177 omnibus

1243 1194 1329 1228 utile
1348 1195 1519 1228 futurum.

1282 1312 1331 1341 61)
1350 1311 1502 1343 gerendae]
1521 1310 1568 1334 Ed.
1592 1309 1665 1334 15⁴7.
1687 1314 1783 1333 errore
1799 1311 1924 1339 typogr.:
1950 1305 2071 1337 gerendi.
