2351 2990
106 121 180 156 709

106 207 233 247 deant,
268 205 509 253 eloquentiam
534 204 787 241 Demosthenis
817 219 892 240 non
920 219 992 241 esse
1020 207 1097 241 ina-

104 269 187 290 nem
205 259 470 302 garrulitatem,
498 259 558 292 sed
578 258 781 292 adiunctam
810 271 882 293 esse
908 259 1096 292 mirificam

105 308 327 353 diligentiam
346 322 401 343 res
418 322 542 354 graves
559 310 806 356 conquirendi.
855 310 993 343 Deinde
1009 309 1096 344 haec

104 361 351 405 propriissime
375 361 607 405 explicantur.
662 361 758 394 Haec
783 362 943 407 exempla
971 362 1007 395 in
1030 375 1096 395 no-

105 411 160 445 bis
178 425 321 458 quoque
339 412 560 456 diligentiam
579 419 727 453 acuant,
757 419 791 446 et
809 426 929 447 rerum
948 413 1097 459 conqui-

105 464 299 496 rendarum
315 471 349 497 et
366 465 576 498 formandae
594 464 780 498 orationis.

392 565 729 610 Argumentum
759 565 816 611 ¹¹).

206 632 334 666 Oratio
355 640 406 668 est
424 634 577 668 suasorii
598 635 748 679 generis.
802 635 977 668 Hortatur
1000 634 1095 668 enim

104 690 279 718 cessantes
313 685 405 719 cives
439 686 484 718 ad
509 688 763 720 maturandum
787 687 941 727 bellum,
983 692 1089 731 atque

102 731 160 767 hic
186 736 361 770 orationis
389 743 500 771 status
527 744 589 771 est.
651 738 787 778 Porro,
828 738 910 783 quia
936 735 1096 781 Philippi

101 792 201 820 metu
218 793 406 821 contanter
422 800 497 821 rem
514 788 773 833 suscipiebant,
798 795 971 834 erantque
988 786 1097 821 Athe-

102 836 177 878 nis,
207 838 268 884 qui
286 837 454 884 Philippo
474 840 633 884 impense
661 840 870 880 studebant,
899 846 933 873 et
958 852 976 872 a
1000 840 1095 872 bello

103 889 370 923 multitudinem
395 891 653 924 absterrebant.
712 890 795 924 Ideo
822 891 938 935 prima
964 891 1097 924 oratio-

103 939 159 973 nis
175 953 257 985 pars
274 942 495 975 consumitur
512 943 548 975 in
567 942 747 976 elevandis
764 940 924 987 Philippi
948 942 1096 982 viribus,

102 986 142 1023 fit
157 998 275 1024 autem
295 990 363 1026 hoc
380 993 472 1026 miro
491 994 653 1027 artificio.
693 994 890 1039 Postquam
909 1006 995 1027 vero
1014 1006 1097 1038 pro-

100 1042 241 1086 posuit,
287 1044 456 1088 opinione
494 1045 651 1078 minores
686 1043 845 1089 Philippi
882 1045 974 1079 vires
1011 1058 1097 1086 esse,

101 1101 365 1128 commemorat
382 1095 559 1140 primum,
585 1095 700 1141 qualis
718 1096 754 1129 in
774 1096 889 1130 socios
905 1097 968 1137 sit,
996 1097 1096 1130 dein-

98 1144 142 1177 de
162 1157 232 1190 qua
250 1146 434 1179 voluntate
452 1159 533 1191 erga
551 1159 632 1180 eum
649 1147 841 1192 populares
854 1148 943 1188 sint,
961 1155 1098 1192 postre-

98 1208 160 1228 mo
185 1196 300 1241 qualis
320 1197 480 1242 privatae
506 1198 599 1231 vitae
625 1199 718 1231 ratio
743 1199 800 1232 sit.
858 1198 911 1232 Ex
937 1197 1003 1231 hac
1027 1200 1096 1233 dis-

100 1247 298 1281 tributione
314 1255 388 1282 tota
407 1262 446 1282 ea
465 1249 639 1283 orationis
657 1262 739 1293 pars
755 1250 924 1284 nascitur.
978 1251 1096 1296 Atque

101 1295 160 1331 hic
189 1298 291 1333 miris
324 1300 503 1334 coloribus
526 1300 687 1345 depingit
713 1307 907 1346 tyrannum
933 1313 1015 1345 erga
1041 1315 1096 1336 so—

103 1349 176 1383 cios
200 1352 396 1394 perfidum,
431 1352 588 1386 adsiduis
613 1352 781 1386 oneribus
806 1352 1028 1397 subigentem
1056 1366 1097 1386 ac

101 1408 290 1434 vexantem
307 1403 518 1446 populares,
545 1403 714 1448 privatim
739 1404 975 1438 luxuriosum.
1026 1404 1096 1438 Ex-

103 1451 215 1485 currit
231 1452 376 1486 interim
397 1461 431 1487 et
448 1454 484 1487 in
503 1467 711 1489 communes
727 1456 845 1496 locos,
872 1457 976 1489 docet
998 1457 1094 1489 enirn

101 1503 331 1547 gravissime,
366 1517 441 1538 non
463 1518 566 1551 posse
590 1507 720 1539 durare
743 1506 894 1551 imperia
918 1507 1093 1541 maleficio

103 1561 138 1587 et
162 1556 293 1589 scelere
317 1564 432 1601 parta.
494 1557 652 1590 Proinde
683 1556 769 1591 haec
803 1558 978 1593 orationis
1011 1573 1094 1605 pars

101 1603 216 1651 ἠθικῖ*
243 1614 314 1647 est,
348 1614 382 1641 et
408 1609 452 1641 ad
477 1622 595 1643 mores
627 1609 837 1643 indicandos
874 1610 970 1645 facit.
1031 1611 1093 1645 Se-

102 1659 217 1691 cunda
236 1658 410 1693 orationis
427 1667 528 1704 parte
553 1660 700 1705 castigat
726 1660 927 1705 ignaviam,
956 1669 990 1696 et
1017 1675 1095 1696 mo-

100 1716 162 1742 net
178 1709 354 1744 industria
373 1712 555 1744 fortunam
574 1712 767 1745 iuvandam
788 1725 874 1747 esse.

294 1812 479 1846 Libanii
509 1821 819 1858 argumentum
845 1815 903 1861 ¹⁵).

206 1881 437 1915 Admiserant
462 1879 720 1926 Olynthiorum
745 1883 959 1927 legationem
984 1881 1093 1917 Athe-

104 1931 266 1972 nienses,
314 1933 618 1978 decreveramque
658 1934 750 1967 serre
795 1934 863 1968 iliis
909 1935 1093 1970 auxilium.

106 1983 363 2018 Cunctantibus
381 1984 488 2028 igitur
506 1984 596 2017 circa
617 1985 879 2029 suscipiendam
897 1987 1092 2031 expeditio-

105 2046 209 2074 nem,
237 2047 276 2067 ac
296 2036 556 2076 metuentibus,
584 2048 628 2069 ne
646 2035 834 2081 Philippus
850 2038 951 2071 facile
975 2039 1093 2072 debel-

104 2085 173 2117 lari
197 2093 334 2130 posset,
368 2088 624 2131 superveniens
651 2086 911 2122 Demosthenes
942 2097 1093 2124 conatur

107 2137 282 2181 populum
315 2138 546 2179 confirmare,
582 2141 771 2174 ostendens
797 2153 904 2185 quam
929 2142 1092 2175 infirmae

105 2188 177 2221 sint
192 2200 248 2222 res
267 2186 436 2234 Philippi.
471 2190 563 2225 Nam
583 2197 617 2224 et
635 2192 738 2226 sociis
757 2199 956 2235 suspectum
975 2193 1091 2238 ipsum

105 2251 199 2280 esse,
237 2246 270 2273 et
299 2242 395 2286 quod
426 2242 470 2274 ad
501 2243 665 2288 proprias
698 2243 807 2288 ipsius
839 2243 930 2279 vires
955 2245 1093 2286 attinet,

107 2288 388 2337 haudquaquam
408 2293 585 2333 validum;
622 2295 838 2328 Macedonas
858 2297 952 2329 enini
973 2310 1034 2341 per
1056 2309 1092 2331 se

106 2342 284 2376 invalidos
301 2349 407 2389 atque
426 2344 586 2379 infirmos
606 2358 690 2380 esse¹

143 2481 190 2508 14)
210 2481 268 2503 Hoc
286 2480 360 2504 atiud
387 2481 609 2511 „Argumentum
629 2482 771 2507 Orationis
792 2484 974 2514 Olyntliiacae
993 2490 1094 2507 secun-

178 2513 270 2543 dae'',
296 2515 365 2544 quod
393 2515 420 2537 in
446 2515 529 2540 Editt,
548 2517 662 2548 Huyan.
689 2525 711 2541 s.
736 2526 763 2542 α.
791 2520 818 2541 et
845 2519 918 2542 1562.
946 2518 1093 2547 reperitur,

177 2550 353 2580 praecedenti
376 2550 552 2579 dispositioni
571 2558 594 2574 s.
614 2554 777 2582 argumento
804 2553 977 2583 adiungimus
999 2553 1095 2576 eadem

178 2584 303 2613 ratione,
340 2590 392 2614 qua
423 2585 448 2607 in
475 2585 617 2608 Ciceronis
650 2587 775 2615 epistoiIS
806 2588 988 2610 familiaribus
1015 2587 1094 2611 varia

180 2619 303 2641 eiusdem
323 2619 458 2648 epistolae
476 2622 639 2650 argumenta
659 2621 786 2651 deinceps
807 2621 937 2645 dedimus.

629 2671 697 2700 quod
718 2672 765 2694 Ed.
788 2672 861 2696 1547.
882 2672 1005 2703 exhibet,
1031 2673 1056 2696 h.
1076 2672 1094 2695 l.

179 2704 302 2734 adiunxi,
323 2705 448 2734 quoniam
469 2710 485 2727 a
503 2705 677 2728 Melanthone
696 2712 710 2729 e
730 2712 830 2736 graeco
850 2706 877 2730 in
896 2707 1011 2730 latinum
1030 2713 1094 2731 ser-

178 2743 285 2762 monem
306 2739 472 2762 translatum
492 2746 556 2763 esse
575 2739 681 2769 opinor.

144 2669 189 2696 15]
210 2670 267 2692 Hoc
286 2669 367 2692 etiam
387 2671 596 2700 argumentum,

254 119 391 155 XXXII.
416 123 452 157 2.
478 119 876 156 INTERPRETATIO
904 120 1165 156 ORATIONIS
1193 121 1536 157 OLYNTHIACAE
1562 122 1604 158 ΙΙ.
1635 124 1990 162 DEMOSTHENIS.

2069 127 2143 164 710

1151 207 1492 254 Interpretatio
1550 208 1857 255 Olynthiacae

1441 259 1765 296 Demosthenis
1793 263 1851 310 l⁶).

1914 216 2141 249 secundae

1257 336 1348 370 Cum
1380 337 1417 370 in
1451 337 1528 371 aliis
1555 338 1677 372 multis
1707 340 1812 373 rebus
1838 342 1990 385 perspici
2015 349 2143 387 potest,

1151 387 1367 431 singularem
1387 401 1460 422 esse
1471 389 1630 422 Deorum
1649 390 1937 424 benevolentiam
1950 406 2030 437 erga
2049 392 2142 428 hanc

1151 439 1296 480 urbem,
1336 446 1410 473 tum
1448 453 1533 473 vero
1567 440 1603 473 in
1637 439 1704 474 hoc
1737 443 1880 486 negotio
1907 445 2060 477 maxime
2084 446 2143 493 ¹⁷).

1152 489 1247 523 Haec
1267 491 1360 523 enim
1381 503 1528 535 prorsus
1544 491 1612 525 Dei
1637 493 1808 527 beneficio
1836 495 2003 530 accidisse
2033 508 2141 541 appa-

1151 547 1225 581 ret,
1259 548 1299 575 ut
1324 540 1494 586 Phiiippo
1518 543 1650 576 bellum
1677 544 1784 577 vicini
1807 545 1981 587 inferant,
2009 548 2142 594 quique

1151 591 1243 625 vires
1260 605 1334 625 non
1353 595 1633 628 contemnendas
1658 593 1802 630 habent.
1856 597 2021 644 Denique
2046 600 2144 645 quod

1151 643 1386 687 praecipuum
1413 650 1483 683 est,
1519 651 1558 677 ut
1583 658 1714 689 magno
1741 660 1914 682 consensu
1938 651 2034 694 pacis
2058 663 2142 684 con-

1151 694 1305 728 ditiones
1324 695 1478 738 primum
1497 694 1641 737 infidas,
1669 698 1797 732 deinde
1817 698 1879 745 17²³)
1899 701 2056 736 exitiales
2079 714 2142 746 pa·

1151 744 1261 786 triae,
1296 746 1325 779 si
1346 746 1610 790 reciperentur,
1647 749 1722 781 fore
1747 756 1917 785 statuant.
1977 752 2051 786 Iam
2078 754 2142 796 igi—

1152 802 1209 829 tur
1229 797 1332 830 nobis
1350 797 1614 842 providendum
1631 800 1699 832 erit
1716 799 1782 846 ¹⁸),
1810 814 1854 835 ne
1879 809 2022 837 nostrae
2046 805 2141 838 utili-

1151 847 1232 882 tatis
1250 848 1426 882 rationem
1444 849 1562 883 minus
1579 847 1710 884 habere
1726 852 1929 895 videamur,
1947 868 2054 901 quarn
2072 857 2144 889 sor-

1152 905 1259 940 tuna,
1284 912 1375 946 quae
1393 913 1458 934 nos
1476 914 1540 935 suo
1556 902 1728 935 beneficio
1753 912 1939 948 provocat.
1993 907 2143 952 Turpis-

1151 951 1281 984 simum
1308 951 1402 985 enim
1429 959 1480 986 est
1501 952 1566 998 ¹9),
1593 966 1668 987 non
1691 954 1805 988 solum
1836 957 1966 1001 oppida
1996 964 2030 991 et
2050 959 2141 999 loca,

1152 1015 1244 1048 quae
1270 1003 1470 1045 tenuimus,
1498 1004 1693 1049 proiicere,
1721 1008 1781 1040 sed
1806 1008 1913 1041 etiam
1937 1009 2067 1043 auxilia
2091 1017 2144 1044 at-

1152 1067 1221 1099 que
1245 1055 1448 1090 occasiones
1473 1068 1491 1088 a
1516 1057 1660 1090 fortuna
1686 1058 1835 1093 oblatas.
1896 1059 2021 1106 Neque
2054 1074 2141 1095 vero

1152 1106 1320 1150 prodesse
1345 1105 1435 1139 mihi
1459 1107 1619 1148 videtur,
1657 1110 1701 1142 ad
1731 1122 1794 1143 vos
1821 1108 2063 1148 exhortandos
2090 1120 2142 1146 at-

1152 1169 1220 1202 que
1253 1157 1455 1192 incitandos
1482 1161 1778 1194 commemoratio
1814 1162 1895 1203 illa,
1930 1176 2038 1208 quam
2071 1165 2143 1198 sint

1152 1208 1298 1252 exiguae
1315 1208 1475 1254 Philippi
1500 1210 1592 1244 vires
1610 1210 1670 1258 ²⁰).
1720 1212 1812 1246 Nam
1838 1219 1911 1246 tota
1938 1215 1998 1247 illa
2024 1216 2141 1249 oratio

1152 1259 1208 1293 isti
1226 1260 1380 1303 gloriosa
1401 1267 1470 1301 est,
1498 1262 1601 1295 nobis
1617 1263 1795 1298 dedecori.
1851 1264 1932 1310 Quo
1962 1266 2056 1300 enim
2081 1268 2141 1301 ille

1151 1311 1289 1344 maiora
1309 1313 1433 1355 gessit,
1462 1326 1570 1358 quam
1596 1326 1662 1358 pro
1688 1314 1840 1356 viribus,
1868 1329 1910 1349 eo
1935 1318 2141 1352 existiman-

1151 1363 1216 1396 dus
1249 1370 1300 1396 est
1330 1364 1606 1398 formidabilior.
1667 1364 1778 1400 Vobis
1808 1374 1926 1401 autem
1950 1375 2054 1415 turpe
2080 1377 2144 1411 est,

1151 1426 1231 1447 cum
1251 1420 1285 1447 et
1301 1415 1460 1458 potentia
1478 1417 1717 1459 praestaretis,
1738 1424 1771 1451 et
1787 1419 1925 1453 occasio
1944 1428 2033 1454 esset
2050 1423 2141 1456 bene

1150 1467 1326 1509 gerendae
1359 1466 1430 1507 rei,
1464 1479 1579 1513 neque
1613 1468 1789 1509 intentos,
1823 1483 1939 1516 neque
1964 1485 2068 1516 pares
2089 1473 2142 1507 illi

1149 1517 1266 1551 fuisse.
1318 1517 1414 1551 Haec
1439 1518 1547 1562 igitur
1576 1520 1760 1561 omittam,
1793 1533 1838 1554 ne
1859 1535 1922 1556 vos
1949 1524 2140 1569 obiurgare

1149 1569 1284 1602 videar.
1338 1569 1431 1603 Nam
1450 1570 1478 1604 si
1497 1569 1576 1616 quis
1594 1584 1677 1604 vere
1695 1584 1772 1604 rem
1795 1574 2017 1615 aestimabit,
2043 1589 2140 1610 corn—

1149 1620 1264 1664 periet
1280 1618 1489 1666 Philippum
1508 1628 1629 1656 nostra
1648 1623 1790 1668 ignavia
1808 1625 1957 1660 crevisse
1972 1626 2018 1673 ³¹)
2031 1653 2040 1668 ,
2066 1640 2141 1662 non

1186 1755 1232 1783 16)
1264 1755 1370 1779 Haeece
1401 1755 1596 1786 interpretatio
1627 1758 1654 1782 in
1680 1760 1765 1784 Editt.
1791 1760 1893 1792 hasil„
1928 1761 2023 1791 1559„
2051 1763 2140 1793 1562..

1220 1790 1313 1821 ¹564,
1334 1790 1426 1820 15⁷0.,
1448 1792 1523 1817 1587.
1543 1792 1700 1823 invenitur,
1720 1794 1747 1818 in
1767 1796 1863 1824 quihus
1882 1795 1961 1819 varie
1975 1798 2019 1819 est
2034 1796 2138 1821 inscri-

1217 1826 1281 1854 pta:
1307 1824 1333 1847 in
1355 1825 1404 1850 Ed.
1426 1826 1507 1850 Basii.
1528 1827 1586 1850 sic:
1607 1828 1828 1858 „Demosthenis
1850 1830 2017 1859 Olynthiaca
2038 1837 2140 1855 secun-

1219 1859 1254 1882 da
1270 1858 1387 1889 Phillipo
1405 1861 1594 1884 meianciitone
1605 1860 1793 1895 interprete'',
1811 1864 1838 1887 in
1849 1864 1897 1887 Ed.
1914 1864 2006 1888 1562.:
2026 1866 2140 1896 „Olyn-

1218 1894 1307 1916 thiaca
1329 1895 1451 1917 secunda
1471 1896 1682 1926 Demosthenis,
1709 1897 1835 1928 Philippo
1853 1899 2032 1923 Melanthone
2050 1900 2140 1924 inter-

1219 1926 1338 1957 prete.’',
1358 1928 1384 1951 in
1401 1929 1482 1954 Editt.
1500 1930 1592 1959 156⁴„
1614 1931 1706 1961 1570.‚
1729 1932 1819 1957 158st
1840 1933 1962 1961 „Oratio
1974 1934 2140 1958 Demosthe-

1217 1962 1262 1985 nis
1273 1962 1440 1992 Olynthiaca
1453 1964 1592 1995 Secunda,
1613 1965 1736 1995 Phiiippo
1745 1967 1921 1991 Melanthone
1936 1968 2140 1998 interprete.—

1219 1997 1328 2020 senona
1348 1998 1514 2028 marginalia
1533 1999 1558 2022 ei
1576 1999 1603 2022 in
1622 2000 1671 2023 Ed.
1691 2001 1773 2024 Basii.
1793 2002 1910 2032 triginta
1929 2009 1995 2032 sex,
2015 2003 2042 2026 in
2052 2004 2139 2029 Editt.

1219 2030 1313 2061 1535.,
1346 2033 1411 2055 1564
1428 2045 1462 2049 ——
1484 2033 1559 2058 1557.
1587 2036 1713 2065 septem,·
1738 2035 1766 2059 in
1792 2037 1841 2060 Ed.
1872 2036 1945 2061 1562.
1971 2043 2039 2062 vero
2064 2039 2141 2062 nulla

1218 2067 1283 2089 sunt
1302 2067 1454 2096 adscripta.

1184 2125 1231 2154 1⁷)
1251 2125 1320 2149 Huic
1339 2127 1451 2150 exordio
1472 2128 1499 2151 in
1519 2128 1567 2152 Ed.
1586 2130 1669 2154 Basii.
1691 2130 1716 2153 in
1738 2130 1863 2162 margine
1881 2131 2009 2162 apposita
2028 2133 2069 2156 est
2088 2138 2140 2157 an-

1217 2161 1339 2184 notatio:
1366 2162 1518 2186 Exordium
1536 2164 1570 2187 ah
1590 2165 1746 2190 occasione.

1185 2220 1247 2249 12«)
1273 2221 1386 2250 deinde]
1411 2222 1451 2245 sic
1476 2223 1526 2247 Ed.
1551 2224 1655 2254 Basii.;
1686 2224 1769 2250 Editt.
1798 2225 1889 2257 1552,
1924 2226 2019 2258 ¹562,
2053 2228 2139 2253 1564..

1221 2256 1312 2287 1570„
1341 2256 1414 2281 1557.
1435 2257 1562 2288 denique.

1186 2308 1231 2335 18)
1251 2307 1320 2330 Huic
1338 2308 1398 2331 loco
1419 2308 1445 2330 in
1465 2309 1530 2332 Edd.
1552 2309 1637 2332 Basa.
1657 2310 1802 2340 adscripta
1828 2313 1871 2335 est
1891 2314 1983 2337 annot.
2004 2312 2139 2343 margin.:

1218 2342 1390 2372 Applicatio:
1411 2343 1486 2373 Ergo
1507 2345 1621 2374 cavete,
1647 2350 1681 2368 ne
1707 2351 1758 2368 vos
1783 2346 1834 2375 ipsi
1860 2346 2001 2370 occasioni
2027 2349 2140 2372 vestrae

1218 2377 1324 2399 desitis.

1186 2429 1232 2456 19)
1260 2430 1291 2454 Η,
1312 2430 1329 2453 l.
1350 2429 1377 2452 in
1397 2430 1446 2453 Ed.
1467 2430 1549 2453 Basil.
1568 2430 1671 2461 legitur
1689 2432 1784 2455 annot.
1810 2438 1914 2462 marga:
1941 2433 2139 2464 Obiurgation-

1219 2465 1281 2487 cnia
1299 2466 1398 2494 arguta
1418 2466 1444 2487 et
1464 2465 1590 2494 obliqua,
1620 2471 1668 2493 per
1687 2466 1869 2490 collationem.
1914 2467 1973 2491 Non
2001 2470 2042 2492 est
2069 2469 2140 2492 tanti

1219 2499 1363 2527 momenti,
1389 2499 1517 2522 amittere
1538 2500 1619 2522 urbes
1640 2501 1666 2522 et
1687 2500 1830 2531 regiones,
1856 2502 1950 2531 quanti
1967 2505 2029 2533 est,
2055 2503 2138 2527 amit-

1217 2534 1277 2556 tere
1297 2533 1459 2557 occasiones
1478 2533 1519 2556 rei
1539 2534 1606 2556 bene
1626 2535 1774 2563 gerendae.

1181 2587 1230 2614 20)
1258 2587 1289 2610 Η.
1317 2587 1333 2610 1.
1364 2586 1389 2608 in
1416 2586 1464 2608 Ed.
1490 2585 1572 2610 Basii.
1600 2589 1694 2611 annot.
1721 2593 1825 2618 marga
1856 2588 1990 2619 Figuram
2012 2589 2135 2617 reiectio,

1218 2621 1288 2650 quod
1308 2626 1361 2643 non
1389 2621 1456 2643 velit
1482 2622 1632 2644 extenuare
1658 2623 1733 2645 vires
1754 2621 1887 2652 Philippi,
1914 2625 1940 2646 et
1965 2624 2052 2647 utitur
2078 2625 2138 2653 hac,

1218 2661 1270 2684 quo
1295 2655 1458 2678 commodior
1488 2655 1585 2679 deinde
1610 2656 1647 2679 sit
1672 2656 1780 2680 occasio
1812 2658 2028 2686 reprehendendi
2053 2659 2139 2682 Athe-

1216 2695 1338 2713 menses.

1183 2741 1232 2768 21)
1252 2741 1284 2766 Η.
1302 2741 1320 2764 l.
1342 2740 1368 2763 in
1387 2740 1436 2764 Ed.
1457 2739 1540 2766 Basil.
1559 2742 1652 2765 annot.
1674 2747 1778 2773 marg.:

1645 2775 1723 2811 45*

1806 2742 1976 2774 Obiurgatio.
