2351 2990
70 128 140 162 861

71 214 158 246 tiam
187 212 224 245 in
250 213 415 247 omnibus
438 212 616 258 praestiti,
655 219 803 257 propter
826 210 911 245 haec
936 225 992 246 me
1017 213 1069 246 di-

71 277 179 309 gnum
197 261 337 298 honore
357 277 430 298 esse
449 270 549 309 puto-

172 315 273 348 Hanc
305 328 390 349 vero
423 315 520 349 muri
550 321 585 348 et
612 315 728 349 fossae
756 315 1069 355 instaurationem,

71 378 177 412 quam
204 367 363 407 derides,
403 367 467 401 etsi
494 366 637 411 dignam
667 366 883 411 gratitudine
907 373 940 400 et
963 367 1068 400 laude

71 429 143 451 esse
169 418 276 451 duco:
317 425 437 451 tamen
469 417 538 451 alia
562 430 641 451 mea
669 418 814 451 consilia
843 419 947 461 longe
972 425 1069 451 ante-

70 469 215 502 ferenda
234 475 327 503 sunt.
381 470 463 504 Non
484 469 578 503 enim
604 469 783 514 lapidibus
812 477 873 503 aut
898 470 1068 503 lateribus

68 521 195 554 urbem
218 520 376 560 munivi,
404 522 463 555 sed
489 521 634 555 consilia
662 522 752 554 duco
779 533 851 555 esse
875 521 1066 565 praecipua

71 584 236 606 meorum
264 584 426 616 operum.
486 573 538 606 Ac
568 573 596 606 si
629 572 680 606 vis
715 585 796 606 vere
828 573 1068 611 considerare,

71 623 199 668 quibus
229 623 333 657 rebus
364 623 578 663 munierim,
613 623 773 658 invenies
797 636 916 663 arma,
950 624 1068 662 urbes,

69 674 160 715 loca,
187 681 324 718 portus,
352 687 478 715 naves,
507 687 617 721 equos
633 681 666 708 et
684 675 874 715 exercitus,
904 675 965 720 qui
982 673 1069 707 haec

70 726 312 760 defenderent.
374 727 469 759 Haec
493 727 763 771 propugnacula
798 726 955 759 exstruxi
985 731 1067 758 ante

68 777 238 817 Atticam,
267 784 441 822 quantum
458 775 616 811 humano
636 778 785 811 consilio
803 777 971 822 possibile
990 777 1068 810 suit.

70 828 144 862 Hos
165 840 287 862 muros
305 828 521 862 circumdedi
539 829 693 873 patriae,
721 841 795 861 non
813 835 952 861 tantum
974 826 1069 861 hunc

70 879 245 912 ambitum
264 879 383 913 Piraei
400 887 433 914 et
449 881 563 918 urbis;
590 892 655 913 nec
671 881 726 912 xel
750 879 898 913 consilio
926 880 981 912 vel
1008 891 1068 923 ap-

68 937 199 975 paratu
216 931 260 964 ab
277 929 379 964 hoste
403 931 515 965 victus
538 944 635 971 sum,
674 932 734 964 sed
760 931 932 965 exercitus
955 931 1069 965 nostri

67 983 212 1015 fortuna
233 982 390 1027 superati
406 989 499 1017 sunt.
558 981 604 1015 Et
623 982 803 1016 evidentes
819 989 901 1016 sunt
921 984 1069 1016 demon-

68 1033 257 1068 strationes
290 1031 421 1067 horum
457 1046 620 1067 meorum
656 1034 900 1068 consiliorum.
972 1035 1068 1080 Quid

68 1084 163 1118 enim
183 1085 345 1129 oportuit
359 1086 473 1119 facere
492 1085 631 1118 fidelem
650 1091 684 1118 et
698 1086 911 1130 prudentem
930 1085 1067 1120 civem?

68 1136 198 1171 Nonne
225 1148 369 1177 curare,
400 1144 441 1170 ut
462 1149 524 1170 ora
549 1137 729 1169 maritima
753 1137 858 1170 nobis
881 1143 940 1170 tua
967 1144 1068 1178 esset,

68 1194 103 1221 et
124 1187 271 1221 Euboea
295 1188 483 1229 adiuncta,
526 1188 562 1220 in
587 1195 681 1221 terra
707 1200 813 1228 vero,
848 1188 999 1222 Boeotia
1028 1201 1068 1222 ac

68 1251 189 1272 versus
199 1239 490 1283 Peloponnesum
506 1239 614 1271 vicini
633 1240 706 1272 eius
723 1240 832 1272 orae?
870 1240 1067 1273 Providere

67 1290 152 1323 item
164 1317 173 1330 ,
200 1297 240 1323 ut
254 1290 425 1324 frumenti
440 1290 649 1334 importatio
667 1303 740 1323 non
758 1290 1006 1335 impediretur,
1035 1298 1069 1324 et

67 1341 222 1374 retinere
248 1341 345 1382 loca,
380 1354 471 1388 quae
495 1342 704 1375 tenebamus
732 1342 846 1376 missis
868 1343 1068 1386 praesidiis,

69 1399 103 1426 et
126 1392 385 1438 Byzantiorum
422 1399 456 1426 et
482 1393 635 1427 aliorum
661 1393 840 1427 sociorum
866 1394 1068 1427 voluntates

71 1444 303 1484 confirmare,
346 1450 380 1477 et
413 1444 553 1477 decreta
590 1445 836 1478 convenientia
872 1443 927 1479 his
962 1446 1068 1479 rebus

68 1495 243 1536 scribere,
272 1501 306 1528 et
323 1495 480 1528 adimere
504 1496 632 1529 auxilia
662 1493 843 1536 hostibus,
879 1503 913 1530 et
937 1498 1067 1530 addere

70 1547 226 1588 civitati,
268 1559 359 1592 quae
384 1546 556 1580 deerant?
619 1547 716 1580 Haec
740 1548 828 1581 meis
853 1549 1009 1582 consiliis
1035 1555 1069 1581 et

70 1598 220 1632 decretis
237 1604 311 1631 acta
330 1604 431 1639 sunt,
470 1610 562 1643 quae
589 1598 732 1643 quidem
761 1606 794 1632 et
818 1606 911 1632 recte
938 1600 1068 1633 delibe-

68 1656 148 1683 rata
174 1661 247 1683 esse
273 1649 481 1689 invenietis,
523 1656 556 1683 et
586 1650 675 1684 iuste
702 1651 970 1691 administrata,
1004 1664 1068 1684 nec

69 1701 238 1735 articulos
253 1707 456 1745 temporum
478 1702 675 1745 neglectos,
705 1703 758 1735 vel
786 1715 861 1735 non
884 1703 1068 1747 praevisos

69 1759 131 1786 aut
155 1765 174 1785 a
196 1765 253 1785 me
277 1753 440 1797 proditos
469 1765 561 1793 esse,
606 1760 639 1786 et
669 1751 759 1786 nihil
784 1755 954 1788 omissum
984 1767 1069 1795 esse,

70 1805 169 1850 quod
186 1804 255 1837 viri
275 1805 382 1839 unius
400 1804 535 1838 viribus
554 1811 587 1837 et
610 1805 824 1849 prudentiae
849 1807 965 1839 facere
988 1818 1069 1851 pos-

68 1856 168 1890 sibile
189 1856 267 1889 fuit.
1019 1851 1024 1857 ’

173 1907 236 1941 Sin
252 1914 368 1941 autem
388 1913 449 1941 aut
466 1907 631 1941 voluntas
640 1907 721 1948 Dei,
748 1915 809 1941 aut
825 1909 982 1948 fortuna,
1009 1915 1070 1942 aut

67 1959 199 1992 ducum
213 1959 354 2004 ignavia
368 1986 376 1999 ,
406 1965 467 1992 ant
483 1959 709 2003 proditorum
728 1960 878 2000 malitia,
907 1967 967 1994 aut
982 1958 1070 1994 haec

71 2011 191 2043 omnia
221 2011 327 2045 simul
360 2018 599 2055 corruperunt
627 2024 803 2044 summam
837 2012 907 2051 rei,
957 2013 1069 2045 donec

71 2069 295 2103 everterunt,
331 2075 392 2096 cur
417 2070 602 2096 accusatur
618 2061 902 2097 Demosthenes?
961 2064 1069 2109 Quod

71 2113 127 2153 si,
175 2113 289 2160 qualis
317 2115 412 2158 apud
440 2127 503 2148 vos
533 2127 597 2158 ego
630 2115 682 2148 sni
717 2128 798 2148 meo
834 2116 913 2148 1000
932 2141 940 2154 ,
989 2116 1069 2149 13115

70 2165 194 2199 fuisset
234 2165 290 2198 vir
332 2178 424 2200 unus
465 2166 502 2199 in
547 2166 705 2212 qualibet
741 2166 902 2205 civitate,
957 2167 1068 2200 immo

71 2216 100 2250 si
130 2216 276 2250 unicum
302 2217 416 2258 *talem
444 2218 610 2252 universa
642 2216 825 2252 Thessalia
859 2225 893 2251 et
922 2218 1067 2252 unicum

70 2269 222 2302 Arcadia
239 2267 440 2310 habuisset,
469 2270 591 2303 eadem
616 2270 848 2309 sentientem,
885 2282 976 2315 quae
1005 2283 1068 2314 ego

70 2320 183 2361 sensi,
209 2320 299 2354 nulli
316 2321 445 2354 Graeci
468 2328 564 2355 extra
591 2329 625 2355 et
649 2322 742 2355 intra
758 2323 864 2367 Pylas
887 2320 953 2354 hac
979 2323 1069 2354 cala-

70 2372 195 2405 mitate
215 2373 375 2416 oppressi
394 2379 526 2412 essent;
560 2375 620 2408 sed
645 2386 768 2408 omnes
792 2373 914 2413 liberi,
942 2374 1070 2415 securi,

73 2430 108 2457 et
130 2423 297 2457 florentes
322 2436 402 2459 suas
424 2424 559 2470 patrias
582 2431 764 2466 tenerent,
807 2433 840 2459 et
865 2425 966 2459 vobis
991 2438 1070 2469 gra-

71 2475 158 2508 tiam
184 2472 358 2509 haberent
377 2488 443 2521 pro
469 2474 523 2511 his
548 2477 722 2518 consiliis,
756 2489 821 2522 per
847 2489 937 2523 quae
962 2477 1070 2511 tantis

70 2527 175 2561 bonis
190 2527 405 2562 fruerentur.
458 2528 509 2562 Ut
522 2534 640 2562 autem
657 2529 806 2563 videatis
822 2530 913 2562 facta
930 2528 1068 2562 maiora

73 2590 144 2612 esse
162 2576 229 2612 hac
245 2591 323 2612 mea
341 2579 685 2614 commemoratione
697 2607 706 2621 ,
735 2581 818 2627 quia
843 2581 1070 2621 verecundia,

74 2630 247 2664 orationis
262 2630 435 2664 invidiam
453 2631 546 2672 vito,
574 2631 681 2665 recita
704 2644 895 2666 numerum
922 2631 1070 2665 auxilio-

71 2693 166 2715 rum.
218 2681 314 2716 Haec
331 2689 365 2716 et
380 2683 466 2716 talia
490 2694 594 2728 agere
616 2683 751 2717 bonum
779 2684 890 2717 civem
917 2690 1070 2728 oportet,

75 2733 203 2779 quibus
227 2745 307 2767 cum
331 2735 525 2780 respondet
549 2741 717 2777 eventus,
745 2735 820 2770 sine
847 2735 1070 2770 dubitatione

307 121 446 161 XXXV.
484 124 885 161 INTERPRETATIO
914 125 1175 162 ORATIONIS
1202 126 1548 162 DEMOSTHENIS
1575 126 1640 160 DE
1670 126 1879 161 CORONA.

2044 126 2117 163 862

1122 212 1215 246 inter
1231 212 1423 257 primarios
1439 213 1535 247 viros
1555 219 1624 253 est,
1653 212 1759 258 idque
1776 214 1865 246 inste
1884 212 1915 246 ei
1933 212 2119 250 trIbuitur3

1122 265 1181 298 sed
1217 276 1296 297 curn
1332 277 1405 298 non
1440 266 1632 309 respondet
1667 270 1832 303 eventus,
1875 271 1994 297 tamen
2024 264 2119 296 bona

1123 315 1337 349 existimatio
1357 316 1493 362 reliqua
1513 323 1581 357 est,
1618 323 1651 349 et
1675 316 1772 360 quod
1797 315 1949 349 civitatis
1973 315 2120 348 consilia

1123 366 1259 411 culpari
1281 379 1354 400 non
1381 374 1547 412 possunt,
1585 369 1644 401 sed
1665 367 1808 400 fortuna
1835 367 2030 400 accusanda
2059 372 2121 406 est,

1123 430 1214 463 quae
1237 418 1345 451 talem
1371 419 1501 452 exitum
1527 417 1703 463 praebuit.
1770 418 2007 463 Nequaquam
2036 430 2119 450 xero

1121 467 1209 501 haec
1227 470 1372 509 decent,
1401 483 1478 503 cum
1499 471 1715 514 reipublicae
1733 470 1919 503 consilinm
1947 470 2031 501 dare
2057 480 2121 501 no-

1122 521 1228 553 lueris
1247 527 1280 553 et
1300 527 1332 553 te
1349 519 1510 555 hostibus
1527 522 1720 561 locaveris,
1749 528 1890 565 captare
1908 520 2043 553 interea
2065 532 2121 552 oc-

1122 572 1280 604 casiones
1314 572 1383 606 illis
1415 573 1648 617 opportunis,
1690 585 1763 605 non
1794 572 1951 616 patriae;
1996 577 2121 604 contra

1121 634 1206 655 vero
1225 622 1311 663 illis,
1341 623 1401 668 (1111
1422 631 1652 668 perseverant
1669 624 1705 656 in
1721 623 1936 657 sustinendis
1952 622 2123 666 reipubli-

1122 685 1182 706 cae
1212 675 1384 717 negotiis,
1420 675 1603 715 insidiari,
1646 682 1679 708 et
1714 675 1872 719 privatas
1906 674 2121 707 offensiones

1123 725 1312 758 observare
1338 732 1371 758 et
1392 727 1533 769 affigere
1552 726 1768 766 memoriae,
1805 733 1838 759 et
1862 726 1897 757 in
1923 726 2000 757 loco
2025 725 2122 769 cupi-

1123 776 1270 809 ditatem
1305 777 1482 810 vindictae
1519 778 1670 821 explere.
1738 777 1810 811 Nec
1846 777 2023 809 laudabile
2059 782 2121 816 est,

1123 827 1235 860 otium
1252 827 1423 861 iniustum
1442 835 1475 861 et
1498 829 1706 862 insidiosum
1732 841 1854 873 agere,
1890 834 1929 860 ut
1955 834 1992 860 tn
2017 839 2121 871 saepe

1122 878 1218 912 sacis.
1271 878 1333 912 Est
1352 880 1445 912 enim
1467 880 1562 913 aliud
1581 881 1762 926 quoddam
1790 880 1919 912 iustum
1949 879 2060 911 otium
2089 884 2122 911 et

1122 930 1207 962 utile
1232 930 1469 974 reipublicae,
1503 932 1607 977 quale
1643 938 1694 965 est
1726 932 1922 965 multorum
1954 928 2122 963 honesto-

1122 993 1201 1014 rum
1222 981 1370 1021 civium;
1406 984 1465 1015 sed
1490 981 1595 1017 11111115
1621 983 1790 1016 dissimile
1817 987 1886 1021 est,
1925 981 2006 1026 (1111,
2042 993 2121 1013 cnm

1123 1032 1189 1077 ipsi
1207 1032 1310 1072 libet,
1339 1034 1469 1067 secedit
1487 1047 1504 1066 a
1524 1034 1705 1079 republica
1720 1061 1728 1074 ,
1757 1041 1790 1068 et
1813 1033 1899 1065 libet
1923 1044 2048 1077 saepe,
2083 1043 2123 1065 ac

1122 1084 1278 1118 intentus
1297 1091 1347 1118 est
1364 1085 1402 1117 111
1421 1085 1624 1120 voluntates
1649 1086 1778 1119 civium
1791 1112 1800 1126 ,
1828 1085 1973 1129 quando
1995 1083 2123 1128 aliquis

1121 1142 1270 1180 propter
1287 1136 1529 1170 assiduitatem
1548 1137 1747 1177 fastiditur,
1784 1142 1845 1169 aut
1862 1135 1996 1179 accepit
2014 1148 2030 1167 a
2050 1136 2123 1167 sor-

1121 1193 1207 1220 tuna
1236 1187 1360 1221 durius
1387 1188 1539 1233 aliquid:
1575 1195 1615 1222 ut
1641 1186 1781 1222 homini
1807 1187 1918 1219 multa
1947 1187 2123 1226 accidunt,

1122 1244 1207 1271 tunc
1224 1238 1288 1271 iste
1306 1239 1423 1272 subito
1440 1252 1481 1272 ex
1499 1240 1644 1274 latebris
1665 1238 1821 1283 erumpit
1838 1251 1900 1271 ceu
1916 1244 2058 1275 ventus3
2090 1243 2124 1270 et

1122 1289 1203 1334 quia
1222 1289 1358 1323 interea
1376 1303 1498 1324 vocem
1515 1291 1668 1325 exercuit
1682 1297 1715 1325 et
1733 1289 1913 1323 orationes
1930 1289 2123 1329 contexuit,

1121 1338 1185 1372 has
1203 1340 1273 1372 iam
1291 1342 1383 1374 clara
1402 1355 1488 1375 voce
1508 1350 1541 1376 et
1566 1344 1739 1377 indefesso
1765 1341 1893 1386 spiritu
1918 1341 2041 1373 recitat
2070 1341 2123 1373 in-

1122 1391 1226 1424 utiles
1262 1392 1500 1437 reipublicae‚
1547 1395 1605 1428 sed
1637 1395 1742 1427 alicui
1770 1393 1838 1426 civi
1866 1392 2060 1436 perniciem
2090 1398 2124 1424 et

1122 1442 1339 1486 reipublicae
1375 1445 1525 1478 dedecus
1563 1446 1761 1479 asserentes.
1825 1444 2028 1488 Oportebat
2062 1456 2123 1476 au-

1122 1500 1192 1526 tem
1223 1492 1328 1528 huius
1359 1496 1602 1531 meditationis
1639 1504 1672 1530 et
1704 1495 1949 1541 eloquentiae,
2000 1495 2028 1528 si
2063 1507 2124 1527 vo-

1121 1545 1239 1579 luntas
1258 1558 1338 1590 erga
1356 1547 1511 1591 patriam
1530 1548 1619 1582 iusta
1649 1554 1759 1588 esset,
1793 1549 1928 1580 fructus
1954 1544 2123 1580 honestos

1122 1603 1155 1629 et
1173 1597 1313 1640 publice
1331 1598 1435 1632 utiles
1453 1611 1537 1634 esse.
1599 1599 1762 1633 Debebat
1785 1598 1979 1642 adiungere
2009 1598 2123 1631 socios

1123 1648 1278 1688 civitati,
1321 1651 1508 1683 ostendere
1532 1651 1749 1685 accessiones
1771 1650 1943 1694 pecuniae
1971 1656 2005 1682 et
2029 1660 2123 1682 nova

1122 1699 1305 1744 vectigalia
1320 1727 1328 1741 ,
1356 1703 1505 1735 suadere
1523 1703 1694 1736 salutares
1712 1703 1825 1747 leges,
1861 1701 2034 1746 impedire
2061 1699 2125 1733 ho-

1122 1757 1203 1784 stes.
1257 1751 1353 1785 Haec
1372 1753 1616 1797 superioribus
1635 1754 1738 1787 annis
1756 1753 2061 1797 efflagitabantur,
2091 1758 2125 1784 et

1123 1802 1203 1834 viro
1220 1800 1372 1837 honesto
1389 1805 1622 1848 praeteritum
1648 1811 1788 1848 tempus
1814 1803 2037 1837 occasionem
2065 1804 2125 1835 de-

1124 1853 1313 1887 clarandae
1338 1856 1533 1889 voluntatis
1557 1868 1663 1900 saepe
1688 1856 1873 1900 praebuit,
1913 1855 1974 1888 ubi
1998 1861 2036 1887 tu
2058 1866 2124 1887 nec

1123 1905 1278 1949 primus,
1313 1918 1378 1939 nec
1401 1908 1596 1948 secundus,
1639 1919 1704 1940 nec
1728 1907 1852 1940 tertius
1877 1906 1991 1943 suisti3
2033 1903 2125 1938 nihil

1123 1957 1217 1989 enim
1244 1958 1388 1991 accessit
1410 1959 1559 2003 patriae.
1622 1958 1694 2004 Qui
1718 1958 1804 1992 socii
1829 1957 1985 1991 adiuncti
2017 1956 2123 1991 sunt?

1123 2020 1214 2053 quae
1243 2009 1392 2050 auxilia,
1438 2023 1591 2056 quorum
1618 2010 1730 2043 animi
1762 2011 1806 2043 ad
1834 2009 2123 2042 benevolentiam

1123 2060 1258 2092 inducti
1283 2068 1366 2094 sunt
1392 2062 1436 2093 ad
1468 2062 1687 2095 laudandam
1721 2061 1899 2094 civitatem
1932 2058 2123 2094 nostram?

1123 2123 1214 2156 quae
1232 2112 1375 2156 legatio,
1401 2126 1492 2158 quae
1510 2113 1773 2147 administratio
1793 2119 1953 2157 suscepta
1971 2118 2032 2152 est,
2061 2123 2124 2155 per

1124 2175 1231 2208 quam
1251 2164 1402 2198 civitatis
1419 2165 1532 2208 gloria
1549 2171 1650 2198 aucta
1668 2164 1781 2198 esset?
1798 2176 1888 2210 quae
1904 2163 2046 2207 negotia
2063 2169 2125 2196 aut

1124 2215 1168 2247 ad
1200 2221 1362 2257 nostros,
1405 2223 1466 2249 aut
1499 2217 1543 2249 ad
1567 2229 1757 2250 comunem
1781 2215 1952 2249 Graeciae
1976 2221 2122 2254 statum,

1124 2272 1184 2299 aut
1209 2267 1254 2299 ad
1277 2274 1414 2301 exteros
1438 2268 1655 2312 pertinentia
1681 2279 1745 2313 per
1768 2274 1801 2300 te
1830 2273 1988 2300 correcta
2015 2264 2122 2299 sunt?

1123 2330 1214 2363 quae
1231 2318 1406 2360 triremes,
1430 2320 1510 2360 tela,
1533 2319 1689 2360 navalia,
1710 2318 1851 2352 moenia
1870 2319 1998 2351 refecta
2016 2316 2122 2351 sunt?

1125 2369 1186 2414 qui
1210 2371 1348 2404 collecti
1375 2370 1535 2417 equites?
1571 2383 1639 2416 qua
1668 2371 1813 2403 tandem
1837 2370 1874 2402 in
1896 2382 1934 2403 re
1957 2368 2125 2414 profuisti

1124 2420 1284 2455 civitati?
1337 2422 1421 2457 Non
1446 2423 1627 2456 contulisti
1650 2422 1840 2466 pecuniam
1865 2434 1944 2454 cum
1966 2421 2125 2465 locuple-

1123 2472 1217 2507 tibus
1234 2480 1295 2508 aut
1310 2475 1544 2508 tenuioribus.
1598 2474 1666 2507 Sed
1687 2474 1781 2507 (lices
1798 2473 1863 2506 tibi
1881 2485 1955 2506 non
1972 2472 2123 2506 defuisse

1122 2525 1345 2559 voluntatem
1365 2525 1570 2559 conferendi
1585 2531 1618 2558 et
1633 2525 1970 2570 promptitudinem.
2006 2523 2122 2556 Immo

1122 2577 1364 2612 scelestissime
1399 2577 1581 2617 omnium,
1614 2589 1659 2610 ne
1689 2583 1773 2610 tunc
1809 2577 1954 2622 quidem
1987 2575 2123 2620 aliquid

1124 2629 1368 2669 contribuiSti,
1396 2642 1475 2663 cum
1496 2630 1700 2662 conferrent
1717 2640 1858 2668 omnes,
1885 2627 2123 2673 quiunquam

1122 2679 1160 2712 in
1189 2681 1332 2725 publico
1365 2681 1542 2715 dixerunt.
1608 2680 1797 2714 Postremo
1830 2686 1864 2712 et
1887 2677 2124 2718 Aristonicus,

1126 2732 1187 2777 qui
1219 2734 1407 2777 pecuniam
1434 2733 1615 2766 collectam
1642 2739 1682 2766 ut
1703 2732 1872 2766 mulctam
1899 2731 2053 2765 solveret
2077 2730 2122 2762 ad
