2351 2990
113 97 214 134 1007

112 186 157 219 ad
198 182 379 216 benefacta
398 206 408 219 ,
460 185 494 212 et
532 176 782 211 liberalitatem
821 177 856 205 et
887 169 1111 214 dignitatem,

114 248 222 282 quam
242 234 277 266 in
295 230 475 276 republica
496 230 682 263 adsecutus
697 224 815 270 θεῖ’-Ἦ).
865 221 931 254 Hic
946 233 1025 254 cum
1044 219 1112 252 iret

114 290 411 328 connecteretque
436 281 595 325 reliqua,
634 278 737 322 plura
762 275 941 308 dicturum
966 284 1029 315 ego
1058 270 1111 303 in-

114 335 321 382 terpellavi,
365 346 404 366 ac
428 332 547 365 ridens
572 331 734 375 inquam.
803 327 888 359 Luc.
932 322 1110 356 Haurisne

113 390 223 423 modo
257 393 429 431 tanquam
463 383 668 418 balneator,
708 385 748 412 ut
779 376 917 422 reliqua
947 374 1110 408 oratione

112 439 306 487 perfundas
334 434 422 469 mihi
447 432 575 467 aures?
650 431 769 465 Thers-
810 427 952 467 Etiam,
994 425 1111 471 inquit

113 493 193 532 ille,
221 487 422 533 congiaria,
449 486 552 518 ludos
574 496 616 517 ex
640 480 796 527 propriis
813 478 1040 512 facultatibus
1058 477 1110 510 ul-

113 551 170 578 tro
200 543 331 579 factos,
376 538 566 571 instructas
599 546 727 573 naves,
767 543 933 570 murum,
965 530 1111 567 fossam,

113 595 318 637 redemptos
349 589 528 634 captivos,
569 585 724 629 virgines
755 584 916 621 dotatas,
964 579 1109 614 consilia
1136 612 1140 634 t

114 646 249 691 optima
286 642 323 674 iu
358 639 560 685 republica,
602 636 819 681 legationes,
862 633 967 677 leges.
1026 633 1110 666 Luc.
1136 643 1140 679 Ι

114 698 274 742 Cumque
292 692 473 726 incidisset
488 691 525 723 in
547 687 832 733 magnitudinem
854 696 974 718 rerum
1000 689 1112 726 gesta·
1137 683 1140 718 l

113 761 214 788 rum,
256 744 356 789 coepi
389 743 506 776 ridere
540 739 725 774 hominem
757 736 946 782 supercilia
971 723 1141 779 contra-l

115 798 257 833 hentem
276 803 309 830 et
328 796 533 833 timentem,
559 805 604 825 ne
630 792 794 825 deficeret
816 801 896 822 eum
925 786 1041 820 oratio
1069 786 1112 817 de
1136 785 1141 851 1

113 852 219 885 rebus
244 847 348 893 gestis
371 842 637 879 Demosthenis.
703 844 751 876 At
773 842 923 874 fortasse
947 850 1024 877 me,
1137 853 1141 870 ι

116 915 245 949 quam,
273 905 376 944 putas
392 910 505 932 unum
522 908 564 930 ex
587 894 773 933 omnibns,
801 892 863 938 qui
887 888 1112 936 eloquentiae

118 954 296 988 dederunt
323 962 493 994 operam,
530 945 619 980 nihil
645 945 784 979 audisse
807 945 851 977 de
878 943 983 976 rebus
1009 940 1113 985 gestis

114 1001 392 1040 Demosthenis?
449 1002 566 1035 Thers.
600 997 734 1036 Immo,
762 995 812 1028 ait
836 995 914 1034 ille,
950 1005 1039 1038 opus
1064 998 1114 1025 est

113 1057 218 1091 nobis
234 1061 359 1088 mutuo
376 1052 507 1085 auxilio
524 1051 562 1083 in
577 1049 780 1087 scribendo,
808 1045 1113 1093 quemadmodum

114 1108 223 1154 paulo
251 1112 332 1139 ante
358 1104 511 1137 dicebas.
578 1101 713 1135 Verum
744 1099 813 1132 nisi
836 1099 986 1131 fortasse
1012 1095 1115 1128 aliter

115 1160 260 1193 affectus
279 1169 333 1197 es,
361 1155 523 1189 existimo
541 1153 607 1187 tibi
624 1150 814 1197 perstringi
833 1149 954 1182 oculos
976 1147 1114 1190 fulgore

113 1207 413 1245 Demosthenicae
432 1205 588 1250 gloriae,
619 1215 685 1237 nec
702 1213 805 1247 posse
828 1207 861 1233 te
881 1206 954 1232 tam
979 1198 1111 1231 claram

115 1264 230 1297 lucem
248 1259 436 1304 inspicere.
488 1254 581 1289 Mihi
599 1255 743 1301 quidem
769 1251 898 1286 accidit
920 1249 989 1284 hoc
1012 1249 1116 1282 initio

116 1315 155 1347 in
185 1313 357 1346 Homero.
424 1309 544 1342 Paene
568 1307 678 1351 igitur
703 1305 901 1339 abieceram
927 1313 1117 1346 argumen-

116 1373 192 1400 tum
205 1391 215 1405 ,
243 1363 325 1409 quia
341 1373 416 1394 non
434 1360 536 1405 potui
554 1358 698 1397 intueri,
730 1363 851 1401 postea
869 1354 1003 1393 nescio,
1030 1364 1117 1398 quo-

116 1418 226 1450 modo
243 1413 361 1458 recepi
378 1413 415 1446 in
431 1424 579 1451 manus,
607 1417 641 1443 et
654 1408 827 1454 paulatim
846 1405 1014 1440 assuefeci
1036 1416 1118 1436 ocu-

117 1470 189 1509 los,
217 1479 261 1500 ne
287 1464 566 1499 reformidarent
589 1467 791 1506 aspectum,
818 1470 908 1491 neve
927 1456 1117 1503 quisquam

119 1533 176 1553 me
201 1529 366 1552 accusare
390 1515 502 1560 possit
527 1513 781 1547 caecutientem
810 1511 845 1543 in
869 1510 941 1543 sole
965 1505 1117 1541 nothum

119 1570 233 1617 gentis
251 1568 475 1602 Homericae.
536 1565 766 1610 Quamquam
783 1569 842 1595 tua
860 1572 962 1594 causa
980 1558 1119 1592 facilior

120 1629 191 1662 est,
220 1634 329 1667 quam
346 1631 438 1652 mea.
473 1617 565 1652 Nam
587 1629 666 1650 cum
684 1615 720 1647 in
731 1614 889 1646 Homero
910 1610 1001 1645 nihil
1018 1622 1120 1655 prae-

118 1681 173 1707 ter
190 1673 366 1718 poeticam
382 1671 529 1703 laudare
545 1668 734 1713 possimus,
756 1671 830 1698 tota
847 1664 906 1696 illa
924 1664 1000 1697 laus
1014 1661 1120 1696 simul

120 1725 297 1758 inanimo
320 1721 551 1765 concipienda
571 1726 633 1753 est.
687 1717 771 1750 Tibi
787 1728 873 1749 vero
900 1728 979 1748 cum
1004 1720 1118 1747 totum

119 1773 401 1810 Demosthenem
422 1769 702 1815 coiisiderasw),
730 1769 855 1812 ingens
877 1766 978 1811 copia
1007 1778 1043 1799 se
1071 1765 1121 1797 os-

120 1830 207 1867 fert,
247 1833 286 1859 ut
311 1824 470 1863 dubites,
510 1821 625 1855 hucne
651 1833 696 1853 an
718 1820 801 1853 illuc
825 1826 858 1852 te
883 1824 1022 1857 vertas,
1056 1828 1121 1849 nec

120 1879 233 1925 possis
247 1884 400 1911 statuere
413 1903 421 1916 ,
449 1874 534 1920 quid
554 1874 710 1918 primum
728 1883 869 1906 sumere
887 1869 992 1909 velis,
1019 1868 1122 1902 sicuti

121 1929 263 1964 delicati
286 1929 322 1961 in
338 1925 568 1973 Syracusanis
593 1924 744 1964 mensis,
779 1929 840 1956 aut
867 1921 962 1955 avidi
986 1927 1122 1965 specta-

122 1989 218 2016 tores
234 1987 267 2014 et
292 1980 495 2017 auditores,
531 1990 610 2010 cnm
636 1975 736 2009 varia
762 1974 961 2019 spectacula
989 1979 1023 2005 et
1047 1983 1122 2004 car-

121 2034 219 2067 mina
238 2032 452 2070 offeruntur,
474 2029 651 2067 dubitant,
679 2039 750 2073 quo
769 2025 994 2071 potissimum
1011 2023 1123 2068 appli-

123 2092 203 2119 cent
222 2084 395 2117 animum.
449 2080 573 2126 ltaque
593 2079 723 2124 opinor
747 2084 780 2110 te
807 2090 848 2110 ex
870 2076 939 2109 alio
963 2076 1000 2108 in
1026 2075 1122 2108 aliud

122 2132 285 2176 desilire,
322 2146 386 2168 nec
402 2145 505 2178 posse
521 2132 557 2164 in
575 2143 646 2165 una
663 2143 702 2163 re
719 2128 958 2168 commorari,
986 2139 1065 2160 cum
1091 2133 1123 2158 te

123 2188 273 2222 subinde
292 2186 359 2219 alia
381 2186 425 2217 ad
443 2198 477 2218 se
502 2183 663 2228 rapiant,
700 2181 863 2214 videlicet
886 2187 1016 2212 natura
1038 2178 1124 2210 libe-

125 2240 228 2277 ralis,
271 2237 453 2282 ingenium
481 2237 628 2274 ardens,
664 2232 922 2277 temperantia,
956 2231 1125 2275 eloquen-

127 2292 194 2329 tia,
229 2289 439 2333 magnitudo
468 2287 577 2320 animi
602 2286 638 2318 in
663 2285 768 2318 rebus
794 2283 978 2327 gerendis,
1013 2281 1122 2314 multa

127 2349 161 2375 et
180 2342 362 2385 praeclara
385 2339 568 2378 facinora,
599 2338 765 2370 fortunae
790 2333 1019 2380 despicientia
1034 2359 1043 2372 ,
1075 2334 1125 2365 in-

127 2393 243 2431 stitia,
286 2391 510 2430 humanitas,
550 2390 655 2428 fides,
705 2387 872 2426 audacia,
921 2385 1124 2430 prudentia,

128 2443 287 2487 singulae
305 2443 461 2476 actiones
477 2442 512 2474 in
532 2439 726 2486 republica.
786 2438 951 2472 Fortasse
970 2434 1054 2470 hinc
1075 2436 1125 2468 in-

1060 836 1113 869 in-

166 2563 213 2589 23)
235 2562 265 2585 fl.
283 2562 300 2585 1.
328 2561 352 2583 in
373 2560 455 2584 Eunt.
472 2560 561 2587 1538„
592 2557 665 2582 1543.
691 2558 757 2581 nota
781 2556 896 2587 margin.
917 2554 1039 2585 Micylli:
1069 2555 1125 2578 Bes

201 2596 322 2626 publicae
341 2596 446 2625 gestae.

167 2649 214 2674 2²9)
236 2648 267 2671 E.
290 2648 305 2669 Ι.
327 2647 351 2669 in
373 2646 454 2669 Editt.
475 2645 564 2669 15:323..
592 2644 665 2669 1543.
685 2645 751 2667 uota
769 2642 886 2671 margin.
905 2640 1028 2672 Micylli:
1061 2642 1126 2664 Am-

203 2681 330 2711 pum-atio
351 2687 440 2703 rernm
461 2679 652 2703 Demosthenis
671 2684 719 2708 per
739 2678 934 2701 dubitationem
961 2677 988 2699 et
1011 2681 1126 2699 coacer-
1150 2687 1154 2695 ·

203 2716 337 2738 »ationem

703 86 827 123 PHIL.
863 82 978 118 MEL.
1011 78 1215 117 SCRIPTA
1242 74 1580 115 PHILOLOGICA.

2062 76 2163 112 1008

1135 168 1138 181 ¹
1166 172 1268 199 tuens
1289 167 1449 205 decreta,
1471 164 1680 210 legationes,
1708 162 1910 201 conciones,
1938 163 2047 207 leges:
2076 162 2160 197 inde

1165 217 1310 257 classes,
1337 216 1542 257 Euboeam,
1574 216 1742 260 Megara,
1772 213 1961 247 Boeotiam
1973 240 1982 254 ‚
2017 211 2161 255 Chium,

1178 266 1332 301 ‘rhodum
1344 295 1353 308 ,
1380 267 1651 312 Hellespontum
1664 293 1673 307 ‚
1700 265 1914 311 Byzantium
1923 264 1970 312 ³⁰)
1982 292 1991 306 ,
2022 264 2163 299 dubita-

1164 320 1217 353 bis
1229 346 1239 360 ,
1283 332 1354 364 quo
1382 325 1415 352 te
1439 319 1664 368 potissimum
1696 324 1813 351 vertas
1845 317 1882 350 in
1913 322 2012 349 tanta
2044 316 2161 361 copia,

1165 383 1245 405 cum
1265 370 1302 403 in
1317 382 1535 416 unaquaque
1550 382 1589 403 re
1610 369 1765 403 emineat
1788 368 1966 413 peculiare
1992 368 2163 413 quiddam

1164 423 1270 456 laude
1294 422 1455 466 dignum.
1507 421 1558 454 Ut
1580 421 1688 465 igitur
1704 421 1882 454 Pindarus
1906 419 2035 453 alicubi
2059 419 2162 453 dubi-

1164 480 1235 514 tat,
1279 474 1389 507 multa
1415 472 1540 506 videns
1562 472 1629 506 sibi
1652 472 1834 516 proposita
1863 484 1957 511 esse,
2000 483 2079 504 cum
2108 471 2163 505 in-

1165 531 1260 571 quit:

1215 588 1308 620 Num
1323 595 1396 617 mea
1413 585 1582 617 Ismemcm
1597 583 1780 616 Melicemve
1794 584 1972 626 nympham
1982 608 1992 623 ,

1217 639 1286 671 Sea
1302 637 1410 679 mayt‘s
1429 636 1587 669 Cadmum
1598 660 1608 674 ‚
1633 646 1740 677 genus
1754 638 1813 667 aut
1829 636 1977 668 virorum

1218 688 1385 721 Dentibus
1399 688 1489 720 saevi
1505 687 1657 729 yenitum
1675 687 1847 719 Draconis

1595 738 1758 770 Carmina
1772 737 1884 769 dicent
1894 732 1911 767 ἓ

1218 792 1287 824 Seu
1303 801 1423 823 canam
1445 789 1594 828 Thebas,
1623 788 1802 821 celebresve
1815 798 1948 830 puynas

1218 837 1400 875 Herculis?
1432 852 1488 874 sea
1506 840 1636 873 Bacche
1651 844 1725 873 tuos
1741 834 1908 872 honores?

1218 894 1288 927 Seu
1303 895 1403 936 prius
1418 904 1507 925 mmo
1520 891 1729 925 Harmoniae
1744 890 1874 934 puellae

1583 944 1708 976 Dicam
1724 938 2029 986 hymenaeosfflass

1167 1011 1264 1045 Idem
1285 1010 1350 1045 tibi
1366 1010 1574 1057 accidet31),
1600 1016 1640 1043 ut
1655 1010 1814 1050 dubites,
1842 1015 1962 1043 utrum
1987 1007 2168 1041 orationes

1169 1076 1215 1096 an
1237 1076 1293 1096 res
1315 1069 1450 1106 gestas,
1483 1068 1545 1095 aut
1568 1061 1830 1106 eloquentiam,
1866 1067 1928 1094 aut
1951 1059 2168 1099 doctrinam,

1169 1121 1231 1148 aut
1248 1113 1498 1153 autoritatem,
1531 1118 1593 1146 aut
1615 1118 1769 1145 mortem
1785 1112 1853 1144 viri
1877 1123 1997 1145 sumas
2018 1111 2170 1144 laudan·

1169 1168 1265 1200 dam.
1326 1165 1461 1199 Verum
1495 1176 1569 1197 non
1602 1163 1797 1203 erraveris,
1839 1162 2010 1209 quicquid
2039 1174 2170 1196 sumes.

1170 1218 1207 1252 Si
1233 1217 1345 1251 solam
1373 1216 1615 1263 eloquentiam
1632 1215 1679 1262 3²)
1706 1215 1870 1259 elegeris,
1917 1219 2167 1258 argumentum

1171 1269 1356 1314 copiosum
1374 1266 1532 1301 habebis.
1586 1266 1651 1299 Hic
1673 1267 1756 1300 satis
1782 1266 1850 1299 erit
1874 1277 1955 1299 eum
1973 1278 2053 1298 cum
2069 1264 2170 1298 Peri-

1172 1321 1222 1354 cle
1247 1321 1420 1353 conferre.
1489 1319 1581 1353 Nam
1616 1318 1710 1352 illius
1741 1318 1901 1362 fulgura,
1944 1316 2103 1350 tonitrua
2136 1323 2170 1350 et

1172 1372 1313 1406 aculeos
1331 1372 1472 1405 relictos
1495 1370 1530 1402 in
1549 1369 1678 1403 animis
1694 1369 1916 1402 audientium
1930 1394 1939 1408 ,
1974 1369 2069 1400 fama
2090 1374 2170 1401 tan-

1172 1431 1247 1457 tum
1269 1423 1487 1467 accepimus,
1515 1422 1574 1455 sed
1593 1421 1713 1453 nullae
1737 1427 1858 1453 extant
1881 1419 1955 1453 eius
1977 1418 2171 1454 orationes.

1173 1476 1295 1521 Quare
1324 1481 1462 1508 constat
1494 1485 1551 1506 eas
1580 1478 1723 1516 praeter
1746 1471 1925 1505 actionem
1949 1470 2085 1504 nullam
2109 1468 2173 1504 ha-

1172 1527 1289 1561 buisse
1307 1525 1459 1560 solidam
1478 1531 1539 1558 aut
1558 1523 1757 1557 durabilem
1780 1524 1944 1563 laudem,
1972 1533 2064 1568 quae
2088 1534 2174 1567 pro-

1173 1584 1372 1611 mereretur
1389 1575 1667 1623 admirationem
1694 1576 1789 1619 apud
1810 1581 1985 1619 posteros.
2036 1573 2085 1608 At
2101 1573 2172 1607 De-

1173 1627 1370 1664 mosthenis
1386 1629 1517 1673 scripta
1534 1633 1672 1665 extant;
1701 1627 1761 1660 sed
1785 1624 1853 1660 hoc
1878 1625 2081 1671 relinquam
2107 1625 2174 1659 tibi

1175 1682 1387 1719 dicendum,
1428 1680 1457 1714 si
1482 1676 1550 1712 hoc
1578 1684 1830 1723 argumentum
1854 1676 2076 1711 tractaveris.
2136 1676 2175 1711 Si

1175 1732 1394 1767 converteris
1410 1738 1443 1764 te
1461 1731 1505 1763 ad
1523 1742 1641 1764 mores
1657 1730 1751 1771 eius,
1787 1736 1821 1763 et
1843 1730 1887 1762 ad
1915 1741 1971 1763 res
1992 1728 2174 1775 gestasssss),

1174 1784 1310 1830 poteris
1327 1794 1514 1828 excerpere
1531 1794 1643 1816 unum
1666 1782 1803 1822 locum,
1838 1788 1899 1815 aut
1924 1782 1969 1814 ad
1993 1792 2173 1814 summum

1176 1838 1287 1877 duos,
1324 1833 1360 1869 hi
1385 1835 1451 1868 tibi
1476 1834 1734 1879 amplissimam
1757 1834 1946 1866 materiam
1969 1831 2175 1876 suppedita-

1175 1890 1277 1922 bunt.
1326 1887 1397 1921 Res
1420 1886 1516 1920 enim
1540 1892 1622 1920 sunt
1646 1885 1965 1930 splendidissimae.
2019 1883 2129 1929 Quod
2145 1884 2175 1917 si

1176 1952 1251 1973 non
1275 1939 1328 1973 vis
1352 1945 1467 1972 totum
1491 1944 1743 1982 argumentum
1774 1942 2015 1981 pertractare,
2057 1947 2175 1969 sumes

1177 1998 1316 2037 partem
1333 1990 1491 2036 aliquam
1508 1989 1659 2022 Homeri
1675 1989 1858 2033 exemplo,
1893 1987 1956 2034 qui
1981 1985 2111 2022 heroas
2137 1999 2179 2021 ex

1177 2043 1340 2088 partibus
1358 2043 1500 2083 laudat,
1526 2041 1709 2086 praedicat
1727 2041 1854 2085 pedes,
1885 2046 1948 2074 ant
1964 2045 2088 2084 caput,
2114 2045 2177 2073 aut

1178 2106 1339 2134 comam,
1367 2100 1428 2128 aut
1445 2098 1571 2134 vestes,
1598 2099 1661 2126 aut
1678 2092 1853 2138 clypeum.
1904 2091 1950 2125 Et
1964 2103 2009 2124 ne
2020 2090 2081 2124 Dii
2099 2090 2177 2137 qui-

1178 2147 1260 2180 dem
1283 2144 1490 2180 huiusmodi
1517 2145 1638 2179 laudes
1666 2150 1923 2189 aspernantur,
1968 2148 2129 2188 sumptas
2157 2154 2177 2176 a

1178 2198 1278 2239 telis,
1314 2210 1419 2238 arcu,
1454 2197 1598 2242 clypeo,
1628 2197 1758 2230 nedum
1792 2197 1837 2230 ab
1868 2195 1989 2242 aliqua
2015 2195 2178 2240 corporis

1212 2320 1260 2346 30)
1279 2318 1459 2349 Byzantium]
1493 2316 1532 2339 sic
1560 2314 1720 2345 scripsimus
1739 2323 1774 2337 =
1793 2311 1959 2344 Βυζάντιονς
1983 2314 2067 2340 Editt.
2089 2314 2176 2345 1533„

1250 2354 1342 2384 1538„
1363 2352 1436 2376 1543.
1456 2350 1627 2382 Bysautiuni.

1214 2404 1281 2434 30³)
1300 2405 1339 2428 De
1358 2405 1408 2427 hoc
1422 2400 1532 2426 Pindari
1547 2401 1649 2431 hymno
1670 2401 1742 2426 conf.
1761 2401 1869 2425 Boeckh
1882 2399 1996 2425 Pindari
2010 2399 2077 2429 Opp.
2097 2399 2125 2423 T.
2142 2398 2174 2422 U.

1252 2440 1280 2464 P.
1296 2440 1329 2464 ΙΙ.
1350 2446 1375 2469 p.
1389 2438 1448 2462 560.
1468 2437 1566 2466 fragm.
1583 2436 1607 2459 5.

1213 2492 1262 2518 31)
1283 2492 1316 2515 u.
1337 2491 1353 2514 Ι.
1375 2490 1401 2513 in
1420 2488 1503 2512 Editt.
1526 2487 1617 2518 1538„
1639 2486 1713 2511 15⁴3.
1734 2488 1800 2510 nota
1819 2485 1936 2517 margin.
1953 2484 2074 2516 Micyili:
2100 2485 2175 2515 Epa-

1248 2526 1345 2549 nodos.

1215 2577 1354 2636 3231111.
1373 2575 1399 2599 in
1427 2575 1521 2598 iisdem
1542 2574 1622 2597 Editt.
1652 2575 1715 2597 nota
1743 2572 1859 2603 margin.
1878 2571 2000 2603 Micylli:
2037 2572 2176 2602 Eloquen-

1261 2617 1295 2635 ia.
1327 2628 1334 2636 .

1215 2672 1263 2700 33)
1284 2673 1319 2696 fl.
1338 2671 1356 2696 Ι.
1382 2670 1408 2694 ἰιι
1435 2670 1530 2694 iisdem
1550 2668 1633 2694 Editt.
1659 2669 1723 2692 nota
1750 2667 1865 2698 margin.
1884 2666 2005 2697 Micylii:
2042 2667 2098 2690 Res
2124 2673 2176 2697 ge·-

1250 2708 1319 2731 stae.
1341 2706 1372 2730 ΙΙ.
