2351 2990
178 131 251 165 643

757 124 876 159 l’HlL.
911 122 1022 156 MEL.
1058 120 1260 155 SCmP'rA
1293 118 1629 154 PHILOLOGICA.

2139 118 2214 154 644

182 263 468 302 PLINIANAE
495 259 872 299 PRAEFATIOMS
902 259 954 295 IN
981 256 1166 293 LIBROS
1193 256 1260 291 DE
1289 255 1537 292 HISTORIA
1564 254 1838 291 NATURALI
1865 253 2216 291 PARAPHRASIS

775 329 866 356 PER
897 326 1159 356 PluLll‘PUM
1188 325 1562 354 MELANTHONEM
1589 323 1626 364 ¹).

184 425 288 480 Cum
324 456 378 475 ine
408 453 522 485 nuper
542 436 816 471 familiarissime
837 435 889 482 2),
926 443 963 470 ut
989 438 1030 469 ad
1057 443 1089 469 te
1114 437 1174 468 ali-

187 497 270 543 quid
296 495 505 529 scriberem,
530 489 703 523 *hortatus
728 488 793 527 sis,
829 495 858 520 ot
888 501 983 522 meas
1009 501 1080 522 csse
1114 488 1175 520 ali-

188 548 271 594 quid
289 558 398 588 nugas
419 550 532 587 pules,
560 555 633 574 nou
653 539 812 573 dubitaxi
832 541 873 571 ad
896 547 939 579 te,
966 539 1046 572 Tite
1063 539 1176 584 lmpe-

348 595 452 629 hosce
490 591 767 627 commentarios
802 592 974 624 naturalis
1007 589 1176 624 historiae

391 648 620 691 Quamquam
640 642 672 690 ³)
698 642 792 675 enim
818 642 852 674 in
879 656 1018 675 summo
1038 643 1175 686 fastigio

188 713 306 734 rerum
338 699 548 735 collocatus,
585 708 742 729 summos
771 691 927 727 honoros
962 707 1039 727 cum
1075 701 1176 738 pati-c

189 750 352 797 gesseris:
397 748 576 782 tamenin
602 746 756 779 maxima
793 752 986 789 potestate,
1029 745 1175 790 pristina

189 802 437 837 moderatione
469 813 507 833 ac
538 799 704 831 facilitate
728 809 808 839 erga
839 810 962 830 omncs
985 798 1030 829 ita
1058 797 1179 836 uteris,

190 862 228 888 ut
261 866 333 887 nou
367 853 484 885 minus
515 851 720 883 facilitatem
752 849 919 892 privatim
954 861 1074 881 amare
1114 861 1179 881 nos

188 913 286 940 tuam
312 904 424 947 cogis,
453 916 558 948 quam
586 902 663 934 illos
689 907 766 933 tuos
788 901 895 933 fasces
911 906 944 932 et
963 900 1103 944 imperii
1124 912 1179 932 or-

190 963 357 991 namenta
386 955 525 999 publice
545 954 705 986 colimus.
757 948 854 984 §ihil
880 951 973 984 enim
1002 952 1037 984 in
1057 958 1089 983 le
1106 964 1179 983 am-

189 1009 328 1055 plitudo
357 1008 521 1039 fortunae
548 1004 720 1040 mutavit,
755 1002 823 1035 nisi
847 1009 885 1035 ut
911 1004 1078 1046 prodesse
1102 1002 1180 1046 plus

191 1073 323 1106 posses.
385 1058 519 1097 Porro,
561 1056 700 1089 tametsi
717 1054 748 1101 4)
770 1067 826 1086 ine
851 1067 988 1087 summa
1016 1053 1180 1087 humaui-

190 1119 244 1145 tas
269 1119 325 1144 tua
351 1109 531 1147 inxitarit,
566 1105 726 1153 mihique
752 1106 910 1138 animum
937 1106 1113 1139 addiderit
1137 1106 1179 1137 ad

190 1171 223 1197 te
240 1161 436 1200 scribendi,
463 1167 582 1193 tamen
599 1172 677 1191 cnm
695 1158 827 1201 ingenii
846 1157 898 1190 tui
915 1157 984 1190 vim
1005 1164 1037 1190 et
1060 1157 1179 1190 iudicii

192 1213 427 1248 acrimoniam
459 1211 666 1250 considero,
707 1222 834 1242 vereor
869 1210 1026 1253 profecto
1063 1209 1181 1242 subire

193 1278 377 1300 censuram
395 1270 505 1297 tuam.
546 1263 661 1296 *Nemo
677 1262 770 1294 enim
789 1261 861 1293 ullo
879 1273 1006 1304 genere
1025 1261 1179 1293 civilium

193 1318 345 1357 artium,
373 1313 477 1349 ethis
492 1314 715 1359 eloquentiae
739 1313 863 1346 studiis
881 1319 913 1345 te
938 1313 1065 1352 vincit,
1093 1318 1127 1344 et
1146 1312 1181 1343 in

194 1369 332 1414 poetica
361 1379 499 1402 summa
524 1379 602 1399 cum
632 1365 798 1398 felicitate
828 1364 997 1403 versaris,
1040 1370 1073 1395 et
1108 1375 1181 1395 ma-

191 1421 285 1455 xima
313 1432 392 1453 cum
418 1418 522 1452 laude
547 1417 728 1457 videmus,
772 1415 865 1448 inter
893 1415 1053 1448 victrices
1076 1412 1182 1447 liede—

195 1486 272 1506 ram
299 1471 362 1504 tibi
385 1482 526 1514 serpere
551 1469 682 1502 lauros.
753 1467 789 1500 Si
814 1479 887 1499 non
913 1467 1128 1500 dedicassem
1153 1464 1182 1511 5)

195 1524 260 1557 tibi
286 1522 500 1556 nominatim
523 1518 589 1553 lioc
615 1532 722 1563 opus,
757 1524 919 1563 poteram
944 1517 1123 1556 excusari,
1154 1517 1182 1550 si

196 1576 281 1622 quid
307 1576 397 1607 sorte
422 1585 548 1617 parum
574 1572 778 1615 probasses,
821 1582 899 1602 cum
930 1570 993 1602 ista
1020 1581 1076 1601 me
1100 1568 1183 1602 scri-

194 1627 303 1672 psisse
320 1626 438 1668 x‘ulgO,
467 1631 500 1656 et
519 1623 670 1656 indoctis
685 1623 882 1666 profiterer.
918 1621 1009 1654 Nun
1026 1626 1064 1653 ut
1081 1619 1182 1652 multi

197 1679 283 1711 clari
300 1677 488 1720 scriptores
507 1675 679 1720 quosdam
701 1679 889 1706 vetuerunt
906 1672 1079 1715 attingere
1102 1684 1184 1704 suos

197 1731 328 1767 libros,
355 1728 421 1772 (M.
441 1727 563 1759 Cicero
590 1725 704 1765 enim,
740 1724 921 1763 Persium,
950 1724 1018 1763 ait,
1045 1729 1079 1756 et
1095 1722 1184 1756 Lae-

197 1782 283 1814 lium
307 1780 491 1812 Decimum
518 1778 602 1810 uolo
627 1775 714 1809 haec
736 1777 850 1819 legere
865 1775 909 1821 ⁶).
968 1774 1065 1807 Idem
1090 1775 1185 1818 apud

197 1832 374 1866 Lucilium
392 1831 423 1875 ⁷)
447 1829 530 1874 est):
586 1828 633 1861 ita
660 1835 692 1861 te
717 1840 859 1873 quoque
885 1839 1004 1860 arcere
1022 1832 1184 1871 poteram

198 1885 241 1917 ab
258 1882 312 1917 his
332 1882 432 1926 nugis
449 1881 597 1914 minime
619 1880 663 1912 ad
681 1886 779 1913 tuum
802 1892 905 1913 usum
932 1885 993 1912 aut
1015 1878 1184 1911 iudicium

199 1934 418 1979 conscriptis.
471 1933 567 1965 Haec
589 1929 675 1964 mihi
693 1931 891 1976 patrocinia
919 1929 1187 1974 nuncupatione

200 1987 338 2026 ademi,
373 1992 407 2019 et
438 1997 516 2019 cum
547 1983 692 2028 proprie
718 1983 782 2016 tibi
806 1980 892 2015 haec
918 1982 1065 2026 legenda
1092 1979 1187 2014 exlii-

187 606 304 633 rator.

187 650 337 683 minere.

236 2126 265 2153 1)
301 2123 345 2147 sic
369 2123 435 2145 haec
468 2119 652 2149 Paraplirasis
682 2117 815 2148 inscripta
847 2118 890 2141 est
917 2117 942 2140 in
968 2117 1053 2140 Editt.
1082 2117 1189 2140 1541-

272 2158 346 2183 1587.
377 2156 474 2184 (Editt.
505 2155 594 2184 1564.,
631 2154 702 2177 1570.
736 2153 815 2176 libris
850 2158 898 2181 pro
925 2153 1025 2179 libros)
1042 2159 1049 2180 ς
1086 2151 1112 2174 111
1143 2151 1190 2176 Ed.

270 2192 345 2217 1527.
363 2192 453 2214 autem
474 2190 575 2219 legitur
594 2189 659 2212 haec
679 2187 842 2216 inscriptio:
870 2186 1012 2210 Plinianae
1032 2186 1189 2209 Praefatio—

272 2228 315 2251 nis
334 2222 521 2256 Παρὰψρασις
541 2223 702 2254 dignissima
721 2223 808 2250 lectu,
833 2222 866 2247 et<
886 2226 954 2251 quae
973 2221 1033 2244 uice
1051 2226 1190 2244 commen-

271 2263 335 2285 tarii
356 2267 420 2284 esse
438 2259 536 2289 possit.

236 2307 266 2333 2)
288 2305 353 2328 nuic
374 2302 506 2333 principio
527 2301 552 2324 in
574 2301 621 2325 Ed.
640 2300 712 2324 1527.
733 2299 758 2322 in
779 2298 903 2329 margine
922 2298 1064 2327 adscripta
1083 2299 1125 2321 est
1139 2303 1191 2321 an-

273 2339 394 2362 notatio:
415 2334 556 2368 πρότασις.

238 2380 268 2409 3)
296 2381 362 2403 Huic
389 2381 447 2404 loco
473 2379 499 2402 in
528 2379 622 2402 eadem
648 2376 698 2400 Ed.
734 2375 758 2398 in
787 2381 872 2405 marg.
901 2374 1028 2405 apposita
1052 2375 1097 2398 est
1123 2381 1192 2399 vox:

272 2415 363 2438 Ratio.

239 2458 270 2484 4)
291 2457 319 2479 111
340 2456 464 2486 margine
482 2456 566 2479 Editt.
586 2454 676 2485 1522,
704 2453 780 2479 1541.
804 2452 882 2476 iuxta
900 2452 966 2475 haee
984 2451 1085 2482 legitur
1104 2457 1193 2476 anno-

274 2490 359 2514 tatio:
390 2490 540 2514 correctio.

240 2533 271 2561 5)
291 2532 340 2555 His
358 2532 448 2555 verbis
469 2532 494 2554 in
514 2532 595 2555 Editt,
613 2530 705 2558 1527„
727 2529 800 2553 1541.
819 2529 844 2552 in
865 2533 952 2558 marg.
969 2526 1113 2556 adscripta
1131 2528 1194 2550 sunt

274 2567 358 2590 haec:
386 2566 569 2595 Exaggeratio
590 2565 768 2589 difficultatis.

240 2610 271 2638 6)
292 2609 348 2633 Cic.
369 2608 401 2631 de
421 2609 496 2632 Orat.
511 2608 551 2637 ll,
570 2608 602 2633 6,
621 2607 664 2632 25.
683 2607 739 2630 ait:

275 2644 406 2669 Persium
420 2649 476 2665 non
489 2648 559 2665 curo
573 2643 682 2672 leyere:
704 2661 709 2666 .
730 2660 737 2666 .
760 2660 767 2666 .

773 2606 802 2631 C.
821 2605 944 2629 Lucilius
963 2623 968 2628 .
990 2623 996 2629 .
1018 2622 1024 2627 .
1044 2621 1050 2627 .
1071 2604 1195 2635 scripsit,

793 2641 926 2665 Laelium
941 2640 1088 2664 Decimum
1103 2640 1177 2663 volo.

241 2696 272 2725 7)
298 2695 329 2719 C.
347 2693 594 2750 Lucilius,⁶ggues
611 2692 765 2721 Romanus,
794 2691 944 2714 satirarum
963 2690 1099 2720 scriptor,
1119 2695 1195 2714 mor-

277 2731 341 2753 tuus
359 2734 384 2752 a.
403 2734 429 2751 u.
448 2734 472 2752 c,
510 2726 519 2732 '
544 2744 549 2749 .

2194 406 2216 425 c

1228 435 1392 475 inierim,
1437 442 1540 480 leque
1575 448 1755 469 censorem
1799 435 1918 480 scripti
1961 435 2029 468 mci
2063 435 2220 475 fecerim,

1230 493 1416 532 quantum,
1444 486 1503 519 Dii
1522 487 1752 527 immortales,
1782 500 1870 520 onus
1887 487 2059 520 sustineo!
2096 486 2217 520 Debeo

1230 539 1322 570 cuim
1342 538 1544 571 satisfacere
1563 544 1623 571 tuo
1644 538 1792 578 iudicio,
1820 551 1892 571 non
1911 539 2011 571 aliter
2027 545 2132 583 atque
2157 537 2219 583 qui

1231 589 1357 622 invitat
1378 587 1613 635 lios-pitemS),
1639 590 1742 622 delict
1759 602 1903 633 operam
1925 592 2028 629 dare,
2056 597 2095 622 ut
2112 591 2219 633 adpa-

1230 647 1327 674 ratus
1344 641 1392 673 illi
1412 641 1567 685 placeat,
1596 646 1629 672 et
1651 640 1724 673 eius
1741 641 1976 684 expectationi
1994 642 2219 685 respondeat.

1231 692 1266 725 Si
1285 705 1367 725 casu
1392 692 1498 725 suerit
1520 692 1658 724 oblatus
1682 689 1829 735 hospes,
1857 705 1930 725 uon
1956 693 2151 738 requiritur
2175 692 2220 726 si-

1231 743 1325 777 milis
1351 743 1546 787 diligentia.
1609 741 1655 775 Et
1681 743 1716 775 in
1741 743 1878 776 iudiciis
1905 744 1965 789 qui
1990 745 2056 777 sibi
2088 744 2220 778 iudices

1232 807 1305 828 non
1328 795 1548 834 sortiuntur,
1577 795 1636 827 sed
1660 794 1793 838 eligunt
1808 794 1859 840 9),
1892 796 2068 828 confidere
2093 796 2223 829 debent

1235 847 1301 879 illis
1322 846 1543 891 potissimum
1563 858 1598 879 se
1624 858 1764 878 causam
1784 859 1882 879 suam
1904 847 2119 890 probaturos
2136 859 2220 881 esse.

1232 898 1411 931 Fecissent
1431 904 1562 930 temere
1587 897 1786 937 candidati,
1830 910 1908 930 cum
1933 897 2106 931 Catonem
2133 898 2224 932 iudi-

1234 962 1307 982 cem
1332 951 1375 982 de
1399 949 1535 981 ambitu
1559 949 1760 992 elegerunt,
1802 949 1867 982 uisi
1895 951 2086 993 sperabant
2111 962 2146 982 se
2171 949 2223 982 illi

1234 1001 1475 1034 satisfacturos
1503 1012 1587 1033 esse.
1642 1000 1713 1044 Qui
1731 1000 1873 1045 quidem
1902 1001 1982 1033 ideo
2007 1001 2222 1034 acerrimum

1235 1052 1385 1084 iudicem
1411 1052 1611 1095 elegerunt,
1640 1058 1679 1083 ut
1699 1051 1939 1084 innocentiam
1965 1065 2064 1085 suam
2088 1053 2222 1097 populo

1235 1103 1468 1136 declararent.
1521 1102 1673 1135 Fecisset
1695 1109 1826 1135 temere
1853 1102 1893 1136 L.
1910 1103 2027 1147 Scipio
2040 1103 2105 1150 ¹⁰),
2142 1116 2223 1137 cum

1236 1155 1341 1187 ctiam
1366 1154 1549 1186 inimicum
1581 1153 1732 1186 iudicem
1766 1154 1887 1197 elegit,
1927 1154 1994 1187 nisi
2019 1154 2223 1188 innocentia

1235 1207 1362 1247 fretus,
1391 1219 1490 1239 suain
1511 1217 1652 1238 causam
1677 1218 1712 1238 se
1736 1205 1786 1237 illi
1812 1206 2045 1249 probaturum
2073 1207 2224 1240 confisus

1236 1264 1334 1291 esset.
1388 1256 1509 1302 ltaque
1528 1269 1606 1289 cum
1626 1268 1689 1299 ego
1707 1263 1739 1288 te
1757 1269 1918 1289 meorum
1936 1257 2149 1301 scriptorum
2172 1258 2225 1291 iu-

1236 1309 1349 1341 dicem
1381 1308 1548 1348 fecerim,
1586 1308 1662 1339 iure
1693 1307 1902 1341 teineritatis
1931 1321 2091 1349 accuser,
2142 1321 2222 1342 cum

1235 1366 1416 1404 praestare
1443 1372 1515 1391 non
1539 1358 1738 1402 potuerim,
1763 1365 1802 1391 ut
1828 1359 1892 1391 tibi
1912 1360 2103 1403 placerent.
2156 1359 2225 1394 Ne-

1237 1424 1304 1457 que
1330 1424 1415 1444 vero
1438 1411 1552 1444 solum
1576 1410 1746 1442 iudicium
1772 1416 1872 1442 tuum
1900 1411 2131 1454 pertimesce,
2164 1412 2227 1445 sed

1237 1475 1363 1495 vereor
1381 1462 1486 1495 etiam
1501 1488 1509 1500 ,
1536 1467 1575 1494 ut
1593 1461 1752 1505 principe
1770 1461 1915 1504 dignum
1940 1474 2028 1506 opus
2052 1462 2227 1496 videatur.

1236 1515 1303 1547 Sed
1322 1526 1400 1546 cum
1419 1513 1477 1545 Dii
1496 1524 1637 1558 quoque
1653 1512 1836 1556 patiantur
1854 1525 1925 1552 cos,
1953 1514 2013 1559 qui
2030 1511 2134 1546 thura
2152 1526 2227 1546 non

1237 1564 1388 1605 habent,
1432 1565 1522 1597 lacte
1546 1570 1580 1596 et
1603 1564 1692 1597 salsa
1722 1564 1789 1597 sibi
1822 1565 1917 1597 mola
1949 1565 2147 1609 supplicare
2164 1564 2226 1611 ¹¹):

1237 1630 1341 1662 spero
1366 1616 1429 1649 tibi
1454 1628 1598 1661 quoque
1621 1613 1689 1647 hoc
1714 1628 1843 1649 munus
1859 1628 1933 1649 non
1949 1617 2096 1661 perinde
2114 1617 2229 1660 splen-

1237 1670 1374 1709 (lidum,
1400 1669 1460 1701 sed
1476 1674 1595 1700 tamen
1617 1667 1753 1711 optimo
1770 1667 1890 1700 auimo
1906 1668 2064 1708 missum,
2087 1680 2161 1701 non
2178 1668 2231 1701 in-

1238 1727 1377 1765 gratum
1393 1720 1481 1753 sore.
1517 1718 1645 1751 Libelli
1659 1725 1741 1752 sunt
1756 1719 1913 1752 inornati
1923 1718 1981 1767 l²),
2006 1721 2119 1753 nudas
2136 1719 2230 1753 enim

1239 1785 1294 1806 res
1318 1771 1427 1805 totius
1451 1777 1600 1803 naturae
1626 1771 1661 1803 in
1687 1772 1937 1814 compendium
1960 1783 2149 1815 congerere
2168 1784 2229 1804 vo-

1239 1825 1301 1857 lui.
1354 1823 1478 1868 Neque
1502 1822 1602 1856 licuit
1626 1823 1779 1855 inserere
1805 1823 1975 1856 iucundas
1992 1822 2229 1863 narrationes,

1242 1875 1421 1908 mirabiles
1447 1886 1546 1907 casus
1573 1880 1634 1906 aut
1661 1874 1862 1914 orationes,
1899 1880 1933 1907 et
1956 1874 2087 1908 similes
2114 1873 2230 1907 illece-

1240 1928 1322 1960 bras
1347 1927 1533 1959 lectorum.
1602 1925 1715 1958 Multa
1747 1925 1795 1958 sic
1829 1925 1942 1958 aliena
1968 1931 2070 1965 sunt,
2112 1937 2187 1958 non
2209 1937 2229 1958 a

1241 1980 1319 2011 soro
1341 1984 1503 2018 tantum,
1531 1978 1591 2010 sed
1617 1976 1763 2009 omnino
1789 1977 1832 2009 ab
1856 1977 1962 2016 urbe,
1990 1983 2030 2010 ut
2053 1988 2098 2009 ne
2114 1977 2231 2009 nomi-

1242 2043 1327 2063 nare
1345 2030 1487 2075 quidem
1508 2029 1573 2061 nisi
1592 2027 1729 2061 rusticis
1746 2028 1926 2062 vocabulis
1946 2027 2140 2071 possimus,
2169 2028 2232 2061 ali-

1243 2082 1323 2115 cubi
1354 2088 1388 2114 et
1418 2080 1580 2113 barbaris
1615 2079 1914 2123 adpellationibus
1948 2080 2119 2113 utendum
2153 2079 2231 2114 erit.

1242 2134 1314 2168 Nec
1331 2133 1412 2166 trita
1431 2133 1484 2164 via
1504 2130 1702 2176 ingredior;
1731 2143 1837 2163 nemo
1857 2131 1950 2164 enim
1970 2137 2052 2164 ante
2069 2143 2125 2164 me
2142 2143 2232 2165 unus

1267 2277 1308 2304 ,8)
1329 2276 1397 2300 Huic
1415 2276 1474 2299 loco
1493 2275 1519 2298 in
1539 2275 1621 2299 Editt.
1641 2275 1731 2299 1559..
1759 2274 1852 2305 1564„
1880 2274 1973 2305 1570„
2004 2274 2078 2298 ¹58⁷.
2097 2274 2125 2298 iu
2144 2281 2230 2307 marg.

1315 2311 1455 2340 adscripta
1475 2312 1518 2333 cst
1539 2309 1699 2333 annotatio:
1726 2309 1830 2332 simne.

1279 2365 1310 2391 9)
1331 2363 1450 2390 eligunt]
1485 2362 1525 2384 sic
1550 2361 1634 2384 Editt.
1660 2360 1749 2387 1527.,
1786 2361 1878 2391 1511.;
1908 2360 1993 2386 Editt.
2019 2361 2110 2393 1559„
2142 2362 2233 2391 ¹564„

1318 2398 1390 2421 1570.
1412 2397 1552 2427 deliguut3
1573 2395 1620 2418 Ed.
1639 2395 1712 2420 1587,
1733 2395 1860 2425 diligunt.

1282 2450 1329 2477 10)
1339 2449 1406 2506 tHoc
1425 2452 1523 2471 nomen
1541 2446 1568 2469 111
1588 2446 1670 2470 Editt.
1692 2445 1882 2470 1559—1587.
1901 2446 1928 2469 in
1947 2445 2072 2476 margine
2089 2447 2132 2470 est
2149 2451 2234 2474 repe-

1315 2484 1335 2506 ti
1352 2489 1405 2508 um.
1756 2485 1762 2489 ·

1283 2535 1330 2563 11)
1350 2534 1418 2558 unic
1436 2534 1495 2557 loco
1510 2533 1536 2556 in
1556 2532 1639 2555 Editt.
1662 2532 1751 2563 ¹527„
1774 2532 1847 2555 1541,
1869 2531 1894 2554 111
1914 2531 2037 2561 margine
2055 2531 2179 2561 apposita
2193 2531 2235 2555 est

1318 2569 1477 2592 annotatio:
1506 2567 1638 2597 Purgatio
1664 2572 1682 2589 a
1700 2566 1800 2595 simili;
1824 2566 1850 2589 in
1870 2566 1952 2590 Editt.
1975 2565 2163 2590 1559—1587.
2185 2571 2236 2589 au-

1318 2605 1386 2627 tem:
1413 2601 1505 2626 Simile
1524 2608 1540 2625 a
1560 2601 1624 2625 Diis.

1285 2654 1330 2682 12)
1357 2653 1434 2676 quta
1453 2653 1518 2676 llaec
1537 2653 1622 2676 verba
1642 2652 1667 2675 in
1688 2651 1769 2675 Editt.
1791 2651 1882 2679 ¹521,
1910 2650 1982 2674 ¹541.
2011 2650 2036 2673 in
2057 2656 2143 2681 marg.
2163 2650 2235 2681 legi-

1319 2690 1364 2712 tur
1384 2690 1463 2711 nota:
1491 2687 1655 2711 Extenuatio
1681 2685 1784 2716 operi-⁴3,
1809 2687 1839 2708 ut
1857 2685 1969 2715 colligat
1988 2691 2041 2708 non
2061 2691 2123 2709 esse
2143 2687 2237 2715 aptum

1317 2721 1432 2753 principi
1450 2722 1560 2746 donum.
