2351 2990
105 113 180 149 405
233 112 353 149 XXIII.
392 112 698 149 ARGUMENTA
724 112 788 147 ET
815 112 1017 147 SCHOLLA
1044 112 1091 148 IN
1118 112 1264 149 EPIST.
1292 114 1404 150 FAM.
1433 115 1517 152 ClC.
1541 117 1629 153 LIB.
1650 119 1706 155 XI.
1733 122 1804 157 ΕΡ.
1822 127 1996 162 22—26.
2049 128 2122 164 406

91 201 187 244 quod
217 199 323 233 nimis
353 199 509 232 breviter
539 198 729 243 scripserit.
798 199 867 232 Sed
891 199 1079 243 praecipue

88 251 282 294 respondet
313 251 358 283 ad
387 249 551 283 fiduciam
576 249 680 282 Bruti
702 251 746 282 de
770 251 1013 295 recuperanda
1040 251 1079 282 li-

87 302 245 342 bertate,
287 313 394 346 quam
416 313 451 334 se
477 300 604 333 obnixe
627 301 853 334 defensurum
881 302 1078 344 pollicetur.

87 351 233 385 Initium
248 349 354 384 habet
366 351 484 384 iocum
496 353 538 384 de
552 352 723 385 brevitate
736 352 949 391 litterarum,
972 364 1077 397 quam

89 415 124 436 se
140 402 274 436 imitari
292 401 387 436 dicit.
439 401 577 435 Deinde
602 409 652 436 est
676 403 875 447 propositio
900 403 1078 447 principa-

87 452 149 493 lis,
176 454 271 499 quod
288 459 459 497 repugnet
476 453 648 486 servituti.
700 453 801 486 Hanc
818 454 972 487 breviter
996 466 1079 486 con-

86 505 205 537 firmat
223 516 241 537 a
258 503 409 537 minore.
462 503 501 537 In
521 506 588 538 tine
615 511 758 545 monet,
793 512 831 538 ut
858 505 1079 550 aliquamdiu

87 555 125 586 in
140 553 238 587 Italia
258 560 412 587 maneat.

332 637 470 671 Aliud
500 645 823 682 argumentum.

188 706 431 750 Responsoria
448 713 499 740 est
521 708 565 739 ad
585 707 855 751 praecedentem
879 706 982 740 Bruti
1006 705 1078 750 epi-

86 756 214 790 stolam
226 783 236 797 ‚
262 757 301 789 in
316 769 385 802 qua
401 764 524 790 monet
536 784 545 797 ‚
572 764 611 790 ut
627 757 723 791 lectis
739 757 865 790 litteris
882 758 999 790 statim
1019 758 1077 789 de—

86 814 199 851 ponat
218 820 360 841 ornnem
380 815 527 842 metum.
578 808 774 841 Exordium
795 808 947 841 sumitur
962 820 981 839 a
999 808 1077 840 hre-

88 858 195 891 vitate
211 858 411 892 litterarum
427 859 551 899 Bruti,
580 872 685 903 quam
699 858 769 904 ³⁵³)
794 858 927 890 imitari
949 859 1075 892 studet.

85 909 255 942 Narratio
274 910 431 943 continet
447 909 738 953 significationem
762 909 902 942 timoris
926 909 1077 953 depositi

88 966 122 992 et
141 961 471 1004 comprobationem
492 960 649 999 consilii,
684 961 781 1005 quod
803 960 847 993 sit
872 967 1077 993 moraturus

87 1011 124 1043 in
141 1009 253 1044 Italia.
315 1009 353 1043 In
377 1012 445 1043 fine
472 1017 522 1044 est
547 1011 689 1056 obliqua
708 1009 928 1051 adhortatio,
956 1012 1074 1044 addita

88 1061 360 1094 confirmatione
378 1062 604 1106 accipiendae
623 1062 793 1105 pecuniae
811 1075 829 1095 a
849 1069 983 1095 senatu.

332 1146 470 1179 Aliud
505 1153 834 1190 argumentum.

190 1212 385 1246 Exordium
428 1214 471 1246 de
510 1213 684 1246 brevitate
722 1214 921 1247 litterarum
961 1214 1076 1253 Bruti,

88 1276 195 1308 quam
229 1264 363 1297 imitari
396 1265 523 1297 studet.
595 1264 762 1309 Sequitur
798 1265 1077 1298 lun-ratiuncula.

88 1315 225 1347 Deinde
242 1316 286 1347 ad
303 1315 408 1347 finem
427 1327 537 1360 usque
562 1316 709 1358 ponitur
733 1315 916 1359 responsio
943 1315 1077 1349 littera—

89 1378 168 1398 rum
184 1366 306 1405 Bruti,
339 1366 459 1398 addito
478 1366 637 1399 consilio.

248 1475 431 1510 Scholia
468 1476 512 1508 in
547 1476 787 1520 epistolam
817 1475 923 1510 XXV.

191 1553 221 1597 ἓ.
241 1555 273 1587 1.
301 1555 508 1596 Expectant&
525 1551 628 1599 mihi]
651 1552 848 1585 Exordium
866 1565 906 1585 ex
915 1553 961 1598 96)
980 1565 1078 1586 occa—

89 1606 186 1639 sione
203 1604 391 1638 scribendi.
467 1605 560 1637 Scito
578 1606 684 1647 iyitur
693 1601 767 1650 ²³⁷)]
795 1603 976 1637 Narratio.

386 1686 780 1732 Argumentumffl).

190 1755 399 1788 Hortatoria
433 1761 484 1788 est
515 1755 559 1786 ad
588 1754 839 1787 vindicandam
866 1756 1077 1791 libertatem.

88 1806 284 1839 Exordium
303 1812 441 1839 constat
463 1805 646 1838 occasione
665 1805 859 1846 scribendi,
887 1813 921 1839 et
938 1820 1078 1841 excusa-

89 1858 186 1890 tione
207 1857 401 1890 brevitatis.
463 1856 631 1901 Sequitur
653 1857 748 1889 nuda
771 1857 986 1900 propositio,
1023 1859 1079 1891 cui

91 1908 254 1942 adiicitur
279 1908 414 1953 aliquid
440 1909 483 1941 de
508 1907 675 1940 accersito
692 1907 805 1939 Marci
820 1908 923 1941 Bruti
946 1910 1078 1953 praesi-

90 1960 170 2000 dio,
210 1966 250 1993 ut
277 1957 434 1992 hostIum
463 1958 631 1991 violentia
659 1970 700 1990 eo
725 1958 826 1992 citius
851 1960 1078 2003 reprimatur.

91 2010 130 2043 ln
146 2011 214 2044 fine
230 2017 281 2044 est
296 2010 482 2055 praecisio.

330 2093 470 2127 Aliud
504 2100 835 2138 argumentum.

195 2162 388 2207 Obliquam
404 2161 561 2195 continet
578 2160 864 2195 adhortationem
877 2189 886 2201 ,
914 2174 1004 2208 quae
1024 2176 1079 2197 su-

93 2214 203 2246 mitur
222 2225 241 2245 a
257 2225 318 2257 spe
346 2213 526 2253 omnium,
560 2225 622 2246 seu
643 2213 885 2258 expectatione
908 2215 950 2246 de
966 2214 1078 2247 Bruto

94 2272 128 2297 et
144 2264 276 2296 Planco
287 2290 296 2303 ,
323 2265 419 2308 quod
435 2264 505 2297 sint
520 2264 631 2298 futuri
649 2264 813 2297 acerrimi
835 2273 1079 2309 propugnato-

92 2327 148 2348 res
165 2314 336 2347 libertatis
354 2321 476 2348 contra
493 2315 703 2350 Antonium.
755 2315 951 2349 Exordium
973 2318 1079 2350 sumi-

127 2436 195 2468 95³)
215 2437 308 2466 quam]
327 2435 368 2459 sie
386 2436 463 2459 recte
480 2436 563 2461 Editt.
586 2436 679 2467 1565.,
700 2437 789 2467 1571.‚
810 2437 902 2467 1596.;
935 2439 984 2463 Ed.
1007 2439 1080 2462 1556.

181 2477 250 2494 uem.

129 2478 179 2545 9⁶3
199 2515 246 2571 εὖ]
266 2513 308 2570 εἰς
325 2513 408 2536 Editt.
430 2512 635 2544 1537—1544.,
654 2513 747 2545 1554„
767 2514 858 2544 1557.;
890 2514 974 2538 Editt.
998 2516 1081 2546 1543,

167 2548 216 2571 156
237 2566 242 2572 .
261 2553 277 2571 a
298 2565 304 2571 .

130 2591 180 2619 97)
198 2591 252 2614 Pro
276 2589 318 2612 his
342 2589 397 2614 Cic.
423 2589 516 2612 verbis
541 2589 567 2612 in
592 2589 676 2615 Editt.
697 2591 788 2619 1545.,
820 2592 892 2615 1560.
918 2592 977 2615 huic
1002 2594 1083 2615 notae

168 2625 289 2654 praefixa
307 2626 371 2647 sunt
389 2623 596 2647 antecedentia:
623 2624 683 2655 Ego
703 2626 806 2649 autem.

133 2667 180 2694 98)
199 2667 256 2690 Hoc
273 2668 462 2697 argumentum
481 2667 508 2689 et
526 2666 577 2690 duo
598 2667 738 2696 sequentia
757 2668 790 2690 ab
808 2668 891 2693 Editt.
911 2669 996 2694 1556..
1018 2668 1083 2692 1565

167 2700 282 2725 -1596,
302 2702 474 2730 praebentur.

1134 206 1192 233 tur
1224 201 1267 233 ab
1299 202 1482 236 occasione
1515 205 1709 243 scribendi,
1751 209 1870 242 addita
1897 214 2121 247 excusatione

1132 251 1315 285 brevitatis
1336 253 1548 288 litterarum.
1602 255 1770 291 Narrati0
1797 261 1953 295 continet
1977 264 2120 298 brevem

1133 303 1311 346 quandam
1330 301 1616 339 adhortationem
1630 334 1639 346 ‚
1667 308 1722 341 cui
1745 310 1889 344 additur
1910 314 2120 356 pollicitatio

1132 354 1174 385 de
1204 365 1265 386 sua
1298 354 1480 398 diligentia
1508 356 1544 388 in
1564 357 1676 391 Bruto
1704 363 1971 403 persuadendO‚
2011 372 2047 397 ut
2077 368 2119 399 ad

1132 416 1320 437 commune
1337 406 1467 439 bellum
1489 407 1619 442 veniat.
1678 409 1774 443 Loco
1800 414 2035 448 conclusionis
2059 429 2121 460 po-

1131 454 1228 487 nitur
1246 456 1418 499 praecisio
1436 464 1468 489 et
1488 457 1585 492 iocus
1605 460 1648 491 de
1666 461 1839 496 brevitate
1857 464 2044 500 scribendi.

1378 540 1514 574 Aliud
1543 554 1696 587 argum
1711 552 1874 581 entum.

1231 605 1428 639 Exordiilm
1462 615 1643 652 sumptum
1676 617 1726 644 est
1760 613 1804 645 ab
1829 614 2012 649 occasione
2036 618 2120 650 scri-

1131 655 1247 689 bendi.
1302 656 1440 690 Deinde
1455 659 1615 703 sequitur
1633 662 1805 697 narratio.
1865 664 1905 697 In
1927 666 1995 700 fine
2018 669 2120 711 poni—

1131 711 1188 738 tur
1206 708 1503 747 correctiuncula,
1532 722 1592 743 seu
1608 712 1780 754 praecisio
1797 716 1980 751 continens
2003 717 2118 752 iocum

1130 757 1173 789 de
1189 756 1401 791 Laconismo
1420 759 1534 793 Bruti.

1266 864 1486 900 Scholion
1521 869 1563 901 in
1592 870 1835 914 epistolam
1865 876 1985 911 XXVI.

1233 941 1315 986 *3.1.
1344 943 1438 989 11299)
1457 948 1608 980 maximo
1630 959 1698 980 meo
1721 950 1852 990 dolore,
1888 951 1973 1000 etc.]
2009 953 2119 988 Exor-

1130 992 1227 1025 dium
1245 1006 1264 1026 a
1284 995 1526 1028 consolatione
1538 1023 1546 1036 ‚
1576 1009 1645 1042 qua
1662 998 1735 1042 ipse
1752 1006 1883 1035 utatur.

1417 1080 1447 1112 A
1460 1092 1476 1112 r
1486 1093 1506 1124 g
1516 1094 1539 1114 u
1548 1094 1583 1114 m
1595 1094 1612 1114 e
1622 1088 1699 1116 ntu
1711 1096 1745 1116 m
1763 1084 1836 1129 l⁰⁰).

1233 1146 1379 1190 Saepius
1402 1155 1592 1181 monuerat
1614 1149 1747 1184 Brutus
1778 1160 1938 1187 senatum
1971 1158 2014 1189 ad
2040 1160 2120 1191 mit-

1132 1196 1276 1229 tendum
1292 1198 1487 1231 subsidium
1514 1201 1683 1233 adversus
1703 1201 1922 1246 Antonium,
1959 1219 1999 1239 eo
2024 1211 2119 1253 quod

1132 1252 1321 1287 metueret,
1365 1261 1410 1280 ne
1444 1262 1523 1282 suas
1556 1250 1648 1284 vires
1674 1251 1851 1287 Antonius
1884 1267 2120 1301 recuperaret.

1130 1296 1196 1329 Sed
1217 1309 1294 1330 cum
1312 1299 1489 1343 plerisque
1513 1301 1558 1332 ad
1582 1299 1674 1334 hanc
1694 1315 1769 1335 rem
1795 1305 1974 1340 videretur
1989 1309 2120 1344 Brutus

1131 1347 1311 1387 timidior,
1340 1362 1417 1382 cum
1441 1350 1619 1384 Antonius
1644 1365 1718 1385 non
1744 1356 1937 1390 admodum
1963 1367 2120 1393 metuen-

1131 1399 1194 1431 dus
1211 1406 1310 1437 esset,
1338 1412 1411 1433 non
1425 1402 1541 1444 potuit
1560 1414 1578 1434 a
1597 1411 1721 1437 senatu
1737 1404 1941 1449 impetrare,
1971 1417 2009 1443 ut
2025 1424 2120 1444 exer—

1131 1449 1239 1482 citum
1254 1463 1356 1484 suum
1376 1452 1570 1485 maioribus
1588 1455 1697 1497 copiis
1714 1457 1880 1491 muniret.
1929 1459 2051 1506 Itaque
2069 1463 2121 1495 in-

1133 1500 1267 1533 tellecta
1284 1502 1534 1535 coniunctione
1553 1504 1702 1537 Antonii
1722 1513 1755 1539 et
1773 1506 1900 1552 Lepidi
1922 1520 2120 1547 commotus

1132 1550 1340 1595 indignitate
1363 1553 1495 1588 Brutus
1527 1552 1593 1587 hac
1626 1557 1774 1599 epistola
1807 1561 1986 1604 queritur,
2024 1566 2119 1608 quod

1131 1609 1274 1637 senatus
1302 1604 1369 1637 sibi
1401 1611 1493 1638 recte
1528 1608 1690 1640 monenti
1720 1621 1793 1641 non
1823 1614 2003 1654 paruerit,
2040 1627 2118 1647 cum

1131 1665 1224 1686 nunc
1239 1666 1313 1687 non
1328 1656 1403 1688 sine
1422 1656 1581 1700 periculo
1597 1657 1646 1698 id,
1671 1661 1767 1704 quod
1783 1663 2015 1709 metuebatl)‚
2043 1678 2120 1698 eve-

1131 1705 1235 1738 nerit.
1294 1706 1445 1740 Orditnr
1467 1719 1486 1739 a
1509 1706 1685 1751 pathetica
1712 1712 1877 1755 querela,
1912 1726 2019 1758 quam
2048 1728 2121 1749 am—

1130 1756 1263 1799 plificat
1283 1769 1347 1800 per
1373 1756 1592 1802 σαρκασμόν
1606 1760 1649 1805 ⁴²).
1723 1761 1861 1796 Deinde
1887 1761 2051 1799 hortatur
2075 1769 2119 1799 ab

1132 1807 1334 1840 imminenti
1355 1809 1526 1851 periculo.

1373 1892 1513 1927 Aliud
1541 1903 1876 1939 argumentum.

1232 1959 1459 1993 Nuntiatoria
1479 1967 1513 1993 et
1526 1963 1718 1996 monitoria
1737 1971 1787 1998 est
1803 1966 1961 2009 epistola,
1979 1976 2119 2012 sumpta

1132 2021 1173 2042 ex
1195 2010 1445 2044 coniunctione
1470 2011 1597 2056 Lepidi
1629 2026 1707 2047 cum
1731 2015 1902 2050 Antonio.
1969 2018 2120 2052 Orditnr

1133 2067 1251 2094 autem
1271 2073 1290 2094 a
1308 2062 1551 2096 consolatione
1566 2076 1631 2108 per
1646 2066 1913 2100 translationem
1925 2095 1934 2108 ‚
1958 2082 2025 2113 qua
2046 2070 2118 2114 ipse

1132 2118 1252 2145 utatur
1275 2112 1311 2145 in
1337 2111 1403 2146 hac
1429 2126 1545 2148 causa.
1606 2115 1733 2149 Postea
1756 2130 1820 2161 per
1845 2120 2023 2167 quandam
2048 2121 2120 2153 iro—

1132 2163 1228 2196 niam
1246 2170 1343 2197 taxat
1360 2164 1508 2198 nimiam
1527 2168 1787 2201 cunctationem
1808 2176 1960 2203 senatus.
1995 2170 2118 2216 Sequi-

1133 2221 1189 2247 tur
1211 2215 1328 2249 hrevis
1352 2216 1512 2249 narratio
1534 2219 1577 2250 de
1597 2217 1722 2252 litteris
1746 2219 1859 2253 missis
1883 2221 1927 2252 ad
1944 2228 2117 2260 senatum,

1133 2267 1252 2299 addita
1272 2267 1464 2310 petitione,
1493 2274 1532 2301 ut
1555 2269 1647 2302 serio
1674 2269 1869 2302 deliberent
1895 2278 1928 2303 et
1952 2280 2056 2315 agant
2082 2274 2116 2305 in

1134 2324 1230 2350 tanta
1247 2330 1350 2351 causa
1364 2345 1372 2357 ‚
1408 2319 1559 2352 maxime
1574 2321 1615 2352 de
1631 2320 1811 2354 mittendis
1832 2322 2030 2365 legionibus
2056 2336 2116 2367 per

1133 2367 1294 2402 homines
1310 2369 1440 2403 fideles.

1167 2504 1215 2532 99]
1235 2503 1284 2531 In]
1304 2502 1353 2526 Ed.
1374 2502 1457 2526 orell.
1478 2502 1528 2525 hoc
1546 2502 1624 2524 habet
1644 2502 1721 2525 uncis
1740 2502 1881 2526 inclusum.

1169 2548 1232 2575 100)
1253 2548 1310 2569 Hoc
1327 2547 1515 2575 argumentum
1535 2546 1561 2567 et
1580 2544 1631 2567 duo
1649 2544 1791 2574 sequeutia
1808 2545 1835 2568 iu
1854 2545 2033 2573 Editt.1556.,
2054 2548 2119 2571 1565

1205 2581 1322 2604 -1596,
1344 2581 1460 2602 exstant.

1169 2623 1198 2655 1)
1217 2623 1367 2650 metuebat]
1386 2621 1434 2644 Ed.
1456 2620 1529 2644 1571.
1551 2626 1646 2644 errore
1665 2622 1792 2651 typogr.:
1826 2623 1970 2646 metuecat.

1168 2667 1200 2695 2)
1218 2663 1396 2696 σαρκασμὸν]
1422 2663 1461 2686 sic
1487 2663 1537 2688 Ed.
1563 2663 1655 2693 1556.;
1690 2663 1773 2687 Editt.
1794 2664 1885 2694 1565„
1917 2664 2009 2695 1571„
2045 2667 2116 2690 1596.

1205 2705 1383 2724 sarcasmum.

1419 2731 1504 2768 26ἡε
