2294 2975
112 125 187 162 305
256 123 378 160 XXIII.
429 123 739 161 ARGUMENTA
764 123 830 160 ET
857 124 1060 161 SCHOLIA
1087 124 1135 162 IN
1159 126 1307 164 EPIST.
1333 127 1447 165 FAM.
1476 128 1559 166 CIC.
1587 129 1675 167 LIB.
1692 130 1750 168 IX.
1777 132 1848 170 ΕΡ.
1867 135 1924 172 14.
1943 137 2001 174 15.

109 218 257 257 propter
293 211 381 245 illud
412 211 543 244 factum
579 210 658 255 plus
687 222 789 252 amo,
838 223 949 258 quam
983 218 1099 247 antea.

109 264 232 297 Prima
265 262 357 295 ratio
393 268 533 305 sumpta
558 267 609 295 est
633 273 674 295 ex
695 259 866 304 honesto,
918 264 1028 297 altera
1056 264 1099 298 ab

108 315 268 359 exemplo
287 313 405 347 simili.
464 312 709 356 Propositioni
728 313 882 347 subiecta
901 321 952 348 est
968 312 1099 348 adhor-

109 366 216 406 tatio,
245 377 334 410 quae
352 362 459 396 habet
474 364 621 396 mixtam
639 364 927 408 gratulationem.
985 366 1100 410 Argu-

109 423 228 449 menta
259 414 505 459 gratulationis
528 421 667 458 sumpta
691 421 774 448 sunt
794 428 813 448 a
836 417 918 449 facti
945 417 1099 450 utilitate

109 473 143 500 et
157 467 286 511 gratia:
315 466 418 505 item,
447 466 544 510 quod
558 477 632 498 non
652 466 764 506 sorte,
792 468 853 500 sed
873 468 1019 501 consilio
1043 480 1100 512 ge-

107 525 200 552 stum
225 517 279 550 sit.
334 516 521 549 Conclusio
552 522 603 549 est
629 515 897 560 adhortatoria,
933 526 972 553 ut
998 525 1100 552 ornet

106 569 259 602 Brutum
276 572 309 600 et
325 566 485 601 Cassium
502 567 675 602 libertatis
696 574 851 604 autores.

325 651 464 686 Aliud
491 664 650 696 argum
664 653 882 701 entumm).

212 721 307 754 Haec
324 720 471 764 epistola
494 720 624 765 scripta
647 727 698 755 est
716 722 759 754 ad
775 721 999 754 Dolabellam
1018 731 1101 752 con-

108 772 240 812 sulem,
269 778 303 805 et
321 778 371 805 est
388 771 619 815 gratulatoria
638 778 671 805 et
692 770 892 805 hortatoria
918 772 955 803 in
973 782 1100 813 genere

107 824 402 857 demonstrativo.
472 822 578 855 Anno
605 824 758 856 seeundo
781 822 926 867 Olymp.
945 820 1029 855 184.
1055 821 1099 853 ab

108 875 196 907 urbe
225 874 368 907 condita
393 873 477 907 710.
507 885 602 905 anno
623 871 658 907 5.
689 879 770 917 post
800 880 938 906 motum
965 872 1098 905 bellum

108 925 209 958 civile
232 925 270 959 C.
294 923 402 957 Iulius
429 924 557 957 Caesar
581 930 614 956 et
637 924 687 957 M.
711 924 888 957 Antonius
912 924 994 956 sacti
1017 928 1100 956 sunt

107 976 287 1015 consules,
315 981 348 1007 et
365 974 507 1008 Caesari
524 975 687 1008 suffectus
705 981 756 1008 est
771 975 811 1008 P.
829 974 1015 1008 Cornelius
1025 973 1099 1006 Do-

107 1027 245 1060 labella.
305 1025 382 1057 Hoc
403 1037 498 1057 anno
522 1025 651 1069 scripta
678 1032 729 1058 est
752 1024 838 1059 haec
862 1025 1030 1069 epistola,
1066 1030 1100 1057 et

108 1076 175 1110 1100
207 1088 302 1109 311110
329 1075 446 1109 Idibus
472 1075 611 1109 Martiis
643 1076 846 1110 interfectus
878 1083 929 1110 est
959 1075 1099 1109 Cacsar.

108 1128 318 1161 Gratulatur
334 1126 441 1169 igitur
461 1126 583 1159 Cicero
598 1126 804 1160 Dolabellae
822 1127 918 1160 illam
935 1127 1100 1170 gloriam,

109 1179 205 1223 quod
230 1179 266 1210 in
291 1177 401 1220 ipsius
426 1177 611 1210 consulatu
635 1177 765 1210 Caesar
800 1178 933 1211 occisus
962 1178 1025 1217 sit,
1067 1183 1101 1209 et

108 1230 182 1272 ipse
206 1235 310 1261 autor
334 1227 439 1260 suerit
463 1227 560 1271 pacis
585 1234 619 1260 et
640 1228 908 1273 tranquillitatis
932 1228 969 1259 in
995 1239 1100 1270 repu-

106 1280 210 1319 blica,
233 1286 266 1311 et
281 1276 447 1310 hortatur
463 1290 556 1317 eum,
583 1284 623 1310 ut
639 1279 745 1311 istum
762 1279 921 1311 animum
937 1277 1101 1317 retineat,

108 1336 141 1363 et
157 1330 329 1363 occisores
346 1328 506 1362 Caesaris
524 1334 667 1362 tueatur
684 1335 790 1375 atque
807 1334 1003 1363 conservet.

363 1410 498 1445 Aliud
526 1420 852 1456 argumentum.

213 1478 414 1512 Gratulatio
450 1485 501 1512 est
536 1478 638 1512 initio
673 1480 822 1524 figurata
857 1480 1102 1514 translatione.

113 1530 299 1562 Transfert
315 1529 410 1561 enim
428 1529 466 1561 in
483 1541 518 1563 se
540 1536 679 1573 partem
708 1531 846 1564 consilii
873 1537 907 1564 01
928 1531 1012 1564 sacti
1029 1531 1103 1563 Do-

110 1580 270 1614 labellae.
334 1580 463 1613 Postea
487 1580 587 1613 addit
613 1582 888 1621 correctionem,
922 1594 957 1615 se
982 1588 1102 1614 tamen

110 1643 225 1676 neque
253 1631 501 1674 decerptarum
528 1631 663 1676 aliquid
697 1633 860 1666 laudibus
883 1632 1102 1672 Dolabellae,

113 1688 147 1714 et
176 1681 275 1714 addit
304 1687 552 1724 argumentum
577 1683 620 1715 ab
646 1694 767 1716 amore
792 1696 856 1717 suo
883 1696 963 1727 erga
989 1684 1102 1717 illum.

112 1733 280 1777 Sequitur
300 1732 427 1764 deinde
451 1729 655 1766 adhortatio
678 1745 758 1766 cum
779 1732 976 1767 honorifica
1002 1746 1104 1779 prae-

112 1783 289 1816 dicatione
305 1783 405 1823 sacti,
433 1782 597 1816 videlicet
616 1795 635 1816 a
661 1784 730 1816 fine
755 1790 789 1818 et
814 1797 834 1817 a
861 1785 1021 1820 consilio.
1072 1784 1105 1818 A

112 1835 201 1874 fine,
230 1835 327 1879 quod
342 1845 415 1866 non
432 1834 579 1866 summis
595 1840 755 1875 tantum,
792 1836 852 1868 sed
874 1836 1004 1869 infimis
1027 1836 1105 1880 qui·

112 1887 248 1930 busque
270 1883 337 1917 hoc
360 1885 491 1917 factum
516 1885 699 1929 probetur.
752 1885 784 1918 A
807 1886 974 1926 consilio,
1008 1888 1105 1931 quod

112 1948 186 1970 nou
202 1942 334 1969 temere
351 1941 412 1968 3111
427 1947 526 1976 03511,
554 1937 614 1969 sed
632 1936 792 1970 consulto
809 1949 884 1970 rem
906 1937 1105 1981 perfecerit.

295 2026 481 2062 Scholia
510 2029 554 2062 in
583 2029 830 2075 epistolam
858 2028 932 2064 XV.

218 2101 248 2147 ἓ.
269 2104 302 2137 1.
336 2105 476 2138 Duabus
499 2107 567 2139 fuis
589 2103 756 2152 epistolis]
784 2105 1006 2149 Propositio:
1039 2103 1108 2139 Fui

117 2153 286 2188 sollicitus
302 2155 344 2187 de
362 2160 422 2187 tua
442 2156 654 2189 valetudine.
708 2156 834 2189 Ratio:
871 2156 964 2200 Quia
991 2162 1024 2188 10
1049 2167 1108 2188 ve-

118 2204 302 2238 liementer
327 2217 420 2240 amo.
504 2209 594 2241 Nam
619 2209 703 2253 quod
724 2220 775 2241 me
798 2205 910 2253 amas]
946 2207 1107 2240 Secunda

117 2256 208 2289 ratio
230 2256 405 2299 eleganter
421 2257 632 2301 amplificata
651 2264 701 2291 est
717 2258 905 2291 collatione
923 2264 955 2290 et
978 2258 1107 2291 causis:

117 2307 201 2342 Non
218 2308 332 2341 solum
349 2319 405 2340 1110
421 2319 537 2348 amas,
563 2310 623 2342 sed
647 2309 753 2342 etiam
782 2309 927 2342 caeteriS
953 2321 988 2342 es
1012 2320 1109 2342 ama-

118 2358 243 2399 bilior,
284 2358 473 2402 praecipue
504 2366 650 2404 propter
680 2360 895 2404 singularem
926 2360 1110 2394 urbanita-

120 2416 203 2443 tem.
256 2408 373 2455 Atque
390 2407 448 2442 hic
465 2417 707 2445 commoratur
731 2411 768 2444 in
790 2411 1025 2456 descriptione
1051 2423 1109 2444 ur-

121 2460 301 2494 banitatis.

225 2509 255 2555 ς’.
272 2511 306 2544 3.
331 2513 423 2553 Quod
442 2517 552 2546 autem
577 2511 703 2560 altera]
730 2512 851 2546 Altera
877 2525 959 2557 pars
982 2512 1110 2557 episto-

120 2562 174 2595 lae
207 2574 341 2595 novam
370 2575 511 2596 causam
545 2561 651 2596 habet
685 2566 727 2597 de
763 2565 920 2598 emendis
954 2564 1110 2597 aedibus.

155 2679 202 2707 92)
223 2680 280 2717 Hoc
295 2680 488 2736 targumentum
515 2681 541 2703 et
569 2685 685 2710 sequens
708 2680 736 2704 in
752 2681 835 2706 Editt.
857 2680 1043 2706 1565-1596.
1068 2679 1112 2703 in-

192 2719 292 2736 vemun
307 2719 347 2736 ur.

136 2738 323 2786 §trram-n.
347 2754 453 2787 OPER.
479 2756 563 2787 Vor.
587 2756 694 2787 XVII.

2077 141 2151 176 306

1157 215 1310 249 catulum
1343 213 1448 263 mihi]
1494 215 1726 258 Confutatio,
1780 232 1853 253 non
1886 234 1958 256 esse
1992 236 2146 266 causam,

1154 276 1264 310 quare
1280 277 1334 299 res
1352 278 1494 308 omnes,
1521 279 1607 313 quas
1623 268 1761 303 Romae
1779 268 1940 321 habet93)
1953 301 1961 315 ‚
1996 288 2069 309 non
2086 277 2145 310 de-

1151 316 1234 350 beat
1250 317 1402 350 vendere
1413 318 1473 364 9θ’).

1256 366 1286 411 ᾗ.
1303 366 1338 402 5.
1364 370 1493 403 Par-ebo
1504 367 1577 416 95)]
1607 369 1808 407 Conclusio.

1447 453 1771 499 Argumentum
1786 457 1846 504 96).

1254 517 1413 563 Epistola
1448 526 1499 554 est
1528 523 1755 565 responsoria
1778 525 1866 559 duas
1891 533 2009 570 partes
2032 530 2144 563 conti-

1153 580 1251 603 nens.
1319 569 1527 614 Respondet
1558 573 1652 605 enim
1685 575 1822 608 duabus
1848 577 2004 620 epistolis
2028 580 2142 616 Paeti.

1152 618 1192 652 In
1216 619 1336 663 priore
1362 632 1502 654 causam
1527 624 1689 666 exponit,
1731 637 1792 658 cur
1822 632 2008 673 tantopere
2036 631 2144 665 suerit

1153 671 1324 704 sollicitus
1349 672 1391 704 (le
1416 672 1619 706 valetudine
1642 674 1763 715 Paeti,
1799 679 1894 721 quod
1921 680 2083 714 videlicet
2109 689 2143 716 et

1152 733 1188 754 se
1206 721 1320 754 amari
1337 722 1380 755 ab
1396 722 1472 766 ipso
1489 723 1587 763 sciat,
1616 731 1649 757 01
1665 726 1755 757 111113
1774 727 1811 759 111
1827 739 1867 761 eo
1886 729 1930 762 sit
1946 732 2143 768 urbanitas.

1152 771 1193 804 In
1210 773 1319 805 altera
1339 774 1483 817 exponit
1501 774 1687 808 consilium
1703 788 1818 816 suum,
1842 791 1904 812 cur
1917 782 2036 815 relicta
2053 784 2142 817 urbe

1152 823 1398 869 Neapolimffi)
1424 825 1679 867 commigrare,
1722 832 1827 872 atque
1857 829 1906 862 ibi
1938 832 2084 867 domum
2108 842 2142 868 et

1150 875 1280 908 fundos
1298 886 1413 907 emere
1432 876 1658 919 cogitaverit,
1687 883 1720 910 et
1744 877 1849 911 simul
1871 882 2001 915 refutat
2025 886 2142 918 molli-

1151 931 1204 958 ter
1219 925 1431 959 sententiam
1441 926 1542 960 Paeti
1554 953 1562 966 ‚
1592 927 1652 972 qui
1670 927 1705 960 id
1724 927 1937 966 dissuaserat
1954 931 2143 969 vehemen-

1151 982 1216 1010 ter.
1281 977 1462 1020 Significat
1491 984 1609 1011 autem
1643 978 1681 1010 in
1706 991 1865 1021 summa,
1905 995 1940 1017 50
1965 984 2045 1018 ideo
2068 998 2142 1020 non

1151 1039 1253 1071 posse
1269 1027 1402 1061 diutius
1418 1028 1455 1061 in
1471 1029 1557 1061 urbe
1575 1029 1730 1069 versari,
1759 1032 1855 1076 quod
1871 1045 1965 1067 nunc
1983 1048 2057 1069 non
2081 1038 2143 1070 ob-

1152 1078 1264 1111 tineat
1286 1079 1324 1111 in
1344 1079 1523 1123 republica
1545 1080 1735 1123 pristinum
1758 1081 1888 1118 locum.
1946 1084 2144 1122 Exordium

1153 1128 1311 1162 continet
1328 1130 1446 1163 locum
1462 1130 1729 1164 benevolentiae
1748 1132 1790 1165 de
1817 1146 1878 1167 sua
1897 1136 2080 1172 voluntate
2105 1140 2142 1172 in

1152 1181 1423 1225 respondendo,
1456 1187 1578 1227 estque
1602 1183 1790 1226 figuratum
1816 1186 1999 1221 exordium
2026 1190 2143 1223 distri—

1152 1231 1310 1265 butione.
1377 1232 1544 1277 Sequitur
1569 1233 1785 1278 propositio:
1829 1235 1987 1270 Omnino
2018 1252 2143 1274 verum

1154 1288 1224 1321 est,
1259 1294 1316 1314 me
1333 1283 1527 1315 admodum
1546 1283 1651 1316 fuisse
1666 1284 1855 1318 sollicitum
1871 1287 1913 1320 de
1931 1294 1991 1322 tua
2009 1292 2143 1325 valetu-

1154 1331 1248 1365 dine.
1301 1332 1407 1365 Ratio
1425 1333 1698 1377 propositionis:
1736 1335 1828 1379 Quia
1849 1350 1988 1382 semper
2015 1348 2047 1374 te
2066 1342 2144 1385 plu-

1153 1382 1285 1415 rimum
1303 1383 1432 1417 amavi.
1484 1384 1604 1417 Altera
1624 1383 1715 1418 ratio
1733 1392 1782 1419 est
1801 1388 2013 1433 amplificata
2040 1393 2145 1425 colla-

1156 1433 1252 1466 tione
1269 1439 1303 1466 et
1318 1433 1442 1468 causis.
1493 1434 1628 1480 Estque
1644 1433 1730 1469 haec
1746 1449 1902 1472 summa:
1929 1440 2012 1475 Non
2029 1443 2145 1477 solum

1155 1496 1174 1517 a
1196 1496 1252 1517 me
1284 1485 1434 1526 amaris,
1469 1487 1529 1520 sed
1562 1486 1669 1520 etiam
1699 1489 1844 1522 caeteris
1876 1503 1911 1524 es
1944 1493 2146 1535 amabilior,

1154 1535 1344 1580 praecipue
1366 1542 1514 1581 propter
1538 1536 1752 1582 singularem
1770 1540 2022 1578 urbanitatem.
2076 1544 2146 1578 De-

1155 1587 1237 1620 inde
1254 1587 1415 1631 sequitur
1430 1588 1604 1622 sententia
1621 1589 1664 1622 de
1681 1591 1838 1624 emendis
1857 1592 2014 1628 aedibus.
2067 1594 2146 1629 Est-

1156 1649 1223 1682 que
1242 1638 1360 1670 addita
1379 1639 1588 1679 confutatio,
1617 1641 1712 1684 quod
1729 1638 1858 1676 habeat
1873 1641 1977 1678 huius
1992 1645 2046 1679 sui
2065 1658 2147 1679 con-

1155 1688 1223 1722 silii
1239 1694 1351 1722 rectas
1366 1690 1542 1730 rationes,
1571 1702 1681 1735 quare
1700 1692 1818 1736 cupiat
1834 1705 1889 1727 res
1907 1707 1987 1729 suas
2012 1709 2147 1738 omnes,

1157 1752 1245 1785 quas
1261 1739 1398 1773 Romae
1422 1739 1572 1781 habeat,
1600 1743 1764 1777 vendere.
1828 1744 2015 1780 Conclusio
2040 1745 2147 1781 habet

1157 1790 1414 1834 expositionem
1430 1805 1512 1827 suae
1529 1793 1744 1834 sententiae,
1773 1795 1858 1840 quid
1874 1807 1978 1841 agere
2002 1799 2147 1831 tandem

1158 1841 1391 1876 constituerit.

1405 1923 1542 1958 Aliud
1577 1935 1907 1970 argumentum.

1261 1990 1503 2035 Responsoria
1521 1999 1571 2026 est
1587 1994 1631 2025 ad
1647 1994 1732 2026 duas
1751 1994 1916 2038 epistolas
1932 1996 2087 2040 Papirii,
2116 2005 2150 2032 et

1159 2047 1297 2075 constat
1322 2043 1457 2076 duabus
1483 2043 1663 2086 partibus,
1702 2044 1864 2078 videlicet
1892 2059 2001 2091 quare
2032 2054 2149 2082 tanto-

1158 2105 1241 2137 pere
1259 2093 1365 2126 fuerit
1384 2093 1555 2127 sollicitus
1578 2106 1644 2138 pro
1669 2095 1871 2130 valetudine
1888 2097 2042 2141 Papirii,
2072 2100 2149 2145 qui-

1159 2145 1224 2177 bus
1250 2144 1361 2177 causis
1383 2150 1501 2178 motus
1526 2151 1559 2177 et
1588 2146 1758 2180 adductus
1781 2146 2054 2191 Neapolitanam
2085 2151 2148 2183 do-

1160 2208 1258 2228 mum
1276 2195 1411 2228 emerit.
1463 2195 1660 2229 Exordium
1678 2197 1830 2231 sumitur
1850 2210 1868 2230 a
1894 2199 1973 2232 loco
1996 2199 2149 2234 benevo-

1160 2246 1289 2279 lentiae
1322 2247 1363 2279 de
1396 2258 1457 2279 sua
1479 2247 1661 2281 voluntate
1688 2248 1725 2281 in
1749 2249 1997 2292 respondendo
2024 2251 2150 2287 litteris

1195 2370 1243 2397 93)
1263 2371 1358 2398 habet]
1378 2369 1417 2393 sic
1436 2370 1519 2395 Editt.
1539 2370 1738 2404 1537—1544.‚
1760 2373 1850 2405 1554„
1871 2374 1961 2406 1552,
1981 2376 2074 2409 1560.;
2098 2379 2148 2403 Ed.

1233 2405 1305 2428 1545.
1327 2405 1431 2427 habeat.

1196 2448 1245 2475 94)
1267 2447 1429 2485 Haec-nota
1455 2454 1514 2471 cum
1540 2448 1712 2478 praecedenti
1737 2449 1764 2473 in
1789 2451 1872 2475 Editt.
1898 2453 1989 2484 1545„
2023 2455 2096 2481 ¹560.
2123 2455 2150 2480 in

1230 2486 1310 2505 unam
1330 2488 1368 2520 s1c
1388 2482 1529 2506 coniuncta
1548 2484 1603 2506 est:
1628 2484 1711 2513 Quod
1728 2486 1825 2509 autem
1843 2487 1955 2517 altera]
1972 2488 2070 2513 Altera
2087 2495 2152 2520 pars

1231 2527 1265 2532 —-
1283 2516 1403 2539 aedibus.
1441 2516 1597 2540 confutatio
1609 2533 1615 2545 ,
1637 2523 1690 2541 non
1709 2530 1743 2535 -
1761 2520 1889 2544 vendere.

1197 2559 1245 2586 95)
1264 2558 1316 2581 Pro
1336 2558 1385 2581 hac
1404 2558 1459 2583 Cic.
1478 2564 1545 2581 voce
1564 2558 1590 2581 in
1612 2559 1694 2584 Editt.
1718 2561 1808 2591 1545„
1830 2563 1903 2587 1560.
1923 2563 1983 2588 huic
2001 2567 2082 2589 notae
2100 2566 2151 2590 ad-

1232 2592 1336 2621 scripta
1354 2594 1415 2615 sunt
1434 2593 1517 2615 verba
1536 2594 1693 2622 sequentia:
1719 2595 1840 2620 Domum
1859 2598 1884 2620 si
1904 2598 2001 2623 liabeo.

1197 2635 1244 2663 96)
1264 2636 1321 2658 Boe
1339 2636 1527 2664 argumentum
1549 2637 1574 2657 et
1593 2635 1644 2659 duo
1663 2638 1805 2666 sequentia
1823 2639 1855 2662 ab
1874 2639 2063 2667 Editt.1556..
2086 2643 2151 2667 1565

1233 2668 1350 2693 --1596.
1371 2669 1537 2693 exhibentur.

1198 2712 1246 2741 97)
1265 2710 1421 2741 Neapolim]
1440 2711 1488 2734 Ed.
1510 2711 1584 2781 15253.
1604 2712 1746 2743 Neapoliu.
