2351 2990
95 140 196 178 1053
353 140 459 177 XLII.

504 139 908 176 INTERPRETATIO
935 139 1233 176 ORATIONUM
1259 140 1322 174 EX
1348 140 1642 176 THUCYDIDIS
1670 142 1817 177 LIBRO
1844 143 1886 179 Π,

2048 146 2147 182 1054

95 229 240 263 videtur
267 227 439 262 iniustum
467 240 539 262 esse
565 239 757 272 occupare,
794 234 828 261 et
852 228 1092 273 periculosum
1147 227 1312 261 Oratio
1332 227 1505 270 Cnemi,
1533 228 1661 263 ducis
1677 229 2145 274 Peloponnesiorum,

96 282 288 326 deponere.
330 280 436 314 Tales
453 279 566 320 enim,
595 279 655 325 qui
673 280 812 313 malunt
826 280 892 313 sibi
911 280 1093 314 consulere

96 334 214 367 studio
231 331 512 377 tranquillitatis,
537 330 566 364 si
582 331 659 365 aliis
675 332 952 375 persuaderent,
980 338 1093 364 totam

96 385 222 418 urbem
239 385 453 428 perderent,
481 382 620 416 etiamsi
643 383 788 417 libertas
814 383 898 428 ipsis
925 384 1094 416 concede-

97 441 209 469 retur.
262 435 354 470 Nam
375 434 646 480 tranquillitatis
663 441 823 469 amantes
841 448 913 468 non
928 435 990 468 diu
1012 447 1093 479 pos-

97 493 181 521 sunt
199 499 272 521 esse
290 486 397 527 salvi,
424 486 493 520 nisi
511 486 635 527 simul,
662 487 723 520 ubi
741 499 830 531 opus
845 494 914 527 est,
937 487 1008 521 sint
1021 487 1093 519 for-

98 544 151 572 tes
178 545 212 572 et
238 551 335 572 acres
360 538 397 570 in
423 538 637 583 repellendis
658 536 831 572 hostibus.
894 538 968 573 Nec
994 539 1095 571 decet

97 590 224 624 urbem
255 590 476 634 principem,
512 591 572 624 sed
596 590 773 624 subditam
800 591 906 624 malle
931 602 1091 624 securam

98 641 318 676 servitutem.
372 641 445 676 Vos
471 654 556 675 vero
581 654 698 687 neque
722 642 941 676 seducamini
968 641 1093 674 talium

99 693 342 733 sermonibus,
373 693 434 739 qui
453 694 592 727 malunt
615 694 748 734 otium,
776 706 892 740 neque
915 692 1004 726 mihi
1026 693 1095 726 ira-

98 744 247 778 scamini
272 757 311 778 ea
337 746 380 778 de
405 757 462 786 re,
491 758 599 791 quam
623 758 762 779 mecum
793 745 1016 785 decrevistis,
1044 745 1095 777 vi-

99 797 226 830 delicet
253 803 293 830 ut
322 797 454 830 bellum
489 797 679 841 gereretis,
714 810 935 843 quamquam
961 796 1096 830 accide-

97 855 183 881 runt
208 849 459 889 incommoda,
495 861 648 894 quorum
674 848 793 894 aliqua
817 849 973 894 prospici
997 855 1097 893 pote-

98 906 200 941 rant,
235 900 400 933 videlieet
430 900 682 944 populationes
714 901 828 934 factae
853 902 897 934 ab
924 899 1097 939 hostibus,

101 951 168 984 alia
194 964 268 984 non
294 958 464 996 poterant
489 952 663 996 prospici,
698 952 863 985 videlicet
883 951 1098 997 pestilentia.

99 1002 240 1036 Deinde
265 1003 410 1037 accessit
433 1011 576 1048 praeter
604 1004 811 1048 opinionem
838 1011 998 1038 nostram
1024 1004 1098 1036 lues

98 1055 213 1088 multo
232 1055 409 1096 atrocior,
439 1068 548 1101 quam
570 1056 765 1089 existimari
788 1062 922 1100 potest,
950 1062 1099 1100 propter

101 1119 209 1152 quam
228 1107 339 1151 magis
356 1107 393 1139 in
410 1107 492 1140 odio
511 1120 588 1140 sum
603 1134 612 1147 ,
641 1109 738 1153 quod
754 1107 925 1141 iniustum
945 1114 1014 1147 est,
1030 1107 1099 1140 nisi

100 1156 189 1191 mihi
208 1158 315 1191 etiam
340 1159 570 1192 tribuendum
596 1166 703 1199 esset,
738 1159 767 1193 si
789 1160 933 1192 fortuna
958 1165 1099 1203 praeter

101 1210 310 1255 opinionem
329 1211 498 1244 obiiceret
518 1211 623 1244 alicui
640 1211 763 1254 ingens
778 1212 1021 1244 commodum.

205 1261 337 1295 Scitote
378 1269 518 1302 autem,
560 1262 680 1294 fatalia
717 1263 916 1296 necessario
951 1262 1097 1295 ferenda

101 1325 195 1353 esse,
220 1314 361 1346 sortiter
379 1320 496 1347 autem
515 1325 553 1345 ea
567 1340 576 1353 ‚
599 1326 690 1358 quae
706 1311 824 1347 hostes
842 1314 987 1347 faciunt.
1030 1313 1100 1345 Ta-

101 1365 143 1399 lis
167 1378 246 1399 cum
271 1365 379 1398 suerit
403 1363 508 1399 huius
534 1364 687 1398 civitatis
711 1364 824 1399 virtus
848 1371 974 1404 antea,
1005 1376 1100 1397 nunc

102 1429 176 1450 non
195 1417 392 1450 abiicienda
415 1423 476 1451 est.
518 1416 751 1450 Considerate
768 1423 885 1450 autem
906 1414 989 1449 hinc
1006 1428 1101 1450 sum-

103 1481 200 1502 mam
234 1475 377 1502 nostrae
410 1468 562 1502 civitatis
587 1468 738 1512 gloriam
762 1481 834 1502 esse
857 1469 953 1512 apud
977 1479 1101 1501 omnes

103 1527 244 1565 gentes,
273 1520 357 1566 quia
377 1533 451 1553 non
472 1520 563 1553 cedit
582 1520 758 1560 adversis,
787 1526 821 1553 et
839 1520 1013 1564 plurimos
1037 1517 1101 1552 ho-

101 1573 217 1607 mines
236 1578 270 1606 et
294 1572 434 1605 labores
457 1571 557 1605 bellis
576 1571 751 1616 impendit
770 1578 803 1604 et
824 1583 1002 1604 summam
1019 1569 1102 1603 hac-

102 1631 205 1658 tenus
234 1624 434 1669 potentiam
466 1621 611 1663 habuit,
653 1623 751 1656 cuius
777 1623 950 1656 memoria
973 1621 1102 1666 sempi-

104 1683 206 1710 terna
225 1678 267 1709 de
284 1675 429 1710 Graecis
446 1675 671 1721 relinquetur
690 1676 733 1707 ad
751 1681 924 1718 posteros,
941 1674 969 1707 si
988 1686 1101 1719 quan-

106 1729 152 1761 do
177 1728 399 1768 deficiemus,
427 1734 465 1761 ut
489 1725 647 1760 humana
675 1726 795 1759 omnia
821 1726 1011 1766 deficiunt,
1037 1737 1103 1758 nos

105 1780 270 1813 videlicet
293 1780 387 1812 inter
410 1779 566 1813 Graecos
590 1777 801 1812 latissimum
830 1777 1021 1822 imperium
1053 1783 1103 1810 te-

105 1832 244 1873 nuisse,
279 1838 314 1865 et
346 1831 501 1864 maxima
528 1831 620 1864 bella
647 1829 853 1864 sustinuisse
876 1836 1001 1862 contra
1024 1829 1103 1862 uni-

104 1896 226 1918 versos
245 1891 278 1917 et
295 1890 418 1917 contra
439 1883 617 1927 singulos,
651 1883 818 1928 quodque
845 1881 1023 1914 civitatem
1050 1880 1102 1913 in-

105 1935 375 1970 structissimam
396 1941 429 1968 ct
448 1935 643 1967 maximam
662 1933 854 1967 tenuimus.

210 1988 306 2021 Haec
348 1987 507 2031 exempla
545 1986 609 2020 etsi
644 1983 910 2030 reprehendunt
943 1982 999 2025 hi,
1041 1983 1102 2030 qui

109 2039 223 2073 otium
241 2045 384 2080 amant,
412 2045 533 2072 tamen
551 2038 618 2071 viri
636 2037 856 2082 magnanimi
883 2036 1019 2070 imitari
1040 2049 1102 2069 vo—

105 2092 200 2133 lent,
235 2090 365 2125 caeteri
400 2090 509 2124 vicini
540 2091 664 2134 inopes
691 2089 865 2122 invident.
926 2088 1104 2122 Omnibus

106 2150 225 2178 autem
251 2143 510 2188 imperantibus
535 2142 683 2181 accidit,
718 2148 757 2175 ut
778 2142 815 2174 in
838 2140 1041 2186 praesentia
1066 2140 1104 2172 in

108 2196 191 2229 odio
216 2195 298 2230 sint.
352 2194 539 2228 Praeclare
563 2200 681 2228 autem
707 2194 809 2234 facit,
845 2192 905 2238 qui
930 2192 1103 2225 invidiam

106 2253 256 2293 propter
288 2260 344 2281 res
375 2244 542 2280 honestas
574 2252 608 2279 et
632 2258 780 2290 magnas
804 2245 948 2290 perfert.
1009 2243 1102 2277 Odia

107 2299 202 2333 enim
221 2311 296 2332 non
322 2305 405 2333 sunt
428 2304 619 2343 perpetua,
655 2299 715 2332 sed
740 2302 963 2343 praesentem
986 2296 1104 2341 splen-

106 2353 230 2385 dorem
249 2350 412 2397 sequitur
427 2356 569 2383 aeterna
590 2350 716 2394 gloria.

207 2402 282 2438 Vos
297 2403 406 2447 igitur
421 2402 677 2447 prospicientes
694 2403 851 2435 futuram
871 2399 1043 2445 gloriam,
1069 2405 1104 2432 et

104 2468 149 2489 ne
169 2455 254 2501 quid
272 2455 309 2488 in
327 2453 527 2500 praesentia
552 2454 706 2498 turpiter
728 2452 885 2493 faciatis,
913 2458 1103 2497 utramque

105 2509 152 2541 ob
180 2519 322 2541 causam
347 2506 524 2540 firmiores
555 2512 588 2539 et
612 2506 804 2539 alacriores
828 2504 921 2544 sitis,
952 2515 1017 2536 nec
1042 2515 1103 2548 pe-

105 2561 169 2595 tite
200 2571 326 2604 pacem
352 2571 371 2591 a
395 2557 712 2599 Lacedaemoniis,
745 2570 810 2591 nec
836 2556 1011 2591 ostendite
1038 2568 1102 2589 vos

103 2611 352 2657 praesentibus
384 2608 565 2643 aerumnis
594 2610 727 2644 fractos
758 2621 843 2644 esse.
911 2608 1101 2641 Praestan-

103 2664 239 2698 tissima
257 2663 351 2696 enim
371 2662 484 2695 virtus
502 2667 552 2695 est
569 2660 739 2705 privatim
757 2667 790 2694 et
806 2660 966 2706 publice,
994 2660 1030 2692 in
1046 2671 1102 2692 re-

102 2716 169 2750 bus
203 2715 359 2749 adversis
393 2726 458 2747 nec
491 2713 614 2746 dolore
638 2713 867 2746 succumbere
892 2713 1032 2752 animo,
1067 2717 1101 2744 et

101 2767 201 2801 factis
217 2766 301 2812 ipsIs
319 2766 461 2800 fortiter
478 2772 602 2799 contra
621 2764 700 2798 niti.

1199 292 1283 324 qua
1314 277 1527 314 hortatur
1559 281 1731 315 milites
1763 283 1816 315 ad
1851 283 2093 317 fortitudi-

1547 344 1645 365 nem
1674 332 1734 379 3⁰).

1249 400 1286 434 Si
1302 400 1381 447 quis
1398 407 1554 434 vestrum
1569 409 1721 447 propter
1735 402 1892 447 priorem
1904 415 2061 447 pugnam
2074 417 2147 437 me-

1147 451 1215 485 tuit
1229 453 1409 493 suturam,
1443 465 1517 485 non
1536 460 1630 487 recte
1654 454 1798 489 iudicat.
1852 454 1944 488 Nam
1972 457 2016 488 ad
2041 468 2146 499 proe-

1145 504 1308 537 liandum
1332 504 1451 537 minus
1474 505 1591 548 parati
1618 506 1768 547 suimus,
1802 513 1841 540 ut
1863 506 1978 547 scitis,
2013 519 2078 539 nec
2103 509 2149 540 ad

1146 555 1325 600 proelium
1356 556 1538 599 navigatio
1573 564 1732 601 suscepta
1767 564 1863 598 erat,
1899 559 1961 592 sed
1993 559 2037 591 ad
2065 558 2144 592 iter.

1148 607 1336 652 Quaedam
1363 607 1472 651 igitur
1493 620 1591 641 secus
1616 609 1822 643 acciderunt
1849 616 1998 654 propter
2020 610 2147 643 fortui-

1148 665 1224 692 tum
1249 671 1381 693 casum.
1439 658 1571 693 Nocuit
1600 661 1707 693 etiam
1734 661 1872 695 inscitia
1895 661 1932 694 in
1954 662 2072 706 prima
2097 662 2150 694 di-

1149 711 1355 744 micatione.

1252 762 1335 796 Non
1360 761 1468 806 igitur
1493 762 1608 796 clades
1633 768 1755 796 nostra
1782 763 1882 807 culpa
1912 770 2055 808 accepta
2087 770 2149 798 est.

1149 813 1224 847 Nec
1243 813 1430 853 convenit,
1459 826 1538 846 cum
1557 826 1631 846 non
1647 814 1692 848 sis
1708 826 1855 859 prorsus
1874 815 2022 848 consilio
2048 828 2151 860 supe-

1150 872 1269 905 ratus,
1313 872 1347 898 et
1369 863 1501 899 habeas
1527 865 1810 906 excusationem,
1854 879 2001 910 prorsus
2035 867 2152 911 frangi

1152 917 1274 950 animo
1310 923 1458 962 propter
1490 923 1669 951 eventum.
1730 917 1799 951 Sed
1836 918 2065 962 cogitandum
2089 924 2152 958 est,

1152 969 1301 1002 adversa
1317 981 1420 1013 posse
1436 969 1586 1002 fortuito
1605 982 1687 1003 casu
1707 970 1812 1002 etiam
1829 970 1919 1003 bene
1936 971 2072 1014 paratis
2096 982 2152 1002 ac-

1153 1020 1281 1054 cidere.
1335 1019 1472 1053 Interea
1492 1027 1612 1053 tamen
1630 1027 1724 1054 recte
1747 1022 1943 1054 deliberata
1966 1022 2045 1054 viro
2068 1021 2152 1054 sorti

1152 1085 1227 1105 non
1244 1072 1442 1105 abiicienda
1462 1079 1557 1106 suut.

1255 1124 1329 1158 Nec
1348 1123 1551 1157 deficiamus
1570 1130 1718 1168 propter
1735 1123 1952 1168 imperitiam
1965 1151 1974 1164 ,
1996 1137 2076 1157 cum
2094 1136 2153 1157 ro-

1152 1176 1220 1209 bur
1254 1175 1357 1209 adsit.
1419 1175 1492 1209 Nec
1517 1176 1617 1208 vobis
1644 1176 1732 1208 adeo
1759 1176 1856 1209 deest
1878 1175 2079 1220 imperitia,
2113 1182 2154 1209 ut

1153 1233 1315 1271 superest
1332 1226 1493 1261 audacia.
1547 1226 1700 1260 Istorum
1719 1234 1837 1260 autem
1854 1227 2020 1267 scientia,
2042 1239 2152 1273 quam

1154 1279 1309 1311 maxime
1343 1278 1495 1318 timetis,
1531 1285 1616 1312 tunc
1646 1279 1757 1319 valet,
1795 1291 1874 1312 cum
1899 1280 2029 1313 adsunt
2052 1279 2154 1312 forti-

1154 1330 1241 1362 tudo
1275 1342 1315 1362 ae
1345 1331 1520 1362 memoria
1546 1331 1583 1362 in
1608 1331 1758 1364 articulo
1783 1331 1947 1364 terribili.
2006 1330 2052 1364 At
2078 1330 2154 1364 sine

1154 1380 1266 1413 animi
1281 1381 1481 1424 praesentia
1503 1394 1559 1415 ars
1576 1388 1698 1415 contra
1717 1383 1916 1427 periculum
1935 1379 2026 1415 nihil
2046 1383 2155 1427 prod-

1155 1438 1218 1466 est.
1260 1432 1389 1465 Timor
1407 1433 1501 1465 enim
1522 1433 1736 1466 memoriam
1756 1434 1906 1475 excutit,
1928 1440 1962 1467 et
1978 1446 2035 1468 ars
2051 1434 2154 1467 amit-

1155 1484 1241 1517 titur
1257 1484 1379 1516 animo
1398 1484 1635 1527 languesacto.

1256 1533 1405 1569 Illorum
1423 1536 1532 1580 igitur
1557 1536 1688 1569 maiori
1713 1536 1863 1580 peritiae
1886 1536 2058 1581 opponite
2079 1549 2156 1569 ma—

1156 1586 1269 1619 iorem
1302 1587 1488 1620 audaciam
1524 1595 1699 1628 vestram,
1735 1595 1769 1620 et
1801 1588 1943 1628 timori,
1978 1588 2041 1633 qui
2071 1588 2156 1621 victi

1156 1638 1255 1678 estis,
1284 1639 1476 1682 opponite,
1505 1641 1601 1684 quod
1629 1639 1797 1683 imparati
1821 1639 1946 1673 fuistis.
2000 1638 2076 1672 Iam
2102 1638 2158 1673 his

1157 1690 1355 1723 commodis
1372 1691 1601 1731 antecellitis,
1629 1703 1781 1724 numero
1805 1691 1973 1731 navium,
2000 1697 2034 1724 et
2059 1693 2156 1737 quod

1156 1747 1279 1775 nostra
1298 1747 1391 1774 terra
1408 1742 1524 1774 vicina
1542 1749 1609 1783 est,
1636 1743 1697 1776 ubi
1715 1754 1829 1786 prope
1849 1743 1948 1776 adest
1971 1743 2157 1783 exercitus,

1157 1793 1220 1839 qui
1238 1793 1449 1827 dimicantes
1470 1794 1641 1827 adiuvare
1668 1800 1797 1838 potest.
1852 1794 2070 1839 Plerumque
2095 1806 2157 1827 au-

1157 1851 1226 1878 tem
1245 1845 1393 1878 vincunt
1418 1846 1536 1889 plures
1555 1851 1588 1878 et
1604 1846 1731 1879 melius
1750 1845 1932 1885 instructi,
1968 1857 2033 1878 nec
2056 1845 2154 1891 quic-

1157 1908 1265 1942 quam
1298 1909 1393 1930 nunc
1422 1897 1659 1941 negleximus,
1694 1903 1728 1930 et
1752 1896 1875 1941 priora
1902 1903 2038 1937 errata,
2072 1897 2158 1942 quia

1157 1960 1196 1981 ea
1215 1948 1286 1981 iam
1305 1949 1544 1989 correximus,
1571 1950 1788 1982 documento
1806 1949 1910 1982 nobis
1925 1955 2019 1982 sunt.
2073 1949 2157 1981 Ala-

1158 2012 1232 2034 cres
1266 1999 1375 2045 igitur
1411 2001 1667 2044 gubernatores
1704 2007 1738 2034 et
1780 2007 1910 2033 nautae
1951 2000 2156 2045 sequimini,

1157 2052 1403 2098 unusquisque
1423 2059 1596 2098 quantum
1615 2059 1751 2097 potest,
1779 2064 1854 2084 non
1881 2053 2082 2086 deserentes
2105 2052 2157 2084 lo-

1158 2116 1237 2137 cum
1263 2104 1457 2150 unicuique
1482 2105 1707 2139 attributum.
1760 2103 1835 2138 Nos
1858 2103 2069 2138 invademus
2092 2101 2157 2136 ho-

1157 2162 1226 2190 stes
1243 2168 1319 2189 non
1337 2157 1492 2191 deterius
1510 2156 1692 2202 prioribus
1717 2155 1885 2196 ducibus,
1921 2168 1986 2189 nec
2009 2156 2158 2200 praebe-

1156 2207 1274 2242 bimus
1294 2208 1558 2242 excusationem
1576 2208 1675 2249 ullis,
1711 2213 1751 2240 ut
1774 2207 1892 2241 minus
1914 2207 2051 2241 strenui
2075 2207 2158 2241 sint.

1157 2259 1194 2293 Si
1210 2260 1288 2305 quis
1305 2266 1424 2294 autem
1441 2261 1509 2294 erit
1526 2260 1693 2304 ignavus,
1716 2271 1831 2303 poena
1850 2259 2034 2292 afficietur.
2069 2258 2157 2291 For-

1157 2318 1208 2346 tes
1230 2324 1315 2345 vero
1332 2312 1501 2356 praemiis
1516 2312 1658 2345 virtutis
1674 2312 1910 2344 ornabuntur.

1368 2396 1532 2431 Oratio
1556 2394 1859 2431 Phormionis
1881 2395 1939 2442 31).

1260 2467 1350 2501 Cum
1366 2466 1508 2500 videam
1526 2478 1589 2500 vos
1604 2465 1754 2506 milites,
1780 2462 1939 2498 hostium
1959 2463 2157 2498 multitudi-

1156 2531 1238 2552 nem
1265 2520 1412 2560 timere,
1449 2517 1645 2552 convocavi
1670 2529 1752 2558 vos,
1789 2517 1951 2550 iudicans
1974 2528 2049 2549 non
2074 2528 2158 2548 con-

1155 2571 1298 2612 venire,
1324 2577 1364 2605 ut
1382 2583 1445 2612 ea,
1473 2583 1564 2617 quae
1585 2582 1659 2603 non
1687 2575 1770 2603 sunt
1794 2567 1990 2609 terribilia,
2018 2573 2155 2601 metua-

1154 2622 1210 2657 tis.
1263 2622 1318 2656 Illi
1336 2623 1428 2656 enim
1442 2650 1451 2664 ,
1475 2623 1557 2669 quia
1576 2622 1676 2667 prius
1692 2621 1777 2654 victi
1794 2626 1894 2661 sunt,
1923 2626 1957 2653 et
1977 2631 2041 2653 suo
2066 2618 2159 2652 iudi-

1187 2734 1237 2763 ³0)
1257 2733 1381 2763 Thucyd.
1401 2732 1440 2762 ll,
1459 2730 1502 2756 87.

1189 2777 1238 2806 31)
1259 2776 1379 2807 Thucyd.
1400 2774 1438 2805 11,
1457 2774 1499 2798 ss.
