2294 2975
87 144 161 180 237
214 143 336 178 XXIII.
382 144 567 178 ARGUM.
587 143 648 176 ET
662 142 827 177 SCHOL.
845 141 891 176 IN
909 141 1057 177 EPIST.
1074 141 1186 177 FAM.
1203 141 1286 177 CIC.
1314 142 1471 178 LIBNI.
1499 143 1640 181 ERQQ.
1668 144 1756 181 LIB.
1767 145 1841 181 Vll.
1869 129 2007 182 EP.1.'
2040 150 2113 185 238

89 241 107 262 a
129 242 199 274 quo
216 230 381 264 dimissus
396 230 515 262 statim
535 230 578 262 ad
589 228 802 272 Pompeium
818 228 934 262 rediit.
982 228 1077 272 Qua-

90 293 127 313 re
159 293 238 314 cum
268 281 337 314 iam
371 287 458 314 esset
481 281 592 314 victus
616 279 828 324 Pompeius,
862 286 896 312 et
918 286 1037 325 tamen
1058 291 1075 311 a

88 333 209 366 multis
224 338 459 366 restauratum
479 338 567 365 esset
581 331 713 364 bellum
725 330 771 376 64)
791 331 827 363 in
841 331 972 369 Africa,
1000 330 1077 363 dili-

89 390 211 427 genter
232 381 300 416 hoc
322 383 452 427 scripto
478 382 677 416 Domitium
710 380 875 415 hortatur
903 394 941 415 ac
964 388 1078 425 rogat,

89 447 133 468 ne
150 435 329 468 insaniens
349 447 427 467 cum
448 434 525 467 aliis
543 435 586 466 ad
607 445 706 466 arma
724 433 839 466 civilia
858 434 991 473 redeat,
1018 434 1078 466 sed

89 486 328 519 conditionem
354 485 449 529 pacis
473 486 631 518 oblatam
658 497 676 517 a
700 485 843 518 fortuna
862 484 1077 530 accipiatffi).

88 537 238 570 Orditur
272 543 388 570 autem
424 537 467 569 ab
502 537 726 569 excusatione
761 536 910 577 silentii,
958 535 1078 569 addita

89 600 192 622 causa
210 588 386 621 scribendi
403 586 470 620 hoc
490 594 662 632 tempore.
725 587 893 633 Sequitur
917 586 1078 631 proposi-

88 638 159 678 tio,
188 645 227 671 ut
242 640 285 671 ab
305 639 414 672 armis
430 639 603 679 discedat,
632 640 784 672 maxime
808 652 885 672 cum
905 651 946 671 eo
966 638 1079 671 consi-

85 689 133 722 lio
152 695 253 734 capta
272 697 373 729 sunt,
401 697 441 723 ut
464 703 586 724 rursus
602 692 885 734 deponerentur,
919 689 948 723 si
972 689 1079 733 perti-

89 742 211 774 nacius
231 741 298 774 illis
318 742 488 774 reluctata
512 749 599 775 esset
624 743 780 774 fortuna.
834 739 1079 784 Propositioni

121 895 168 922 64]
190 894 376 917 restauratum
396 893 472 915 esset
487 892 601 919 belluni]
621 890 660 914 sic
674 889 757 914 Editt.
774 889 859 921 1565„
881 889 966 919 1569.,
988 888 1079 917 1592.;

156 929 206 954 Ed.
224 928 297 952 1556.
317 928 415 951 bellum
434 926 621 950 restauratum
640 926 722 948 esset.

121 987 168 1019 65)
188 986 319 1016 accipiat]
338 985 378 1009 sic
397 984 482 1009 Editt.
501 983 587 1014 ¹55⁶„
608 984 699 1014 1592.;
723 983 808 1007 Editt.
830 983 915 1014 1565.‚
937 976 1012 1007 15'69.
1031 988 1079 1006 ac-

153 1022 264 1052 cipiant.

1131 229 1274 262 additur
1290 229 1407 263 brevis
1423 227 1627 264 adhortatio
1638 257 1647 270 ,
1671 237 1711 264 ut
1727 244 1762 265 se
1778 233 1894 277 ipsum
1910 236 2125 275 consoletur,

1131 287 1165 313 et
1191 280 1277 313 illud
1304 281 1520 315 desiderium
1546 282 1743 316 amicorum
1767 284 1852 317 forti
1875 286 1996 319 animo
2022 287 2123 320 serat.

1131 331 1169 364 ln
1189 332 1415 366 conclusione
1433 334 1544 366 defert
1561 347 1661 367 suum
1681 334 1855 375 officium,
1884 343 1918 369 et
1942 337 2040 370 addit
2056 338 2124 371 ele-

1131 389 1273 427 gantem
1299 384 1491 418 clausulam
1520 384 1562 418 de
1586 398 1648 419 sua
1673 386 1921 420 benevolentia
1948 395 1979 421 et
2004 401 2125 432 prom-

1131 434 1317 479 ptitudine.

1381 525 1517 559 Aliud
1547 536 1875 572 argumentum.

1234 593 1429 627 Exordium
1476 602 1656 639 sumptum
1703 604 1753 631 est
1802 599 1846 630 ab
1890 598 2127 637 excusatione,

1133 656 1242 689 quare
1272 642 1441 678 hactenus
1471 644 1559 678 nihil
1590 648 1779 691 scripserit.
1848 649 1975 682 Reiicit
2008 656 2125 682 autem

1133 707 1276 727 omnem
1312 697 1452 740 culpam
1489 697 1524 729 in
1564 699 1868 741 perturbationem
1911 707 2127 744 temporum.

1132 746 1357 790 Propositi0‚
1386 758 1476 792 quae
1499 748 1676 792 sequitur,
1712 756 1763 783 est
1788 751 1956 793 figurata,
1993 750 2128 785 liabens

1133 797 1414 830 consolationem
1431 810 1509 831 cum
1531 797 1802 840 adhortatione,
1837 808 1875 834 ut
1899 802 2020 835 salutis
2044 815 2129 836 suae

1134 848 1325 880 maximam
1354 846 1484 881 habeat
1515 862 1657 890 curam,
1696 864 1784 885 neve
1814 852 1933 886 nimiis
1969 854 2061 886 curis
2093 866 2128 886 se

1134 906 1299 933 maceret.
1354 899 1525 934 Rationes
1545 902 1685 935 additae
1702 903 1941 946 propositioni
1966 911 2128 948 sumptae

1133 957 1215 983 sunt
1250 951 1293 983 ab
1323 948 1485 985 honesto.
1555 951 1593 984 ln
1623 953 1764 997 epilogo
1791 955 1902 987 defert
1925 968 2028 988 suum
2056 956 2130 987 offi-

1135 1014 1239 1034 cium.

948 1212 1151 1240 LIBER
1196 1213 1260 1241 Vll.

137 1307 462 1349 Argumentum
500 1311 542 1336 et
570 1302 751 1337 scholia
784 1304 824 1336 in
855 1305 1029 1348 episto-

485 1355 571 1388 lam
600 1354 623 1388 l.
636 1354 677 1400 ¹).

187 1440 399 1486 Orditur¹³)
422 1452 441 1472 a
466 1452 569 1474 causa
597 1439 787 1473 absentiae.
861 1440 995 1473 Deinde
1029 1454 1079 1474 se-

88 1495 210 1540 quitur
225 1492 385 1525 narratio
407 1497 440 1523 et
455 1491 657 1523 extenuatio
675 1491 842 1523 ludorum
854 1491 896 1535 2).

189 1543 219 1588 ξ.
238 1544 270 1576 1.
299 1545 341 1577 Si
362 1548 393 1575 te
417 1540 529 1588 dolor]
563 1540 759 1574 Exordium
770 1540 801 1586 3)
828 1554 845 1573 a
873 1554 975 1576 causa
997 1554 1079 1574 con-

83 1596 163 1630 silii.
218 1609 225 1619 ¹
244 1596 437 1629 communes
452 1591 589 1640 mimos]
619 1592 721 1625 Mimi
747 1604 819 1625 non
847 1593 999 1637 agebant
1024 1606 1081 1626 co-

83 1645 261 1685 moedias,
303 1651 363 1677 aut
397 1644 618 1687 tragoedias,
661 1645 721 1677 sed
756 1644 950 1688 peculiares
978 1645 1081 1677 ludos

84 1699 246 1732 edebant.

190 1747 220 1792 ξ.
239 1750 273 1782 2.
304 1748 466 1786 Omnino,
494 1748 524 1779 si
539 1743 695 1792 quaeris]
723 1745 893 1779 Narratio
911 1748 953 1779 de
971 1758 1081 1791 appa-

85 1807 165 1835 ratu
184 1801 349 1833 ludorum
364 1824 373 1836 ,
409 1810 498 1842 quos
522 1802 708 1835 extenuat,
744 1798 840 1842 quod
864 1797 900 1829 in
925 1797 967 1830 iis
991 1796 1081 1830 nihil

85 1851 324 1886 admiratione
351 1849 498 1892 dignum
522 1847 639 1880 suerit.
727 1850 769 1880 In
794 1847 1080 1896 Clytaemnestra]

85 1905 120 1937 id
144 1908 215 1942 est,
256 1901 293 1934 in
316 1901 375 1933 illa
400 1899 518 1933 fabula
534 1899 583 1944 ⁴),
627 1899 771 1943 quando
799 1898 1078 1943 Clytaemnestra

83 1953 253 2001 produxit
267 1953 375 1985 filiam
392 1949 614 1995 IphigenIam
632 1951 872 1983 mactandam.

186 2004 216 2049 {-
233 2005 266 2038 3.
296 2006 394 2039 Oscos
411 2000 523 2049 ludos]
553 2001 635 2035 Osci
652 2001 726 2034 ludi
748 2001 958 2034 dicebantur
977 2002 1081 2035 rusti-

85 2057 165 2091 cani
180 2063 214 2089 et
229 2054 396 2089 obscoeni
413 2054 485 2087 ludi
499 2079 508 2093 ,
536 2052 626 2087 sicut
642 2053 766 2086 dicunt
782 2053 825 2085 ab
835 2052 927 2086 Osco
945 2053 1079 2085 dictum

84 2109 313 2143 obscoenum.
380 2105 463 2139 Osci
490 2117 575 2138 vero
609 2105 753 2138 fuerunt
784 2104 907 2148 populi
946 2103 1079 2138 ltaliae.

86 2164 230 2196 Graecos
252 2155 393 2204 ver0⁵)]
429 2157 556 2190 Graeci
587 2156 680 2195 ludi,
718 2156 778 2189 ubi
805 2156 940 2189 Graeca
976 2167 1078 2199 argu—

121 2305 151 2332 ¹]
172 2302 208 2331 l.]
234 2300 261 2323 in
286 2298 368 2322 Editt.
392 2296 482 2328 1545„
509 2296 601 2326 1546„
631 2295 722 2326 teor,
749 2295 870 2320 numeris
898 2294 1077 2325 epistolarum

153 2333 342 2367 praecedentis
358 2332 421 2356 libri
440 2330 625 2361 continuam,
657 2332 724 2354 haec
742 2330 860 2360 epistola
879 2336 991 2354 numero
1010 2331 1077 2359 101„

155 2375 273 2401 sequens
291 2372 405 2391 numero
426 2366 481 2389 102.
502 2366 552 2389 etc.
573 2365 700 2396 signatae
719 2367 791 2389 sunt.

121 2417 169 2443 μ)
188 2413 257 2437 Huic
274 2409 335 2434 voci
353 2409 380 2432 in
398 2408 481 2432 Editt.
503 2408 595 2439 1540„
617 2408 708 2439 1544„
736 2408 828 2438 1554„
856 2408 930 2431 1557.
957 2408 1077 2437 praefixa

153 2449 218 2473 sunt
236 2446 293 2471 Cic.
313 2445 398 2468 verba
416 2443 455 2472 (S.
472 2442 525 2471 1.);
552 2444 584 2467 ‚Si
602 2444 630 2468 le
648 2443 741 2467 dolor.

118 2492 149 2525 2)
169 2493 227 2516 Hoc
244 2487 433 2519 argumentum
451 2486 551 2524 italient
570 2485 653 2524 ktditt.
672 2486 756 2517 1537.,
777 2486 863 2516 1540.,
886 2485 971 2515 1544„
992 2485 1076 2514 1545„

155 2526 241 2555 1554„
261 2521 347 2551 1557„
368 2520 458 2549 1560.;
494 2526 520 2543 m
541 2520 624 2544 Editt.
647 2520 737 2551 1546.,
757 2520 832 2544 1601.
853 2521 944 2543 autem
964 2526 1013 2550 pro
1033 2526 1075 2548 eo,

154 2558 281 2590 hungolii
300 2557 398 2580 lemma
415 2554 476 2578 huic
495 2554 629 2584 epistolae
647 2554 826 2584 praemissum
845 2555 897 2578 est.

118 2605 150 2633 3)
168 2600 332 2627 Exordium]
358 2598 399 2621 sic
416 2596 500 2620 Editt.
523 2596 586 2620 1537
602 2597 739 2625 —1544.,
761 2597 850 2627 ¹554,
873 2596 963 2627 1557„
986 2597 1076 2627 l560.;

153 2637 236 2662 Editt.
255 2634 328 2658 1545.
340 2649 348 2664 ⁷
370 2631 443 2655 1560.
463 2630 602 2654 Narratio.

119 2683 150 2710 4)
170 2676 309 2708 Euripidis
329 2674 469 2706 Iphigenia
489 2673 515 2697 in
534 2673 639 2697 Aulide.

118 2726 148 2754 5)
168 2723 293 2747 Graecos
312 2720 396 2747 vero]
423 2718 464 2741 sic
482 2717 547 2741 illae
568 2716 650 2740 Editt.
671 2722 764 2742 omnes
783 2720 810 2742 et
828 2719 883 2750 al.;
919 2719 966 2743 Ed.
989 2718 1075 2743 Oretl.

152 2758 288 2784 Graecos.

1134 1313 1254 1338 menta
1272 1303 1530 1340 exhibebantur
1539 1308 1583 1353 ⁶),
1643 1312 1724 1342 Esse
1739 1312 1906 1354 quandam
1922 1311 1973 1343 illi
1987 1308 2131 1357 belluae]

1134 1357 1278 1389 Tribuit
1313 1356 1510 1401 elephantis
1546 1360 1721 1393 rationem
1753 1362 1946 1405 quandam.
2013 1361 2128 1395 lronia

1135 1414 1204 1448 est,
1232 1420 1291 1441 seu
1309 1408 1445 1452 eclipsis
1460 1409 1503 1455 ⁷).

1362 1520 1498 1553 Aliud
1535 1522 1908 1568 argumentumss').

1239 1596 1407 1629 Continet
1446 1598 1593 1642 epistola
1636 1598 1778 1641 longam
1808 1600 2053 1632 narrationem
2089 1602 2132 1633 de

1136 1646 1284 1690 publicis
1306 1649 1416 1687 ludis,
1446 1662 1535 1694 quos
1563 1649 1765 1682 instituerat
1782 1649 1976 1694 Pompeius
1996 1652 2132 1695 magni-

1136 1699 1217 1737 fice,
1262 1712 1415 1744 quorum
1440 1700 1603 1733 meminit
1623 1697 1837 1734 Plutarchus
1864 1701 1900 1733 in
1929 1702 2000 1734 vita
2024 1703 2132 1735 Pom-

1138 1748 1284 1794 peii⁸a).
1336 1751 1475 1784 Deinde
1493 1752 1613 1784 laudat
1631 1752 1760 1785 sactum
1781 1752 1908 1793 Marii,
1945 1755 2042 1799 quod
2058 1766 2130 1787 non

1136 1801 1271 1833 venerit
1293 1802 1449 1836 Romam
1476 1804 1518 1835 ad
1543 1803 1798 1847 spectationem
1823 1805 2004 1838 ludorum.
2064 1805 2131 1837 Ex-

1136 1852 1276 1884 ordium
1309 1861 1490 1898 sumptum
1519 1861 1569 1888 est
1594 1866 1612 1886 a
1640 1867 1764 1893 causa,
1809 1867 1919 1900 quare
1956 1856 2131 1890 existimet

1136 1902 1291 1936 Marium
1326 1917 1344 1937 a
1378 1906 1468 1939 ludis
1506 1906 1676 1945 abfuisse,
1713 1912 1747 1938 et
1771 1906 1914 1939 additur
1939 1908 2131 1951 gratulatio

1136 1953 1234 1987 istius
1252 1954 1440 1996 felicitatis,
1464 1957 1559 2001 quod
1577 1957 1688 2000 magis
1707 1956 1851 2003 enm⁸¹³)
1868 1958 2042 1991 delectent
2059 1965 2129 1992 stn-

1135 2004 1191 2036 dia
1208 2005 1326 2045 domi,
1355 2019 1461 2052 quam
1486 2007 1626 2051 publica
1654 2008 1866 2050 spectacula.
1921 2009 2131 2052 Figuratum

1134 2062 1252 2088 autem
1280 2063 1331 2089 est
1355 2056 1636 2102 enthymemate:
1674 2058 1710 2090 Si
1736 2058 1889 2092 venisses
1906 2059 2059 2092 Romam
2087 2062 2131 2093 ad

1166 2201 1197 2230 6)
1217 2200 1428 2229 exhibebantur]
1456 2199 1542 2224 Editt.
1562 2200 1655 2230 1545„
1683 2200 1756 2225 1560.
1782 2202 1952 2226 exhibentur.
1971 2215 2005 2219 -
2041 2202 2070 2226 ln
2089 2204 2132 2227 his

1198 2235 1215 2259 2
1234 2235 1318 2260 Editt.
1341 2235 1407 2258 haec
1426 2235 1491 2259 nota
1510 2241 1570 2259 cum
1589 2235 1771 2265 praecedente
1790 2236 1817 2260 in
1836 2242 1919 2261 unam
1939 2236 1981 2260 sic
2000 2238 2044 2261 est
2062 2243 2131 2262 con-

1202 2269 1305 2293 iuncta:
1340 2270 1428 2294 Oscos
1446 2270 1544 2298 ludos]
1564 2270 1628 2294 Osci
1647 2270 1703 2294 ludi
1722 2281 1756 2287 ·-
1775 2271 1866 2300 populi
1885 2270 1992 2294 ltaliae.
2030 2271 2129 2296 Graeci

1200 2304 1257 2327 ludi
1275 2317 1309 2321 -
1327 2304 1497 2328 exhibentur.

1165 2355 1196 2384 7)
1216 2355 1289 2379 Haec
1308 2356 1374 2379 nota
1392 2354 1420 2378 in
1439 2354 1534 2378 iisdem
1548 2355 1565 2379 2
1577 2354 1661 2379 Editt.
1677 2354 1813 2378 disiuncta
1832 2356 1875 2378 est
1895 2355 1921 2379 in
1941 2356 2025 2380 hasce
2044 2357 2129 2381 duas:

1200 2391 1358 2415 Extremus
1376 2390 1594 2420 elephantorum
1611 2389 1686 2417 dies]
1705 2389 1810 2413 'rt-ibuit
1825 2390 1979 2419 elephantis
1994 2391 2129 2415 rationem

1200 2424 1343 2454 quandam.
1388 2425 1470 2454 Quod
1487 2424 1513 2448 si
1531 2424 1591 2448 tam
1609 2424 1727 2454 facilem
1744 2424 1882 2455 populum
1901 2424 2050 2454 haberem]
2068 2426 2130 2450 Iro-

1199 2458 1246 2482 nia
1265 2460 1307 2482 est
1325 2465 1374 2482 seu
1394 2458 1516 2488 eclipsis.

1165 2511 1197 2540 8]
1216 2512 1274 2535 Hoc
1292 2512 1482 2542 argumentum
1501 2511 1528 2533 et
1547 2510 1600 2534 duo
1620 2510 1763 2540 sequentia
1790 2511 1823 2534 ab
1842 2510 1925 2535 Editt.
1945 2510 2038 2542 1556.,
2060 2511 2128 2536 ¹565

1199 2546 1317 2570 —1596.
1341 2545 1509 2569 exhibentur.

1163 2596 1213 2628 8³)
1233 2597 1371 2621 Plutarch.
1381 2596 1525 2626 Pompeius
1538 2604 1560 2620 c.
1573 2596 1615 2620 52.
1643 2597 1720 2621 Cons.
1735 2597 1816 2621 etiam
1831 2597 1881 2621 Dio
1898 2598 1977 2622 Cass.
1993 2599 2126 2630 ΧΧΧΙΧ,

1200 2632 1242 2655 38.
1263 2633 1289 2655 et
1304 2633 1458 2655 Drumann:
1480 2631 1642 2655 Gescliiclite
1655 2632 1739 2655 Bonis
1759 2632 1844 2656 mlv.
1865 2633 2056 2662 p.523—525.
2076 2633 2126 2656 His

1199 2666 1270 2688 ludis
1284 2665 1505 2696 apparatissimis
1521 2665 1722 2696 Cn.P0mpeius
1737 2666 1834 2690 iterum
1849 2668 1945 2690 consul
1965 2673 1988 2692 a.
2000 2674 2025 2690 u.
2035 2666 2126 2690 c.699.

1198 2701 1334 2724 theatrum
1354 2700 1497 2725 dedicavit.

1164 2751 1216 2782 ah)
1237 2754 1312 2780 euml
1334 2752 1418 2777 Editt.
1440 2753 1531 2782 1565.,
1556 2754 1626 2778 1569.
1647 2760 1744 2778 errore
1763 2756 1893 2784 typogr.:
1921 2759 1989 2779 eam.
