2294 2975
135 116 183 151 88

139 202 368 247 confugisset,
396 203 509 237 voluit
535 214 614 236 cum
644 203 744 248 sequi
761 203 904 241 Cicero,
940 202 1001 236 sed
1025 201 1126 248 quasi

138 261 315 298 spectant
339 255 544 293 turbarum,
580 266 695 300 neque
719 253 860 288 Caesari
885 266 999 298 neque
1021 253 1129 286 Pom-

139 305 219 349 peio
238 303 429 339 adhaerere
445 306 576 346 voluit,
604 307 716 339 donec
727 306 856 338 Caesar
873 304 907 337 in
919 304 1128 349 Hispaniam

140 363 263 389 contra
286 356 467 391 Petreium
494 364 527 390 et
542 357 728 390 Afranium
746 355 910 399 Pompeii
936 361 1130 400 praetores,

141 407 204 453 qui
219 407 427 452 Hispaniam
448 421 525 442 rum
552 408 705 440 exercitu
730 407 918 446 tenebant,
952 407 1130 450 profectus

143 465 205 492 est.
266 459 360 493 'l'um
385 459 478 492 enim
505 459 627 491 Cicero
651 459 695 491 ad
717 458 932 502 Pompeium
963 458 1000 490 in
1021 457 1132 490 Grae-

143 509 233 542 ciam
251 510 450 554 navigavit,
479 521 628 555 cumque
646 521 686 542 eo
710 509 861 549 mansit,
888 510 1001 542 donec
1023 509 1132 541 victo-

142 560 194 594 ria
214 561 347 605 potitus
365 567 451 594 esset
463 560 602 594 Caesar.
655 560 717 594 Est
735 572 818 605 ergo
838 560 985 604 epistola
1002 559 1132 604 scripta

143 612 208 646 sub
229 611 448 656 profectione
465 612 624 645 Caesaris
647 611 685 644 iu
699 611 921 656 Hispaniam.
983 611 1029 645 Et
1050 622 1133 655 pur-

144 669 203 706 gat
231 675 266 695 se
291 662 413 696 Cicero
445 664 486 696 de
518 663 604 696 istac
629 663 848 707 suspicione,
886 663 983 708 quod
1003 662 1135 696 scilicet

144 713 411 748 existimabatur
430 727 470 748 eo
489 715 635 748 consilio
652 714 689 747 in
707 714 868 749 Cumano
887 714 1068 753 mansisse,
1095 718 1135 745 ut

143 764 278 799 facilius
296 766 341 799 ad
357 766 570 811 Pompeium
589 765 766 801 transiret.
818 765 1036 805 Exordium,
1063 775 1133 809 quo

147 815 267 850 animo
288 817 462 862 acceperit
482 817 634 857 litteras,
666 823 786 863 estque
803 817 990 851 interserta
1009 814 1135 859 ampli—

145 868 262 901 ficatio
288 869 432 903 doloris.
492 868 606 912 Negat
630 869 724 902 enim
750 875 898 914 propter
921 865 1136 911 magnitudi-

146 931 229 952 nem
247 919 380 954 doloris
404 933 439 954 se
465 932 567 964 posse
594 920 724 953 dolere.
784 919 952 966 Sequitur
975 916 1137 963 proposi-

147 970 215 1003 tio:
251 970 357 1004 Nullo
386 971 494 1005 modo
520 972 760 1011 committam,
794 978 833 1004 ut
857 970 1035 1003 offendam
1052 968 1137 1001 Cae-

148 1033 275 1055 sarem.
337 1023 423 1056 Post
445 1022 728 1068 propositionem
751 1022 869 1055 brevis
893 1021 1052 1054 narratio
1075 1031 1139 1063 po-

148 1072 246 1105 nitur
262 1075 464 1118 praeposita
487 1073 728 1113 dubitatione,
764 1081 797 1106 et
821 1079 869 1107 est
895 1084 1033 1106 summa
1057 1082 1139 1103 nar-

148 1124 314 1157 rationis:
342 1126 535 1168 Fugerem,
563 1126 623 1158 sed
640 1131 788 1169 propter
805 1124 944 1157 lictores
963 1135 1037 1155 non
1058 1133 1140 1166 pos-

148 1187 236 1208 sum.
289 1175 422 1222 Estque
440 1183 472 1209 et
488 1177 556 1209 alia
574 1176 734 1209 narratio
759 1177 801 1209 de
826 1174 1066 1219 profectione,
1101 1172 1139 1204 in

150 1238 219 1270 qua
235 1234 340 1271 negat
355 1240 390 1261 se
407 1229 650 1272 profecturum
675 1233 798 1260 contra
816 1227 1015 1260 Caesarem.
1067 1223 1139 1256 Ra—

149 1277 218 1309 tioz
248 1278 339 1322 Quia
357 1279 441 1312 nolo
460 1279 627 1312 interesse
650 1278 742 1311 bello
768 1278 873 1311 civili.
925 1276 1063 1310 Deinde
1090 1280 1140 1308 est

150 1329 344 1362 confutatio
377 1330 578 1374 argumenti
610 1329 739 1369 Caelii,
790 1330 885 1374 quod
914 1340 988 1361 non
1018 1327 1141 1360 timeat

150 1379 298 1423 privatis
315 1381 429 1415 bonis.
470 1381 596 1415 Postea
616 1381 660 1413 ad
678 1381 783 1413 finem
800 1392 910 1426 usque
929 1386 978 1412 est
994 1390 1140 1422 respon-

152 1431 203 1463 sio
225 1433 397 1476 quaedam
419 1433 461 1465 de
483 1432 555 1464 filio
579 1437 612 1464 et
629 1431 832 1470 Dolabella;
868 1432 952 1464 item
980 1431 1022 1463 de
1047 1429 1139 1462 bello

151 1481 355 1526 Hispanico.
407 1482 578 1527 Epilogus
594 1481 701 1515 habet
718 1483 974 1527 praecisionem
992 1493 1010 1514 a
1029 1488 1141 1514 trans-

152 1534 284 1566 latione
301 1546 384 1567 suae
402 1534 610 1568 timiditatis.
662 1532 703 1566 In
726 1535 793 1566 fine
819 1535 988 1567 admonet
1012 1534 1054 1565 de
1069 1531 1142 1576 Ap-

153 1585 213 1628 pio
233 1585 398 1618 etCurtIO
417 1586 658 1630 expetentibus
674 1586 803 1618 frustra
821 1582 1054 1629 triumphum.
1097 1583 1144 1616 Et

153 1636 262 1679 petit,
304 1643 343 1670 ut
368 1637 508 1679 omnia,
549 1642 749 1684 quaensunt
772 1648 854 1677 sua,
895 1636 1142 1670 commendata

152 1684 291 1722 habeat.

400 1774 536 1808 Aliud
574 1780 903 1819 argumentum.

258 1842 498 1887 Responsoria
519 1850 568 1877 est
588 1843 734 1887 epistola
752 1843 796 1875 ad
814 1840 1048 1887 penultimam
1061 1840 1146 1874 Cae-

156 1893 214 1933 lii,
256 1893 291 1925 in
314 1908 382 1938 qua
409 1895 674 1938 diligentissime
701 1892 908 1927 dehortatus
930 1899 981 1926 est
1007 1892 1146 1926 Cicero-

158 1956 260 1984 nem,
301 1957 345 1977 ne
376 1958 410 1978 se
442 1947 672 1989 coniungeret
699 1957 778 1979 cum
802 1944 987 1989 Pompeio·
1057 1943 1145 1977 Cum

160 1995 252 2028 enim
270 1995 392 2029 Cicero
411 2009 451 2029 ex
473 1997 657 2042 provincia
677 1996 897 2036 decessisset,
925 1996 1148 2040 aliquamdiu

160 2047 197 2078 in
214 2046 361 2079 Graecia
385 2055 544 2082 moratus
569 2055 639 2088 est,
674 2054 755 2091 post
777 2048 822 2080 ad
845 2048 970 2081 urbem
993 2046 1147 2087 accessit,

160 2097 222 2130 ubi
240 2099 388 2131 tentavit
404 2100 520 2133 varias
535 2100 692 2133 rationes
717 2099 913 2132 firmandae
936 2098 1032 2142 pacis
1055 2097 1148 2131 inter

163 2149 349 2182 Caesarem
368 2156 401 2182 et
418 2150 643 2195 Pompeium.
697 2149 803 2194 Quod
819 2163 898 2184 cum
921 2150 1052 2183 frustra
1076 2161 1147 2182 esse

164 2206 342 2240 cerneret,
375 2207 409 2233 et
422 2201 614 2247 Pompeius
639 2213 680 2234 ex
703 2201 790 2234 urbe
813 2207 847 2234 et
861 2200 961 2234 Italia
985 2201 1030 2233 ad
1053 2212 1149 2233 exer—

167 2251 274 2284 citum
300 2252 336 2284 in
358 2251 508 2296 Epirum
536 2252 765 2296 confugisset,
804 2252 920 2285 noluit
943 2264 1023 2285 eum
1050 2251 1149 2296 sequi

168 2301 311 2342 Cicero,
347 2304 408 2337 sed
436 2305 625 2338 arbitratus
653 2311 703 2337 est
732 2303 947 2336 tutissimum
979 2314 1068 2342 esse,
1111 2309 1150 2335 ut

167 2359 343 2397 spectator
369 2362 457 2388 esset
485 2356 627 2389 illarum
658 2356 842 2388 turbarum
875 2353 993 2387 neutri
1021 2351 1151 2386 adhae-

166 2405 278 2437 rendo
292 2430 301 2443 ,
329 2406 439 2439 donec
457 2407 584 2440 Caesar
600 2407 636 2439 in
652 2405 860 2450 Hispaniam
889 2411 1010 2437 contra
1031 2405 1151 2437 Petre—

169 2455 242 2489 ium
267 2461 301 2487 et
323 2456 509 2491 Afranium
540 2465 720 2503 praetores
745 2455 928 2500 Pompeii,
969 2455 1030 2501 qui
1058 2462 1151 2488 tene-

167 2507 254 2539 bant
264 2505 484 2552 Hispaniam,
503 2522 579 2542 cum
598 2509 751 2542 exercitu
765 2508 941 2551 profectus
957 2513 1018 2540 est.
1057 2506 1151 2539 Tum

170 2557 262 2590 enim
279 2558 400 2591 Cicero
418 2560 461 2591 ad
478 2560 688 2604 Pompeium
707 2560 744 2592 in
755 2558 941 2592 Graeciam
960 2557 1152 2600 navigavit,

171 2621 211 2641 ac
237 2621 316 2642 cum
339 2622 380 2642 eo
406 2612 554 2651 mansit,
594 2613 705 2645 donec
734 2609 880 2643 victoria
906 2608 1040 2653 potitus
1065 2614 1153 2641 esset

171 2660 311 2694 Caesar.
346 2660 408 2695 Est
421 2673 504 2705 ergo
522 2660 608 2695 haec
624 2661 770 2706 epistola
787 2661 930 2705 scripta,
944 2659 1151 2704 priusquam

169 2711 206 2744 in
225 2710 432 2757 Hispaniam
451 2713 603 2748 abiisset.
651 2711 692 2748 In
708 2724 847 2747 summa
864 2717 981 2745 autem
1001 2710 1154 2746 ostendit

707 113 829 151 PHIL.
864 113 976 152 MEL.
1011 112 1213 150 SCRIPTA
1251 112 1586 150 PHILOLOGICA.

2120 113 2169 150 84

1181 201 1324 241 Cicero,
1366 201 1461 246 quod
1483 213 1557 234 non
1580 201 1626 235 sit
1649 200 1722 234 eius
1746 200 1938 241 sententia,
1978 207 2019 234 ut
2046 204 2171 234 contra

1181 252 1368 285 Caesarem
1392 264 1428 286 se
1453 253 1646 296 coniungat
1662 252 1848 297 Pompeio.
1900 251 2096 286 Exordium
2113 263 2172 286 su·

1181 303 1291 336 mitur
1317 303 1361 336 ab
1387 303 1569 337 occasione
1594 303 1793 337 litterarum
1813 304 1942 344 Caelii,
1969 304 2170 344 ostendens,

1183 366 1253 399 quo
1272 353 1390 387 animo
1409 366 1466 388 eas
1483 355 1619 398 legerit.
1653 354 1786 400 Estque
1802 355 1922 388 addita
1940 354 2046 388 tacita
2064 365 2172 400 quae-

1184 406 1265 438 dam
1282 403 1509 449 reprehensio
1526 406 1724 438 litterarum
1749 412 1783 439 et
1798 406 2052 450 suspicionum.
2103 404 2173 438 Ex-

1185 456 1326 489 ordium
1343 463 1540 502 sequuntur
1555 458 1645 490 duae
1668 457 1912 498 narrationes,
1948 469 2101 502 quarum
2123 456 2174 489 al-

1184 513 1258 540 tera
1278 518 1418 541 causam
1439 508 1615 548 continet,
1644 520 1754 553 quare
1774 521 1848 542 non
1864 508 1973 553 possit
1995 508 2116 552 fugere
2136 506 2173 539 in

1186 558 1340 603 aliquem
1363 559 1479 592 locum
1506 565 1704 599 remotum,
1739 565 1844 605 atque
1868 560 1916 592 ita
1940 559 2061 593 latere.
2113 557 2175 591 Al-

1185 615 1260 642 tera
1285 615 1335 642 est
1356 609 1527 654 expositio
1558 611 1734 655 quaedam
1765 610 1818 644 sui
1850 609 1989 643 consilii
2019 611 2062 643 de
2091 621 2174 654 pro-

1186 660 1349 701 fectione,
1378 662 1472 706 quod
1490 660 1651 694 videlicet
1667 673 1740 694 non
1758 661 1843 695 velit
1853 661 2029 706 proficisci
2047 666 2171 694 contra

1188 711 1393 752 Caesarem,
1436 712 1517 757 qula
1541 711 1700 745 animum
1727 710 1856 746 habeat
1880 724 2025 757 prorsus
2046 709 2176 745 abhor—

1187 769 1323 795 rentem
1353 776 1371 796 a
1397 764 1490 796 bello
1515 763 1620 797 civili.
1680 763 1817 797 Deinde
1842 764 1946 797 diluit
1967 769 2177 808 argumenta

1189 814 1299 847 Caelii
1315 815 1357 847 de
1376 814 1533 858 periculo
1549 827 1693 847 suarum
1711 815 1950 855 fortunarum,
1977 814 2177 859 significans

1188 877 1223 898 se
1244 877 1318 898 non
1341 865 1430 898 tanti
1454 867 1569 898 facere
1597 878 1718 899 omnes
1749 878 1829 899 suas
1854 867 2035 907 fortunas,
2078 864 2178 911 quin,

1190 929 1269 949 cum
1287 929 1376 960 opus
1393 923 1460 956 est,
1487 917 1629 949 illarum
1654 917 1788 949 iactura
1814 916 2029 961 reipublicae
2052 927 2176 962 pacem

1190 968 1364 1000 redimere
1383 968 1513 1011 cupiat,
1557 966 1745 1001 Conclusio
1761 968 1938 1001 eruditam
1954 966 2061 1002 habet
2075 978 2177 1012 prae-

1191 1018 1380 1058 cisionem,
1409 1031 1499 1064 quae
1519 1024 1569 1051 est
1593 1019 1769 1051 excusatio
1795 1019 1882 1052 mali
1904 1019 2034 1053 ominis
2055 1030 2177 1052 rerum

1190 1069 1390 1102 futurarum
1409 1075 1550 1113 sumpto
1566 1076 1775 1113 argumento
1801 1071 1844 1103 ab
1868 1076 1994 1104 aetate.
2044 1069 2178 1115 Estque

1192 1120 1331 1153 additus
1347 1121 1444 1153 iocus
1456 1147 1464 1160 ,
1492 1121 1577 1152 item
1593 1120 1803 1164 significatio
1821 1132 1904 1154 suae
1923 1121 2117 1154 voluntatis
2139 1120 2177 1152 in

1192 1177 1289 1203 tanta
1316 1171 1585 1216 perturbatione
1610 1177 1720 1205 status
1749 1171 1964 1216 reipublicae
1996 1177 2031 1206 et
2059 1171 2178 1206 brevis

1192 1222 1329 1266 petitio.

1491 1305 1872 1352 Paraphrasis

1192 1356 1297 1393 huius
1320 1358 1391 1392 loci
1423 1356 1471 1403 (ξ
1490 1359 1557 1405 1.);
1598 1360 1688 1392 Illud
1709 1362 1817 1394 miror
1837 1362 1960 1394 adduci
1978 1361 2125 1404 potuisse
2146 1364 2178 1394 ie

1619 1415 1682 1444 etc.
1698 1410 1756 1457 57).

1297 1477 1404 1511 Dolet
1427 1475 1516 1510 mihi
1538 1479 1690 1512 movisse
1716 1491 1813 1512 meas
1837 1479 1974 1513 litteras
2001 1479 2066 1512 tibi
2102 1491 2181 1513 eam

1195 1530 1430 1574 suspicionem
1442 1555 1452 1569 ,
1478 1535 1518 1562 ut
1535 1531 1694 1563 crederes
1710 1542 1767 1563 me
1785 1531 1828 1562 ad
1838 1530 2052 1574 Pompeium
2068 1536 2182 1565 trans-

1196 1581 1246 1613 ire
1264 1581 1364 1614 velle.
1416 1578 1514 1614 Nihil
1541 1581 1636 1613 enim
1658 1581 1754 1614 aliud
1782 1581 1819 1614 in
1842 1581 1885 1615 iis
1905 1581 1978 1625 egI,
2011 1593 2118 1627 quam
2141 1588 2182 1616 ut

1197 1632 1432 1665 calamitatem
1451 1629 1580 1664 horum
1602 1638 1803 1676 temporum
1822 1633 2059 1677 deplorarem,
2075 1644 2184 1678 quam

1197 1683 1261 1716 tibi
1281 1695 1422 1728 quoque
1439 1683 1604 1715 acerbam
1629 1695 1700 1716 esse
1723 1683 1852 1718 iudico.
1905 1683 1998 1729 Quia
2014 1689 2133 1717 autem
2149 1689 2185 1718 et

1197 1734 1361 1778 Pompeii
1390 1746 1446 1767 res
1476 1733 1666 1767 inclinatae
1699 1741 1799 1775 sunt,
1844 1740 1878 1767 et
1904 1747 1968 1779 ego
1992 1735 2030 1768 in
2053 1748 2183 1780 magna

1198 1787 1292 1830 apud
1310 1785 1495 1818 Caesarem
1512 1798 1588 1818 sum
1605 1786 1716 1830 gratia
1728 1812 1737 1826 ,
1762 1786 1894 1826 miror,
1922 1787 2019 1832 quod
2034 1800 2092 1821 me
2109 1794 2184 1823 tam

1198 1837 1439 1881 improvidum
1460 1843 1521 1870 aut
1543 1837 1802 1870 inconstantem
1821 1849 1893 1871 esse
1918 1837 2184 1882 existimaveris,

1198 1895 1239 1922 ut
1270 1889 1429 1921 crederes
1458 1900 1514 1920 me
1546 1900 1645 1921 arma
1672 1888 1836 1933 Pompeii
1866 1896 2069 1923 secuturum
2097 1903 2182 1926 esse.

1198 1940 1290 1974 Nam
1310 1941 1406 1985 quod
1422 1939 1545 1983 scripsi
1563 1951 1618 1972 me
1634 1937 1763 1972 habere
1777 1939 1874 1973 triste
1890 1941 2089 1984 consilium,
2116 1941 2185 1977 hoc

1199 1991 1314 2036 ipsum
1336 1991 1421 2031 suit,
1463 1991 1558 2036 quod
1592 1996 1629 2023 tu
1661 2003 1803 2036 quoque
1828 1992 2017 2033 monuisti,
2053 2000 2112 2035 ut,
2154 1994 2186 2028 si

1198 2043 1339 2082 liceret,
1363 2042 1514 2075 libenter
1529 2041 1638 2074 mein
1661 2042 1777 2075 locum
1806 2042 1961 2088 aliquem
1986 2045 2184 2079 conferrem

1199 2100 1377 2127 remotum
1395 2106 1412 2126 a
1429 2092 1588 2126 civilibus
1604 2093 1723 2126 armis.
1775 2092 1899 2139 Neque
1923 2095 2017 2129 enim
2039 2108 2184 2141 possum

1200 2145 1274 2179 sine
1293 2144 1448 2178 maximo
1465 2143 1587 2177 dolore
1608 2150 1725 2178 motus
1747 2151 1916 2189 spectare.
1976 2146 2044 2180 Sed
2066 2159 2188 2182 mora-

1201 2203 1259 2230 tur
1275 2209 1331 2229 me
1345 2196 1404 2228 illa
1421 2206 1551 2240 pompa
1569 2194 1799 2239 imperatoria
1811 2223 1820 2236 ,
1855 2209 2015 2243 quaeque
2036 2199 2186 2233 molesta

1203 2254 1265 2288 est,
1291 2259 1356 2280 nec
1371 2246 1516 2291 patitur,
1543 2252 1582 2279 ut
1598 2246 1635 2278 in
1648 2245 1747 2279 Italia
1766 2247 1895 2281 alicubi
1909 2248 2052 2284 lateam.
2092 2250 2186 2285 Nam

1202 2299 1239 2332 in
1256 2299 1375 2332 oculos
1392 2295 1578 2330 hominum
1598 2298 1765 2338 incurrit,
1793 2305 1827 2331 et
1848 2300 2107 2335 malevolorum
2128 2313 2187 2335 ca-

1202 2349 1345 2383 lumniis
1364 2348 1569 2392 exagitatur.
1621 2348 1744 2394 Neque
1768 2355 1887 2383 tamen
1910 2363 2070 2397 unquam
2093 2353 2188 2397 cogi-

1203 2401 1276 2434 tavi
1302 2402 1344 2434 de
1366 2400 1595 2444 profectione.
1654 2400 1822 2434 Retinent
1845 2402 1938 2435 enim
1962 2415 2019 2436 me
2039 2405 2187 2448 praedia

1203 2464 1281 2485 mea
1293 2478 1302 2492 ‚
1331 2463 1348 2484 a
1367 2451 1494 2496 quibus
1509 2451 1584 2485 sine
1601 2463 1729 2495 magno
1748 2453 1905 2497 periculo
1929 2454 1982 2487 rei
2000 2455 2186 2490 familiaris

1205 2503 1342 2547 longius
1361 2503 1479 2536 abesse
1496 2514 1569 2535 non
1583 2515 1738 2547 possum.
1799 2504 1904 2549 Quod
1923 2511 2039 2538 autem
2058 2505 2096 2539 in
2111 2518 2187 2540 ma-

1204 2554 1332 2587 ritimis
1354 2566 1450 2594 sum,
1485 2566 1559 2586 non
1584 2566 1624 2587 eo
1647 2555 1758 2595 facio,
1791 2562 1831 2588 ut
1845 2555 1956 2589 facilis
1971 2557 2015 2590 ad
2032 2557 2185 2603 Pompe-

1204 2605 1278 2639 ium
1302 2604 1481 2648 navigatio
1505 2604 1560 2639 sit.
1621 2605 1692 2639 Cur
1719 2605 1813 2639 enim
1841 2619 1897 2639 me
1919 2607 2092 2652 Pompeio
2125 2609 2187 2643 ad-

1238 2688 1286 2721 57)
1306 2689 1380 2712 Haec
1403 2689 1580 2718 paraphrasis
1606 2690 1633 2714 et
1656 2695 1774 2721 sequens
1798 2688 1828 2715 in
1851 2688 1935 2715 Editt.
1956 2690 2048 2724 1556„
2070 2692 2138 2719 1565
2153 2706 2187 2713 —

1274 2723 1348 2749 1596.
1367 2724 1486 2747 exstant.

2248 498 2273 2975 —mffl-
2258 483 2260 486 ·
2256 121 2262 455 ”q——m
