2294 2975
112 119 184 156 247

115 202 288 241 nationis,
315 205 349 234 et
369 197 517 233 subinde
534 201 694 230 teneatur
719 192 892 227 desiderio
917 189 1034 230 urbis,
1062 196 1097 223 et

115 253 279 288 bortatur
293 263 372 285 eum
390 249 505 283 verbis
526 247 672 290 sumptis
697 257 737 277 ex
760 241 940 286 tragoedia
956 240 1099 285 Euripi-

117 306 189 341 dis,
223 315 311 349 quae
337 306 508 335 testantur
532 298 660 330 multos
684 301 779 327 extra
806 293 960 337 patriam
986 292 1099 325 claros

117 357 247 393 sartos,
275 359 307 386 et
322 353 410 385 bene
432 348 642 383 consuluisse
663 345 733 378 suis
749 344 864 377 rebus.
912 342 1100 376 Conclusio

119 404 224 438 babet
243 403 494 448 praecisionem
512 405 545 431 et
562 398 714 430 iocosam
735 394 1037 434 admonitionem,
1063 398 1103 426 ut

121 456 280 488 xidelicet
323 454 358 485 in
395 450 558 484 omnibus
595 447 706 480 causis
740 444 970 490 suscipiendis
1003 450 1103 477 caute

121 506 208 551 etae)
233 505 423 549 prudenter
447 505 538 542 agat.

355 576 489 609 Aliud
518 578 846 617 argumentum.

222 646 424 689 Sequuntur
450 641 587 687 aliquot
612 639 780 684 epistolae
812 638 856 670 ad
883 634 1106 674 Trebatium,

123 699 158 729 in
178 696 302 741 quibus
320 694 409 727 mira
427 693 575 725 facilitas
600 698 633 724 et
656 689 827 733 elegantia
852 695 921 728 est,
955 692 1105 731 suntque

123 746 223 780 multi
248 744 375 778 hilares
399 743 520 788 iociw)
545 742 688 786 aspersi.
740 740 998 783 Argumentum
1023 749 1106 769 vero

125 797 283 831 onmium
305 794 533 839 epistolarum
551 791 716 837 paene‘ffl)
734 791 826 823 idem
845 796 906 823 est.
958 787 1106 822 Occasio

123 847 297 882 scribendi
329 845 479 879 sumitur
512 856 552 877 ex
583 843 720 886 scriptis
751 840 922 874 Trebatii.
987 838 1107 871 Prima

125 898 270 943 epistola
306 895 462 930 continet
491 892 801 938 reprehensionem
825 892 928 935 plane
957 889 1106 922 amicam

125 948 290 982 desiderii
322 947 418 980 urbis
448 952 481 978 et
516 945 622 977 taedii
653 941 894 987 prosectioniS.
959 940 1110 973 Ferebat

126 999 220 1033 enim
242 998 430 1031 Trebatius
454 994 758 1040 impatientissime
782 1005 885 1026 suum
908 991 1109 1029 discessum,

127 1063 232 1096 quem
255 1048 478 1093 poenituerat
493 1052 671 1089 susceptae
689 1042 997 1088 peregrinationis.
1043 1041 1110 1073 Or-

128 1102 223 1133 ditur
248 1107 363 1132 autem
384 1111 401 1131 a
421 1097 518 1129 brevi
536 1096 741 1129 narratione
761 1096 802 1127 de
819 1106 880 1127 sua
899 1092 1110 1125 benevolen-

127 1153 174 1184 tia
192 1158 223 1183 υἱ
241 1148 558 1182 commendatione.
612 1146 712 1178 Hanc
729 1144 888 1190 sequitur
911 1142 1110 1186 obiurgatio

127 1202 245 1234 addita
263 1198 511 1233 adhortatione
531 1210 571 1230 ex
587 1198 665 1230 loco
685 1195 865 1229 communi
890 1195 932 1227 de
958 1193 1111 1238 peregri-

127 1253 291 1290 natione,
325 1262 413 1295 quae
436 1249 555 1282 multis
581 1247 766 1292 profuerit.
826 1245 864 1278 In
886 1246 955 1278 fine
978 1250 1028 1277 est
1052 1244 1112 1276 ad-

128 1303 280 1336 monitio
304 1301 419 1334 iocosa
431 1327 440 1340 ,
467 1306 507 1333 ut
523 1299 559 1331 in
579 1299 689 1332 causis
704 1297 846 1341 agendis
862 1308 896 1329 se
914 1301 1055 1328 cautum
1073 1305 1112 1326 ac

127 1355 336 1398 prudentem
361 1351 546 1396 praebeat,
575 1350 693 1381 addita
711 1347 882 1382 sententia
902 1347 943 1379 de
960 1357 1040 1378 vera
1059 1356 1112 1378 sa-

128 1404 280 1449 pientia,
307 1415 367 1436 seu
386 1403 427 1435 de
445 1413 509 1434 usu
527 1407 560 1433 et
576 1402 643 1433 fine
662 1399 873 1432 studiorum.

373 1477 510 1510 Aliud
545 1480 871 1519 argumentum.

228 1546 351 1579 Primo
383 1544 460 1576 loco
494 1542 639 1586 ponitur
661 1538 925 1572 narratiuncula
950 1538 992 1569 de
1020 1549 1113 1569 com-

129 1595 416 1630 mendationibus
433 1592 503 1626 suis
519 1605 583 1636 pro
603 1590 785 1623 Trebatio.
845 1589 981 1621 Deinde
999 1587 1113 1632 sequi-

130 1655 187 1681 tur
207 1645 402 1691 propositio
425 1642 668 1676 adhortatoria
694 1643 736 1673 ad
763 1640 988 1684 perferendas
1014 1638 1113 1670 sorti-

130 1705 183 1731 ter
201 1697 390 1735 molestias,
418 1707 507 1740 quae
525 1695 555 1726 ei
571 1694 726 1726 accidere
745 1697 901 1735 possunt,
929 1690 988 1734 qui
1005 1690 1111 1721 domo

131 1750 240 1782 abest.
308 1747 413 1779 Ratio
445 1752 582 1788 sumpta
617 1750 667 1776 est
701 1744 743 1774 ab
771 1742 930 1785 exemplo
955 1740 1113 1779 Medeae,

133 1812 221 1844 quac
247 1804 362 1831 secuta
388 1796 545 1829 Iasonem
572 1801 605 1827 et
626 1795 669 1826 ab
692 1795 816 1826 eodem
842 1792 1003 1836 expulsa,
1037 1797 1113 1823 tan-

131 1852 209 1882 dem
228 1846 436 1882 Corinthiun
462 1846 638 1890 pervenit,
673 1856 838 1877 excusans
859 1856 894 1876 se
919 1843 1012 1885 apud
1037 1854 1112 1874 mu-

131 1901 251 1939 lieres,
294 1900 388 1944 quod
422 1896 566 1930 honeste
598 1896 790 1928 multorum
815 1893 974 1936 exemplo
999 1892 1111 1936 patria

133 1957 286 1989 careret,
316 1957 347 1981 et
366 1948 520 1980 infinitas
535 1949 641 1979 ferret
658 1946 845 1978 molestias.
883 1944 954 1976 Pro
974 1943 1111 1986 epilogo

132 2002 277 2046 ponitur
295 1999 463 2044 praecisio
480 2011 556 2031 cum
585 1996 850 2035 admonitione,
883 2007 973 2040 quae
998 1994 1111 2027 iocum

131 2052 255 2090 habet,
283 2051 399 2083 addita
417 2049 586 2082 sententia
607 2047 761 2090 generali
778 2059 818 2079 ex
833 2045 1003 2089 Euripide
1020 2058 1113 2078 sum-

133 2110 191 2147 pta
213 2104 254 2134 de
275 2102 334 2141 iis,
363 2100 423 2145 qui
446 2112 524 2132 cum
550 2098 660 2130 videri
683 2097 846 2143 velint‘ss)
870 2096 988 2128 omnia
1014 2095 1114 2135 scire,

135 2154 199 2187 sibi
217 2153 299 2197 ipsis
317 2164 360 2184 ne
377 2152 413 2183 in
433 2150 581 2182 minimo
600 2148 741 2193 quidem
761 2147 942 2180 consulere
968 2146 1113 2190 possint.

272 2233 454 2270 Scholia
491 2234 534 2266 in
569 2232 808 2276 epistolam
837 2230 975 2277 Vllfffl).

235 2302 265 2347 ἓ.
294 2305 325 2337 1.
370 2305 438 2346 Eyo
464 2307 493 2335 ie
519 2297 764 2345 commendare]
799 2297 938 2330 locatur
965 2298 1001 2330 in
1029 2298 1115 2332 Tre-

134 2353 286 2393 batium,
320 2366 422 2398 quem
458 2351 688 2396 pecuniarum
720 2349 862 2381 avidum
900 2360 972 2382 esse
1007 2361 1114 2383 nove-

168 2454 216 2481 38)
237 2454 276 2481 et]
296 2452 335 2475 sic
353 2452 435 2477 Editt.
457 2452 546 2480 ¹565„
570 2451 660 2481 1569.‚
682 2451 772 2479 15923
802 2450 851 2473 Ed.
873 2449 944 2472 1556.
965 2454 1003 2472 ac.

170 2496 217 2523 39)
237 2495 300 2521 ioci]
314 2493 352 2516 sic
364 2495 438 2515 recte
454 2494 536 2516 Editt.
555 2494 637 2521 1556„
656 2493 745 2521 1565.;
765 2492 848 2515 Editt.
863 2491 948 2521 1569.,
963 2492 1036 2516 1592.
1053 2492 1114 2515 loci.

170 2539 218 2564 40)
239 2537 338 2566 paene]
360 2535 399 2557 sie
417 2535 464 2558 Ed.
486 2535 575 2565 1556.;
601 2535 683 2558 Editt.
706 2534 790 2563 1565.‚
811 2534 896 2565 1569„
917 2533 989 2556 1592.
1008 2534 1096 2563 plane.

167 2582 215 2607 41)
236 2578 332 2605 velint]
352 2577 391 2599 sic
410 2577 455 2598 Ed.
478 2577 568 2607 1592.3
604 2577 652 2600 Ed.
673 2577 746 2601 1556.
771 2576 884 2607 voluntJ
919 2575 1005 2600 Editt.
1028 2576 1113 2606 1565„

203 2613 276 2636 1569.
296 2616 389 2633 errore
408 2612 533 2640 typogn:
561 2611 654 2634 velint.

165 2657 213 2683 42)
233 2652 413 2678 Melanthonis
436 2652 595 2682 argumento
620 2652 699 2676 huius
730 2652 862 2682 epistolae
885 2651 1026 2677 aditiones
1048 2651 1114 2676 153⁷

197 2702 230 2709 ...
246 2688 336 2717 1551.,
364 2685 454 2717 1557.,
480 2686 569 2716 1560.,
597 2687 670 2710 1601.
690 2690 801 2718 carent,
834 2692 897 2712 nam
919 2686 965 2718 id,
996 2686 1066 2717 quod
1084 2687 1111 2710 in

682 107 804 143 PHIL.
841 104 953 141 MEL.
987 102 1190 139 SCRIPTA
1224 103 1559 141 PHILOLOGICA.

2061 105 2136 143 248

1153 190 1275 236 raim).
1360 193 1402 225 In
1425 189 1550 238 Balbo]
1579 190 1645 225 Hic
1668 191 1802 226 Balbus
1825 190 1892 225 suit
1912 189 2143 224 familiarissi-

1151 253 1229 274 mus
1247 240 1407 283 Caesari,
1435 254 1539 287 quem
1559 242 1682 276 Cicero
1702 243 1897 288 aliquando
1914 240 2082 276 defendit.

1441 340 1764 386 Argumentum
1781 342 1841 388 ⁴⁴).

1256 415 1319 449 Est
1348 415 1452 449 etiam
1487 415 1732 451 adhortatoria
1763 416 1852 451 haec
1888 416 2055 462 epistola,
2102 414 2140 448 in

1157 478 1224 512 qua
1249 473 1372 499 monet
1388 467 1616 508 Trebatium,
1650 475 1689 503 ut
1713 470 1771 502 det
1796 480 1960 513 operam,
1994 479 2064 512 quo
2088 465 2142 499 uti

1157 517 1268 562 possit
1283 518 1451 551 beneficio
1473 531 1512 551 ac
1537 519 1747 552 liberalitate
1766 519 1947 559 Caesaris,
1982 528 2142 562 praeser-

1158 568 1220 601 tim
1248 581 1326 601 cum
1352 570 1395 601 ad
1424 581 1501 602 eam
1526 581 1601 602 rem
1629 571 1756 604 multas
1780 569 1908 603 habeat
1931 568 2143 601 occasiones.

1158 619 1339 663 Principio
1374 620 1518 663 ponitur
1551 622 1710 653 narratio
1743 622 1786 654 de
1815 633 1876 654 sua
1900 618 2080 662 diligentia
2106 618 2142 650 in

1160 671 1455 704 commendando.
1522 670 1689 715 Sequitur
1714 671 1897 715 responsio
1926 670 2064 708 iocosa,
2108 668 2144 700 in

1160 733 1227 766 qua
1248 721 1372 753 alludit
1388 722 1432 753 ad
1456 721 1614 765 querelas
1632 722 1812 762 Trebatii,
1847 722 1941 767 qnod
1967 720 2004 752 in
2021 716 2145 763 Bithy-

1162 772 1217 803 nia
1240 784 1313 803 non
1330 777 1448 815 posset
1463 771 1642 806 ditescere.
1694 771 1832 805 Deinde
1855 779 1906 805 est
1931 769 2146 809 adhortatio,

1161 828 1198 855 ut
1214 822 1378 856 omnibus
1394 822 1465 855 suis
1483 822 1605 856 officiis
1621 824 1759 856 studeat
1774 823 1911 867 placere
1929 820 2082 855 Caesari.

1405 923 1538 958 Aliud
1566 930 1892 969 argumentum.

1263 999 1445 1043 Principio
1464 1007 1646 1044 ponuntur
1663 1001 1751 1033 duae
1766 1000 1889 1033 breves
1904 998 2143 1032 narrationes:

1164 1049 1271 1081 altera
1291 1051 1332 1082 de
1352 1063 1413 1083 sua
1439 1051 1621 1094 diligentia
1640 1051 1674 1083 in
1694 1051 1998 1088 commendando;
2033 1049 2144 1082 altera

1164 1105 1214 1132 est
1230 1101 1371 1145 obliqua
1388 1103 1562 1145 quaedam
1582 1099 1808 1145 reprehensio
1825 1100 1966 1134 silentii.
2016 1100 2146 1133 Postea

1164 1150 1309 1194 ponitur
1342 1152 1458 1191 iocus,
1499 1158 1658 1196 sumptus
1682 1164 1722 1185 ex
1747 1151 1888 1196 querela
1914 1149 2075 1184 Trebatii
2106 1150 2149 1183 de

1164 1203 1324 1245 pecunia.
1378 1202 1564 1236 Conclusio
1588 1201 1694 1235 habet
1720 1200 2025 1242 adhortatIOnem,
2051 1206 2091 1235 ut
2108 1200 2147 1234 in

1165 1253 1262 1284 omni
1293 1265 1419 1296 genere
1452 1253 1648 1286 officiorum
1682 1254 1821 1287 studeat
1849 1252 1915 1286 sibi
1953 1252 2145 1296 adiungere

1165 1302 1323 1360 Caesaris
1344 1304 1648 1345 benevolentiam,
1675 1316 1739 1337 nec
1762 1303 1851 1337 ullas
1874 1303 2029 1348 negligat
2049 1314 2148 1336 occa-

1164 1366 1291 1389 s1ones.

1405 1444 1539 1477 Aliud
1575 1451 1907 1488 argumentum.

1267 1518 1422 1562 SImplex
1448 1525 1498 1552 est
1522 1519 1786 1552 narratiuncula
1818 1521 1860 1552 de
1890 1531 1951 1553 sua
1986 1519 2023 1552 in
2053 1532 2148 1554 com-

1167 1570 1368 1601 mendando
1393 1570 1562 1602 Trebatio
1589 1570 1789 1613 diligentia;
1833 1570 1916 1603 item
1944 1571 1986 1603 de
2009 1570 2148 1604 silentio

1166 1620 1337 1653 Trebatii.
1390 1620 1684 1654 Narratiunculae
1711 1621 1850 1654 additus
1870 1627 1920 1654 est
1937 1621 2052 1661 iocus,
2079 1633 2150 1666 quo

1167 1672 1298 1704 occulte
1315 1677 1416 1703 notat
1439 1672 1616 1715 singulare
1641 1671 1810 1715 pecuniae
1835 1672 1990 1705 studium
2013 1672 2050 1704 in
2065 1672 2152 1705 Tre-

1164 1722 1273 1755 batio.
1340 1720 1380 1754 In
1410 1723 1477 1755 fine
1508 1728 1558 1755 est
1588 1722 1795 1763 consilium,
1829 1728 1869 1755 ut
1893 1729 2036 1756 maneat
2057 1723 2151 1768 apud

1166 1772 1364 1806 Caesarem.

1384 1871 1521 1905 Aliud
1555 1871 1933 1918 argumentum⁴⁵).

1267 1947 1329 1979 Est
1346 1953 1379 1979 et
1396 1945 1481 1979 baec
1499 1947 1634 1990 generis
1652 1947 1822 1986 suasorii,
1856 1947 2030 1991 superiori
2053 1948 2150 1982 simi-

1166 1998 1219 2037 lis,
1235 1998 1471 2030 utTrebatius
1489 2010 1590 2030 suum
1606 1998 1711 2030 faciat
1728 1998 1895 2037 officium,
1913 1998 1959 2031 ita
1976 2000 2148 2040 futurum,

1166 2055 1248 2082 utet
1263 2049 1366 2082 rebus
1377 2055 1410 2081 et
1420 2048 1582 2092 dignitati
1601 2061 1639 2080 ac
1658 2050 1865 2092 prudentiae
1880 2061 1963 2082 suae
1978 2050 2148 2084 consulat.

1167 2100 1203 2133 Si
1220 2100 1334 2132 iocum
1353 2105 1477 2139 mutes,
1503 2097 1609 2132 habes
1626 2099 1925 2133 circumstantiam
1944 2100 2024 2142 loci,
2051 2113 2149 2134 nem-

1167 2163 1209 2195 pe
1237 2150 1460 2183 Britanniam
1486 2162 1557 2183 esse
1574 2150 1724 2183 insulam
1750 2151 1980 2184 uberrimam.
2038 2151 2146 2184 Puta-

1167 2202 1217 2234 vit
1241 2202 1333 2234 enim
1357 2202 1478 2234 Cicero
1505 2201 1711 2233 Trebatium
1735 2214 1812 2234 cum
1840 2201 1987 2235 Caesare
2010 2201 2047 2234 in
2069 2202 2147 2235 Bri-

1167 2252 1326 2285 tauniam
1342 2253 1537 2296 profectum
1557 2251 1673 2286 fuisse.

1235 2409 1317 2432 Editt.
1339 2408 1430 2437 15⁴6.,
1452 2408 1542 2439 1601.‚
1573 2409 1633 2432 sine
1651 2411 1771 2433 auctoris
1790 2410 1913 2441 nomme,
1937 2409 1998 2434 huic
2016 2409 2149 2440 epistolae

1236 2444 1279 2466 est
1297 2443 1495 2473 praemissum,
1516 2443 1641 2473 Longum
1662 2445 1758 2468 leuuna
1776 2446 1826 2468 est.

1199 2500 1438 2538 43)·1{aec·n0ta‚
1458 2505 1525 2530 quae
1546 2500 1573 2523 in
1595 2501 1676 2523 Editt.
1694 2502 1779 2531 1540.,
1802 2501 1886 2530 1544„
1907 2500 1992 2531 1554„
2013 2499 2086 2526 1557.
2105 2500 2148 2524 le-

1233 2535 1324 2565 gitur,
1350 2540 1377 2557 m
1395 2534 1479 2557 Editt.
1499 2534 1591 2565 1537„
1612 2535 1702 2566 1545„
1724 2536 1797 2559 1560.
1816 2536 1900 2559 deest.

1198 2592 1246 2620 44)
1265 2592 1322 2615 Hoc
1339 2593 1528 2621 argumentum
1549 2594 1575 2615 et
1597 2592 1648 2615 duo
1668 2592 1810 2623 sequentia
1828 2592 1855 2615 in
1874 2591 1956 2616 Editt.
1975 2591 2063 2623 1556.‚
2085 2591 2150 2617 1565

1233 2638 1264 2644 —
1276 2626 1349 2649 1596.
1370 2627 1485 2649 exstant.

1201 2684 1248 2713 45)
1267 2684 1325 2709 Boc
1343 2687 1531 2717 argumentum
1550 2685 1577 2709 in
1595 2685 1679 2709 Editt.
1700 2685 1889 2710 1565—1596.
1909 2684 2054 2709 invenitur.
