2294 2975
117 136 188 171 121
243 134 364 170 XXIII.
408 134 595 170 ARGUM.
624 135 690 169 ET
718 134 883 170 SCHOL.
911 134 960 169 IN
986 135 1133 171 EPIST.
1161 134 1274 170 FAM.
1303 135 1387 171 CIC.
1415 135 1578 172 LlB.111.
1606 138 1677 173 ΕΡ.
1698 139 1755 174 12.
1774 139 1832 173 13.
1865 139 2021 177 LIB.1V.
2076 144 2149 180 122

110 221 283 266 Epilogus
312 219 420 254 babet
451 232 593 254 causam
624 221 808 255 brevitatis
844 216 882 255 ct’
910 222 1105 256 modestiae

110 273 323 307 litterarum.

353 356 490 390 Aliud
526 364 853 402 argumentum.

212 426 436 471 Propositio:
464 426 603 460 Maiora
621 426 806 460 reddidisti
827 426 939 459 officia
953 453 962 466 ,
991 438 1098 472 quam

106 490 265 525 unquam
286 490 305 511 a
321 490 377 511 me
393 478 581 523 acceperis.
632 478 922 523 Propositionem
938 477 1099 524 sequitur

1158 222 1405 266 amplificatio,
1433 236 1524 269 quae
1543 224 1700 257 continet
1718 227 2026 269 exaggerationem
2043 228 2152 262 bene-

1157 273 1318 306 ficiorum
1335 274 1462 318 Appii,
1490 282 1611 321 estque
1631 275 1750 308 addita
1767 276 1928 311 collatio:
1965 279 2083 313 Pluris
2100 281 2150 312 fa-

1156 324 1210 357 cio
1234 325 1350 358 studia
1370 326 1550 359 bonorum
1575 327 1756 367 virorum,
1786 339 1892 372 quam
1917 329 2011 373 ipsos
2035 328 2150 364 hono-

1154 382 1221 409 res.
1265 376 1349 409 Vice
1367 377 1496 421 epilogi
1515 384 1564 411 est
1587 379 1730 424 obliqua
1749 380 1924 424 quaedam
1943 381 2081 424 petitio,
2108 389 2149 416 ut

1152 428 1400 461 reconcilietur
1411 429 1547 473 Appius
1557 428 1775 464 Dolabellae.
1823 428 1862 462 In
1880 431 1949 464 fine
1965 439 2015 465 est
2029 433 2146 469 brevit

1150 478 1362 522 pollicitatio
1380 479 1433 513 sui
1452 480 1556 513 officii
1568 508 1577 521 ,
1606 488 1639 514 et
1656 481 1752 515 iocus
1767 488 1928 526 sumptus
1944 494 1963 516 a
1981 496 2145 528 persona.

973 689 1176 718 LIBER
1220 690 1270 719 IV.

324 782 535 816 Historia
564 783 673 815 belli
702 783 876 823 civilis,

134 845 224 879 quae
247 834 443 878 plurimum
468 835 614 878 prodest
639 835 682 867 ad
708 834 922 867 intellectum
947 833 1052 869 huius

459 886 579 930 quarti
600 885 734 931 libri1).

202 960 291 993 Cum
315 960 443 993 Caesar
476 960 613 1006 aliquot
644 972 757 993 annos
781 961 886 994 rebus
910 962 1092 1005 praeclare

99 1011 203 1055 gestis
219 1011 352 1044 Gallias
374 1017 528 1051 teneret,
565 1011 758 1055 PompeIus
784 1019 944 1045 metuens
968 1019 1092 1057 poten-

97 1063 182 1096 tiam
202 1062 295 1102 eius,
323 1060 391 1095 boc
408 1063 502 1106 apud
520 1069 681 1096 senatum
707 1062 795 1106 egit,
830 1070 869 1096 ut
893 1065 957 1097 sub
983 1065 1091 1097 comi-

96 1114 229 1147 tiorum
246 1119 405 1157 tempus,
434 1126 504 1158 quo
527 1113 749 1147 consulatum
772 1115 946 1158 petiturus
962 1115 1092 1149 Caesar

96 1171 191 1204 erat,
218 1164 363 1198 dimisso
384 1164 539 1198 exercitu
556 1165 711 1197 Romam
730 1165 887 1205 veniret,
922 1173 958 1199 et
978 1167 1091 1199 sortu-

93 1228 178 1249 nam
213 1215 440 1249 comitiorum
465 1216 625 1260 privatus
650 1216 796 1250 subiret.
859 1216 1088 1262 Quamquam

94 1273 213 1301 autem
229 1278 304 1299 non
321 1267 510 1300 obscurum
531 1273 607 1300 erat
624 1266 746 1300 odium
765 1267 930 1311 Pompeii
946 1267 984 1300 in
1003 1268 1089 1301 Cae-

92 1330 226 1352 sarem:
262 1324 383 1351 tamen
406 1318 649 1351 conditionem
673 1316 766 1350 hanc
789 1318 903 1351 voluit
927 1319 1087 1364 accipere

93 1370 241 1409 Caesar,
269 1369 316 1402 ita
333 1375 473 1410 tamen,
500 1369 528 1403 si
545 1369 739 1414 Pompeius
758 1382 901 1415 quoque
924 1383 1004 1404 suas
1029 1383 1087 1404 co-

91 1421 168 1466 pias
196 1420 441 1467 dimisisset2)‚
484 1421 612 1466 quibus
637 1421 781 1454 tenebat
803 1421 1012 1466 Hispanias,
1053 1428 1086 1455 et

90 1484 136 1505 ne
160 1471 228 1506 sibi
251 1472 388 1505 absenti
412 1472 609 1516 eriperetur
637 1472 858 1513 consulatus,
893 1485 998 1518 quem
1026 1473 1085 1506 de-

91 1535 166 1556 cem
187 1523 299 1556 trihus
321 1523 392 1556 iam
410 1523 656 1564 contulerant,
683 1524 847 1568 petebat,
874 1530 914 1557 ut
931 1525 1084 1557 absentiS

88 1574 144 1609 sui
157 1574 195 1607 in
212 1574 365 1608 comitiis
382 1572 576 1608 haberetur
591 1575 696 1608 ratio.
749 1575 850 1608 Hanc
875 1575 1083 1619 postulatio-

88 1638 171 1659 nem
192 1625 387 1670 Po'mpeius
411 1632 445 1659 et
470 1626 557 1659 Cato
583 1626 845 1672 iniquissimam
872 1639 944 1660 esse
978 1628 1083 1659 ‹luce-

86 1678 194 1717 bant,
218 1683 252 1709 et
268 1677 456 1717 volebant,
483 1684 523 1710 ut
538 1677 668 1711 Caesar
683 1690 783 1710 more
802 1678 980 1711 maiorum
1000 1691 1082 1711 con-

87 1729 240 1763 sulatum
264 1734 410 1772 peteret.
471 1727 511 1760 Id
538 1741 616 1761 cum
644 1730 856 1762 detrectaret
882 1729 1010 1763 Caesar
1037 1730 1081 1762 ob

84 1780 282 1813 maximum
307 1779 525 1823 periculum,
561 1781 657 1824 quod
679 1779 746 1812 sibi
771 1781 910 1823 privato
935 1793 953 1813 a
974 1780 1081 1813 Pom-

85 1831 166 1876 peio
190 1830 420 1871 imminebat,
447 1830 640 1874 Pompeius
658 1831 830 1874 paulatim
850 1831 885 1863 iu
905 1844 982 1864 eam
1003 1845 1081 1865 seu-

83 1882 233 1916 tentiam
250 1882 397 1915 adduxit
413 1882 594 1921 consules,
628 1888 667 1915 ut
684 1881 891 1921 Caesarem,
926 1882 955 1915 si
980 1895 1080 1915 sena-

84 1934 135 1968 tui
165 1945 291 1978 parere
324 1933 436 1966 nollet
471 1933 508 1965 in
537 1933 758 1966 dimittendis
783 1933 912 1976 copiis,
947 1933 1079 1966 iudica—

82 1992 164 2019 rent
180 1983 331 2018 hostem.
391 1984 442 2017 Ac
457 1984 631 2029 Pompeio
649 1997 667 2017 a
686 1990 810 2018 senatu
828 1985 950 2017 datum
971 1996 1079 2029 nego-

82 2037 172 2071 tium
197 2042 267 2076 est,
294 2042 334 2069 ut
357 2036 512 2077 videret,
547 2036 700 2082 nenquid
724 2035 930 2068 detrimenti
956 2047 1078 2080 respu-

82 2088 173 2123 blica
190 2093 342 2132 caperet.
393 2087 514 2132 Quare
537 2087 566 2122 is
589 2100 660 2121 una
678 2100 756 2121 cum
776 2087 917 2131 potiore
934 2094 1076 2121 senatus

82 2146 184 2185 parte
206 2140 251 2172 ad
275 2138 468 2172 exercitum
492 2139 653 2184 Capuam
675 2151 710 2173 se
735 2139 882 2172 confert.
948 2138 1077 2172 Caesar

81 2198 199 2235 autem
218 2196 341 2224 contra
358 2190 451 2231 vim,
484 2203 591 2237 quam
615 2191 683 2224 sibi
698 2190 892 2235 Pompeius
916 2189 1076 2224 intende-

79 2244 160 2283 bat,
202 2255 238 2276 se
265 2248 470 2286 comparat,
514 2248 548 2275 et
568 2242 783 2288 Pompeium
812 2241 1005 2286 fugientem
1030 2243 1075 2275 ad

80 2306 181 2328 mare
213 2306 326 2338 usque
359 2293 604 2340 persequitur,
645 2295 675 2328 si
699 2306 768 2339 qua
797 2293 1002 2326 conditione
1030 2295 1074 2326 ad

78 2357 204 2391 pacem
221 2356 390 2377 revocare
414 2357 493 2378 eum
516 2345 639 2390 possit.
698 2345 770 2378 Sub
793 2342 858 2378 hos
882 2351 1000 2378 motus
1018 2345 1074 2378 Ci-

79 2408 162 2430 cero
182 2408 223 2429 ex
240 2395 423 2440 provincia
439 2397 484 2430 ad
499 2397 624 2430 urbem
640 2408 702 2441 spe
723 2394 897 2441 triumphi
921 2408 1074 2430 accesse-

78 2454 158 2489 rat,
185 2454 220 2481 et
236 2447 332 2480 varie
351 2452 484 2480 tentata
504 2450 686 2494 utrimque
703 2448 884 2481 faciendae
902 2448 998 2492 pacis
1017 2460 1073 2481 ra-

78 2499 178 2533 tione
209 2498 396 2532 Caesarem
435 2499 535 2532 facile
567 2500 604 2533 in
632 2512 733 2533 suam
766 2499 978 2533 sententiam
1011 2500 1072 2533 ad-

77 2550 194 2589 duxit;
219 2549 433 2594 Pompeium
450 2556 568 2583 autem
586 2551 660 2584 fato
676 2551 774 2585 urbis
801 2557 834 2584 et
857 2563 921 2585 suo
943 2551 991 2585 sic
1011 2563 1072 2585 ur—

112 2676 142 2705 1)
161 2676 236 2733 Hta'lc
254 2675 388 2733 pti-aefatio
407 2675 435 2699 et
458 2681 576 2706 sequens
601 2675 635 2699 ab
651 2675 736 2702 Editt.
757 2676 850 2708 1556„
879 2675 1068 2701 1565—1596.

146 2716 259 2734 exmen
275 2716 316 2735 ur.

112 2753 144 2783 2)
162 2752 329 2783 dimisisset]
349 2753 390 2778 sic
407 2752 492 2779 Editt.
513 2751 718 2785 1565—1577.;
742 2753 793 2780 Ed.
809 2753 884 2779 ¹556.
903 2754 1048 2781 dimiserit.

1149 790 1251 828 gente
1276 786 1489 829 persuadere
1515 799 1590 820 uon
1618 788 1745 832 potuit.
1811 788 2004 833 Pompeius
2032 789 2141 834 igitur

1147 835 1286 868 traiecit
1304 835 1341 868 in
1360 836 1567 878 Graeciam,
1597 846 1629 872 et
1646 839 1694 871 ibi
1710 852 1879 883 magnum
1905 841 2019 884 coegit
2041 852 2139 874 exer-

1147 886 1267 920 citum.
1339 886 1468 921 Caesar
1498 896 1617 922 autem
1652 891 1844 935 desperatis
1876 892 2140 926 conditionibus

1146 938 1242 981 pacis
1259 938 1417 981 primum
1436 940 1480 972 ad
1498 941 1622 974 urbem
1643 942 1806 981 accessit,
1842 954 1949 986 quam
1968 942 2138 976 Cicerone

1146 995 1179 1021 et
1212 989 1290 1022 aliis
1316 990 1436 1024 multis
1463 992 1737 1027 reclamantibus
1768 993 1919 1038 turpiter
1940 992 2035 1027 hosti
2057 994 2139 1027 reli-

1145 1052 1245 1084 quer
1237 1047 1271 1073 tt
1289 1040 1482 1085 Pomptius
1492 1042 1535 1087 3)
1575 1043 1621 1076 Et
1636 1043 1712 1077 exli
1715 1051 1833 1078 msto
1834 1057 1884 1077 er
1887 1045 1963 1078 ario
1980 1045 2138 1089 primum

1145 1090 1181 1122 in
1198 1091 1359 1135 Hispani
1363 1106 1388 1126 es
1406 1093 1538 1133 moxit,
1573 1101 1611 1128 ut
1638 1095 1686 1128 ibi
1710 1096 1800 1140 copi·
1793 1109 1829 1129 is
1849 1096 2032 1140 Pompeii,
2052 1096 2139 1153 *qui-

1142 1141 1207 1175 bus
1232 1155 1285 1186 pr·
1278 1155 1368 1175 iecr
1372 1144 1483 1190 int3ss)
1501 1145 1662 1179 Petreius
1690 1153 1723 1179 et
1742 1147 2137 1191 A-s12111ius‚0pprime-

1141 1199 1206 1227 ret.
1260 1193 1397 1227 Deinde
1421 1207 1461 1228 ex
1486 1195 1668 1240 Hispaniis
1695 1198 1732 1230 in
1758 1198 1944 1231 Graeciam
1971 1199 2136 1239 recurrit,

1142 1250 1176 1276 et
1195 1244 1267 1277 acie
1277 1245 1489 1289 Pompeium
1509 1247 1637 1288 vincit,
1664 1255 1745 1293 post
1762 1249 1849 1282 alias
1865 1249 1949 1281 belli
1964 1249 2133 1294 reliquias

1140 1295 1177 1326 in
1194 1295 1271 1328 aliis
1288 1297 1448 1339 partibus
1467 1298 1561 1331 orbis
1579 1300 1731 1333 conficit.
1791 1300 1887 1333 Haec
1903 1301 1975 1333 fere
1994 1313 2133 1334 summa

1140 1352 1191 1379 est
1205 1343 1375 1379 historiae
1394 1348 1477 1380 belli
1500 1349 1622 1383 civilis.
1682 1351 1833 1385 Prodest
1858 1357 1977 1384 autem
2001 1363 2062 1392 ea,
2094 1357 2135 1385 ut

1140 1403 1174 1430 et
1197 1398 1366 1441 epistolae
1386 1396 1453 1432 hae
1480 1400 1606 1434 melius
1628 1402 1890 1446 intelligantur,
1925 1408 1958 1435 et
1981 1408 2133 1447 tempus,

1140 1460 1210 1493 quo
1228 1449 1378 1493 scriptae
1401 1457 1500 1491 sunt,
1535 1452 1616 1485 sciri
1639 1453 1760 1497 possit.
1820 1454 1910 1487 Sunt
1933 1453 2028 1487 enim
2051 1454 2136 1488 scri-

1138 1505 1238 1543 ptae,
1266 1513 1345 1534 cum
1362 1500 1433 1534 iam
1452 1502 1581 1536 Caesar
1597 1504 1634 1536 in
1654 1504 1844 1548 Hispanias
1872 1505 2062 1548 cogitaret,
2099 1511 2134 1538 et

1136 1551 1330 1595 Pompeius
1354 1552 1391 1584 in
1407 1553 1593 1586 Graeciam
1620 1556 1823 1589 traiecisset.
1882 1556 1975 1590 Nam
1995 1556 2132 1597 Cicero,

1137 1602 1300 1643 Servius,
1329 1610 1363 1636 et
1382 1604 1485 1637 multi
1502 1605 1562 1637 alii
1583 1606 1769 1640 clarissimi
1787 1607 1876 1646 viri,
1912 1620 1991 1640 cum
2016 1620 2132 1653 neque

1137 1653 1296 1687 Caesaris
1320 1667 1460 1688 causam
1478 1657 1691 1699 probarent,
1719 1670 1835 1703 neque
1851 1658 2043 1702 Pompeius
2061 1660 2133 1691 dux

1136 1705 1280 1738 alterius
1298 1706 1409 1749 partis
1428 1707 1512 1741 satis
1530 1708 1703 1751 placeret,
1740 1710 1785 1741 ob
1808 1710 2009 1742 mirabilem
2037 1710 2132 1743 timi—

1135 1756 1300 1796 ditatem,
1343 1758 1461 1790 neutri
1484 1771 1521 1792 se
1544 1760 1737 1804 adiungere
1761 1761 1972 1801 voluerunt,
2007 1773 2131 1807 quam-

1135 1819 1241 1852 quam
1263 1807 1386 1841 Cicero
1405 1809 1620 1854 Pompeium
1648 1817 1769 1855 postea
1795 1819 1934 1845 secutus
1960 1819 2029 1851 est,
2056 1824 2131 1844 non

1133 1858 1207 1891 sine
1233 1872 1364 1903 magno
1388 1873 1452 1893 suo
1476 1861 1647 1904 periculo.
1707 1862 1968 1906 Argumentum
1992 1865 2130 1907 primae

1133 1909 1302 1953 epistolae
1320 1908 1425 1944 huius
1441 1912 1525 1944 libri
1543 1919 1611 1953 est,
1640 1915 1736 1959 quod
1757 1914 1910 1947 ostendit
1927 1926 1962 1948 se
1977 1915 2130 1947 libenter

1133 1960 1278 2005 quidem
1297 1962 1575 1996 deliberaturum
1594 1976 1672 1998 cum
1690 1965 1832 2005 Servio,
1865 1966 1926 1998 sed
1948 1965 2054 1999 nimis
2077 1977 2131 1998 se-

1131 2023 1209 2044 ram
1228 2013 1527 2047 consultationem
1546 2027 1630 2048 esse.
1691 2015 1883 2048 Habebunt
1907 2022 2024 2049 autem
2051 2022 2129 2049 tum

1131 2063 1209 2107 plus
1231 2063 1417 2107 gravitatis
1449 2062 1516 2098 hae
1548 2065 1737 2110 epistolae,
1772 2066 1801 2099 si
1824 2073 1857 2099 et
1882 2068 2025 2111 quando
2051 2073 2085 2100 et
2107 2078 2127 2100 a

1131 2114 1260 2160 quibus
1287 2115 1438 2159 scriptae
1461 2122 1560 2156 sunt,
1597 2117 1808 2151 consideres.
1874 2118 1997 2151 Cicero
2030 2118 2127 2151 enim

1131 2172 1164 2198 et
1181 2165 1323 2200 Servius
1338 2167 1469 2200 summi
1485 2168 1522 2200 in
1539 2168 1721 2212 republica
1740 2168 1808 2201 viri
1831 2169 1928 2202 suere
1940 2195 1949 2209 ,
1983 2175 2017 2202 et
2040 2168 2129 2202 inci-

1129 2218 1259 2251 derunt
1274 2218 1312 2250 in
1331 2230 1369 2251 ea
1388 2224 1570 2263 tempora,
1599 2220 1727 2265 quibus
1747 2221 1791 2253 ob
1809 2219 1925 2253 civilia
1945 2220 2036 2253 bella
2055 2220 2127 2253 col-

1127 2269 1271 2313 lapsura
1286 2270 1486 2314 respublica
1502 2270 1702 2305 videbatur.
1754 2271 1836 2305 Non
1860 2271 1978 2316 potuit
2004 2277 2125 2305 autem

1127 2318 1214 2353 haec
1236 2333 1292 2355 res
1318 2333 1393 2354 non
1419 2334 1598 2355 summum
1632 2322 1792 2355 dolorem
1823 2322 1926 2356 bonis
1960 2322 2045 2356 w’ris
2076 2323 2128 2356 af·

1126 2371 1241 2412 ferre,
1284 2372 1346 2418 qui
1384 2386 1463 2406 cum
1492 2373 1646 2406 maxima
1680 2373 1851 2417 dignitate
1877 2373 1915 2406 in
1939 2373 2122 2418 republica

1126 2424 1257 2457 versati
1286 2425 1439 2458 fuerant.
1506 2424 1626 2468 Quare
1652 2430 1685 2456 et
1713 2425 1871 2470 querelas
1897 2425 2124 2469 gravissimas

1126 2481 1161 2508 et
1175 2475 1320 2509 consilia
1339 2488 1464 2509 eorum
1484 2473 1731 2508 honestissima
1752 2476 1942 2520 praecipue
1961 2482 2122 2521 spectare

1125 2526 1314 2567 debemus,
1350 2539 1441 2572 quae
1467 2538 1529 2560 sua
1555 2526 1717 2560 oratione
1741 2533 1913 2573 tanquam
1938 2527 1976 2560 in
1998 2527 2118 2560 tabula

1122 2577 1212 2611 hene
1227 2578 1323 2623 picta
1340 2578 1377 2611 in
1402 2576 1456 2611 his
1480 2577 1636 2621 epistolis
1662 2578 1766 2612 nobis
1790 2579 1994 2613 ostendunt.
2046 2578 2120 2612 Ob-

1158 2711 1190 2741 3)
1208 2712 1369 2742 Pompeius]
1389 2711 1429 2736 sic
1447 2712 1530 2737 Editt.
1550 2712 1760 2743 ¹565—1577.;
1786 2713 1813 2737 iu
1834 2714 1880 2737 Ed.
1898 2714 1972 2738 1556.
1993 2713 2078 2739 deest.

1157 2754 1205 2783 3⁸)
1224 2756 1387 2786 praeerant]
1407 2755 1472 2780 ittae
1490 2754 1574 2782 Editt.
1594 2755 1711 2780 habeut:
1737 2758 1877 2787 praeerat.
