<?xml version="1.0" encoding="UTF-8"?>
<!DOCTYPE html PUBLIC "-//W3C//DTD XHTML 1.0 Transitional//EN"
    "http://www.w3.org/TR/xhtml1/DTD/xhtml1-transitional.dtd">
<html xmlns="http://www.w3.org/1999/xhtml" xml:lang="en" lang="en">
 <head>
  <title>
</title>
<meta http-equiv="Content-Type" content="text/html;charset=utf-8" />
  <meta name='ocr-system' content='tesseract 3.04.00' />
  <meta name='ocr-capabilities' content='ocr_page ocr_carea ocr_par ocr_line ocrx_word'/>
</head>
<body>
  <div class='ocr_page' id='page_1' title='image "./operaquaesupersu17melauoft/operaquaesupersu17melauoft_0526.png"; bbox 0 0 2351 2990; ppageno 0'>
   <div class='ocr_carea' id='block_1_1' title="bbox 131 106 826 151">
    <p class='ocr_par' dir='ltr' id='par_1_1' title="bbox 131 106 826 151">
     <span class='ocr_line' id='line_1_1' title="bbox 131 106 826 151; baseline -0.013 -1"><span class='ocrx_word' id='word_1_1' title='bbox 131 115 227 151; x_wconf 78' lang='lat'>1027</span> <span class='ocrx_word' id='word_1_2' title='bbox 704 106 826 142; x_wconf 86' lang='lat' dir='ltr'><strong>PHIL.</strong></span> 
     </span>
    </p>
   </div>
   <div class='ocr_carea' id='block_1_2' title="bbox 130 191 1140 2393">
    <p class='ocr_par' dir='ltr' id='par_1_2' title="bbox 130 191 1129 852">
     <span class='ocr_line' id='line_1_2' title="bbox 132 191 1125 236; baseline -0.011 -1"><span class='ocrx_word' id='word_1_3' title='bbox 132 204 315 236; x_wconf 75' lang='lat' dir='ltr'>iuvemur,</span> <span class='ocrx_word' id='word_1_4' title='bbox 338 198 398 232; x_wconf 84' lang='lat' dir='ltr'>sed</span> <span class='ocrx_word' id='word_1_5' title='bbox 413 203 451 230; x_wconf 92' lang='lat' dir='ltr'>ut</span> <span class='ocrx_word' id='word_1_6' title='bbox 470 196 628 230; x_wconf 81' lang='lat' dir='ltr'>debitum</span> <span class='ocrx_word' id='word_1_7' title='bbox 645 193 853 227; x_wconf 84' lang='lat' dir='ltr'>beneficium</span> <span class='ocrx_word' id='word_1_8' title='bbox 871 191 974 224; x_wconf 85' lang='lat' dir='ltr'>nobis</span> <span class='ocrx_word' id='word_1_9' title='bbox 997 192 1125 224; x_wconf 87' lang='lat' dir='ltr'>redda-</span> 
     </span>
     <span class='ocr_line' id='line_1_3' title="bbox 130 243 1124 288; baseline -0.014 -1"><span class='ocrx_word' id='word_1_10' title='bbox 130 255 186 287; x_wconf 84' lang='lat' dir='ltr'>tis.</span> <span class='ocrx_word' id='word_1_11' title='bbox 256 251 346 285; x_wconf 65' lang='lat' dir='ltr'>Nun</span> <span class='ocrx_word' id='word_1_12' title='bbox 380 262 458 282; x_wconf 88' lang='lat' dir='ltr'>cum</span> <span class='ocrx_word' id='word_1_13' title='bbox 485 249 652 281; x_wconf 77' lang='lat' dir='ltr'>adversus</span> <span class='ocrx_word' id='word_1_14' title='bbox 674 244 863 288; x_wconf 79' lang='lat' dir='ltr'>Aeginetas</span> <span class='ocrx_word' id='word_1_15' title='bbox 887 249 969 275; x_wconf 83' lang='lat' dir='ltr'>ante</span> <span class='ocrx_word' id='word_1_16' title='bbox 992 243 1124 275; x_wconf 85' lang='lat' dir='ltr'>bellum</span> 
     </span>
     <span class='ocr_line' id='line_1_4' title="bbox 131 293 1125 339; baseline -0.012 -2"><span class='ocrx_word' id='word_1_17' title='bbox 131 305 322 338; x_wconf 81' lang='lat' dir='ltr'>Medorum</span> <span class='ocrx_word' id='word_1_18' title='bbox 355 302 514 334; x_wconf 80' lang='lat' dir='ltr'><strong>deessent</strong></span> <span class='ocrx_word' id='word_1_19' title='bbox 545 298 645 330; x_wconf 66' lang='lat' dir='ltr'>xobis</span> <span class='ocrx_word' id='word_1_20' title='bbox 670 297 795 339; x_wconf 82' lang='lat' dir='ltr'>longae</span> <span class='ocrx_word' id='word_1_21' title='bbox 822 306 928 328; x_wconf 69' lang='lat' dir='ltr'>naves</span> <span class='ocrx_word' id='word_1_22' title='bbox 952 306 971 326; x_wconf 89' lang='lat' dir='ltr'>a</span> <span class='ocrx_word' id='word_1_23' title='bbox 999 293 1125 327; x_wconf 86' lang='lat' dir='ltr'>Corin-</span> 
     </span>
     <span class='ocr_line' id='line_1_5' title="bbox 131 345 1124 398; baseline -0.012 -9"><span class='ocrx_word' id='word_1_24' title='bbox 131 354 214 389; x_wconf 85' lang='lat' dir='ltr'>thiis</span> <span class='ocrx_word' id='word_1_25' title='bbox 232 353 357 398; x_wconf 70' lang='lat' dir='ltr'>viginti</span> <span class='ocrx_word' id='word_1_26' title='bbox 375 350 572 395; x_wconf 85' lang='lat' dir='ltr'>accepistis:</span> <span class='ocrx_word' id='word_1_27' title='bbox 613 346 681 381; x_wconf 88' lang='lat' dir='ltr'>hoc</span> <span class='ocrx_word' id='word_1_28' title='bbox 697 345 907 379; x_wconf 80' lang='lat' dir='ltr'>beneficium</span> <span class='ocrx_word' id='word_1_29' title='bbox 923 351 957 378; x_wconf 88' lang='lat' dir='ltr'>et</span> <span class='ocrx_word' id='word_1_30' title='bbox 973 345 1124 378; x_wconf 87' lang='lat' dir='ltr'>alterum</span> 
     </span>
     <span class='ocr_line' id='line_1_6' title="bbox 130 395 1126 445; baseline -0.013 -4"><span class='ocrx_word' id='word_1_31' title='bbox 130 409 173 441; x_wconf 88' lang='lat' dir='ltr'>de</span> <span class='ocrx_word' id='word_1_32' title='bbox 195 406 342 445; x_wconf 85' lang='lat' dir='ltr'>Samiis,</span> <span class='ocrx_word' id='word_1_33' title='bbox 384 416 462 436; x_wconf 90' lang='lat' dir='ltr'>cum</span> <span class='ocrx_word' id='word_1_34' title='bbox 489 399 759 444; x_wconf 67' lang='lat' dir='ltr'>impediximus,</span> <span class='ocrx_word' id='word_1_35' title='bbox 801 409 844 430; x_wconf 88' lang='lat' dir='ltr'>ne</span> <span class='ocrx_word' id='word_1_36' title='bbox 871 395 1126 440; x_wconf 81' lang='lat' dir='ltr'>Peloponnesii</span> 
     </span>
     <span class='ocr_line' id='line_1_7' title="bbox 132 447 1126 495; baseline -0.013 -3"><span class='ocrx_word' id='word_1_37' title='bbox 132 472 191 492; x_wconf 86' lang='lat' dir='ltr'>eos</span> <span class='ocrx_word' id='word_1_38' title='bbox 208 458 455 492; x_wconf 72' lang='lat' dir='ltr'>delemhrent,</span> <span class='ocrx_word' id='word_1_39' title='bbox 484 453 531 485; x_wconf 86' lang='lat' dir='ltr'>ita</span> <span class='ocrx_word' id='word_1_40' title='bbox 549 450 684 495; x_wconf 80' lang='lat' dir='ltr'>profuit</span> <span class='ocrx_word' id='word_1_41' title='bbox 700 448 821 488; x_wconf 76' lang='lat' dir='ltr'>vobis,</span> <span class='ocrx_word' id='word_1_42' title='bbox 848 454 887 481; x_wconf 85' lang='lat' dir='ltr'>ut</span> <span class='ocrx_word' id='word_1_43' title='bbox 910 454 943 481; x_wconf 91' lang='lat' dir='ltr'>et</span> <span class='ocrx_word' id='word_1_44' title='bbox 969 447 1126 480; x_wconf 83' lang='lat' dir='ltr'>vincere-</span> 
     </span>
     <span class='ocr_line' id='line_1_8' title="bbox 132 497 1126 553; baseline -0.013 -9"><span class='ocrx_word' id='word_1_45' title='bbox 132 511 176 544; x_wconf 90' lang='lat' dir='ltr'>tis</span> <span class='ocrx_word' id='word_1_46' title='bbox 192 509 253 542; x_wconf 78' lang='lat' dir='ltr'>Ae</span> <span class='ocrx_word' id='word_1_47' title='bbox 246 510 398 553; x_wconf 79' lang='lat' dir='ltr'>ginetas,</span> <span class='ocrx_word' id='word_1_48' title='bbox 432 510 465 536; x_wconf 87' lang='lat' dir='ltr'>et</span> <span class='ocrx_word' id='word_1_49' title='bbox 482 502 621 537; x_wconf 80' lang='lat' dir='ltr'>Samios</span> <span class='ocrx_word' id='word_1_50' title='bbox 647 506 763 534; x_wconf 74' lang='lat' dir='ltr'>vestro</span> <span class='ocrx_word' id='word_1_51' title='bbox 788 499 937 533; x_wconf 85' lang='lat' dir='ltr'>arbitrio</span> <span class='ocrx_word' id='word_1_52' title='bbox 962 497 1126 531; x_wconf 88' lang='lat' dir='ltr'>coherce-</span> 
     </span>
     <span class='ocr_line' id='line_1_9' title="bbox 132 547 1126 596; baseline -0.013 -1"><span class='ocrx_word' id='word_1_53' title='bbox 132 561 228 595; x_wconf 85' lang='lat' dir='ltr'>retis.</span> <span class='ocrx_word' id='word_1_54' title='bbox 282 559 376 591; x_wconf 88' lang='lat' dir='ltr'>Haec</span> <span class='ocrx_word' id='word_1_55' title='bbox 392 555 537 589; x_wconf 72' lang='lat' dir='ltr'>terimus</span> <span class='ocrx_word' id='word_1_56' title='bbox 554 553 615 586; x_wconf 87' lang='lat' dir='ltr'>tali</span> <span class='ocrx_word' id='word_1_57' title='bbox 633 559 748 586; x_wconf 29' lang='lat' dir='ltr'>xffesuo</span> <span class='ocrx_word' id='word_1_58' title='bbox 766 557 946 595; x_wconf 84' lang='lat' dir='ltr'>tempore,</span> <span class='ocrx_word' id='word_1_59' title='bbox 973 562 1044 596; x_wconf 90' lang='lat' dir='ltr'>quo</span> <span class='ocrx_word' id='word_1_60' title='bbox 1062 547 1126 583; x_wconf 88' lang='lat' dir='ltr'>ho-</span> 
     </span>
     <span class='ocr_line' id='line_1_10' title="bbox 131 601 1127 646; baseline -0.013 0"><span class='ocrx_word' id='word_1_61' title='bbox 131 613 405 646; x_wconf 88' lang='lat' dir='ltr'>1ni11estant11111</span> <span class='ocrx_word' id='word_1_62' title='bbox 437 604 624 639; x_wconf 63' lang='lat' dir='ltr'>xictoriam</span> <span class='ocrx_word' id='word_1_63' title='bbox 659 609 806 643; x_wconf 80' lang='lat' dir='ltr'>curant,</span> <span class='ocrx_word' id='word_1_64' title='bbox 847 608 984 635; x_wconf 89' lang='lat' dir='ltr'>caetera</span> <span class='ocrx_word' id='word_1_65' title='bbox 1016 601 1127 645; x_wconf 85' lang='lat' dir='ltr'>negli-</span> 
     </span>
     <span class='ocr_line' id='line_1_11' title="bbox 132 653 1127 707; baseline -0.013 -9.974"><span class='ocrx_word' id='word_1_66' title='bbox 132 670 238 707; x_wconf 84' lang='lat' dir='ltr'>gunt,</span> <span class='ocrx_word' id='word_1_67' title='bbox 267 667 300 694; x_wconf 89' lang='lat' dir='ltr'>et</span> <span class='ocrx_word' id='word_1_68' title='bbox 319 657 631 696; x_wconf 75' lang='lat' dir='ltr'>11111c11111d1c1111t</span> <span class='ocrx_word' id='word_1_69' title='bbox 659 655 721 701; x_wconf 90' lang='lat' dir='ltr'>qui</span> <span class='ocrx_word' id='word_1_70' title='bbox 744 654 804 687; x_wconf 63' lang='lat' dir='ltr'>iux</span> <span class='ocrx_word' id='word_1_71' title='bbox 808 660 862 694; x_wconf 88' lang='lat' dir='ltr'>1¹t,</span> <span class='ocrx_word' id='word_1_72' title='bbox 899 653 1038 686; x_wconf 87' lang='lat' dir='ltr'>etiamsi</span> <span class='ocrx_word' id='word_1_73' title='bbox 1065 664 1127 685; x_wconf 85' lang='grc' dir='ltr'>ιιῐι-</span> 
     </span>
     <span class='ocr_line' id='line_1_12' title="bbox 131 705 1128 751; baseline -0.011 -4"><span class='ocrx_word' id='word_1_74' title='bbox 131 722 163 748; x_wconf 87' lang='lat' dir='ltr'>te</span> <span class='ocrx_word' id='word_1_75' title='bbox 167 727 185 747; x_wconf 97' lang='grc' dir='ltr'>ιι</span> <span class='ocrx_word' id='word_1_76' title='bbox 204 713 270 746; x_wconf 89' lang='lat' dir='ltr'>111it</span> <span class='ocrx_word' id='word_1_77' title='bbox 286 710 417 750; x_wconf 88' lang='lat' dir='ltr'>hostis,</span> <span class='ocrx_word' id='word_1_78' title='bbox 445 715 479 742; x_wconf 90' lang='lat' dir='ltr'>et</span> <span class='ocrx_word' id='word_1_79' title='bbox 496 708 698 747; x_wconf 88' lang='lat' dir='ltr'>inimicum,</span> <span class='ocrx_word' id='word_1_80' title='bbox 725 705 884 751; x_wconf 90' lang='lat' dir='ltr'>quisquis</span> <span class='ocrx_word' id='word_1_81' title='bbox 906 706 1128 743; x_wconf 65' lang='lat' dir='ltr'>1¹·1dxeisatur,</span> 
     </span>
     <span class='ocr_line' id='line_1_13' title="bbox 131 754 1129 801; baseline -0.012 -2"><span class='ocrx_word' id='word_1_82' title='bbox 131 764 269 799; x_wconf 88' lang='lat' dir='ltr'>etiamsi</span> <span class='ocrx_word' id='word_1_83' title='bbox 288 770 390 796; x_wconf 86' lang='lat' dir='ltr'>antea</span> <span class='ocrx_word' id='word_1_84' title='bbox 408 761 475 794; x_wconf 85' lang='lat' dir='ltr'>fuit</span> <span class='ocrx_word' id='word_1_85' title='bbox 491 759 644 799; x_wconf 91' lang='lat' dir='ltr'>amicus,</span> <span class='ocrx_word' id='word_1_86' title='bbox 679 763 713 791; x_wconf 85' lang='lat' dir='ltr'>et</span> <span class='ocrx_word' id='word_1_87' title='bbox 733 756 918 801; x_wconf 78' lang='lat' dir='ltr'>pertinaci</span> <span class='ocrx_word' id='word_1_88' title='bbox 913 769 929 789; x_wconf 87' lang='lat'>¹1</span> <span class='ocrx_word' id='word_1_89' title='bbox 949 754 1129 800; x_wconf 80' lang='lat' dir='ltr'><strong>praesenti</strong></span> 
     </span>
     <span class='ocr_line' id='line_1_14' title="bbox 131 807 1018 852; baseline -0.011 -2"><span class='ocrx_word' id='word_1_90' title='bbox 131 815 269 850; x_wconf 86' lang='lat' dir='ltr'>incitati</span> <span class='ocrx_word' id='word_1_91' title='bbox 286 815 391 848; x_wconf 85' lang='lat' dir='ltr'>etiam</span> <span class='ocrx_word' id='word_1_92' title='bbox 410 811 602 846; x_wconf 87' lang='lat' dir='ltr'>domestica</span> <span class='ocrx_word' id='word_1_93' title='bbox 619 809 808 843; x_wconf 90' lang='lat' dir='ltr'>commoda</span> <span class='ocrx_word' id='word_1_94' title='bbox 823 807 1018 852; x_wconf 89' lang='lat' dir='ltr'>negligunt.</span> 
     </span>
    </p>

    <p class='ocr_par' dir='ltr' id='par_1_3' title="bbox 133 863 1140 2393">
     <span class='ocr_line' id='line_1_15' title="bbox 236 863 1129 909; baseline -0.01 -9"><span class='ocrx_word' id='word_1_95' title='bbox 236 867 333 900; x_wconf 82' lang='lat' dir='ltr'>Haec</span> <span class='ocrx_word' id='word_1_96' title='bbox 351 865 506 909; x_wconf 83' lang='lat' dir='ltr'>cogitare</span> <span class='ocrx_word' id='word_1_97' title='bbox 526 876 587 896; x_wconf 74' lang='lat' dir='ltr'>vos</span> <span class='ocrx_word' id='word_1_98' title='bbox 605 863 723 901; x_wconf 86' lang='lat' dir='ltr'>decet,</span> <span class='ocrx_word' id='word_1_99' title='bbox 759 872 849 906; x_wconf 88' lang='lat' dir='ltr'>quae</span> <span class='ocrx_word' id='word_1_100' title='bbox 875 866 908 892; x_wconf 89' lang='lat' dir='ltr'>et</span> <span class='ocrx_word' id='word_1_101' title='bbox 929 872 1028 893; x_wconf 86' lang='lat' dir='ltr'>senes</span> <span class='ocrx_word' id='word_1_102' title='bbox 1056 871 1129 891; x_wconf 91' lang='lat' dir='ltr'>me-</span> 
     </span>
     <span class='ocr_line' id='line_1_16' title="bbox 135 910 1130 957; baseline -0.01 -5"><span class='ocrx_word' id='word_1_103' title='bbox 135 919 336 957; x_wconf 84' lang='lat' dir='ltr'>minerunt,</span> <span class='ocrx_word' id='word_1_104' title='bbox 380 923 414 950; x_wconf 89' lang='lat' dir='ltr'>et</span> <span class='ocrx_word' id='word_1_105' title='bbox 437 916 594 949; x_wconf 89' lang='lat' dir='ltr'>iuniores</span> <span class='ocrx_word' id='word_1_106' title='bbox 619 926 638 946; x_wconf 90' lang='lat' dir='ltr'>a</span> <span class='ocrx_word' id='word_1_107' title='bbox 663 912 863 946; x_wconf 85' lang='lat' dir='ltr'>senioribus</span> <span class='ocrx_word' id='word_1_108' title='bbox 888 910 1055 951; x_wconf 89' lang='lat' dir='ltr'>audiant,</span> <span class='ocrx_word' id='word_1_109' title='bbox 1090 916 1130 943; x_wconf 90' lang='lat' dir='ltr'>ut</span> 
     </span>
     <span class='ocr_line' id='line_1_17' title="bbox 135 962 1129 1012; baseline -0.009 -8"><span class='ocrx_word' id='word_1_110' title='bbox 135 971 238 1004; x_wconf 86' lang='lat' dir='ltr'>istam</span> <span class='ocrx_word' id='word_1_111' title='bbox 257 969 360 1003; x_wconf 90' lang='lat' dir='ltr'>nobis</span> <span class='ocrx_word' id='word_1_112' title='bbox 385 967 536 1012; x_wconf 86' lang='lat' dir='ltr'>gratiam</span> <span class='ocrx_word' id='word_1_113' title='bbox 564 965 655 998; x_wconf 81' lang='lat' dir='ltr'>leser</span> <span class='ocrx_word' id='word_1_114' title='bbox 659 964 735 998; x_wconf 82' lang='grc' dir='ltr'>ιιῑί5.</span> <span class='ocrx_word' id='word_1_115' title='bbox 796 963 869 997; x_wconf 84' lang='lat' dir='ltr'>Nec</span> <span class='ocrx_word' id='word_1_116' title='bbox 894 963 941 996; x_wconf 88' lang='lat' dir='ltr'>ita</span> <span class='ocrx_word' id='word_1_117' title='bbox 965 962 1129 1006; x_wconf 76' lang='lat' dir='ltr'>cogit;,1te</span> 
     </span>
     <span class='ocr_line' id='line_1_18' title="bbox 133 1014 1129 1067; baseline -0.009 -12"><span class='ocrx_word' id='word_1_118' title='bbox 133 1035 198 1056; x_wconf 90' lang='lat' dir='ltr'>nos</span> <span class='ocrx_word' id='word_1_119' title='bbox 215 1022 358 1067; x_wconf 82' lang='lat' dir='ltr'>quidem</span> <span class='ocrx_word' id='word_1_120' title='bbox 379 1020 469 1053; x_wconf 87' lang='lat' dir='ltr'>iusta</span> <span class='ocrx_word' id='word_1_121' title='bbox 486 1019 622 1057; x_wconf 87' lang='lat' dir='ltr'>dicere,</span> <span class='ocrx_word' id='word_1_122' title='bbox 655 1017 715 1050; x_wconf 91' lang='lat' dir='ltr'>sed</span> <span class='ocrx_word' id='word_1_123' title='bbox 737 1014 766 1048; x_wconf 88' lang='lat' dir='ltr'>si</span> <span class='ocrx_word' id='word_1_124' title='bbox 792 1015 858 1048; x_wconf 85' lang='lat' dir='ltr'>erit</span> <span class='ocrx_word' id='word_1_125' title='bbox 880 1015 1032 1055; x_wconf 89' lang='lat' dir='ltr'>bellum,</span> <span class='ocrx_word' id='word_1_126' title='bbox 1060 1014 1129 1047; x_wconf 85' lang='grc' dir='ltr'>ιιΙίιι</span> 
     </span>
     <span class='ocr_line' id='line_1_19' title="bbox 134 1066 1130 1112; baseline -0.008 -6"><span class='ocrx_word' id='word_1_127' title='bbox 134 1075 210 1106; x_wconf 81' lang='lat' dir='ltr'>sore</span> <span class='ocrx_word' id='word_1_128' title='bbox 233 1071 497 1106; x_wconf 62' lang='lat' dir='ltr'>utilia.lXa1n</span> <span class='ocrx_word' id='word_1_129' title='bbox 521 1068 655 1103; x_wconf 87' lang='lat' dir='ltr'>utilitas</span> <span class='ocrx_word' id='word_1_130' title='bbox 681 1066 872 1112; x_wconf 85' lang='lat' dir='ltr'>praecipua</span> <span class='ocrx_word' id='word_1_131' title='bbox 900 1072 951 1100; x_wconf 94' lang='lat' dir='ltr'>est</span> <span class='ocrx_word' id='word_1_132' title='bbox 977 1079 1050 1099; x_wconf 91' lang='lat' dir='ltr'>non</span> <span class='ocrx_word' id='word_1_133' title='bbox 1076 1066 1130 1098; x_wconf 89' lang='lat' dir='ltr'>in—</span> 
     </span>
     <span class='ocr_line' id='line_1_20' title="bbox 135 1115 1131 1166; baseline -0.009 -8"><span class='ocrx_word' id='word_1_134' title='bbox 135 1125 224 1158; x_wconf 90' lang='lat' dir='ltr'>iuste</span> <span class='ocrx_word' id='word_1_135' title='bbox 246 1125 372 1157; x_wconf 84' lang='lat' dir='ltr'>facere.</span> <span class='ocrx_word' id='word_1_136' title='bbox 426 1122 471 1155; x_wconf 87' lang='lat' dir='ltr'>Et</span> <span class='ocrx_word' id='word_1_137' title='bbox 485 1132 705 1166; x_wconf 87' lang='lat' dir='ltr'>quamquam</span> <span class='ocrx_word' id='word_1_138' title='bbox 723 1118 806 1152; x_wconf 81' lang='lat' dir='ltr'>belli</span> <span class='ocrx_word' id='word_1_139' title='bbox 824 1124 920 1151; x_wconf 88' lang='lat' dir='ltr'>metu</span> <span class='ocrx_word' id='word_1_140' title='bbox 939 1115 1032 1150; x_wconf 70' lang='lat' dir='ltr'>hom</span> <span class='ocrx_word' id='word_1_141' title='bbox 1035 1124 1131 1150; x_wconf 76' lang='lat' dir='ltr'>intur</span> 
     </span>
     <span class='ocr_line' id='line_1_21' title="bbox 134 1169 1130 1220; baseline -0.008 -11"><span class='ocrx_word' id='word_1_142' title='bbox 134 1188 197 1209; x_wconf 69' lang='lat' dir='ltr'>vos</span> <span class='ocrx_word' id='word_1_143' title='bbox 231 1173 440 1220; x_wconf 66' lang='lat' dir='ltr'>Corcyraei,</span> <span class='ocrx_word' id='word_1_144' title='bbox 481 1179 520 1205; x_wconf 89' lang='lat' dir='ltr'>ut</span> <span class='ocrx_word' id='word_1_145' title='bbox 547 1172 675 1205; x_wconf 90' lang='lat' dir='ltr'>iniuste</span> <span class='ocrx_word' id='word_1_146' title='bbox 703 1169 859 1210; x_wconf 83' lang='lat' dir='ltr'>faciatis,</span> <span class='ocrx_word' id='word_1_147' title='bbox 901 1176 1022 1202; x_wconf 88' lang='lat' dir='ltr'>tamen</span> <span class='ocrx_word' id='word_1_148' title='bbox 1054 1169 1130 1202; x_wconf 87' lang='lat' dir='ltr'>fieri</span> 
     </span>
     <span class='ocr_line' id='line_1_22' title="bbox 134 1221 1128 1272; baseline -0.008 -11"><span class='ocrx_word' id='word_1_149' title='bbox 134 1233 270 1272; x_wconf 88' lang='lat' dir='ltr'>potest,</span> <span class='ocrx_word' id='word_1_150' title='bbox 307 1232 346 1260; x_wconf 89' lang='lat' dir='ltr'>ut</span> <span class='ocrx_word' id='word_1_151' title='bbox 368 1225 403 1258; x_wconf 91' lang='lat' dir='ltr'>id</span> <span class='ocrx_word' id='word_1_152' title='bbox 428 1225 559 1258; x_wconf 88' lang='lat' dir='ltr'>bellum</span> <span class='ocrx_word' id='word_1_153' title='bbox 585 1235 659 1256; x_wconf 93' lang='lat' dir='ltr'>non</span> <span class='ocrx_word' id='word_1_154' title='bbox 681 1228 880 1255; x_wconf 68' lang='lat' dir='ltr'>moveatur.</span> <span class='ocrx_word' id='word_1_155' title='bbox 948 1221 1021 1255; x_wconf 86' lang='lat' dir='ltr'>Nec</span> <span class='ocrx_word' id='word_1_156' title='bbox 1044 1233 1128 1254; x_wconf 86' lang='lat' dir='ltr'>vero</span> 
     </span>
     <span class='ocr_line' id='line_1_23' title="bbox 135 1272 1128 1323; baseline -0.008 -11"><span class='ocrx_word' id='word_1_157' title='bbox 135 1279 282 1323; x_wconf 87' lang='lat' dir='ltr'>dignum</span> <span class='ocrx_word' id='word_1_158' title='bbox 309 1283 360 1311; x_wconf 89' lang='lat' dir='ltr'>est</span> <span class='ocrx_word' id='word_1_159' title='bbox 383 1276 504 1315; x_wconf 70' lang='lat' dir='ltr'>xobis,</span> <span class='ocrx_word' id='word_1_160' title='bbox 544 1274 750 1308; x_wconf 84' lang='lat' dir='ltr'>manifestas</span> <span class='ocrx_word' id='word_1_161' title='bbox 775 1272 981 1306; x_wconf 87' lang='lat' dir='ltr'>inimicitias</span> <span class='ocrx_word' id='word_1_162' title='bbox 1005 1278 1128 1305; x_wconf 88' lang='lat' dir='ltr'>contra</span> 
     </span>
     <span class='ocr_line' id='line_1_24' title="bbox 136 1324 1131 1375; baseline -0.01 -10"><span class='ocrx_word' id='word_1_163' title='bbox 136 1343 201 1365; x_wconf 85' lang='lat' dir='ltr'>nos</span> <span class='ocrx_word' id='word_1_164' title='bbox 216 1330 393 1375; x_wconf 84' lang='lat' dir='ltr'><strong>suscipere</strong></span> <span class='ocrx_word' id='word_1_165' title='bbox 410 1328 544 1362; x_wconf 86' lang='lat' dir='ltr'>incerto</span> <span class='ocrx_word' id='word_1_166' title='bbox 568 1333 665 1360; x_wconf 88' lang='lat' dir='ltr'>metu</span> <span class='ocrx_word' id='word_1_167' title='bbox 688 1324 853 1358; x_wconf 85' lang='lat' dir='ltr'>incitatis.</span> <span class='ocrx_word' id='word_1_168' title='bbox 916 1324 947 1357; x_wconf 85' lang='lat' dir='ltr'>N</span> <span class='ocrx_word' id='word_1_169' title='bbox 952 1336 1008 1356; x_wconf 89' lang='lat' dir='ltr'>am</span> <span class='ocrx_word' id='word_1_170' title='bbox 1034 1324 1131 1368; x_wconf 89' lang='lat' dir='ltr'>quod</span> 
     </span>
     <span class='ocr_line' id='line_1_25' title="bbox 137 1374 1131 1429; baseline -0.012 -11"><span class='ocrx_word' id='word_1_171' title='bbox 137 1383 290 1429; x_wconf 87' lang='lat' dir='ltr'>suspicio</span> <span class='ocrx_word' id='word_1_172' title='bbox 313 1389 382 1424; x_wconf 88' lang='lat' dir='ltr'>est,</span> <span class='ocrx_word' id='word_1_173' title='bbox 410 1394 474 1415; x_wconf 89' lang='lat' dir='ltr'>nos</span> <span class='ocrx_word' id='word_1_174' title='bbox 492 1385 639 1425; x_wconf 87' lang='lat' dir='ltr'>propter</span> <span class='ocrx_word' id='word_1_175' title='bbox 654 1377 882 1421; x_wconf 87' lang='lat' dir='ltr'>Megarenses</span> <span class='ocrx_word' id='word_1_176' title='bbox 899 1374 1024 1408; x_wconf 79' lang='lat' dir='ltr'>vobis·</span> <span class='ocrx_word' id='word_1_177' title='bbox 1016 1374 1131 1414; x_wconf 89' lang='lat' dir='ltr'>1rasci,</span> 
     </span>
     <span class='ocr_line' id='line_1_26' title="bbox 137 1427 1129 1480; baseline -0.012 -11"><span class='ocrx_word' id='word_1_178' title='bbox 137 1435 225 1469; x_wconf 89' lang='lat' dir='ltr'>l11ec</span> <span class='ocrx_word' id='word_1_179' title='bbox 258 1435 376 1480; x_wconf 86' lang='lat' dir='ltr'>potius</span> <span class='ocrx_word' id='word_1_180' title='bbox 409 1432 631 1466; x_wconf 80' lang='lat' dir='ltr'>extenuanda</span> <span class='ocrx_word' id='word_1_181' title='bbox 662 1435 723 1462; x_wconf 86' lang='lat' dir='ltr'>est.</span> <span class='ocrx_word' id='word_1_182' title='bbox 790 1427 883 1461; x_wconf 79' lang='lat' dir='ltr'>Nam</span> <span class='ocrx_word' id='word_1_183' title='bbox 908 1432 1129 1470; x_wconf 88' lang='lat' dir='ltr'>postremum</span> 
     </span>
     <span class='ocr_line' id='line_1_27' title="bbox 137 1477 1132 1529; baseline -0.012 -8"><span class='ocrx_word' id='word_1_184' title='bbox 137 1487 348 1521; x_wconf 84' lang='lat' dir='ltr'>beneficium</span> <span class='ocrx_word' id='word_1_185' title='bbox 381 1490 583 1529; x_wconf 83' lang='lat' dir='ltr'>opportune</span> <span class='ocrx_word' id='word_1_186' title='bbox 611 1481 797 1518; x_wconf 84' lang='lat' dir='ltr'>collatum,</span> <span class='ocrx_word' id='word_1_187' title='bbox 843 1477 982 1511; x_wconf 86' lang='lat' dir='ltr'>etiamsi</span> <span class='ocrx_word' id='word_1_188' title='bbox 1015 1477 1132 1510; x_wconf 88' lang='lat' dir='ltr'>minus</span> 
     </span>
     <span class='ocr_line' id='line_1_28' title="bbox 140 1529 1132 1578; baseline -0.012 -6"><span class='ocrx_word' id='word_1_189' title='bbox 140 1540 203 1578; x_wconf 87' lang='lat' dir='ltr'>sit,</span> <span class='ocrx_word' id='word_1_190' title='bbox 247 1544 366 1571; x_wconf 88' lang='lat' dir='ltr'>tamen</span> <span class='ocrx_word' id='word_1_191' title='bbox 385 1536 527 1569; x_wconf 89' lang='lat' dir='ltr'>abolere</span> <span class='ocrx_word' id='word_1_192' title='bbox 553 1533 711 1578; x_wconf 83' lang='lat' dir='ltr'>priorem</span> <span class='ocrx_word' id='word_1_193' title='bbox 745 1529 978 1563; x_wconf 83' lang='lat' dir='ltr'>offensionem</span> <span class='ocrx_word' id='word_1_194' title='bbox 1005 1535 1132 1573; x_wconf 85' lang='lat' dir='ltr'>potest.</span> 
     </span>
     <span class='ocr_line' id='line_1_29' title="bbox 140 1581 1133 1629; baseline -0.012 -6"><span class='ocrx_word' id='word_1_195' title='bbox 140 1590 213 1624; x_wconf 69' lang='lat' dir='ltr'>Nec</span> <span class='ocrx_word' id='word_1_196' title='bbox 233 1587 452 1622; x_wconf 74' lang='lat' dir='ltr'>moveamini</span> <span class='ocrx_word' id='word_1_197' title='bbox 470 1584 524 1619; x_wconf 88' lang='lat' dir='ltr'>his</span> <span class='ocrx_word' id='word_1_198' title='bbox 541 1583 744 1629; x_wconf 82' lang='lat' dir='ltr'>promissis,</span> <span class='ocrx_word' id='word_1_199' title='bbox 773 1582 869 1627; x_wconf 89' lang='lat' dir='ltr'>quod</span> <span class='ocrx_word' id='word_1_200' title='bbox 896 1581 1054 1624; x_wconf 89' lang='lat' dir='ltr'>ipsorum</span> <span class='ocrx_word' id='word_1_201' title='bbox 1078 1592 1133 1613; x_wconf 87' lang='lat' dir='ltr'>so-</span> 
     </span>
     <span class='ocr_line' id='line_1_30' title="bbox 142 1633 1134 1683; baseline -0.011 -9"><span class='ocrx_word' id='word_1_202' title='bbox 142 1641 249 1674; x_wconf 89' lang='lat' dir='ltr'>cietas</span> <span class='ocrx_word' id='word_1_203' title='bbox 265 1651 432 1683; x_wconf 86' lang='lat' dir='ltr'>magnam</span> <span class='ocrx_word' id='word_1_204' title='bbox 450 1636 686 1671; x_wconf 79' lang='lat' dir='ltr'>accessionem</span> <span class='ocrx_word' id='word_1_205' title='bbox 703 1636 746 1667; x_wconf 89' lang='lat' dir='ltr'>ad</span> <span class='ocrx_word' id='word_1_206' title='bbox 764 1634 855 1666; x_wconf 79' lang='lat' dir='ltr'>vires</span> <span class='ocrx_word' id='word_1_207' title='bbox 872 1638 1006 1665; x_wconf 67' lang='lat' dir='ltr'>vestras</span> <span class='ocrx_word' id='word_1_208' title='bbox 1023 1633 1134 1664; x_wconf 85' lang='lat' dir='ltr'>factu-</span> 
     </span>
     <span class='ocr_line' id='line_1_31' title="bbox 141 1683 1133 1730; baseline -0.01 -5"><span class='ocrx_word' id='word_1_209' title='bbox 141 1704 179 1725; x_wconf 88' lang='lat' dir='ltr'>ra</span> <span class='ocrx_word' id='word_1_210' title='bbox 204 1692 259 1726; x_wconf 92' lang='lat' dir='ltr'>sit.</span> <span class='ocrx_word' id='word_1_211' title='bbox 312 1690 470 1724; x_wconf 89' lang='lat' dir='ltr'>Firmior</span> <span class='ocrx_word' id='word_1_212' title='bbox 492 1688 585 1722; x_wconf 87' lang='lat' dir='ltr'>enim</span> <span class='ocrx_word' id='word_1_213' title='bbox 611 1693 662 1720; x_wconf 91' lang='lat' dir='ltr'>est</span> <span class='ocrx_word' id='word_1_214' title='bbox 684 1685 864 1730; x_wconf 88' lang='lat' dir='ltr'>potentia,</span> <span class='ocrx_word' id='word_1_215' title='bbox 901 1696 976 1716; x_wconf 89' lang='lat' dir='ltr'>non</span> <span class='ocrx_word' id='word_1_216' title='bbox 1003 1683 1133 1716; x_wconf 89' lang='lat' dir='ltr'>iniuria</span> 
     </span>
     <span class='ocr_line' id='line_1_32' title="bbox 143 1735 1135 1787; baseline -0.011 -10"><span class='ocrx_word' id='word_1_217' title='bbox 143 1744 304 1776; x_wconf 56' lang='lat' dir='ltr'>afficere²</span> <span class='ocrx_word' id='word_1_218' title='bbox 296 1742 480 1787; x_wconf 86' lang='lat' dir='ltr'>aequales</span> <span class='ocrx_word' id='word_1_219' title='bbox 509 1750 615 1785; x_wconf 87' lang='lat' dir='ltr'>quam</span> <span class='ocrx_word' id='word_1_220' title='bbox 636 1736 816 1782; x_wconf 71' lang='lat' dir='ltr'>praesenti</span> <span class='ocrx_word' id='word_1_221' title='bbox 843 1735 1033 1768; x_wconf 89' lang='lat' dir='ltr'>commodo</span> <span class='ocrx_word' id='word_1_222' title='bbox 1058 1747 1135 1767; x_wconf 89' lang='lat' dir='ltr'>mo-</span> 
     </span>
     <span class='ocr_line' id='line_1_33' title="bbox 142 1787 1135 1837; baseline -0.01 -9"><span class='ocrx_word' id='word_1_223' title='bbox 142 1802 197 1828; x_wconf 89' lang='lat' dir='ltr'>tos</span> <span class='ocrx_word' id='word_1_224' title='bbox 223 1791 401 1827; x_wconf 61' lang='lat' dir='ltr'>aittr1l1ere</span> <span class='ocrx_word' id='word_1_225' title='bbox 424 1791 601 1837; x_wconf 80' lang='lat' dir='ltr'>pelicula,</span> <span class='ocrx_word' id='word_1_226' title='bbox 636 1787 773 1822; x_wconf 86' lang='lat' dir='ltr'>etiamsi</span> <span class='ocrx_word' id='word_1_227' title='bbox 801 1787 893 1820; x_wconf 60' lang='lat' dir='ltr'>xires</span> <span class='ocrx_word' id='word_1_228' title='bbox 926 1792 1135 1830; x_wconf 32' lang='lat' dir='ltr'>aughemtur</span> 
     </span>
     <span class='ocr_line' id='line_1_34' title="bbox 140 1813 1136 1889; baseline -0.011 -9"><span class='ocrx_word' id='word_1_229' title='bbox 140 1846 216 1881; x_wconf 81' lang='lat' dir='ltr'>Nos</span> <span class='ocrx_word' id='word_1_230' title='bbox 234 1845 342 1889; x_wconf 88' lang='lat' dir='ltr'>igitur</span> <span class='ocrx_word' id='word_1_231' title='bbox 358 1844 428 1877; x_wconf 90' lang='lat' dir='ltr'>iam</span> <span class='ocrx_word' id='word_1_232' title='bbox 448 1844 485 1875; x_wconf 90' lang='lat' dir='ltr'>in</span> <span class='ocrx_word' id='word_1_233' title='bbox 504 1843 652 1875; x_wconf 88' lang='lat' dir='ltr'>adversa</span> <span class='ocrx_word' id='word_1_234' title='bbox 671 1841 815 1873; x_wconf 83' lang='lat' dir='ltr'>fortuna</span> <span class='ocrx_word' id='word_1_235' title='bbox 834 1844 973 1871; x_wconf 86' lang='lat' dir='ltr'>tantum</span> <span class='ocrx_word' id='word_1_236' title='bbox 974 1813 1057 1871; x_wconf 28' lang='lat' dir='ltr'>t”hoc</span> <span class='ocrx_word' id='word_1_237' title='bbox 1078 1849 1136 1882; x_wconf 88' lang='lat' dir='ltr'>pe-</span> 
     </span>
     <span class='ocr_line' id='line_1_35' title="bbox 142 1889 1137 1936; baseline -0.009 -6"><span class='ocrx_word' id='word_1_238' title='bbox 142 1898 269 1936; x_wconf 83' lang='lat' dir='ltr'>timus,</span> <span class='ocrx_word' id='word_1_239' title='bbox 311 1896 400 1929; x_wconf 88' lang='lat' dir='ltr'>sicut</span> <span class='ocrx_word' id='word_1_240' title='bbox 426 1895 526 1928; x_wconf 75' lang='lat' dir='ltr'>vobis</span> <span class='ocrx_word' id='word_1_241' title='bbox 555 1892 739 1935; x_wconf 84' lang='lat' dir='ltr'>suffragati</span> <span class='ocrx_word' id='word_1_242' title='bbox 769 1890 922 1929; x_wconf 84' lang='lat' dir='ltr'>fuimus,</span> <span class='ocrx_word' id='word_1_243' title='bbox 964 1896 1004 1923; x_wconf 90' lang='lat' dir='ltr'>ut</span> <span class='ocrx_word' id='word_1_244' title='bbox 1033 1889 1137 1922; x_wconf 88' lang='lat' dir='ltr'>liceat</span> 
     </span>
     <span class='ocr_line' id='line_1_36' title="bbox 142 1939 1136 1988; baseline -0.01 -6"><span class='ocrx_word' id='word_1_245' title='bbox 142 1948 353 1983; x_wconf 77' lang='lat' dir='ltr'>unicuilibet</span> <span class='ocrx_word' id='word_1_246' title='bbox 370 1946 436 1980; x_wconf 84' lang='lat' dir='ltr'>sibi</span> <span class='ocrx_word' id='word_1_247' title='bbox 453 1946 639 1979; x_wconf 89' lang='lat' dir='ltr'>adiunctos</span> <span class='ocrx_word' id='word_1_248' title='bbox 658 1956 721 1988; x_wconf 94' lang='lat' dir='ltr'>per</span> <span class='ocrx_word' id='word_1_249' title='bbox 745 1954 817 1976; x_wconf 91' lang='lat' dir='ltr'>sese</span> <span class='ocrx_word' id='word_1_250' title='bbox 840 1941 980 1986; x_wconf 84' lang='lat' dir='ltr'>punire.</span> <span class='ocrx_word' id='word_1_251' title='bbox 1039 1939 1136 1974; x_wconf 84' lang='lat' dir='ltr'>Idem</span> 
     </span>
     <span class='ocr_line' id='line_1_37' title="bbox 142 1992 1137 2041; baseline -0.01 -8"><span class='ocrx_word' id='word_1_252' title='bbox 142 1999 333 2033; x_wconf 87' lang='lat' dir='ltr'>11obis1a1n</span> <span class='ocrx_word' id='word_1_253' title='bbox 352 1997 497 2032; x_wconf 90' lang='lat' dir='ltr'>concedi</span> <span class='ocrx_word' id='word_1_254' title='bbox 514 1996 679 2041; x_wconf 88' lang='lat' dir='ltr'>petimus.</span> <span class='ocrx_word' id='word_1_255' title='bbox 733 1994 893 2038; x_wconf 86' lang='lat' dir='ltr'>Cumque</span> <span class='ocrx_word' id='word_1_256' title='bbox 920 1998 1043 2025; x_wconf 89' lang='lat' dir='ltr'>nostro</span> <span class='ocrx_word' id='word_1_257' title='bbox 1067 1992 1137 2026; x_wconf 85' lang='lat' dir='ltr'>suf-</span> 
     </span>
     <span class='ocr_line' id='line_1_38' title="bbox 142 2043 1138 2095; baseline -0.009 -11"><span class='ocrx_word' id='word_1_258' title='bbox 142 2051 257 2095; x_wconf 85' lang='lat' dir='ltr'>fragio</span> <span class='ocrx_word' id='word_1_259' title='bbox 275 2049 386 2083; x_wconf 89' lang='lat' dir='ltr'>adiuti</span> <span class='ocrx_word' id='word_1_260' title='bbox 402 2049 495 2088; x_wconf 91' lang='lat' dir='ltr'>sitis,</span> <span class='ocrx_word' id='word_1_261' title='bbox 521 2059 616 2081; x_wconf 93' lang='lat' dir='ltr'>nunc</span> <span class='ocrx_word' id='word_1_262' title='bbox 641 2052 757 2079; x_wconf 87' lang='lat' dir='ltr'>vestro</span> <span class='ocrx_word' id='word_1_263' title='bbox 778 2057 852 2077; x_wconf 89' lang='lat' dir='ltr'>non</span> <span class='ocrx_word' id='word_1_264' title='bbox 876 2044 954 2076; x_wconf 86' lang='lat' dir='ltr'>laed</span> <span class='ocrx_word' id='word_1_265' title='bbox 960 2043 1043 2083; x_wconf 84' lang='lat' dir='ltr'>atis,</span> <span class='ocrx_word' id='word_1_266' title='bbox 1078 2044 1138 2077; x_wconf 86' lang='lat' dir='ltr'>sed</span> 
     </span>
     <span class='ocr_line' id='line_1_39' title="bbox 143 2093 1139 2146; baseline -0.009 -10"><span class='ocrx_word' id='word_1_267' title='bbox 143 2103 280 2136; x_wconf 88' lang='lat' dir='ltr'>reddite</span> <span class='ocrx_word' id='word_1_268' title='bbox 297 2113 456 2146; x_wconf 56' lang='lat' dir='ltr'>parem„</span> <span class='ocrx_word' id='word_1_269' title='bbox 440 2112 489 2132; x_wconf 62' lang='lat' dir='ltr'>vr(</span> <span class='ocrx_word' id='word_1_270' title='bbox 491 2100 541 2133; x_wconf 73' lang='grc' dir='ltr'>ιιίι</span> <span class='ocrx_word' id='word_1_271' title='bbox 543 2113 609 2139; x_wconf 83' lang='grc' dir='ltr'>ιιιι,</span> <span class='ocrx_word' id='word_1_272' title='bbox 637 2108 834 2136; x_wconf 86' lang='lat' dir='ltr'>memores,</span> <span class='ocrx_word' id='word_1_273' title='bbox 861 2093 929 2128; x_wconf 89' lang='lat' dir='ltr'>hoc</span> <span class='ocrx_word' id='word_1_274' title='bbox 947 2095 1034 2128; x_wconf 91' lang='lat' dir='ltr'>illud</span> <span class='ocrx_word' id='word_1_275' title='bbox 1051 2102 1139 2128; x_wconf 85' lang='lat' dir='ltr'>tem-</span> 
     </span>
     <span class='ocr_line' id='line_1_40' title="bbox 144 2146 1139 2198; baseline -0.008 -11"><span class='ocrx_word' id='word_1_276' title='bbox 144 2166 211 2198; x_wconf 88' lang='lat' dir='ltr'>pus</span> <span class='ocrx_word' id='word_1_277' title='bbox 227 2165 319 2193; x_wconf 89' lang='lat' dir='ltr'>esse,</span> <span class='ocrx_word' id='word_1_278' title='bbox 347 2165 417 2198; x_wconf 90' lang='lat' dir='ltr'>quo</span> <span class='ocrx_word' id='word_1_279' title='bbox 443 2152 643 2195; x_wconf 88' lang='lat' dir='ltr'>gratificans</span> <span class='ocrx_word' id='word_1_280' title='bbox 666 2148 808 2182; x_wconf 85' lang='lat' dir='ltr'>ducitur</span> <span class='ocrx_word' id='word_1_281' title='bbox 831 2146 985 2186; x_wconf 83' lang='lat' dir='ltr'>amicus,</span> <span class='ocrx_word' id='word_1_282' title='bbox 1021 2153 1054 2179; x_wconf 87' lang='lat' dir='ltr'>et</span> <span class='ocrx_word' id='word_1_283' title='bbox 1079 2147 1139 2179; x_wconf 84' lang='lat' dir='ltr'>ad-</span> 
     </span>
     <span class='ocr_line' id='line_1_41' title="bbox 144 2198 1140 2242; baseline -0.008 -4"><span class='ocrx_word' id='word_1_284' title='bbox 144 2216 290 2238; x_wconf 80' lang='lat' dir='ltr'>versans</span> <span class='ocrx_word' id='word_1_285' title='bbox 307 2205 448 2237; x_wconf 89' lang='lat' dir='ltr'>ducitur</span> <span class='ocrx_word' id='word_1_286' title='bbox 462 2200 572 2236; x_wconf 88' lang='lat' dir='ltr'>hostis</span> <span class='ocrx_word' id='word_1_287' title='bbox 585 2229 594 2242; x_wconf 95' lang='lat'>,</span> <span class='ocrx_word' id='word_1_288' title='bbox 621 2207 654 2234; x_wconf 85' lang='lat' dir='ltr'>et</span> <span class='ocrx_word' id='word_1_289' title='bbox 670 2200 772 2232; x_wconf 86' lang='lat' dir='ltr'>nobis</span> <span class='ocrx_word' id='word_1_290' title='bbox 789 2198 909 2232; x_wconf 67' lang='lat' dir='ltr'>invitis</span> <span class='ocrx_word' id='word_1_291' title='bbox 932 2210 1006 2230; x_wconf 92' lang='lat' dir='ltr'>non</span> <span class='ocrx_word' id='word_1_292' title='bbox 1031 2198 1140 2231; x_wconf 86' lang='lat' dir='ltr'>sacia-</span> 
     </span>
     <span class='ocr_line' id='line_1_42' title="bbox 144 2250 1140 2298; baseline -0.009 -8"><span class='ocrx_word' id='word_1_293' title='bbox 144 2256 189 2290; x_wconf 84' lang='lat' dir='ltr'>tis</span> <span class='ocrx_word' id='word_1_294' title='bbox 206 2256 410 2289; x_wconf 89' lang='lat' dir='ltr'>societatem</span> <span class='ocrx_word' id='word_1_295' title='bbox 431 2267 509 2287; x_wconf 91' lang='lat' dir='ltr'>cum</span> <span class='ocrx_word' id='word_1_296' title='bbox 529 2251 756 2298; x_wconf 85' lang='lat' dir='ltr'>Corcyraeis,</span> <span class='ocrx_word' id='word_1_297' title='bbox 783 2262 899 2295; x_wconf 89' lang='lat' dir='ltr'>neque</span> <span class='ocrx_word' id='word_1_298' title='bbox 922 2261 1025 2293; x_wconf 90' lang='lat' dir='ltr'>opem</span> <span class='ocrx_word' id='word_1_299' title='bbox 1050 2250 1140 2282; x_wconf 85' lang='lat' dir='ltr'>fera-</span> 
     </span>
     <span class='ocr_line' id='line_1_43' title="bbox 146 2299 1140 2350; baseline -0.006 -10"><span class='ocrx_word' id='word_1_300' title='bbox 146 2308 189 2341; x_wconf 83' lang='lat' dir='ltr'>tis</span> <span class='ocrx_word' id='word_1_301' title='bbox 208 2307 335 2340; x_wconf 82' lang='lat' dir='ltr'>ininste</span> <span class='ocrx_word' id='word_1_302' title='bbox 355 2306 552 2350; x_wconf 76' lang='lat' dir='ltr'>agentibus.</span> <span class='ocrx_word' id='word_1_303' title='bbox 604 2305 683 2337; x_wconf 90' lang='lat' dir='ltr'>Hoc</span> <span class='ocrx_word' id='word_1_304' title='bbox 705 2308 739 2335; x_wconf 89' lang='lat' dir='ltr'>et</span> <span class='ocrx_word' id='word_1_305' title='bbox 763 2299 953 2335; x_wconf 88' lang='lat' dir='ltr'>honestum</span> <span class='ocrx_word' id='word_1_306' title='bbox 971 2307 1015 2347; x_wconf 63' lang='lat' dir='ltr'><strong>..et</strong></span> <span class='ocrx_word' id='word_1_307' title='bbox 1039 2301 1140 2334; x_wconf 80' lang='lat' dir='ltr'>vobis</span> 
     </span>
     <span class='ocr_line' id='line_1_44' title="bbox 146 2357 395 2393; baseline -0.004 0"><span class='ocrx_word' id='word_1_308' title='bbox 146 2358 299 2393; x_wconf 83' lang='lat' dir='ltr'>salutare</span> <span class='ocrx_word' id='word_1_309' title='bbox 316 2357 395 2392; x_wconf 86' lang='lat' dir='ltr'>erit.</span> 
     </span>
    </p>
   </div>
   <div class='ocr_carea' id='block_1_3' title="bbox 294 2427 995 2476">
    <p class='ocr_par' dir='ltr' id='par_1_4' title="bbox 294 2427 995 2476">
     <span class='ocr_line' id='line_1_45' title="bbox 294 2427 995 2476; baseline -0.01 -9"><span class='ocrx_word' id='word_1_310' title='bbox 294 2432 457 2467; x_wconf 84' lang='lat' dir='ltr'>Oratio</span> <span class='ocrx_word' id='word_1_311' title='bbox 486 2428 935 2476; x_wconf 88' lang='lat' dir='ltr'>Peloponnesiorum</span> <span class='ocrx_word' id='word_1_312' title='bbox 951 2427 995 2474; x_wconf 80' lang='grc'>9).</span> 
     </span>
    </p>
   </div>
   <div class='ocr_carea' id='block_1_4' title="bbox 147 2487 1140 2681">
    <p class='ocr_par' dir='ltr' id='par_1_5' title="bbox 147 2487 1140 2681">
     <span class='ocr_line' id='line_1_46' title="bbox 246 2487 1140 2533; baseline -0.007 -7"><span class='ocrx_word' id='word_1_313' title='bbox 246 2491 379 2526; x_wconf 86' lang='lat' dir='ltr'>Iniuste</span> <span class='ocrx_word' id='word_1_314' title='bbox 395 2491 529 2533; x_wconf 84' lang='lat' dir='ltr'>facitis,</span> <span class='ocrx_word' id='word_1_315' title='bbox 557 2504 577 2524; x_wconf 95' lang='lat'>0</span> <span class='ocrx_word' id='word_1_316' title='bbox 601 2490 670 2523; x_wconf 80' lang='lat' dir='ltr'>viri</span> <span class='ocrx_word' id='word_1_317' title='bbox 685 2487 937 2528; x_wconf 90' lang='lat' dir='ltr'>Athenienses,</span> <span class='ocrx_word' id='word_1_318' title='bbox 966 2488 1063 2533; x_wconf 89' lang='lat' dir='ltr'>quod</span> <span class='ocrx_word' id='word_1_319' title='bbox 1087 2488 1140 2520; x_wconf 87' lang='lat' dir='ltr'>in-</span> 
     </span>
     <span class='ocr_line' id='line_1_47' title="bbox 147 2538 1139 2590; baseline -0.006 -12"><span class='ocrx_word' id='word_1_320' title='bbox 147 2544 263 2590; x_wconf 88' lang='lat' dir='ltr'>cipitis</span> <span class='ocrx_word' id='word_1_321' title='bbox 291 2544 446 2584; x_wconf 89' lang='lat' dir='ltr'>bellum,</span> <span class='ocrx_word' id='word_1_322' title='bbox 488 2549 521 2576; x_wconf 89' lang='lat' dir='ltr'>et</span> <span class='ocrx_word' id='word_1_323' title='bbox 546 2541 682 2577; x_wconf 71' lang='lat' dir='ltr'>solvitis</span> <span class='ocrx_word' id='word_1_324' title='bbox 705 2541 842 2574; x_wconf 88' lang='lat' dir='ltr'>foedus.</span> <span class='ocrx_word' id='word_1_325' title='bbox 907 2538 1020 2573; x_wconf 89' lang='lat' dir='ltr'>Nobis</span> <span class='ocrx_word' id='word_1_326' title='bbox 1044 2539 1139 2572; x_wconf 91' lang='lat' dir='ltr'>enim</span> 
     </span>
     <span class='ocr_line' id='line_1_48' title="bbox 147 2590 1139 2641; baseline -0.007 -11"><span class='ocrx_word' id='word_1_327' title='bbox 147 2595 378 2641; x_wconf 85' lang='lat' dir='ltr'>punientibus</span> <span class='ocrx_word' id='word_1_328' title='bbox 403 2593 732 2638; x_wconf 60' lang='lat' dir='ltr'>nostrostinimicos</span> <span class='ocrx_word' id='word_1_329' title='bbox 762 2590 1019 2635; x_wconf 84' lang='lat' dir='ltr'>impedimento</span> <span class='ocrx_word' id='word_1_330' title='bbox 1046 2590 1139 2631; x_wconf 87' lang='lat' dir='ltr'>estis,</span> 
     </span>
     <span class='ocr_line' id='line_1_49' title="bbox 149 2645 719 2681; baseline -0.005 0"><span class='ocrx_word' id='word_1_331' title='bbox 149 2660 227 2681; x_wconf 89' lang='lat' dir='ltr'>cum</span> <span class='ocrx_word' id='word_1_332' title='bbox 245 2659 343 2680; x_wconf 85' lang='lat' dir='ltr'>arma</span> <span class='ocrx_word' id='word_1_333' title='bbox 362 2652 485 2679; x_wconf 84' lang='lat' dir='ltr'>contra</span> <span class='ocrx_word' id='word_1_334' title='bbox 506 2658 571 2679; x_wconf 90' lang='lat' dir='ltr'>nos</span> <span class='ocrx_word' id='word_1_335' title='bbox 587 2645 719 2678; x_wconf 85' lang='lat' dir='ltr'>seratis.</span> 
     </span>
    </p>
   </div>
   <div class='ocr_carea' id='block_1_5' title="bbox 181 2728 452 2761">
    <p class='ocr_par' dir='ltr' id='par_1_6' title="bbox 181 2728 452 2761">
     <span class='ocr_line' id='line_1_50' title="bbox 181 2728 452 2761; baseline -0.011 -6"><span class='ocrx_word' id='word_1_336' title='bbox 181 2732 213 2760; x_wconf 82' lang='lat'>9)</span> <span class='ocrx_word' id='word_1_337' title='bbox 232 2731 352 2761; x_wconf 71' lang='lat' dir='ltr'>Thucyd.</span> <span class='ocrx_word' id='word_1_338' title='bbox 371 2730 392 2761; x_wconf 73' lang='lat'>1,</span> <span class='ocrx_word' id='word_1_339' title='bbox 410 2728 452 2753; x_wconf 77' lang='lat'>5³.</span> 
     </span>
    </p>
   </div>
   <div class='ocr_carea' id='block_1_6' title="bbox 860 103 1585 140">
    <p class='ocr_par' dir='ltr' id='par_1_7' title="bbox 860 103 1585 140">
     <span class='ocr_line' id='line_1_51' title="bbox 860 103 1585 140; baseline 0.001 -1"><span class='ocrx_word' id='word_1_340' title='bbox 860 104 972 140; x_wconf 85' lang='lat' dir='ltr'><strong>MEL.</strong></span> <span class='ocrx_word' id='word_1_341' title='bbox 1009 103 1211 139; x_wconf 80' lang='lat' dir='ltr'>SCRIPTA</span> <span class='ocrx_word' id='word_1_342' title='bbox 1245 103 1585 140; x_wconf 79' lang='lat' dir='ltr'>PHILOLOGICA.</span> 
     </span>
    </p>
   </div>
   <div class='ocr_carea' id='block_1_7' title="bbox 778 2642 1168 2698">
    <p class='ocr_par' dir='ltr' id='par_1_8' title="bbox 778 2642 1168 2698">
     <span class='ocr_line' id='line_1_52' title="bbox 778 2642 1168 2698; baseline 0 -23"><span class='ocrx_word' id='word_1_343' title='bbox 778 2642 815 2676; x_wconf 90' lang='lat' dir='ltr'>Si</span> <span class='ocrx_word' id='word_1_344' title='bbox 842 2642 942 2676; x_wconf 79' lang='lat' dir='ltr'>vobis</span> <span class='ocrx_word' id='word_1_345' title='bbox 965 2655 1064 2676; x_wconf 87' lang='lat' dir='ltr'>mens</span> <span class='ocrx_word' id='word_1_346' title='bbox 1089 2648 1139 2675; x_wconf 87' lang='lat' dir='ltr'>est</span> <span class='ocrx_word' id='word_1_347' title='bbox 1165 2648 1168 2698; x_wconf 67' lang='grc' dir='ltr'>Ι</span> 
     </span>
    </p>
   </div>
   <div class='ocr_carea' id='block_1_8' title="bbox 2072 107 2170 143">
    <p class='ocr_par' dir='ltr' id='par_1_9' title="bbox 2072 107 2170 143">
     <span class='ocr_line' id='line_1_53' title="bbox 2072 107 2170 143; baseline 0.02 -2"><span class='ocrx_word' id='word_1_348' title='bbox 2072 107 2170 143; x_wconf 74' lang='grc'><strong>1028</strong></span> 
     </span>
    </p>
   </div>
   <div class='ocr_carea' id='block_1_9' title="bbox 1178 188 2172 531">
    <p class='ocr_par' dir='ltr' id='par_1_10' title="bbox 1178 188 2172 531">
     <span class='ocr_line' id='line_1_54' title="bbox 1178 188 2171 237; baseline 0.003 -15"><span class='ocrx_word' id='word_1_349' title='bbox 1178 188 1391 234; x_wconf 81' lang='lat' dir='ltr'>prohibere,</span> <span class='ocrx_word' id='word_1_350' title='bbox 1434 203 1478 224; x_wconf 91' lang='lat' dir='ltr'>ne</span> <span class='ocrx_word' id='word_1_351' title='bbox 1508 192 1552 224; x_wconf 88' lang='lat' dir='ltr'>ad</span> <span class='ocrx_word' id='word_1_352' title='bbox 1573 191 1766 237; x_wconf 75' lang='lat' dir='ltr'>Corcyram</span> <span class='ocrx_word' id='word_1_353' title='bbox 1793 198 1853 224; x_wconf 88' lang='lat' dir='ltr'>aut</span> <span class='ocrx_word' id='word_1_354' title='bbox 1878 191 1968 231; x_wconf 86' lang='lat' dir='ltr'>alio,</span> <span class='ocrx_word' id='word_1_355' title='bbox 2011 204 2083 237; x_wconf 92' lang='lat' dir='ltr'>quo</span> <span class='ocrx_word' id='word_1_356' title='bbox 2107 205 2171 225; x_wconf 91' lang='lat' dir='ltr'>vo-</span> 
     </span>
     <span class='ocr_line' id='line_1_55' title="bbox 1179 241 2172 288; baseline 0.001 -13"><span class='ocrx_word' id='word_1_357' title='bbox 1179 242 1316 281; x_wconf 87' lang='lat' dir='ltr'>lumus,</span> <span class='ocrx_word' id='word_1_358' title='bbox 1342 241 1568 285; x_wconf 85' lang='lat' dir='ltr'>navigemus,</span> <span class='ocrx_word' id='word_1_359' title='bbox 1596 243 1721 276; x_wconf 85' lang='lat' dir='ltr'>solvite</span> <span class='ocrx_word' id='word_1_360' title='bbox 1745 243 1887 283; x_wconf 87' lang='lat' dir='ltr'>foedus,</span> <span class='ocrx_word' id='word_1_361' title='bbox 1916 249 1950 276; x_wconf 90' lang='lat' dir='ltr'>et</span> <span class='ocrx_word' id='word_1_362' title='bbox 1972 243 2076 277; x_wconf 89' lang='lat' dir='ltr'>nobis</span> <span class='ocrx_word' id='word_1_363' title='bbox 2099 243 2172 288; x_wconf 85' lang='lat' dir='ltr'>pri-</span> 
     </span>
     <span class='ocr_line' id='line_1_56' title="bbox 1179 292 2171 339; baseline 0.002 -14"><span class='ocrx_word' id='word_1_364' title='bbox 1179 305 1277 326; x_wconf 85' lang='lat' dir='ltr'>mum</span> <span class='ocrx_word' id='word_1_365' title='bbox 1296 292 1407 336; x_wconf 88' lang='lat' dir='ltr'>captis</span> <span class='ocrx_word' id='word_1_366' title='bbox 1425 293 1567 325; x_wconf 88' lang='lat' dir='ltr'>utimini</span> <span class='ocrx_word' id='word_1_367' title='bbox 1591 300 1761 339; x_wconf 84' lang='lat' dir='ltr'>tanquam</span> <span class='ocrx_word' id='word_1_368' title='bbox 1779 292 1950 328; x_wconf 84' lang='lat' dir='ltr'>hostibus.</span> <span class='ocrx_word' id='word_1_369' title='bbox 2011 293 2067 327; x_wconf 92' lang='lat' dir='ltr'>llli</span> <span class='ocrx_word' id='word_1_370' title='bbox 2085 294 2171 327; x_wconf 85' lang='lat' dir='ltr'>talia</span> 
     </span>
     <span class='ocr_line' id='line_1_57' title="bbox 1179 343 2172 391; baseline 0.003 -15"><span class='ocrx_word' id='word_1_371' title='bbox 1179 343 1357 383; x_wconf 85' lang='lat' dir='ltr'>dixerunt,</span> <span class='ocrx_word' id='word_1_372' title='bbox 1386 350 1498 377; x_wconf 83' lang='lat' dir='ltr'>castra</span> <span class='ocrx_word' id='word_1_373' title='bbox 1516 355 1600 377; x_wconf 86' lang='lat' dir='ltr'>vero</span> <span class='ocrx_word' id='word_1_374' title='bbox 1612 345 1907 390; x_wconf 80' lang='lat' dir='ltr'>Corcyraeorum,</span> <span class='ocrx_word' id='word_1_375' title='bbox 1935 352 2067 391; x_wconf 89' lang='lat' dir='ltr'>quanta</span> <span class='ocrx_word' id='word_1_376' title='bbox 2088 357 2172 390; x_wconf 87' lang='lat' dir='ltr'>pars</span> 
     </span>
     <span class='ocr_line' id='line_1_58' title="bbox 1180 395 2171 441; baseline 0.003 -14"><span class='ocrx_word' id='word_1_377' title='bbox 1180 395 1304 428; x_wconf 82' lang='lat' dir='ltr'>audire</span> <span class='ocrx_word' id='word_1_378' title='bbox 1321 395 1457 439; x_wconf 87' lang='lat' dir='ltr'>potuit,</span> <span class='ocrx_word' id='word_1_379' title='bbox 1484 395 1650 428; x_wconf 86' lang='lat' dir='ltr'>clamavit</span> <span class='ocrx_word' id='word_1_380' title='bbox 1672 396 1810 437; x_wconf 85' lang='lat' dir='ltr'>statim,</span> <span class='ocrx_word' id='word_1_381' title='bbox 1845 403 1884 430; x_wconf 88' lang='lat' dir='ltr'>ut</span> <span class='ocrx_word' id='word_1_382' title='bbox 1905 403 2117 441; x_wconf 87' lang='lat' dir='ltr'>caperentur</span> <span class='ocrx_word' id='word_1_383' title='bbox 2138 403 2171 430; x_wconf 90' lang='lat' dir='ltr'>et</span> 
     </span>
     <span class='ocr_line' id='line_1_59' title="bbox 1181 444 2171 493; baseline 0.002 -14"><span class='ocrx_word' id='word_1_384' title='bbox 1181 446 1438 480; x_wconf 88' lang='lat' dir='ltr'>occiderentur.</span> <span class='ocrx_word' id='word_1_385' title='bbox 1516 444 1749 481; x_wconf 85' lang='lat' dir='ltr'>Athenienses</span> <span class='ocrx_word' id='word_1_386' title='bbox 1784 460 1869 481; x_wconf 87' lang='lat' dir='ltr'>vero</span> <span class='ocrx_word' id='word_1_387' title='bbox 1904 448 1987 481; x_wconf 90' lang='lat' dir='ltr'>talia</span> <span class='ocrx_word' id='word_1_388' title='bbox 2023 460 2171 493; x_wconf 88' lang='lat' dir='ltr'>respon-</span> 
     </span>
     <span class='ocr_line' id='line_1_60' title="bbox 1180 498 1326 531; baseline 0 -1"><span class='ocrx_word' id='word_1_389' title='bbox 1180 498 1326 531; x_wconf 87' lang='lat' dir='ltr'>derunt:</span> 
     </span>
    </p>
   </div>
   <div class='ocr_carea' id='block_1_10' title="bbox 1362 554 1986 605">
    <p class='ocr_par' dir='ltr' id='par_1_11' title="bbox 1362 554 1986 605">
     <span class='ocr_line' id='line_1_61' title="bbox 1362 554 1986 605; baseline 0.008 -17"><span class='ocrx_word' id='word_1_390' title='bbox 1362 555 1525 589; x_wconf 83' lang='lat' dir='ltr'>Oratio</span> <span class='ocrx_word' id='word_1_391' title='bbox 1559 554 1913 591; x_wconf 88' lang='lat' dir='ltr'>Atheniensium</span> <span class='ocrx_word' id='word_1_392' title='bbox 1928 557 1986 605; x_wconf 82' lang='lat'>¹⁰).</span> 
     </span>
    </p>
   </div>
   <div class='ocr_carea' id='block_1_11' title="bbox 1181 614 2176 920">
    <p class='ocr_par' dir='ltr' id='par_1_12' title="bbox 1181 614 2176 920">
     <span class='ocr_line' id='line_1_62' title="bbox 1284 614 2172 662; baseline 0 -13"><span class='ocrx_word' id='word_1_393' title='bbox 1284 614 1408 660; x_wconf 82' lang='lat' dir='ltr'>Neque</span> <span class='ocrx_word' id='word_1_394' title='bbox 1440 615 1630 659; x_wconf 86' lang='lat' dir='ltr'>incipimus</span> <span class='ocrx_word' id='word_1_395' title='bbox 1659 616 1813 656; x_wconf 88' lang='lat' dir='ltr'>bellum,</span> <span class='ocrx_word' id='word_1_396' title='bbox 1854 629 1875 650; x_wconf 94' lang='lat' dir='ltr'>o</span> <span class='ocrx_word' id='word_1_397' title='bbox 1905 616 2172 662; x_wconf 88' lang='lat' dir='ltr'>Peloponnesii,</span> 
     </span>
     <span class='ocr_line' id='line_1_63' title="bbox 1181 667 2174 712; baseline 0.003 -13"><span class='ocrx_word' id='word_1_398' title='bbox 1181 679 1297 712; x_wconf 88' lang='lat' dir='ltr'>neque</span> <span class='ocrx_word' id='word_1_399' title='bbox 1316 667 1487 700; x_wconf 86' lang='lat' dir='ltr'>solvimus</span> <span class='ocrx_word' id='word_1_400' title='bbox 1504 668 1646 707; x_wconf 80' lang='lat' dir='ltr'>foedus,</span> <span class='ocrx_word' id='word_1_401' title='bbox 1673 669 1733 701; x_wconf 90' lang='lat' dir='ltr'>sed</span> <span class='ocrx_word' id='word_1_402' title='bbox 1754 668 1916 701; x_wconf 87' lang='lat' dir='ltr'>venimus</span> <span class='ocrx_word' id='word_1_403' title='bbox 1937 668 2068 702; x_wconf 86' lang='lat' dir='ltr'>auxilio</span> <span class='ocrx_word' id='word_1_404' title='bbox 2086 668 2174 702; x_wconf 89' lang='lat' dir='ltr'>Cor-</span> 
     </span>
     <span class='ocr_line' id='line_1_64' title="bbox 1183 718 2173 764; baseline 0.001 -13"><span class='ocrx_word' id='word_1_405' title='bbox 1183 718 1337 763; x_wconf 79' lang='lat' dir='ltr'>cyraeis,</span> <span class='ocrx_word' id='word_1_406' title='bbox 1364 718 1495 752; x_wconf 92' lang='lat' dir='ltr'>nostris</span> <span class='ocrx_word' id='word_1_407' title='bbox 1512 718 1627 752; x_wconf 90' lang='lat' dir='ltr'>sociis.</span> <span class='ocrx_word' id='word_1_408' title='bbox 1681 719 1717 752; x_wconf 87' lang='lat' dir='ltr'>Si</span> <span class='ocrx_word' id='word_1_409' title='bbox 1734 719 1854 764; x_wconf 89' lang='lat' dir='ltr'>aliquo</span> <span class='ocrx_word' id='word_1_410' title='bbox 1871 719 1976 753; x_wconf 90' lang='lat' dir='ltr'>vultis</span> <span class='ocrx_word' id='word_1_411' title='bbox 1991 719 2173 764; x_wconf 87' lang='lat' dir='ltr'>navigare,</span> 
     </span>
     <span class='ocr_line' id='line_1_65' title="bbox 1183 767 2175 814; baseline 0.002 -12"><span class='ocrx_word' id='word_1_412' title='bbox 1183 782 1257 803; x_wconf 87' lang='lat' dir='ltr'>non</span> <span class='ocrx_word' id='word_1_413' title='bbox 1286 767 1529 814; x_wconf 87' lang='lat' dir='ltr'>prohibemus.</span> <span class='ocrx_word' id='word_1_414' title='bbox 1596 769 1634 803; x_wconf 86' lang='lat' dir='ltr'>Si</span> <span class='ocrx_word' id='word_1_415' title='bbox 1664 776 1782 804; x_wconf 87' lang='lat' dir='ltr'>autem</span> <span class='ocrx_word' id='word_1_416' title='bbox 1810 770 2022 814; x_wconf 84' lang='lat' dir='ltr'>navigabitis</span> <span class='ocrx_word' id='word_1_417' title='bbox 2053 782 2175 804; x_wconf 89' lang='lat' dir='ltr'>versus</span> 
     </span>
     <span class='ocr_line' id='line_1_66' title="bbox 1184 821 2176 868; baseline 0 -14"><span class='ocrx_word' id='word_1_418' title='bbox 1184 822 1398 867; x_wconf 71' lang='lat' dir='ltr'>Corcyram,</span> <span class='ocrx_word' id='word_1_419' title='bbox 1425 828 1487 855; x_wconf 88' lang='lat' dir='ltr'>aut</span> <span class='ocrx_word' id='word_1_420' title='bbox 1504 822 1540 854; x_wconf 88' lang='lat' dir='ltr'>in</span> <span class='ocrx_word' id='word_1_421' title='bbox 1558 821 1902 867; x_wconf 9' lang='lat' dir='ltr'>aliquodwoppidum</span> <span class='ocrx_word' id='word_1_422' title='bbox 1925 821 2107 868; x_wconf 90' lang='lat' dir='ltr'>ipsorum,</span> <span class='ocrx_word' id='word_1_423' title='bbox 2139 821 2176 854; x_wconf 87' lang='lat' dir='ltr'>id</span> 
     </span>
     <span class='ocr_line' id='line_1_67' title="bbox 1184 873 1930 920; baseline 0.004 -14"><span class='ocrx_word' id='word_1_424' title='bbox 1184 886 1258 907; x_wconf 86' lang='lat' dir='ltr'>non</span> <span class='ocrx_word' id='word_1_425' title='bbox 1272 873 1508 918; x_wconf 83' lang='lat' dir='ltr'>negligemus,</span> <span class='ocrx_word' id='word_1_426' title='bbox 1537 880 1711 920; x_wconf 87' lang='lat' dir='ltr'>quantum</span> <span class='ocrx_word' id='word_1_427' title='bbox 1731 887 1930 919; x_wconf 87' lang='lat' dir='ltr'>possumus.</span> 
     </span>
    </p>
   </div>
   <div class='ocr_carea' id='block_1_12' title="bbox 1369 948 1988 997">
    <p class='ocr_par' dir='ltr' id='par_1_13' title="bbox 1369 948 1988 997">
     <span class='ocr_line' id='line_1_68' title="bbox 1369 948 1988 997; baseline 0.005 -14"><span class='ocrx_word' id='word_1_428' title='bbox 1369 948 1533 984; x_wconf 81' lang='lat' dir='ltr'>Oratio</span> <span class='ocrx_word' id='word_1_429' title='bbox 1563 950 1912 985; x_wconf 88' lang='lat' dir='ltr'>Corinthiorum</span> <span class='ocrx_word' id='word_1_430' title='bbox 1929 950 1988 997; x_wconf 86' lang='lat'>¹¹).</span> 
     </span>
    </p>
   </div>
   <div class='ocr_carea' id='block_1_13' title="bbox 1184 1018 2192 2608">
    <p class='ocr_par' dir='ltr' id='par_1_14' title="bbox 1184 1018 2189 2195">
     <span class='ocr_line' id='line_1_69' title="bbox 1287 1018 2177 1064; baseline 0.001 -12"><span class='ocrx_word' id='word_1_431' title='bbox 1287 1018 1378 1052; x_wconf 90' lang='lat' dir='ltr'>Cum</span> <span class='ocrx_word' id='word_1_432' title='bbox 1395 1031 1457 1052; x_wconf 91' lang='lat' dir='ltr'>vos</span> <span class='ocrx_word' id='word_1_433' title='bbox 1475 1018 1549 1053; x_wconf 90' lang='lat' dir='ltr'>sine</span> <span class='ocrx_word' id='word_1_434' title='bbox 1564 1019 1764 1064; x_wconf 89' lang='lat' dir='ltr'>suspicione</span> <span class='ocrx_word' id='word_1_435' title='bbox 1782 1020 1874 1053; x_wconf 86' lang='lat' dir='ltr'>inter</span> <span class='ocrx_word' id='word_1_436' title='bbox 1894 1032 1957 1054; x_wconf 90' lang='lat' dir='ltr'>vos</span> <span class='ocrx_word' id='word_1_437' title='bbox 1983 1018 2112 1053; x_wconf 86' lang='lat' dir='ltr'>vivatis</span> <span class='ocrx_word' id='word_1_438' title='bbox 2135 1030 2177 1053; x_wconf 87' lang='lat' dir='ltr'>ex</span> 
     </span>
     <span class='ocr_line' id='line_1_70' title="bbox 1185 1070 2177 1112; baseline 0.001 -9"><span class='ocrx_word' id='word_1_439' title='bbox 1185 1070 1310 1104; x_wconf 76' lang='lat' dir='ltr'>vestris</span> <span class='ocrx_word' id='word_1_440' title='bbox 1335 1070 1514 1111; x_wconf 84' lang='lat' dir='ltr'>moribus,</span> <span class='ocrx_word' id='word_1_441' title='bbox 1553 1072 1641 1104; x_wconf 89' lang='lat' dir='ltr'>alios</span> <span class='ocrx_word' id='word_1_442' title='bbox 1674 1072 1889 1112; x_wconf 85' lang='lat' dir='ltr'>aestimatis,</span> <span class='ocrx_word' id='word_1_443' title='bbox 1932 1083 1997 1104; x_wconf 89' lang='lat' dir='ltr'>nec</span> <span class='ocrx_word' id='word_1_444' title='bbox 2023 1070 2177 1110; x_wconf 85' lang='lat' dir='ltr'>creditis,</span> 
     </span>
     <span class='ocr_line' id='line_1_71' title="bbox 1185 1121 2180 1168; baseline 0 -14"><span class='ocrx_word' id='word_1_445' title='bbox 1185 1133 1266 1155; x_wconf 91' lang='lat' dir='ltr'>cum</span> <span class='ocrx_word' id='word_1_446' title='bbox 1289 1122 1378 1155; x_wconf 89' lang='lat' dir='ltr'>alios</span> <span class='ocrx_word' id='word_1_447' title='bbox 1401 1128 1537 1155; x_wconf 88' lang='lat' dir='ltr'>struere</span> <span class='ocrx_word' id='word_1_448' title='bbox 1563 1122 1709 1157; x_wconf 84' lang='lat' dir='ltr'>insidias</span> <span class='ocrx_word' id='word_1_449' title='bbox 1733 1123 1899 1156; x_wconf 86' lang='lat' dir='ltr'>dicimus:</span> <span class='ocrx_word' id='word_1_450' title='bbox 1935 1123 2089 1168; x_wconf 88' lang='lat' dir='ltr'>ideoque</span> <span class='ocrx_word' id='word_1_451' title='bbox 2115 1121 2180 1155; x_wconf 87' lang='lat' dir='ltr'>etsi</span> 
     </span>
     <span class='ocr_line' id='line_1_72' title="bbox 1185 1172 2180 1219; baseline 0 -14"><span class='ocrx_word' id='word_1_452' title='bbox 1185 1173 1381 1207; x_wconf 82' lang='lat' dir='ltr'>modestiae</span> <span class='ocrx_word' id='word_1_453' title='bbox 1396 1173 1539 1207; x_wconf 87' lang='lat' dir='ltr'>laudem</span> <span class='ocrx_word' id='word_1_454' title='bbox 1557 1172 1715 1215; x_wconf 87' lang='lat' dir='ltr'>habetis,</span> <span class='ocrx_word' id='word_1_455' title='bbox 1750 1181 1871 1208; x_wconf 90' lang='lat' dir='ltr'>tamen</span> <span class='ocrx_word' id='word_1_456' title='bbox 1888 1173 2104 1219; x_wconf 84' lang='lat' dir='ltr'>negligentia</span> <span class='ocrx_word' id='word_1_457' title='bbox 2120 1184 2180 1205; x_wconf 89' lang='lat' dir='ltr'>ve-</span> 
     </span>
     <span class='ocr_line' id='line_1_73' title="bbox 1184 1223 2180 1269; baseline -0.001 -12"><span class='ocrx_word' id='word_1_458' title='bbox 1184 1231 1256 1258; x_wconf 87' lang='lat' dir='ltr'>stra</span> <span class='ocrx_word' id='word_1_459' title='bbox 1268 1225 1400 1258; x_wconf 85' lang='lat' dir='ltr'>sorisin</span> <span class='ocrx_word' id='word_1_460' title='bbox 1412 1225 1532 1258; x_wconf 89' lang='lat' dir='ltr'>multis</span> <span class='ocrx_word' id='word_1_461' title='bbox 1541 1225 1692 1269; x_wconf 86' lang='lat' dir='ltr'>negotiis</span> <span class='ocrx_word' id='word_1_462' title='bbox 1702 1232 1807 1259; x_wconf 90' lang='lat' dir='ltr'>nocet</span> <span class='ocrx_word' id='word_1_463' title='bbox 1817 1225 1932 1259; x_wconf 84' lang='lat' dir='ltr'>sociis.</span> <span class='ocrx_word' id='word_1_464' title='bbox 1977 1225 2067 1259; x_wconf 91' lang='lat' dir='ltr'>Cum</span> <span class='ocrx_word' id='word_1_465' title='bbox 2083 1223 2180 1257; x_wconf 88' lang='lat' dir='ltr'>enim</span> 
     </span>
     <span class='ocr_line' id='line_1_74' title="bbox 1185 1274 2181 1320; baseline 0 -12"><span class='ocrx_word' id='word_1_466' title='bbox 1185 1288 1288 1320; x_wconf 88' lang='lat' dir='ltr'>saepe</span> <span class='ocrx_word' id='word_1_467' title='bbox 1310 1276 1610 1320; x_wconf 85' lang='lat' dir='ltr'>praedixerimus,</span> <span class='ocrx_word' id='word_1_468' title='bbox 1637 1274 1872 1311; x_wconf 87' lang='lat' dir='ltr'>Athenienses</span> <span class='ocrx_word' id='word_1_469' title='bbox 1894 1276 1997 1310; x_wconf 92' lang='lat' dir='ltr'>nobis</span> <span class='ocrx_word' id='word_1_470' title='bbox 2019 1276 2181 1309; x_wconf 86' lang='lat' dir='ltr'>illaturos</span> 
     </span>
     <span class='ocr_line' id='line_1_75' title="bbox 1186 1325 2181 1373; baseline -0.001 -13"><span class='ocrx_word' id='word_1_471' title='bbox 1186 1340 1258 1360; x_wconf 87' lang='lat' dir='ltr'>esse</span> <span class='ocrx_word' id='word_1_472' title='bbox 1284 1328 1439 1367; x_wconf 87' lang='lat' dir='ltr'>bellum,</span> <span class='ocrx_word' id='word_1_473' title='bbox 1469 1325 1561 1360; x_wconf 90' lang='lat' dir='ltr'>hanc</span> <span class='ocrx_word' id='word_1_474' title='bbox 1585 1333 1744 1361; x_wconf 87' lang='lat' dir='ltr'>nostram</span> <span class='ocrx_word' id='word_1_475' title='bbox 1768 1328 2094 1373; x_wconf 81' lang='lat' dir='ltr'>praemonitionem</span> <span class='ocrx_word' id='word_1_476' title='bbox 2118 1338 2181 1359; x_wconf 91' lang='lat' dir='ltr'>ne-</span> 
     </span>
     <span class='ocr_line' id='line_1_76' title="bbox 1186 1377 2180 1423; baseline 0 -13"><span class='ocrx_word' id='word_1_477' title='bbox 1186 1378 1360 1422; x_wconf 81' lang='lat' dir='ltr'>glexistis,</span> <span class='ocrx_word' id='word_1_478' title='bbox 1388 1391 1427 1411; x_wconf 93' lang='lat' dir='ltr'>ac</span> <span class='ocrx_word' id='word_1_479' title='bbox 1445 1379 1557 1422; x_wconf 85' lang='lat' dir='ltr'>magis</span> <span class='ocrx_word' id='word_1_480' title='bbox 1574 1379 1741 1423; x_wconf 85' lang='lat' dir='ltr'>suspicati</span> <span class='ocrx_word' id='word_1_481' title='bbox 1760 1380 1841 1413; x_wconf 88' lang='lat' dir='ltr'>estis</span> <span class='ocrx_word' id='word_1_482' title='bbox 1862 1391 1928 1412; x_wconf 92' lang='lat' dir='ltr'>nos</span> <span class='ocrx_word' id='word_1_483' title='bbox 1950 1377 2039 1412; x_wconf 88' lang='lat' dir='ltr'>haec</span> <span class='ocrx_word' id='word_1_484' title='bbox 2063 1378 2180 1411; x_wconf 88' lang='lat' dir='ltr'>dicere</span> 
     </span>
     <span class='ocr_line' id='line_1_77' title="bbox 1186 1429 2185 1474; baseline -0.001 -11"><span class='ocrx_word' id='word_1_485' title='bbox 1186 1436 1334 1474; x_wconf 89' lang='lat' dir='ltr'>propter</span> <span class='ocrx_word' id='word_1_486' title='bbox 1351 1430 1510 1474; x_wconf 87' lang='lat' dir='ltr'>privatas</span> <span class='ocrx_word' id='word_1_487' title='bbox 1527 1429 1735 1464; x_wconf 82' lang='lat' dir='ltr'>simultates.</span> <span class='ocrx_word' id='word_1_488' title='bbox 1787 1430 1892 1464; x_wconf 87' lang='lat' dir='ltr'>Nunc</span> <span class='ocrx_word' id='word_1_489' title='bbox 1907 1430 2016 1474; x_wconf 89' lang='lat' dir='ltr'>igitur</span> <span class='ocrx_word' id='word_1_490' title='bbox 2031 1441 2106 1462; x_wconf 89' lang='lat' dir='ltr'>non</span> <span class='ocrx_word' id='word_1_491' title='bbox 2122 1440 2185 1462; x_wconf 90' lang='lat' dir='ltr'>an-</span> 
     </span>
     <span class='ocr_line' id='line_1_78' title="bbox 1187 1481 2185 1526; baseline -0.001 -12"><span class='ocrx_word' id='word_1_492' title='bbox 1187 1488 1330 1526; x_wconf 82' lang='lat' dir='ltr'>tequam</span> <span class='ocrx_word' id='word_1_493' title='bbox 1350 1481 1435 1514; x_wconf 85' lang='lat' dir='ltr'>laesi</span> <span class='ocrx_word' id='word_1_494' title='bbox 1452 1481 1581 1521; x_wconf 88' lang='lat' dir='ltr'>simus,</span> <span class='ocrx_word' id='word_1_495' title='bbox 1615 1482 1676 1514; x_wconf 88' lang='lat' dir='ltr'>sed</span> <span class='ocrx_word' id='word_1_496' title='bbox 1706 1488 1850 1526; x_wconf 86' lang='lat' dir='ltr'>accepto</span> <span class='ocrx_word' id='word_1_497' title='bbox 1877 1481 1948 1514; x_wconf 89' lang='lat' dir='ltr'>iam</span> <span class='ocrx_word' id='word_1_498' title='bbox 1974 1482 2107 1515; x_wconf 91' lang='lat' dir='ltr'>damno</span> <span class='ocrx_word' id='word_1_499' title='bbox 2128 1492 2185 1514; x_wconf 91' lang='lat' dir='ltr'>so-</span> 
     </span>
     <span class='ocr_line' id='line_1_79' title="bbox 1188 1530 2185 1578; baseline 0 -14"><span class='ocrx_word' id='word_1_500' title='bbox 1188 1533 1259 1566; x_wconf 89' lang='lat' dir='ltr'>cios</span> <span class='ocrx_word' id='word_1_501' title='bbox 1277 1532 1497 1566; x_wconf 68' lang='lat' dir='ltr'>convocastis</span> <span class='ocrx_word' id='word_1_502' title='bbox 1508 1558 1518 1573; x_wconf 89' lang='lat'>,</span> <span class='ocrx_word' id='word_1_503' title='bbox 1545 1533 1640 1577; x_wconf 89' lang='lat' dir='ltr'>apud</span> <span class='ocrx_word' id='word_1_504' title='bbox 1659 1545 1748 1578; x_wconf 91' lang='lat' dir='ltr'>quos</span> <span class='ocrx_word' id='word_1_505' title='bbox 1764 1533 1871 1567; x_wconf 90' lang='lat' dir='ltr'>simul</span> <span class='ocrx_word' id='word_1_506' title='bbox 1886 1539 1919 1566; x_wconf 93' lang='lat' dir='ltr'>et</span> <span class='ocrx_word' id='word_1_507' title='bbox 1935 1534 1978 1566; x_wconf 91' lang='lat' dir='ltr'>de</span> <span class='ocrx_word' id='word_1_508' title='bbox 1987 1530 2185 1566; x_wconf 84' lang='lat' dir='ltr'>Athenien-</span> 
     </span>
     <span class='ocr_line' id='line_1_80' title="bbox 1187 1582 2186 1630; baseline -0.001 -13"><span class='ocrx_word' id='word_1_509' title='bbox 1187 1585 1282 1617; x_wconf 90' lang='lat' dir='ltr'>sibus</span> <span class='ocrx_word' id='word_1_510' title='bbox 1299 1585 1390 1617; x_wconf 88' lang='lat' dir='ltr'>etde</span> <span class='ocrx_word' id='word_1_511' title='bbox 1409 1584 1510 1618; x_wconf 89' lang='lat' dir='ltr'>vobis</span> <span class='ocrx_word' id='word_1_512' title='bbox 1527 1584 1699 1629; x_wconf 87' lang='lat' dir='ltr'>conqueri</span> <span class='ocrx_word' id='word_1_513' title='bbox 1716 1590 1940 1629; x_wconf 86' lang='lat' dir='ltr'>poteramus,</span> <span class='ocrx_word' id='word_1_514' title='bbox 1968 1584 2051 1630; x_wconf 91' lang='lat' dir='ltr'>quia</span> <span class='ocrx_word' id='word_1_515' title='bbox 2075 1589 2110 1617; x_wconf 90' lang='lat' dir='ltr'>et</span> <span class='ocrx_word' id='word_1_516' title='bbox 2133 1582 2186 1616; x_wconf 88' lang='lat' dir='ltr'>illi</span> 
     </span>
     <span class='ocr_line' id='line_1_81' title="bbox 1187 1635 2186 1680; baseline 0 -12"><span class='ocrx_word' id='word_1_517' title='bbox 1187 1648 1253 1669; x_wconf 89' lang='lat' dir='ltr'>nos</span> <span class='ocrx_word' id='word_1_518' title='bbox 1269 1636 1418 1680; x_wconf 87' lang='lat' dir='ltr'>superbe</span> <span class='ocrx_word' id='word_1_519' title='bbox 1435 1635 1566 1668; x_wconf 90' lang='lat' dir='ltr'>iniuria</span> <span class='ocrx_word' id='word_1_520' title='bbox 1592 1635 1768 1676; x_wconf 86' lang='lat' dir='ltr'>afficiunt,</span> <span class='ocrx_word' id='word_1_521' title='bbox 1803 1642 1837 1669; x_wconf 88' lang='lat' dir='ltr'>et</span> <span class='ocrx_word' id='word_1_522' title='bbox 1859 1648 1880 1669; x_wconf 86' lang='lat' dir='ltr'>a</span> <span class='ocrx_word' id='word_1_523' title='bbox 1902 1636 2004 1670; x_wconf 87' lang='lat' dir='ltr'>vobis</span> <span class='ocrx_word' id='word_1_524' title='bbox 2027 1647 2103 1668; x_wconf 91' lang='lat' dir='ltr'>non</span> <span class='ocrx_word' id='word_1_525' title='bbox 2126 1635 2186 1668; x_wconf 92' lang='lat' dir='ltr'>de-</span> 
     </span>
     <span class='ocr_line' id='line_1_82' title="bbox 1187 1685 2186 1734; baseline -0.002 -14"><span class='ocrx_word' id='word_1_526' title='bbox 1187 1687 1277 1720; x_wconf 82' lang='lat' dir='ltr'>fensi</span> <span class='ocrx_word' id='word_1_527' title='bbox 1294 1700 1426 1721; x_wconf 90' lang='lat' dir='ltr'>sumus.</span> <span class='ocrx_word' id='word_1_528' title='bbox 1479 1686 1530 1720; x_wconf 92' lang='lat' dir='ltr'>Ac</span> <span class='ocrx_word' id='word_1_529' title='bbox 1555 1687 1584 1720; x_wconf 91' lang='lat' dir='ltr'>si</span> <span class='ocrx_word' id='word_1_530' title='bbox 1609 1687 1799 1722; x_wconf 88' lang='lat' dir='ltr'>obscurum</span> <span class='ocrx_word' id='word_1_531' title='bbox 1827 1694 1936 1728; x_wconf 90' lang='lat' dir='ltr'>esset,</span> <span class='ocrx_word' id='word_1_532' title='bbox 1973 1687 2120 1734; x_wconf 84' lang='lat' dir='ltr'>quinam</span> <span class='ocrx_word' id='word_1_533' title='bbox 2147 1685 2186 1718; x_wconf 90' lang='lat' dir='ltr'>in</span> 
     </span>
     <span class='ocr_line' id='line_1_83' title="bbox 1189 1738 2188 1783; baseline -0.002 -11"><span class='ocrx_word' id='word_1_534' title='bbox 1189 1738 1339 1772; x_wconf 84' lang='lat' dir='ltr'>Graecia</span> <span class='ocrx_word' id='word_1_535' title='bbox 1368 1739 1456 1772; x_wconf 89' lang='lat' dir='ltr'>alios</span> <span class='ocrx_word' id='word_1_536' title='bbox 1484 1738 1687 1783; x_wconf 89' lang='lat' dir='ltr'>opprimere</span> <span class='ocrx_word' id='word_1_537' title='bbox 1717 1746 1953 1780; x_wconf 86' lang='lat' dir='ltr'>conarentur,</span> <span class='ocrx_word' id='word_1_538' title='bbox 1994 1749 2188 1783; x_wconf 83' lang='lat' dir='ltr'>exponere·</span> 
     </span>
     <span class='ocr_line' id='line_1_84' title="bbox 1188 1790 2187 1848; baseline -0.001 -25"><span class='ocrx_word' id='word_1_539' title='bbox 1188 1803 1268 1824; x_wconf 86' lang='lat' dir='ltr'>mus</span> <span class='ocrx_word' id='word_1_540' title='bbox 1290 1802 1366 1823; x_wconf 88' lang='lat' dir='ltr'>rem</span> <span class='ocrx_word' id='word_1_541' title='bbox 1391 1790 1486 1834; x_wconf 74' lang='lat' dir='ltr'>¹apud</span> <span class='ocrx_word' id='word_1_542' title='bbox 1504 1790 1721 1833; x_wconf 87' lang='lat' dir='ltr'>ignorantes.</span> <span class='ocrx_word' id='word_1_543' title='bbox 1774 1790 1878 1825; x_wconf 90' lang='lat' dir='ltr'>Nunc</span> <span class='ocrx_word' id='word_1_544' title='bbox 1894 1803 1979 1824; x_wconf 90' lang='lat' dir='ltr'>vero</span> <span class='ocrx_word' id='word_1_545' title='bbox 1984 1790 2082 1848; x_wconf 36' lang='lat' dir='ltr'>‘quid</span> <span class='ocrx_word' id='word_1_546' title='bbox 2098 1801 2187 1833; x_wconf 92' lang='lat' dir='ltr'>opus</span> 
     </span>
     <span class='ocr_line' id='line_1_85' title="bbox 1191 1840 2188 1886; baseline -0.003 -11"><span class='ocrx_word' id='word_1_547' title='bbox 1191 1848 1243 1875; x_wconf 88' lang='lat' dir='ltr'>est</span> <span class='ocrx_word' id='word_1_548' title='bbox 1260 1842 1366 1886; x_wconf 88' lang='lat' dir='ltr'>longa</span> <span class='ocrx_word' id='word_1_549' title='bbox 1385 1854 1426 1875; x_wconf 93' lang='lat' dir='ltr'>or</span> <span class='ocrx_word' id='word_1_550' title='bbox 1429 1841 1571 1874; x_wconf 80' lang='lat' dir='ltr'>atione?</span> <span class='ocrx_word' id='word_1_551' title='bbox 1606 1854 1686 1875; x_wconf 89' lang='lat' dir='ltr'>cum</span> <span class='ocrx_word' id='word_1_552' title='bbox 1706 1842 1858 1876; x_wconf 87' lang='lat' dir='ltr'>cernatis</span> <span class='ocrx_word' id='word_1_553' title='bbox 1875 1841 1992 1876; x_wconf 72' lang='lat' dir='ltr'>alios*</span> <span class='ocrx_word' id='word_1_554' title='bbox 1982 1853 2020 1874; x_wconf 93' lang='lat' dir='ltr'>1n</span> <span class='ocrx_word' id='word_1_555' title='bbox 2037 1840 2188 1875; x_wconf 89' lang='lat' dir='ltr'>servitu-</span> 
     </span>
     <span class='ocr_line' id='line_1_86' title="bbox 1190 1885 2187 1938; baseline -0.002 -12"><span class='ocrx_word' id='word_1_556' title='bbox 1190 1900 1260 1926; x_wconf 88' lang='lat' dir='ltr'>tem</span> <span class='ocrx_word' id='word_1_557' title='bbox 1280 1895 1443 1927; x_wconf 86' lang='lat' dir='ltr'>redactos</span> <span class='ocrx_word' id='word_1_558' title='bbox 1463 1904 1556 1933; x_wconf 85' lang='lat' dir='ltr'>esse,</span> <span class='ocrx_word' id='word_1_559' title='bbox 1584 1893 1661 1927; x_wconf 88' lang='lat' dir='ltr'>aliis</span> <span class='ocrx_word' id='word_1_560' title='bbox 1684 1894 1786 1927; x_wconf 88' lang='lat' dir='ltr'>strui</span> <span class='ocrx_word' id='word_1_561' title='bbox 1796 1885 1963 1934; x_wconf 88' lang='lat' dir='ltr'>insidias,</span> <span class='ocrx_word' id='word_1_562' title='bbox 1990 1899 2024 1926; x_wconf 90' lang='lat' dir='ltr'>et</span> <span class='ocrx_word' id='word_1_563' title='bbox 2041 1892 2187 1938; x_wconf 88' lang='lat' dir='ltr'>quidem</span> 
     </span>
     <span class='ocr_line' id='line_1_87' title="bbox 1190 1943 2188 1989; baseline -0.001 -12"><span class='ocrx_word' id='word_1_564' title='bbox 1190 1945 1322 1979; x_wconf 88' lang='lat' dir='ltr'>nostris</span> <span class='ocrx_word' id='word_1_565' title='bbox 1345 1945 1469 1986; x_wconf 90' lang='lat' dir='ltr'>sociis,</span> <span class='ocrx_word' id='word_1_566' title='bbox 1503 1950 1537 1977; x_wconf 88' lang='lat' dir='ltr'>et</span> <span class='ocrx_word' id='word_1_567' title='bbox 1553 1944 1648 1989; x_wconf 91' lang='lat' dir='ltr'>ipsos</span> <span class='ocrx_word' id='word_1_568' title='bbox 1664 1943 1898 1979; x_wconf 88' lang='lat' dir='ltr'>Athenienses</span> <span class='ocrx_word' id='word_1_569' title='bbox 1919 1956 2089 1988; x_wconf 86' lang='lat' dir='ltr'>magnum</span> <span class='ocrx_word' id='word_1_570' title='bbox 2114 1943 2188 1976; x_wconf 87' lang='lat' dir='ltr'>hel-</span> 
     </span>
     <span class='ocr_line' id='line_1_88' title="bbox 1190 1994 2189 2042; baseline -0.003 -13"><span class='ocrx_word' id='word_1_571' title='bbox 1190 1997 1264 2029; x_wconf 91' lang='lat' dir='ltr'>lum</span> <span class='ocrx_word' id='word_1_572' title='bbox 1282 2008 1421 2041; x_wconf 87' lang='lat' dir='ltr'>parare.</span> <span class='ocrx_word' id='word_1_573' title='bbox 1473 1995 1556 2030; x_wconf 89' lang='lat' dir='ltr'>Non</span> <span class='ocrx_word' id='word_1_574' title='bbox 1574 1996 1667 2029; x_wconf 88' lang='lat' dir='ltr'>enim</span> <span class='ocrx_word' id='word_1_575' title='bbox 1685 1996 1877 2042; x_wconf 88' lang='lat' dir='ltr'>Corcyram</span> <span class='ocrx_word' id='word_1_576' title='bbox 1894 1994 2189 2040; x_wconf 88' lang='lat' dir='ltr'>praeripuissent,</span> 
     </span>
     <span class='ocr_line' id='line_1_89' title="bbox 1192 2046 2189 2093; baseline -0.003 -12"><span class='ocrx_word' id='word_1_577' title='bbox 1192 2060 1257 2081; x_wconf 89' lang='lat' dir='ltr'>nec</span> <span class='ocrx_word' id='word_1_578' title='bbox 1278 2048 1489 2081; x_wconf 88' lang='lat' dir='ltr'>Potidaeam</span> <span class='ocrx_word' id='word_1_579' title='bbox 1523 2054 1790 2092; x_wconf 88' lang='lat' dir='ltr'>oppugnarent,</span> <span class='ocrx_word' id='word_1_580' title='bbox 1829 2059 1983 2093; x_wconf 90' lang='lat' dir='ltr'>quarum</span> <span class='ocrx_word' id='word_1_581' title='bbox 2008 2047 2118 2080; x_wconf 87' lang='lat' dir='ltr'>altera</span> <span class='ocrx_word' id='word_1_582' title='bbox 2143 2046 2189 2078; x_wconf 89' lang='lat' dir='ltr'>ad</span> 
     </span>
     <span class='ocr_line' id='line_1_90' title="bbox 1193 2097 2188 2144; baseline -0.003 -11"><span class='ocrx_word' id='word_1_583' title='bbox 1193 2098 1388 2133; x_wconf 88' lang='lat' dir='ltr'>Thraciam</span> <span class='ocrx_word' id='word_1_584' title='bbox 1422 2100 1620 2132; x_wconf 88' lang='lat' dir='ltr'>vexandam</span> <span class='ocrx_word' id='word_1_585' title='bbox 1653 2106 1855 2144; x_wconf 88' lang='lat' dir='ltr'>opportuna</span> <span class='ocrx_word' id='word_1_586' title='bbox 1887 2105 1957 2139; x_wconf 88' lang='lat' dir='ltr'>est,</span> <span class='ocrx_word' id='word_1_587' title='bbox 1996 2098 2108 2131; x_wconf 87' lang='lat' dir='ltr'>altera</span> <span class='ocrx_word' id='word_1_588' title='bbox 2142 2097 2188 2130; x_wconf 90' lang='lat' dir='ltr'>ad</span> 
     </span>
     <span class='ocr_line' id='line_1_91' title="bbox 1194 2150 1688 2195; baseline 0 -11"><span class='ocrx_word' id='word_1_589' title='bbox 1194 2152 1339 2186; x_wconf 90' lang='lat' dir='ltr'>classem</span> <span class='ocrx_word' id='word_1_590' title='bbox 1362 2150 1557 2195; x_wconf 88' lang='lat' dir='ltr'>plurimum</span> <span class='ocrx_word' id='word_1_591' title='bbox 1583 2150 1688 2184; x_wconf 86' lang='lat' dir='ltr'>valet.</span> 
     </span>
    </p>

    <p class='ocr_par' dir='ltr' id='par_1_15' title="bbox 1194 2199 2192 2608">
     <span class='ocr_line' id='line_1_92' title="bbox 1297 2199 2188 2247; baseline -0.002 -12"><span class='ocrx_word' id='word_1_592' title='bbox 1297 2202 1422 2236; x_wconf 87' lang='lat' dir='ltr'>Vestra</span> <span class='ocrx_word' id='word_1_593' title='bbox 1450 2208 1567 2235; x_wconf 90' lang='lat' dir='ltr'>autem</span> <span class='ocrx_word' id='word_1_594' title='bbox 1593 2199 1681 2234; x_wconf 87' lang='lat' dir='ltr'>haec</span> <span class='ocrx_word' id='word_1_595' title='bbox 1705 2201 1808 2246; x_wconf 89' lang='lat' dir='ltr'>culpa</span> <span class='ocrx_word' id='word_1_596' title='bbox 1833 2208 1903 2242; x_wconf 89' lang='lat' dir='ltr'>est,</span> <span class='ocrx_word' id='word_1_597' title='bbox 1941 2200 2024 2247; x_wconf 89' lang='lat' dir='ltr'>quia</span> <span class='ocrx_word' id='word_1_598' title='bbox 2049 2206 2084 2233; x_wconf 89' lang='lat' dir='ltr'>et</span> <span class='ocrx_word' id='word_1_599' title='bbox 2106 2204 2188 2244; x_wconf 83' lang='lat' dir='ltr'>post</span> 
     </span>
     <span class='ocr_line' id='line_1_93' title="bbox 1194 2251 2188 2297; baseline -0.004 -10"><span class='ocrx_word' id='word_1_600' title='bbox 1194 2254 1326 2287; x_wconf 90' lang='lat' dir='ltr'>bellum</span> <span class='ocrx_word' id='word_1_601' title='bbox 1344 2266 1424 2287; x_wconf 90' lang='lat' dir='ltr'>cum</span> <span class='ocrx_word' id='word_1_602' title='bbox 1440 2253 1552 2287; x_wconf 86' lang='lat' dir='ltr'>Xerxe</span> <span class='ocrx_word' id='word_1_603' title='bbox 1574 2253 1668 2297; x_wconf 88' lang='lat' dir='ltr'>passi</span> <span class='ocrx_word' id='word_1_604' title='bbox 1694 2253 1775 2287; x_wconf 86' lang='lat' dir='ltr'>estis</span> <span class='ocrx_word' id='word_1_605' title='bbox 1800 2265 1860 2287; x_wconf 91' lang='lat' dir='ltr'>eos</span> <span class='ocrx_word' id='word_1_606' title='bbox 1881 2253 2007 2286; x_wconf 88' lang='lat' dir='ltr'>urbem</span> <span class='ocrx_word' id='word_1_607' title='bbox 2032 2251 2188 2291; x_wconf 89' lang='lat' dir='ltr'>munire,</span> 
     </span>
     <span class='ocr_line' id='line_1_94' title="bbox 1194 2302 2188 2348; baseline -0.004 -9"><span class='ocrx_word' id='word_1_608' title='bbox 1194 2305 1322 2339; x_wconf 89' lang='lat' dir='ltr'>deinde</span> <span class='ocrx_word' id='word_1_609' title='bbox 1347 2317 1432 2339; x_wconf 85' lang='lat' dir='ltr'>vero</span> <span class='ocrx_word' id='word_1_610' title='bbox 1465 2305 1610 2348; x_wconf 89' lang='lat' dir='ltr'>longum</span> <span class='ocrx_word' id='word_1_611' title='bbox 1642 2317 1785 2338; x_wconf 88' lang='lat' dir='ltr'>murum</span> <span class='ocrx_word' id='word_1_612' title='bbox 1818 2310 1992 2338; x_wconf 81' lang='lat' dir='ltr'>extruere.</span> <span class='ocrx_word' id='word_1_613' title='bbox 2057 2302 2188 2337; x_wconf 89' lang='lat' dir='ltr'>Postea</span> 
     </span>
     <span class='ocr_line' id='line_1_95' title="bbox 1195 2354 2189 2401; baseline -0.004 -11"><span class='ocrx_word' id='word_1_614' title='bbox 1195 2369 1280 2390; x_wconf 92' lang='lat' dir='ltr'>vero</span> <span class='ocrx_word' id='word_1_615' title='bbox 1297 2356 1497 2401; x_wconf 87' lang='lat' dir='ltr'>neglexistis</span> <span class='ocrx_word' id='word_1_616' title='bbox 1515 2368 1593 2396; x_wconf 85' lang='lat' dir='ltr'>eos,</span> <span class='ocrx_word' id='word_1_617' title='bbox 1620 2356 1681 2401; x_wconf 88' lang='lat' dir='ltr'>qui</span> <span class='ocrx_word' id='word_1_618' title='bbox 1699 2357 1735 2389; x_wconf 92' lang='lat' dir='ltr'>in</span> <span class='ocrx_word' id='word_1_619' title='bbox 1754 2356 1960 2390; x_wconf 87' lang='lat' dir='ltr'>servitutem</span> <span class='ocrx_word' id='word_1_620' title='bbox 1978 2354 2189 2399; x_wconf 87' lang='lat' dir='ltr'>redigeban-</span> 
     </span>
     <span class='ocr_line' id='line_1_96' title="bbox 1195 2406 2188 2453; baseline -0.004 -12"><span class='ocrx_word' id='word_1_621' title='bbox 1195 2415 1253 2442; x_wconf 90' lang='lat' dir='ltr'>tur</span> <span class='ocrx_word' id='word_1_622' title='bbox 1265 2435 1274 2449; x_wconf 91' lang='lat'>,</span> <span class='ocrx_word' id='word_1_623' title='bbox 1303 2421 1381 2442; x_wconf 91' lang='lat' dir='ltr'>cum</span> <span class='ocrx_word' id='word_1_624' title='bbox 1398 2408 1557 2453; x_wconf 88' lang='lat' dir='ltr'>ipsorum</span> <span class='ocrx_word' id='word_1_625' title='bbox 1574 2407 1707 2448; x_wconf 89' lang='lat' dir='ltr'>socios,</span> <span class='ocrx_word' id='word_1_626' title='bbox 1735 2414 1809 2441; x_wconf 88' lang='lat' dir='ltr'>tum</span> <span class='ocrx_word' id='word_1_627' title='bbox 1827 2413 1981 2441; x_wconf 87' lang='lat' dir='ltr'>nostros.</span> <span class='ocrx_word' id='word_1_628' title='bbox 2013 2406 2087 2441; x_wconf 89' lang='lat' dir='ltr'>Nec</span> <span class='ocrx_word' id='word_1_629' title='bbox 2102 2416 2188 2439; x_wconf 88' lang='lat' dir='ltr'>vero</span> 
     </span>
     <span class='ocr_line' id='line_1_97' title="bbox 1195 2455 2189 2505; baseline -0.005 -12"><span class='ocrx_word' id='word_1_630' title='bbox 1195 2460 1310 2494; x_wconf 87' lang='lat' dir='ltr'>solum</span> <span class='ocrx_word' id='word_1_631' title='bbox 1330 2472 1432 2493; x_wconf 82' lang='lat' dir='ltr'>causa</span> <span class='ocrx_word' id='word_1_632' title='bbox 1458 2465 1509 2492; x_wconf 88' lang='lat' dir='ltr'>est</span> <span class='ocrx_word' id='word_1_633' title='bbox 1530 2459 1729 2500; x_wconf 88' lang='lat' dir='ltr'>servitutis,</span> <span class='ocrx_word' id='word_1_634' title='bbox 1765 2459 1827 2505; x_wconf 91' lang='lat' dir='ltr'>qui</span> <span class='ocrx_word' id='word_1_635' title='bbox 1854 2458 1927 2503; x_wconf 89' lang='lat' dir='ltr'>ipse</span> <span class='ocrx_word' id='word_1_636' title='bbox 1952 2457 2041 2491; x_wconf 89' lang='lat' dir='ltr'>alios</span> <span class='ocrx_word' id='word_1_637' title='bbox 2067 2455 2189 2501; x_wconf 86' lang='lat' dir='ltr'>oppri-</span> 
     </span>
     <span class='ocr_line' id='line_1_98' title="bbox 1194 2505 2190 2556; baseline -0.006 -12"><span class='ocrx_word' id='word_1_638' title='bbox 1194 2511 1280 2552; x_wconf 87' lang='lat' dir='ltr'>mit,</span> <span class='ocrx_word' id='word_1_639' title='bbox 1316 2512 1376 2545; x_wconf 88' lang='lat' dir='ltr'>sed</span> <span class='ocrx_word' id='word_1_640' title='bbox 1400 2510 1506 2544; x_wconf 90' lang='lat' dir='ltr'>etiam</span> <span class='ocrx_word' id='word_1_641' title='bbox 1535 2510 1616 2556; x_wconf 90' lang='lat' dir='ltr'>qui,</span> <span class='ocrx_word' id='word_1_642' title='bbox 1657 2523 1736 2544; x_wconf 89' lang='lat' dir='ltr'>cum</span> <span class='ocrx_word' id='word_1_643' title='bbox 1764 2509 1895 2555; x_wconf 89' lang='lat' dir='ltr'>possit,</span> <span class='ocrx_word' id='word_1_644' title='bbox 1933 2521 2008 2543; x_wconf 88' lang='lat' dir='ltr'>non</span> <span class='ocrx_word' id='word_1_645' title='bbox 2032 2505 2190 2542; x_wconf 83' lang='lat' dir='ltr'>defendit</span> 
     </span>
     <span class='ocr_line' id='line_1_99' title="bbox 1194 2559 2192 2608; baseline -0.005 -11"><span class='ocrx_word' id='word_1_646' title='bbox 1194 2562 1327 2603; x_wconf 89' lang='lat' dir='ltr'>socios,</span> <span class='ocrx_word' id='word_1_647' title='bbox 1355 2575 1435 2596; x_wconf 89' lang='lat' dir='ltr'>cum</span> <span class='ocrx_word' id='word_1_648' title='bbox 1452 2559 1546 2595; x_wconf 91' lang='lat' dir='ltr'>hunc</span> <span class='ocrx_word' id='word_1_649' title='bbox 1563 2562 1803 2608; x_wconf 86' lang='lat' dir='ltr'>principatum</span> <span class='ocrx_word' id='word_1_650' title='bbox 1820 2568 1935 2603; x_wconf 88' lang='lat' dir='ltr'>tenet,</span> <span class='ocrx_word' id='word_1_651' title='bbox 1960 2567 2000 2595; x_wconf 88' lang='lat' dir='ltr'>ut</span> <span class='ocrx_word' id='word_1_652' title='bbox 2016 2559 2061 2595; x_wconf 87' lang='lat' dir='ltr'>sit</span> <span class='ocrx_word' id='word_1_653' title='bbox 2072 2564 2192 2593; x_wconf 82' lang='lat' dir='ltr'>custos</span> 
     </span>
    </p>
   </div>
   <div class='ocr_carea' id='block_1_14' title="bbox 1230 2681 1602 2756">
    <p class='ocr_par' dir='ltr' id='par_1_16' title="bbox 1230 2681 1602 2756">
     <span class='ocr_line' id='line_1_100' title="bbox 1230 2681 1522 2712; baseline -0.003 -6"><span class='ocrx_word' id='word_1_654' title='bbox 1230 2682 1277 2710; x_wconf 84' lang='lat'>10)</span> <span class='ocrx_word' id='word_1_655' title='bbox 1296 2681 1417 2712; x_wconf 78' lang='lat' dir='ltr'>Thucyd.</span> <span class='ocrx_word' id='word_1_656' title='bbox 1438 2681 1460 2712; x_wconf 88' lang='lat' dir='ltr'>l,</span> <span class='ocrx_word' id='word_1_657' title='bbox 1479 2681 1522 2705; x_wconf 81' lang='lat'>5³.</span> 
     </span>
     <span class='ocr_line' id='line_1_101' title="bbox 1230 2724 1602 2756; baseline 0.005 -8"><span class='ocrx_word' id='word_1_658' title='bbox 1230 2726 1277 2754; x_wconf 86' lang='lat'>11)</span> <span class='ocrx_word' id='word_1_659' title='bbox 1296 2725 1417 2755; x_wconf 66' lang='lat' dir='ltr'>Thucyd.</span> <span class='ocrx_word' id='word_1_660' title='bbox 1436 2724 1458 2756; x_wconf 92' lang='lat'>1,</span> <span class='ocrx_word' id='word_1_661' title='bbox 1476 2724 1602 2751; x_wconf 80' lang='lat'>68—71.</span> 
     </span>
    </p>
   </div>
  </div>
 </body>
</html>
