2294 2975
156 118 234 156 993
292 118 411 155 xxm.
464 114 774 154 ARGUMENTA
798 114 863 151 ET
889 115 1093 152 scHOLtA
1118 116 1168 154 IN
1192 115 1341 154 ErisT.
1367 116 1480 154 FAM.
1497 117 1581 154 cte.
1609 119 1764 158 Lunx,
1791 124 1908 163 EP.4.
1927 127 1961 165 5.
1980 130 2012 167 6.
2034 133 2068 168 7.
2120 135 2197 171 294

150 205 308 250 epistolis
335 207 380 239 ad
397 205 553 239 Atticum
575 205 669 238 clare
694 203 780 237 dicit
801 203 944 245 Cicero,
970 204 1147 239 crudelius

150 257 300 291 victoria
316 257 416 291 usuri
431 256 590 290 fuissent.
643 255 774 289 Caesar
790 262 910 289 autem
936 256 1146 290 moderatis-

148 308 235 341 sime
257 309 375 341 omnia
395 308 514 352 egerit.
567 307 729 340 Pertinet
745 313 862 340 autem
884 307 998 340 oratio
1018 320 1080 348 eo,
1107 314 1147 341 ut

150 359 350 393 Varronem
368 361 411 392 ad
428 358 641 392 imitandum
659 370 761 392 suum
778 359 908 391 factum
927 359 1043 392 ducat.
1084 359 1145 392 Ul-

152 411 240 443 timo
259 417 310 444 est
330 410 531 455 occupatio:
559 409 670 455 Atqui
687 409 816 443 Caesar
841 409 1056 454 reipublicae
1076 416 1145 443 sta-

150 468 225 494 tum
242 462 434 501 convulsit,
460 459 528 494 hoc
547 461 624 494 aliis
642 461 811 494 miserum
830 473 903 494 esse
920 466 1052 505 potest,
1081 461 1143 506 qui

150 513 245 546 nulla
273 512 449 557 praesidia
477 511 770 557 paraveruritffl),
806 512 934 558 quibus
956 524 991 546 se
1019 518 1141 545 contra

149 565 334 597 adversam
351 565 532 597 fortunam
551 564 801 603 defenderent,
831 575 896 596 nos
922 563 1057 596 litteras
1080 560 1142 595 ha-

147 615 289 655 bemus,
331 615 368 647 in
392 615 520 660 quihus
542 614 818 660 acquiescimus,
853 615 928 654 vel,
963 612 1019 647 hie
1044 614 1142 646 locus

149 672 200 699 est
217 665 434 706 consolatio,
463 678 553 711 quae
577 664 683 699 habet
706 665 881 709 egregiam
908 665 1141 710 praedicatio-

148 729 228 750 nem
253 717 473 757 studiorum,
501 717 538 749 in
564 717 692 762 quibus
717 714 1006 750 honestissimum
1028 715 1140 748 otium

147 769 307 801 consumi
326 768 446 813 possit.
500 767 540 801 In
559 768 784 801 conclusione
809 773 974 811 precatur
999 766 1139 799 veniam

146 820 359 863 prolixitatis
375 819 573 852 litterarum
586 846 595 859 ‚
624 826 657 852 et
673 819 860 863 pollicetur
874 831 910 851 se
927 829 1035 862 porro
1063 817 1140 850 dili-

146 877 269 913 genter
286 871 500 914 scripturum
520 872 562 903 de
580 871 684 903 rebus
707 869 885 902 omnIbus.

394 938 531 971 Aliud
560 942 882 981 argumentum.

245 997 404 1041 Epistola
428 997 584 1042 primum
602 1003 653 1030 est
669 995 889 1029 nuntiatoria
916 994 959 1026 de
984 993 1140 1027 adventu

146 1047 306 1082 Caesaris
325 1061 366 1081 ex
381 1049 510 1082 Africa.
563 1048 692 1081 Postea
713 1045 821 1081 habet
839 1047 981 1089 longam
1002 1045 1139 1089 exposi-

145 1100 279 1131 tionem
297 1112 380 1133 suae
399 1099 593 1133 sententiae
610 1100 652 1132 de
670 1099 762 1133 bello
782 1097 896 1137 civili,
926 1096 1044 1128 addita
1064 1096 1139 1128 lau-

145 1150 290 1185 datione
315 1151 378 1183 otii
401 1151 621 1190 litterarum,
665 1150 721 1182 cui
744 1161 779 1182 se
802 1147 919 1180 Varro
944 1147 1140 1180 tradiderat

143 1201 274 1235 relictis
292 1202 404 1235 turbis
420 1202 606 1235 bellorum.
654 1200 851 1233 Exordium
869 1198 1076 1243 sumina-⁴³)
1096 1199 1139 1231 ab

146 1253 330 1285 occasione
347 1253 535 1286 scribendi.
588 1251 757 1285 Narratio
776 1256 912 1283 constat
930 1249 1042 1282 tribus
1058 1261 1138 1295 par-

144 1303 249 1337 tibus.
301 1304 422 1336 Prima
441 1310 492 1336 est
509 1305 551 1336 de
573 1304 729 1345 adventu
745 1300 917 1336 Caesaris.
977 1299 1138 1333 Secunda

146 1355 189 1387 de
207 1366 269 1388 sua
287 1355 460 1388 sententia
473 1381 482 1395 ‚
510 1354 596 1400 quid
614 1339 747 1387 iudicet
762 1353 803 1385 de
815 1351 965 1384 Caesare
983 1357 1017 1384 et
1030 1351 1138 1384 Pom-

145 1405 248 1449 peio,
277 1412 310 1438 et
333 1408 376 1439 de
399 1418 524 1439 eorum
546 1405 711 1441 exercitu.
774 1403 909 1439 Ultima
931 1399 1039 1435 habet
1063 1403 1138 1435 lau-

146 1456 328 1489 dationem
360 1458 558 1491 studiorum
594 1457 771 1499 eleganter
788 1454 835 1501 ⁴4)
869 1459 1053 1493 ornatam,
1101 1453 1138 1486 in

147 1507 275 1552 quibus
292 1508 416 1541 studiis
432 1506 578 1540 honeste
598 1507 819 1540 consumitur
836 1511 910 1538 tota
930 1504 1014 1538 vita.
1049 1504 1137 1537 Pro-

142 1558 207 1591 bat
221 1558 348 1599 etiam,
376 1560 473 1604 quod
495 1559 566 1592 sint
588 1558 761 1597 excusati,
795 1556 857 1602 qui
880 1556 1011 1589 remoti
1034 1568 1053 1589 a
1077 1568 1139 1600 gu·-

143 1609 355 1642 bernatione
373 1610 589 1654 reipublicae
606 1622 642 1643 se
658 1615 752 1642 totos
770 1608 996 1641 tradiderunt
1013 1607 1137 1641 studiis

144 1660 358 1694 litterarum.
424 1660 464 1693 ln
491 1662 560 1693 fine
592 1667 642 1694 est
667 1659 839 1694 correctio
862 1671 923 1693 seu
950 1659 1137 1702 praecisio,

144 1712 265 1744 addita
289 1711 567 1756 pollicitatione,
595 1712 692 1757 quod
713 1710 798 1743 velit
820 1710 959 1757 saepius
983 1710 1136 1744 scribere

146 1763 189 1796 de
209 1763 359 1808 publicis
376 1763 540 1807 negotiis.

388 1830 526 1864 Aliud
559 1834 887 1873 argumentum.

244 1888 442 1924 Exordium
467 1891 511 1922 ab
535 1889 730 1922 occasione.
783 1888 952 1932 Sequitur
976 1887 1137 1920 narratio

143 1942 186 1975 de
204 1942 360 1975 adventu
372 1941 531 1975 Caesaris
550 1953 591 1974 ex
601 1939 738 1974 Galliis.
789 1938 999 1973 Nau-rationi
1016 1939 1136 1971 addita

144 1999 196 2026 est
211 1993 323 2034 ratio,
351 2005 460 2038 quare
478 1994 527 2026 de
546 1991 707 2025 Caesaris
730 1991 887 2023 adventu
911 2002 990 2022 eum
1015 1991 1137 2022 admo-

142 2044 272 2077 nuerit.
325 2044 462 2077 Deinde
480 2044 640 2090 sequitur
660 2042 858 2081 excusatio,
887 2053 996 2086 quare
1019 2053 1054 2074 se
1077 2042 1138 2073 ad-

143 2095 299 2129 iunxerit
315 2095 538 2129 Caesarianis
550 2122 559 2135 ,
587 2101 620 2128 et
638 2106 748 2139 quare
766 2093 814 2126 sic
829 2092 1053 2125 familiariter
1070 2093 1138 2125 illis

143 2152 286 2187 utatur,
337 2147 454 2179 addita
491 2147 599 2181 altera
637 2144 861 2179 excusatione
898 2144 939 2175 de
975 2143 1137 2184 Caesare,

145 2199 244 2243 quod
267 2197 419 2231 libenter
443 2198 668 2231 abstinuisset
690 2209 708 2229 a
734 2196 848 2235 bello,
874 2194 943 2228 nisi
966 2207 1138 2239 provoca-

144 2256 202 2283 tus
224 2255 314 2283 esset
335 2261 353 2281 a
376 2249 625 2293 Pompeianis,
664 2260 818 2294 quorum
843 2246 992 2279 victoria
1016 2246 1139 2279 fuisset

144 2300 258 2344 magis
282 2301 494 2341 metuenda,
534 2313 641 2346 quam
667 2299 839 2333 Caesaris.
907 2297 1138 2331 Excusationi

145 2351 288 2385 subiicit
311 2363 375 2396 per
397 2352 577 2397 quandam
600 2350 869 2395 occupationem
898 2349 1015 2381 locum
1042 2361 1137 2381 com-

145 2415 292 2437 munem
317 2404 359 2435 de
382 2403 527 2442 studiis,
568 2403 718 2439 laudans
742 2401 928 2435 consilium
952 2400 1138 2439 Varronis,

147 2454 209 2501 qui
234 2466 270 2488 se
295 2454 364 2487 iliis
388 2461 502 2487 totum
527 2454 674 2486 dederit.
739 2453 910 2498 Epilogus
930 2449 1036 2484 habet
1061 2464 1138 2484 cor-

145 2505 342 2539 rectionem
353 2532 363 2546 ,
390 2512 425 2539 et
440 2506 584 2539 brevem
600 2504 907 2550 pollicitationem.

182 2607 230 2635 42)
250 2606 435 2637 paraverunt]
460 2604 500 2628 sic
523 2603 607 2628 Editt.
627 2603 720 2635 1556„
747 2604 838 2635 ¹555„
865 2603 957 2633 1592.;
993 2603 1043 2627 Ed.
1065 2602 1138 2626 ¹56⁹.

219 2647 316 2665 errore
336 2644 464 2671 μηνυέτω
489 2639 647 2670 paruerunt.

181 2684 230 2712 43)
249 2683 380 2712 sumitur]
399 2682 449 2707 Ed.
471 2682 544 2706 1569.
565 2686 662 2707 ,errore
683 2681 812 2711 typogr.:
837 2679 961 2704 sumiter.

181 2729 229 2755 44)
249 2726 406 2757 eleganter]
426 2724 475 2749 Ed.
496 2723 569 2751 156⁹,
590 2728 687 2749 errore
705 2724 832 2754 mangi-,2
857 2722 1011 2754 elegantur.

1421 204 1559 239 Aliud
1587 215 1972 263 argumentum‘ffl),

1300 271 1396 307 Haec
1422 273 1569 318 epistola
1594 274 1747 309 refertur
1772 277 1864 313 inter
1884 285 2121 323 nuntiatorias
2147 290 2192 324 ab

1198 321 1371 365 Erasmo,
1412 331 1447 358 et
1474 332 1525 358 est
1547 325 1711 369 inprimis
1737 328 1896 374 elegans,
1938 341 1971 368 et
2002 337 2191 382 diligenter

1197 374 1340 419 scripta.
1393 375 1484 409 Sunt
1499 383 1616 410 autem
1635 384 1704 412 tres
1723 379 1796 414 eius
1811 389 1940 426 partes.
1992 387 2115 423 Prima
2140 398 2191 425 est

1197 426 1238 458 de
1264 427 1419 460 adventu
1436 427 1617 467 Caesaris,
1652 431 1696 461 ad
1723 443 1827 476 quem
1852 434 1971 469 locum
1991 437 2121 473 Caesar
2145 442 2190 475 sit

1196 488 1420 517 accessurus,
1458 491 1536 511 cum
1560 480 1708 513 venerit.
1775 483 1934 520 Secunda
1960 500 2043 532 pars
2067 498 2118 525 est
2145 494 2189 525 de

1195 540 1259 561 suo
1283 529 1450 568 consilio,
1479 542 1550 575 quo
1576 531 1685 563 secuti
1708 531 1778 566 sint
1801 543 1922 578 partes
1937 538 2190 585 Pompeianas.

1195 579 1316 612 Tertia
1342 591 1423 623 pars
1447 586 1498 613 est
1523 582 1565 613 de
1591 593 1719 624 genere
1745 584 1858 626 vitae,
1893 591 1989 633 quod
2010 603 2105 626 nunc
2128 595 2188 627 de-

1194 630 1301 662 beant
1328 631 1531 671 instituere,
1578 643 1705 676 nempe
1741 635 1784 667 de
1818 639 1935 672 studio
1972 642 2187 680 litterarum.

1192 681 1238 714 Et
1261 693 1300 713 ea
1324 688 1374 714 est
1396 683 1587 725 praecipue
1619 683 1766 718 illustris
1790 699 1872 730 pars
1905 693 1948 724 de
1980 694 2098 728 studio
2131 696 2188 730 lit-

1194 738 1364 765 terarum.

1245 823 1569 868 Argumentum
1600 833 1638 859 ct
1673 825 1847 862 scholia
1884 832 1926 865 in
1964 836 2135 880 episto-

1602 878 1685 910 lam
1714 878 1788 913 VII.

1296 951 1429 984 Breves
1451 952 1833 1001 narratiunculae⁴⁵³).

1297 1002 1327 1046 g.
1347 1004 1379 1036 1.
1407 1000 1493 1058 ξύν
1507 1015 1544 1036 τε
1564 1001 1852 1062 δύ’-ἐρχομένω]
1884 1006 2001 1044 Locus
2025 1020 2076 1047 est
2093 1019 2186 1061 apud

1193 1054 1391 1088 Homerum
1415 1054 1495 1086 libr.
1519 1055 1577 1087 10.
1600 1053 1769 1104 lliad.⁴‘’).

1297 1103 1327 1149 ἓ.
1345 1107 1380 1141 2.
1407 1104 1531 1148 Africa
1546 1104 1715 1153 terribili]
1742 1107 1879 1143 Ennius
1890 1110 1949 1157 ⁴⁷).

1409 1181 1545 1214 Aliud
1573 1191 1889 1226 argumentum
1903 1186 1962 1232 ¹¹⁸).

1294 1251 1389 1284 Haec
1419 1250 1567 1294 epistola
1601 1251 1760 1285 continet
1788 1252 1932 1286 brevem
1957 1258 2186 1294 consultatio-

1191 1315 1273 1336 nem
1286 1329 1295 1343 ,
1324 1301 1410 1347 quid
1426 1301 1625 1334 faciendum
1644 1303 1688 1335 sit
1706 1301 1861 1336 Varroni
1877 1311 1910 1338 et
1928 1305 2089 1342 Ciceroni
2114 1311 2184 1345 iam

1192 1355 1406 1387 adventante
1423 1352 1459 1384 in
1475 1351 1613 1385 Italiam
1626 1353 1777 1388 Caesare
1794 1361 1874 1398 post
1891 1357 2066 1392 devictum
2078 1361 2185 1395 Pom-

1191 1405 1323 1450 peium.
1383 1403 1447 1436 Est
1470 1409 1587 1436 autem
1613 1406 1742 1449 scripta
1769 1406 1888 1440 statim
1921 1415 2002 1451 post
2025 1423 2183 1455 pugnam

1192 1454 1455 1493 Pharsalicam,
1490 1466 1558 1499 qua
1588 1455 1699 1490 victus
1722 1461 1774 1489 est
1795 1456 1990 1501 Pompeius
2012 1461 2185 1506 flagrante

1192 1506 1306 1541 adhuc
1323 1506 1415 1539 bello
1438 1504 1475 1537 in
1492 1505 1623 1540 Africa.
1677 1507 1861 1552 Principio
1886 1518 2070 1552 ponuntur
2095 1516 2187 1549 inul-

1191 1566 1246 1592 tae
1264 1559 1388 1591 breves
1412 1556 1649 1593 narratione&
1707 1557 1845 1592 Deinde
1871 1557 2035 1596 hortatur
2052 1564 2186 1600 Varro-

1190 1623 1271 1643 nem
1283 1637 1292 1650 ,
1319 1615 1359 1642 ut
1376 1609 1421 1640 ad
1438 1620 1473 1640 se
1489 1608 1619 1642 veniat.
1659 1608 1875 1644 Habiturum
1893 1612 1986 1646 enim
2007 1627 2085 1648 eum
2100 1616 2186 1651 Cae-

1190 1674 1305 1696 sarem
1334 1659 1508 1698 amicum,
1550 1666 1583 1692 et
1597 1659 1643 1705 ⁴⁹)
1673 1661 1848 1705 siguificat
1878 1675 2020 1710 quoque
2049 1667 2092 1701 de
2125 1670 2186 1702 ad-

1190 1719 1299 1746 ventu
1317 1710 1489 1745 Caesaris.

1439 1795 1575 1828 Aliud
1604 1804 1931 1840 argumentum.

1292 1864 1457 1898 Breviter
1486 1861 1571 1897 haec
1606 1865 1753 1908 epistola
1783 1867 1961 1901 rationem
1994 1871 2109 1903 reddit
2130 1872 2186 1905 sui

1191 1916 1340 1956 consilii,
1351 1928 1422 1961 quo
1440 1915 1611 1948 adductus
1629 1929 1733 1959 saepe
1749 1918 1928 1962 scripserit
1942 1920 1984 1952 de
2000 1921 2184 1968 utriusque

1191 1969 1366 2006 adventu,
1391 1973 1425 1999 et
1447 1965 1553 1998 simul
1579 1966 1610 1998 ei
1630 1979 1726 2010 spem
1752 1970 1856 2008 facit,
1885 1969 2071 2003 Caesarem
2090 1974 2184 2006 futu-

1190 2031 1270 2051 rum
1289 2017 1436 2051 minime
1456 2016 1646 2050 crudelem.
1702 2018 1828 2051 Monet
1852 2019 1937 2052 item
1961 2022 2003 2053 de
2026 2023 2183 2057 adventu

1191 2069 1362 2103 Caesaris.
1432 2067 1580 2101 Constat
1602 2067 1722 2113 itaque
1749 2076 1821 2102 tota
1847 2070 1992 2114 epistola
2017 2072 2184 2108 brevibus

1190 2119 1456 2154 narrationibus
1488 2119 1530 2150 de
1564 2131 1627 2151 suo
1657 2120 1779 2154 animo
1811 2134 1873 2154 seu
1905 2123 2105 2164 voluntate,
2139 2126 2182 2158 de

1191 2173 1361 2211 Caesare,
1404 2172 1447 2203 de
1470 2169 1554 2202 belli
1576 2171 1751 2213 tumultu,
1793 2173 1836 2205 de
1865 2174 2069 2208 rumoribus
2092 2175 2183 2215 viae,

1225 2291 1272 2318 45)
1291 2291 1350 2314 Hoc
1367 2290 1556 2319 argumentum
1574 2290 1673 2314 hahent
1691 2291 1775 2315 Editt.
1796 2291 1985 2318 1565—1596.

1224 2334 1292 2361 45³)
1313 2333 1381 2356 Huic
1401 2334 1562 2362 argumento
1590 2333 1615 2357 in
1635 2334 1718 2357 Editt.
1740 2335 1947 2363 1540—1545.‚
1975 2335 2068 2365 1554„
2096 2337 2180 2368 1557.,

1264 2368 1338 2392 1560.
1359 2369 1483 2397 praefixa
1504 2369 1568 2390 sunt
1588 2368 1643 2391 Cic.
1670 2369 1754 2391 verba
1780 2367 1819 2399 (ᾗ.
1838 2369 1891 2395 1.);
1928 2369 2087 2395 Coenabam
2105 2373 2184 2402 apud

1261 2403 1374 2433 seium,
1399 2402 1495 2432 quibus
1514 2402 1539 2424 in
1559 2402 1607 2424 Ed.
1625 2402 1698 2425 1537.
1719 2402 1746 2425 in
1767 2402 1890 2433 margine
1909 2405 1952 2427 est
1970 2405 2133 2434 appositum.

1224 2445 1273 2474 46)
1293 2446 1370 2471 Hom.
1390 2445 1420 2468 11.
1436 2445 1472 2474 X,
1491 2445 1566 2468 224.:

1293 2486 1346 2512 σὺν
1363 2494 1391 2511 τε
1410 2484 1457 2510 δύ’
1476 2485 1635 2518 ἐρχομένω,
1659 2486 1709 2510 καί
1724 2493 1753 2511 τε
1770 2485 1826 2519 πρὸ
1845 2483 1861 2511 3
1878 2487 1928 2512 τοῦ
1946 2482 2071 2518 {miae-ev.

1224 2532 1273 2560 47)
1292 2532 1333 2555 De
1350 2531 1400 2554 hoc
1418 2530 1497 2553 Ennii
1516 2535 1616 2559 versu,
1645 2536 1723 2559 quem
1743 2530 1840 2554 Cicero
1860 2531 1942 2555 etiam
1961 2531 1988 2554 in
2008 2532 2068 2557 libr.
2083 2533 2128 2558 m,
2146 2534 2181 2558 do

1261 2567 1338 2590 orat.
1357 2565 1436 2589 c.42.
1464 2564 1574 2593 laudat,
1606 2564 1678 2588 conf.
1697 2565 1779 2588 Ennii
1806 2565 1904 2595 fragm.
1930 2566 1962 2589 ab
1988 2566 2021 2591 R.
2048 2567 2181 2592 Columna

1259 2600 1381 2629 conquis.
1396 2599 1499 2628 dispos.
1519 2599 1546 2621 et
1561 2598 1656 2627 explic.
1673 2603 1772 2622 recusa
1785 2604 1874 2623 accur.
1890 2600 1920 2624 1⁴¹.
1936 2600 2063 2624 nesselio
2084 2609 2108 2631 p.
2124 2602 2182 2628 129.

1224 2644 1272 2671 48)
1291 2643 1349 2666 Hoc
1366 2641 1557 2671 argumentum
1576 2642 1602 2663 et
1621 2640 1673 2664 duo
1692 2641 1836 2672 sequentia
1851 2642 1880 2665 in
1899 2642 1985 2667 Editt.
2005 2642 2091 2669 ¹556..
2114 2644 2181 2669 ¹565

1260 2690 1295 2696 -
1306 2676 1380 2700 1596.
1400 2674 1584 2705 reperiuntur.

1224 2720 1273 2749 49)
1291 2720 1333 2749 et]
1353 2718 1394 2743 stc
1411 2717 1609 2785 Editti9¹5in3q
1630 2717 1721 2749 1569.‚
1736 2718 1835 2748 1592.-;
1862 2719 1910 2743 Ed.
1932 2718 2006 2743 1556.
2026 2721 2065 2744 ut.
