2351 2990
89 109 164 147 457

89 209 107 229 a
128 209 164 231 se
181 196 302 231 odium
320 196 620 242 importunitatis,
648 204 683 231 et
698 197 893 232 modestiae
909 198 1082 243 significa-

89 247 187 281 tione
205 248 271 282 sibi
286 248 571 282 benevolentiam
588 249 764 284 conciliat.
814 249 982 295 Sequitur
999 262 1081 283 nar-

94 299 186 332 ratio
213 300 398 332 continens
420 299 704 344 propositionem
727 300 863 344 negotii
888 307 923 334 et
947 313 1081 342 causas,

91 350 219 394 quihus
235 350 374 383 moneri
392 350 467 384 vult
483 349 686 392 Valerium,
722 358 761 384 ut
785 351 959 385 abstineat
983 364 1002 384 a
1028 351 1081 384 di-

90 400 253 444 reptione
271 412 438 445 agrorum
457 401 571 434 Curtii
580 402 639 450 3¹).
693 402 757 436 His
776 403 954 447 adspergit
972 402 1079 436 etiam

90 451 235 485 affectus
252 458 286 485 et
301 452 549 496 indignitatem
566 452 676 497 ipsius
692 454 913 498 direptionis.
941 454 1079 487 Deinde

91 509 141 535 est
158 502 355 542 conclusio,
389 515 480 548 quae
506 501 613 538 habet
635 505 939 550 propositionem,
975 505 1079 539 sicuti

89 554 127 585 fit
146 552 183 585 in
202 551 488 598 enthymematis.

335 634 473 670 Aliud
497 643 824 681 argumentum.

189 700 427 735 Commendat
451 701 613 736 Curtium
639 710 862 743 senatorem,
898 715 938 736 ac
962 708 1078 746 rogat,

87 757 126 785 ut
161 752 419 796 possessionem
454 753 668 786 incolumem
698 755 860 788 retineat.
927 753 1078 786 Orditur

88 809 205 836 autem
224 815 287 847 per
303 805 483 849 quandam
503 804 779 838 insinuationem
793 806 835 837 ab
852 804 1077 837 excusatione

87 865 170 886 suae
187 855 507 888 commendationis
531 867 598 899 pro
616 855 759 895 amicis,
795 855 892 900 quod
916 854 1080 887 videlicet

89 917 127 936 ea
144 905 284 949 saepius
299 911 439 945 utatur,
467 918 541 939 non
559 906 656 950 quod
671 906 748 938 fieri
769 906 943 950 postulet,
981 906 1078 951 quod

88 962 176 988 esset
193 962 316 988 contra
336 955 526 996 iustitiam,
561 963 623 989 aut
648 963 771 990 contra
794 956 942 990 alicuius
963 956 1078 1000 publi-

88 1018 167 1038 cum
193 1007 359 1040 officium.
412 1006 580 1052 Sequitur
603 1008 784 1048 narratio,
820 1019 911 1053 quae
940 1013 1078 1040 constat

86 1056 398 1090 commendatione
415 1069 601 1101 personae.
632 1058 724 1091 Huic
741 1058 840 1091 addit
856 1064 1077 1102 argumenta,

86 1106 213 1152 quibus
232 1107 366 1150 colligit
384 1120 536 1153 aequum
556 1120 641 1148 esse,
668 1115 708 1142 ut
722 1115 865 1142 senator
881 1121 980 1142 suam
997 1121 1077 1152 pos-

85 1158 276 1191 sessionem
293 1158 469 1202 integram
491 1158 653 1193 retineat.
711 1159 909 1207 Epistolam
936 1159 1077 1192 conclu-

86 1208 139 1242 dit
153 1208 338 1253 petitione.

325 1283 464 1316 Aliud
493 1290 821 1327 argumentum.

167 1350 364 1385 Exordium
375 1357 565 1395 ⁷sumptum
584 1357 635 1384 est
651 1363 692 1384 ex
707 1352 786 1385 loco
803 1352 1074 1385 benevolentiae

83 1403 127 1436 de
144 1402 255 1435 veteri
271 1402 446 1442 amicitia,
473 1402 529 1435 cui
547 1402 690 1436 additur
706 1403 878 1436 correctio
895 1416 1074 1436 commen-

84 1453 259 1494 dationis,
285 1466 321 1487 se
338 1453 385 1486 ita
405 1454 739 1488 commendaturum
758 1455 903 1495 amicos,
929 1461 969 1488 ut
985 1453 1073 1488 nihil

81 1511 201 1538 tamen
222 1503 392 1538 iniustum
417 1510 537 1548 petere
563 1504 737 1539 videatur.
801 1505 969 1551 Sequitur
991 1518 1074 1538 nar-

80 1555 194 1596 ratio,
226 1555 265 1588 in
288 1566 357 1600 qua
385 1555 529 1599 exponit
557 1567 698 1589 causam
715 1556 848 1597 Curtii,
883 1557 938 1590 cui
956 1557 1072 1602 Syllae

80 1605 302 1650 temporibus
333 1617 416 1649 ager
446 1606 491 1639 sit
521 1607 726 1650 ademptus,
775 1613 809 1640 et
840 1607 989 1652 ipsemet
1020 1608 1073 1640 in-

80 1656 285 1701 dignissime
311 1656 541 1700 proscriptus.
607 1658 716 1690 Addit
741 1664 857 1691 autem
885 1671 1072 1703 argumen-

79 1715 154 1741 tum
168 1734 177 1747 ,
204 1718 313 1752 quare
334 1706 432 1739 omni
450 1707 525 1740 iure
544 1718 627 1750 ager
645 1708 746 1740 reddi
770 1709 892 1751 possit.
951 1709 1072 1754 Epilo-

80 1771 161 1804 gus,
191 1758 252 1803 qui
268 1757 428 1802 sequitur
446 1758 704 1798 narrationem,
733 1765 870 1792 constat
887 1760 1070 1804 petitione,

78 1817 118 1845 ut
137 1809 298 1844 Curtium
315 1808 352 1841 in
369 1806 435 1841 hac
454 1820 491 1841 re
513 1808 701 1852 diligenter
719 1809 873 1844 adiuvet.

298 1885 432 1918 Aliud
461 1885 843 1931 argumentumffi).

179 1954 242 1989 Est
261 1953 367 1987 etiam
391 1953 571 1998 petitoria.
625 1951 730 1985 Initio
755 1959 895 1986 excusat
919 1965 972 1993 se,
1008 1966 1069 1987 cur

76 2007 182 2041 toties
208 2005 360 2039 aliorum
384 2017 487 2038 causa
515 2016 594 2037 eum
618 2004 830 2047 interpellet.
899 2004 991 2038 Usus
1019 2012 1069 2038 est

77 2065 195 2093 autem
223 2057 357 2101 optima
388 2055 637 2089 translatione:
682 2055 793 2088 Causa
821 2054 970 2100 (inquit)
995 2056 1067 2090 eius

76 2110 129 2143 rei
147 2115 216 2148 est,
245 2108 340 2153 quod
356 2119 477 2140 omnes
497 2112 633 2140 norunt
647 2118 712 2140 nos
730 2118 867 2139 summa
883 2107 1067 2140 familiari-

76 2167 147 2195 tate
167 2160 392 2196 coniunctos;
426 2159 506 2191 ideo
525 2165 670 2202 sperant
691 2170 726 2191 se
744 2169 820 2190 mea
841 2159 1066 2191 commenda-

75 2213 172 2246 tione
190 2216 336 2254 propter
360 2221 518 2243 amorem
546 2215 708 2243 nostrum
730 2209 830 2241 facile
856 2221 874 2241 a
899 2215 931 2242 te
954 2209 1065 2254 impe-

74 2269 250 2300 traturos,
279 2261 373 2306 quod
395 2267 532 2304 petunt.
591 2260 702 2294 Addit
720 2266 838 2293 autem
865 2262 1061 2294 modestam

74 2312 347 2348 correctionem:
381 2310 456 2355 Ego
481 2318 599 2345 tamen
624 2323 698 2345 non
722 2311 802 2345 ideo
824 2312 985 2355 postulo,
1012 2319 1063 2353 ut,

73 2377 165 2412 quae
182 2364 310 2397 Caesar
326 2363 391 2395 tibi
407 2364 602 2403 mandavit,
630 2363 667 2396 in
684 2374 798 2396 meam
818 2363 967 2406 gratiam
986 2376 1063 2397 mu-

72 2424 142 2456 tes,
170 2428 210 2448 ac
228 2414 415 2447 Caesarem
432 2414 602 2448 offendas.
655 2414 784 2448 Postea
802 2415 962 2459 sequitur
979 2427 1061 2448 nar-

69 2468 183 2507 ratio,
222 2466 259 2498 in
294 2477 399 2511 quam
432 2465 561 2508 sparsit
592 2465 727 2499 semina
754 2472 1059 2510 argumentorum.

70 2517 275 2563 Propositio
295 2516 421 2549 ultimo
439 2516 517 2549 loco
536 2522 598 2550 est.

101 2636 150 2663 31)
168 2635 270 2664 Curtii]
289 2633 329 2657 sic
347 2633 422 2656 recte
440 2632 524 2655 Editt.
547 2631 639 2662 1565.‚
665 2631 758 2663 1571„
784 2632 876 2661 1596.;
912 2632 961 2656 Ed.
982 2632 1056 2656 1556.

97 2669 224 2741 δῖξιὲἓο
239 2711 432 2744 argumentum
450 2708 478 2734 in
495 2708 581 2735 Editt.
601 2708 790 2734 1565—1596.
809 2708 956 2739 reperitur.

242 110 363 147 XXIII.
409 109 720 147 ARGUMENTA
736 110 801 146 ET
821 110 1023 147 SCHOLIA
1046 111 1096 148 IN
1118 112 1266 151 EPIST.
1291 115 1404 152 FAM.
1429 116 1511 152 CIC.
1538 116 1626 154 LIB.
1647 117 1734 155 XIII.
1759 119 1830 156 ΕΡ.
1848 121 1974 158 3-6.

2052 122 2125 158 458

1314 200 1494 237 Scholia
1532 204 1577 237 in
1606 204 1856 249 epistolam
1885 206 1943 242 VI.

1236 275 1266 321 ἓ.
1285 279 1318 312 1.
1345 280 1388 313 Si
1402 281 1506 321 vales,
1534 282 1614 314 bene
1632 288 1680 316 est
1690 280 1762 329 33)]
1791 281 1989 317 Exordium
2006 296 2046 317 ex
2065 297 2121 317 oc-

1134 327 1294 369 casione,
1325 330 1408 374 quid
1430 332 1646 366 convenerit.

1236 377 1314 422 §.2
1345 382 1456 422 Quare
1481 381 1744 431 thspi‘cmorecm]
1778 383 1876 417 Dixit
1898 382 1974 424 hic,
2011 397 2120 430 quare

1133 427 1255 473 Cuspii
1272 431 1404 465 amicos
1422 435 1657 468 commendet.
1714 433 1753 467 In
1771 435 1848 468 aliis
1866 435 2021 479 epistolis
2038 436 2121 469 scri-

1131 478 1183 511 bit
1200 486 1338 514 tantum
1361 480 1427 516 τὸν
1444 481 1548 517 δεῖνα
1575 496 1646 518 esse
1671 485 1823 518 amicum
1843 485 1982 530 Cuspii‚
2011 492 2042 519 et
2062 488 2121 519 ad-

1131 530 1268 571 scribit,
1297 533 1393 577 quod
1413 535 1617 568 convenerit
1637 548 1714 568 cum
1731 536 1842 576 Orca,
1870 543 1909 569 ut
1924 537 2017 570 Orca
2041 549 2121 581 spo-

1133 583 1352 629 ponderitffl)
1371 595 1406 616 se
1423 584 1627 618 adiuturum
1638 586 1684 633 35)
1705 599 1776 621 esse
1799 600 1940 628 omnes,
1976 588 2120 633 quosffi)

1132 632 1254 665 Cicero
1283 635 1598 670 commendaverit.

1427 717 1826 766 Argumentumffi).

1231 784 1342 818 Plane
1360 783 1537 818 rhetorica
1555 793 1605 820 est
1622 787 1782 831 epistola,
1810 800 1877 833 qua
1895 790 2121 822 commendat

1132 836 1309 879 quendam
1328 835 1470 871 Iulium.
1522 836 1718 871 Exordium
1736 839 1840 882 longe
1862 840 2050 883 repetitum
2069 847 2121 874 est

1131 898 1147 917 a
1165 887 1349 930 promissis
1364 887 1519 928 Valerii,
1548 901 1618 933 quo
1637 901 1672 923 se
1696 889 1768 925 sere
1792 890 1942 934 colligit:
1979 890 2121 923 Pollici-

1131 943 1184 970 tus
1200 950 1253 977 es,
1281 944 1314 971 te
1331 938 1495 972 omnibus
1513 938 1634 984 Cuspii
1649 940 1795 973 nomine
1814 940 1877 974 thi
1896 942 2121 974 commenda-

1130 987 1173 1021 tis
1206 1001 1352 1032 operam
1384 990 1569 1027 daturum;
1610 990 1680 1023 iam
1702 1003 1787 1024 vero
1813 991 1962 1036 Cuspius
1991 993 2121 1026 multos

1130 1036 1236 1072 habet
1264 1040 1301 1072 in
1317 1039 1436 1073 Africa
1461 1040 1787 1081 coniunctissimos,
1823 1056 1911 1088 quos
1938 1043 2001 1076 tibi
2026 1055 2121 1076 com-

1130 1091 1291 1123 mendari
1310 1091 1423 1135 cupit:
1456 1092 1561 1125 debes
1585 1092 1693 1136 igitur
1720 1105 1844 1126 eorum
1868 1106 1988 1127 curam
2014 1094 2120 1128 susci-

1130 1153 1224 1184 pere.
1292 1141 1369 1174 Hac
1394 1143 1550 1186 generali
1576 1144 1886 1177 commendatione
1910 1145 1946 1177 in
1972 1145 2118 1178 exordio

1128 1192 1257 1231 utitur,
1301 1204 1407 1237 quam
1438 1193 1565 1226 deinde
1599 1195 1644 1226 ad
1678 1195 1830 1239 speciem
1862 1197 2119 1230 accommodat.

1127 1240 1275 1275 Inchoat
1290 1249 1408 1276 autem
1425 1244 1612 1287 specialem
1633 1246 1979 1280 commendationem
2002 1260 2021 1280 a
2039 1259 2120 1280 can-

1128 1293 1191 1333 sis,
1233 1305 1340 1338 quam
1370 1295 1561 1338 amplificat
1583 1307 1645 1338 per
1673 1293 1881 1341 ἀδύνατον,
1922 1304 1961 1331 ut
1984 1297 2033 1331 ita
2056 1310 2120 1342 per

1129 1345 1436 1385 extenuationem,
1463 1346 1744 1389 propositionem
1770 1348 1943 1382 subiiciat.
2010 1347 2119 1394 quue

1126 1395 1210 1428 sacit
1227 1395 1333 1428 etIam
1351 1408 1415 1440 per
1433 1398 1612 1441 quandam
1639 1398 1949 1442 amplificationem
1961 1426 1970 1439 ,
2000 1399 2119 1433 addita

1127 1459 1195 1479 una
1214 1446 1352 1479 ratione
1375 1460 1392 1479 a
1412 1447 1532 1492 Cuspii
1557 1448 1687 1481 iudicio
1712 1456 1864 1494 sumpta.
1924 1450 2021 1484 Loco
2046 1450 2119 1495 epi-

1127 1498 1197 1542 logi
1215 1498 1402 1542 pollicetur
1422 1511 1524 1532 suum
1544 1499 1712 1534 studium.

1372 1588 1506 1622 Aliud
1540 1595 1869 1633 argumentum.

1227 1654 1533 1689 Commendaticia
1575 1663 1626 1690 est
1667 1656 1823 1700 primum
1867 1657 2039 1700 generalis
2075 1659 2117 1693 de

1125 1706 1289 1739 omnibus
1323 1707 1445 1740 amicis
1469 1706 1602 1751 Cuspii.
1669 1707 1808 1740 Deinde
1836 1708 1979 1742 additur
2007 1710 2116 1743 altera

1123 1757 1295 1799 specialis.
1348 1757 1542 1791 Exordium
1561 1758 1713 1791 sumitur
1731 1770 1749 1791 a
1774 1759 2031 1802 pollicitatione
2047 1760 2117 1793 Va-

1123 1807 1221 1847 lerii,
1258 1808 1318 1852 qui
1347 1808 1529 1842 discedens
1560 1809 1738 1852 pollicitus
1773 1816 1866 1849 erat,
1906 1823 1941 1844 se
1964 1811 2116 1845 libenter

1123 1864 1350 1902 accepturum
1378 1871 1500 1892 omnes
1525 1859 1837 1894 commendaticias
1862 1860 1996 1895 litteras
2019 1862 2115 1895 Cice-

1122 1908 1231 1942 ronis.
1286 1909 1491 1954 Sequuntur
1509 1911 1599 1943 duae
1615 1910 1859 1950 narrationes,
1887 1924 2037 1956 quarum
2065 1914 2114 1945 al-

1122 1965 1195 1991 tera
1229 1957 1336 1992 habet
1363 1961 1564 2004 generalem
1592 1962 1960 2003 commendationem,
2001 1964 2112 1997 altera

1120 2010 1307 2053 specialem
1320 2037 1329 2051 ,
1356 2011 1393 2043 in
1412 2024 1480 2057 qua
1501 2012 1572 2044 duo
1589 2012 1813 2056 potissimum
1833 2021 2041 2057 argumenta
2060 2015 2113 2048 in-

1120 2067 1201 2093 sunt
1230 2062 1272 2093 de
1300 2062 1482 2095 voluntate
1510 2062 1632 2107 Cuspii
1657 2069 1691 2096 et
1715 2064 1757 2096 de
1781 2065 2030 2098 extenuatione
2062 2066 2114 2098 vi-

1119 2111 1213 2144 rium
1231 2113 1363 2156 ingenii
1380 2114 1444 2148 sui.
1497 2113 1625 2147 Postea
1644 2114 1792 2158 ponitur
1811 2115 1936 2159 petitio
1949 2142 1957 2155 ‚
1985 2122 2024 2149 ut
2047 2114 2111 2149 ho-

1118 2163 1251 2196 minem
1285 2161 1415 2197 habeat
1449 2166 1857 2206 commendatissimum‚
1900 2167 2020 2200 addita
2055 2179 2111 2200 ra-

1118 2214 1214 2247 tione
1233 2216 1275 2248 de
1295 2215 1465 2259 dignitate
1482 2228 1666 2260 personae.
1724 2215 1765 2249 In
1783 2218 1850 2249 fine
1869 2223 1919 2250 est
1937 2217 2111 2262 significa-

1117 2265 1166 2298 tio
1183 2272 1354 2310 perpetua
1373 2267 1599 2311 gratitudinis
1618 2279 1684 2311 pro
1699 2267 1767 2301 illis
1789 2267 1921 2302 officiis.

1148 2401 1196 2428 33)
1217 2401 1270 2424 Pro
1290 2400 1332 2424 his
1347 2399 1403 2425 Ci'c.
1422 2399 1515 2423 verbis
1535 2399 1561 2423 iu
1576 2399 1756 2430 Editt.1545.‚
1778 2400 1853 2424 1560.
1873 2399 1934 2425 huic
1953 2401 2035 2426 notae
2054 2402 2106 2427 ad-

1183 2436 1288 2465 scripta
1306 2436 1371 2458 suut
1390 2434 1547 2464 sequentia:
1574 2434 1663 2458 Credo
1684 2436 1719 2459 te.

1146 2484 1193 2517 34)
1214 2485 1409 2515 spoponderit]
1436 2484 1475 2508 sie
1492 2484 1576 2508 Editt.
1593 2485 1800 2513 1537—1545.,
1820 2486 1911 2516 1554„
1932 2486 2024 2517 1557.;
2055 2487 2104 2512 Ed.

1182 2520 1258 2545 1560.
1280 2519 1463 2550 responderit.

1144 2570 1192 2598 35)
1212 2577 1242 2594 se
1262 2570 1432 2598 adiuturum]
1452 2570 1517 2593 haec
1536 2569 1561 2593 in
1580 2570 1629 2595 Ed.
1652 2570 1726 2593 1545.
1746 2570 1853 2594 desunt.

1143 2621 1191 2649 36)
1212 2611 1305 2652 quoss
1315 2620 1365 2645 Ed.
1388 2621 1461 2644 1540.
1482 2626 1578 2644 errore
1596 2622 1723 2652 typogr.:
1745 2627 1822 2652 quas.

1143 2672 1191 2701 37)
1211 2673 1268 2696 Hoc
1286 2672 1475 2702 argumentum
1495 2672 1522 2694 et
1540 2671 1591 2696 duo
1610 2671 1753 2702 sequentia
1771 2672 1797 2696 in
1817 2673 1901 2697 Euat.
1923 2673 2014 2704 1556„
2037 2673 2102 2697 1565

1176 2706 1294 2731 —1596.
1316 2705 1504 2735 reperiuntur.
