<?xml version="1.0" encoding="UTF-8"?>
<!DOCTYPE html PUBLIC "-//W3C//DTD XHTML 1.0 Transitional//EN"
    "http://www.w3.org/TR/xhtml1/DTD/xhtml1-transitional.dtd">
<html xmlns="http://www.w3.org/1999/xhtml" xml:lang="en" lang="en">
 <head>
  <title>
</title>
<meta http-equiv="Content-Type" content="text/html;charset=utf-8" />
  <meta name='ocr-system' content='tesseract 3.04.00' />
  <meta name='ocr-capabilities' content='ocr_page ocr_carea ocr_par ocr_line ocrx_word'/>
</head>
<body>
  <div class='ocr_page' id='page_1' title='image "./operaquaesupersu17melauoft/operaquaesupersu17melauoft_0096.png"; bbox 0 0 2294 2975; ppageno 0'>
   <div class='ocr_carea' id='block_1_1' title="bbox 79 107 2102 153">
    <p class='ocr_par' dir='ltr' id='par_1_1' title="bbox 79 107 2102 153">
     <span class='ocr_line' id='line_1_1' title="bbox 79 107 2102 153; baseline -0.004 -1"><span class='ocrx_word' id='word_1_1' title='bbox 79 118 148 153; x_wconf 78' lang='lat'>167</span> <span class='ocrx_word' id='word_1_2' title='bbox 649 112 770 147; x_wconf 88' lang='lat' dir='ltr'>PHIL.</span> <span class='ocrx_word' id='word_1_3' title='bbox 805 110 916 146; x_wconf 84' lang='lat' dir='ltr'>MEL.</span> <span class='ocrx_word' id='word_1_4' title='bbox 953 108 1154 144; x_wconf 82' lang='lat' dir='ltr'><strong>SCRIPTA</strong></span> <span class='ocrx_word' id='word_1_5' title='bbox 1188 107 1526 144; x_wconf 80' lang='lat' dir='ltr'>PHlLOLOGICA.</span> <span class='ocrx_word' id='word_1_6' title='bbox 2033 109 2102 144; x_wconf 83' lang='lat'>168</span> 
     </span>
    </p>
   </div>
   <div class='ocr_carea' id='block_1_2' title="bbox 76 198 1066 751">
    <p class='ocr_par' dir='ltr' id='par_1_2' title="bbox 76 198 1066 751">
     <span class='ocr_line' id='line_1_2' title="bbox 77 198 1062 248; baseline -0.006 -13"><span class='ocrx_word' id='word_1_7' title='bbox 77 204 184 248; x_wconf 74' lang='lat' dir='ltr'>ipsius</span> <span class='ocrx_word' id='word_1_8' title='bbox 202 203 353 239; x_wconf 69' lang='lat' dir='ltr'>litteras,</span> <span class='ocrx_word' id='word_1_9' title='bbox 382 201 477 245; x_wconf 86' lang='lat' dir='ltr'>quod</span> <span class='ocrx_word' id='word_1_10' title='bbox 495 212 566 233; x_wconf 86' lang='lat' dir='ltr'>non</span> <span class='ocrx_word' id='word_1_11' title='bbox 586 198 846 244; x_wconf 67' lang='lat' dir='ltr'>c‹›mprol1et⁵‘-&#39;)</span> <span class='ocrx_word' id='word_1_12' title='bbox 872 208 925 230; x_wconf 87' lang='lat' dir='ltr'>res</span> <span class='ocrx_word' id='word_1_13' title='bbox 950 203 1062 240; x_wconf 86' lang='lat' dir='ltr'>gestas</span> 
     </span>
     <span class='ocr_line' id='line_1_3' title="bbox 77 248 1063 296; baseline -0.005 -10"><span class='ocrx_word' id='word_1_14' title='bbox 77 261 196 286; x_wconf 58' lang='lat' dir='ltr'>‹auiti-a</span> <span class='ocrx_word' id='word_1_15' title='bbox 216 252 416 285; x_wconf 82' lang='lat' dir='ltr'>Catilinam.</span> <span class='ocrx_word' id='word_1_16' title='bbox 468 251 600 296; x_wconf 75' lang='lat' dir='ltr'>Estque</span> <span class='ocrx_word' id='word_1_17' title='bbox 624 248 796 283; x_wconf 88' lang='lat' dir='ltr'>rhetorica</span> <span class='ocrx_word' id='word_1_18' title='bbox 814 248 976 292; x_wconf 78' lang='lat' dir='ltr'>inprimis</span> <span class='ocrx_word' id='word_1_19' title='bbox 994 248 1063 281; x_wconf 86' lang='lat' dir='ltr'>dis-</span> 
     </span>
     <span class='ocr_line' id='line_1_4' title="bbox 78 299 1063 348; baseline -0.006 -11"><span class='ocrx_word' id='word_1_20' title='bbox 78 304 244 341; x_wconf 79' lang='lat' dir='ltr'>tributio,</span> <span class='ocrx_word' id='word_1_21' title='bbox 277 304 370 348; x_wconf 83' lang='lat' dir='ltr'>quod</span> <span class='ocrx_word' id='word_1_22' title='bbox 398 302 532 346; x_wconf 85' lang='lat' dir='ltr'>inquit,</span> <span class='ocrx_word' id='word_1_23' title='bbox 560 300 792 344; x_wconf 86' lang='lat' dir='ltr'>Pompeium,</span> <span class='ocrx_word' id='word_1_24' title='bbox 828 299 857 332; x_wconf 91' lang='lat' dir='ltr'>si</span> <span class='ocrx_word' id='word_1_25' title='bbox 882 310 956 331; x_wconf 91' lang='lat' dir='ltr'>non</span> <span class='ocrx_word' id='word_1_26' title='bbox 981 311 1063 342; x_wconf 92' lang='lat' dir='ltr'>pro-</span> 
     </span>
     <span class='ocr_line' id='line_1_5' title="bbox 76 349 1063 400; baseline -0.003 -16"><span class='ocrx_word' id='word_1_27' title='bbox 76 362 153 400; x_wconf 73' lang='lat' dir='ltr'>pter</span> <span class='ocrx_word' id='word_1_28' title='bbox 174 355 347 398; x_wconf 60' lang='lat' dir='ltr'>privatam</span> <span class='ocrx_word' id='word_1_29' title='bbox 365 352 576 391; x_wconf 86' lang='lat' dir='ltr'>amicitiam,</span> <span class='ocrx_word' id='word_1_30' title='bbox 605 358 722 383; x_wconf 85' lang='lat' dir='ltr'>tamen</span> <span class='ocrx_word' id='word_1_31' title='bbox 749 356 937 393; x_wconf 78' lang='lat' dir='ltr'>propterea</span> <span class='ocrx_word' id='word_1_32' title='bbox 967 349 1063 394; x_wconf 89' lang='lat' dir='ltr'>quod</span> 
     </span>
     <span class='ocr_line' id='line_1_6' title="bbox 78 400 1062 447; baseline -0.006 -9"><span class='ocrx_word' id='word_1_33' title='bbox 78 407 202 438; x_wconf 70' lang='lat' dir='ltr'>eadem</span> <span class='ocrx_word' id='word_1_34' title='bbox 232 405 267 436; x_wconf 90' lang='lat' dir='ltr'>in</span> <span class='ocrx_word' id='word_1_35' title='bbox 301 404 478 447; x_wconf 70' lang='lat' dir='ltr'>republica</span> <span class='ocrx_word' id='word_1_36' title='bbox 510 401 632 440; x_wconf 84' lang='lat' dir='ltr'>sentit,</span> <span class='ocrx_word' id='word_1_37' title='bbox 681 413 798 434; x_wconf 85' lang='lat' dir='ltr'>secum</span> <span class='ocrx_word' id='word_1_38' title='bbox 833 400 1062 433; x_wconf 91' lang='lat' dir='ltr'>coniunctum</span> 
     </span>
     <span class='ocr_line' id='line_1_7' title="bbox 77 451 1064 497; baseline -0.007 -7"><span class='ocrx_word' id='word_1_39' title='bbox 77 458 162 490; x_wconf 70' lang='lat' dir='ltr'>sore.</span> <span class='ocrx_word' id='word_1_40' title='bbox 233 455 353 487; x_wconf 73' lang='lat' dir='ltr'>Cicero</span> <span class='ocrx_word' id='word_1_41' title='bbox 382 459 524 497; x_wconf 82' lang='lat' dir='ltr'>praetor</span> <span class='ocrx_word' id='word_1_42' title='bbox 550 452 650 484; x_wconf 73' lang='lat' dir='ltr'>valde</span> <span class='ocrx_word' id='word_1_43' title='bbox 676 463 780 483; x_wconf 51' lang='lat' dir='ltr'>ornas</span> <span class='ocrx_word' id='word_1_44' title='bbox 793 451 817 483; x_wconf 89' lang='lat' dir='ltr'>it</span> <span class='ocrx_word' id='word_1_45' title='bbox 838 451 1064 495; x_wconf 88' lang='lat' dir='ltr'>Pompeium,</span> 
     </span>
     <span class='ocr_line' id='line_1_8' title="bbox 77 502 1064 548; baseline -0.006 -8"><span class='ocrx_word' id='word_1_46' title='bbox 77 515 106 540; x_wconf 82' lang='lat' dir='ltr'>et</span> <span class='ocrx_word' id='word_1_47' title='bbox 129 508 163 539; x_wconf 92' lang='lat' dir='ltr'>in</span> <span class='ocrx_word' id='word_1_48' title='bbox 182 506 364 539; x_wconf 70' lang='lat' dir='ltr'>consulatu</span> <span class='ocrx_word' id='word_1_49' title='bbox 382 515 543 548; x_wconf 79' lang='lat' dir='ltr'>quoque,</span> <span class='ocrx_word' id='word_1_50' title='bbox 576 502 658 547; x_wconf 87' lang='lat' dir='ltr'>quia</span> <span class='ocrx_word' id='word_1_51' title='bbox 682 502 872 546; x_wconf 89' lang='lat' dir='ltr'>imperium</span> <span class='ocrx_word' id='word_1_52' title='bbox 897 502 979 534; x_wconf 86' lang='lat' dir='ltr'>belli</span> <span class='ocrx_word' id='word_1_53' title='bbox 997 502 1064 534; x_wconf 87' lang='lat' dir='ltr'>Mi-</span> 
     </span>
     <span class='ocr_line' id='line_1_9' title="bbox 78 552 1064 599; baseline -0.005 -8"><span class='ocrx_word' id='word_1_54' title='bbox 78 556 255 591; x_wconf 75' lang='lat' dir='ltr'>thridatici</span> <span class='ocrx_word' id='word_1_55' title='bbox 274 555 402 598; x_wconf 86' lang='lat' dir='ltr'>eripuit</span> <span class='ocrx_word' id='word_1_56' title='bbox 416 553 581 593; x_wconf 87' lang='lat' dir='ltr'>Lucullo,</span> <span class='ocrx_word' id='word_1_57' title='bbox 610 560 643 586; x_wconf 91' lang='lat' dir='ltr'>et</span> <span class='ocrx_word' id='word_1_58' title='bbox 662 553 807 586; x_wconf 78' lang='lat' dir='ltr'>tradidit</span> <span class='ocrx_word' id='word_1_59' title='bbox 824 553 997 597; x_wconf 88' lang='lat' dir='ltr'>Pompeio</span> <span class='ocrx_word' id='word_1_60' title='bbox 1007 552 1064 599; x_wconf 76' lang='lat'>53).</span> 
     </span>
     <span class='ocr_line' id='line_1_10' title="bbox 185 602 1066 651; baseline -0.003 -12"><span class='ocrx_word' id='word_1_61' title='bbox 185 605 213 649; x_wconf 63' lang='grc' dir='ltr'>ξ.</span> <span class='ocrx_word' id='word_1_62' title='bbox 234 608 264 639; x_wconf 88' lang='grc'>1.</span> <span class='ocrx_word' id='word_1_63' title='bbox 300 608 341 639; x_wconf 73' lang='lat' dir='ltr'>Si</span> <span class='ocrx_word' id='word_1_64' title='bbox 366 611 400 638; x_wconf 75' lang='grc' dir='ltr'>1η</span> <span class='ocrx_word' id='word_1_65' title='bbox 419 602 736 651; x_wconf 69' lang='lat' dir='ltr'>e.1·e1·ci{nsque⁵⁴)]</span> <span class='ocrx_word' id='word_1_66' title='bbox 764 603 932 638; x_wconf 87' lang='lat' dir='ltr'>Narratio</span> <span class='ocrx_word' id='word_1_67' title='bbox 959 602 1066 637; x_wconf 91' lang='lat' dir='ltr'>habet</span> 
     </span>
     <span class='ocr_line' id='line_1_11' title="bbox 76 655 1064 701; baseline -0.001 -12"><span class='ocrx_word' id='word_1_68' title='bbox 76 657 347 701; x_wconf 67' lang='lat' dir='ltr'>gratulationem</span> <span class='ocrx_word' id='word_1_69' title='bbox 378 656 420 688; x_wconf 90' lang='lat' dir='ltr'>de</span> <span class='ocrx_word' id='word_1_70' title='bbox 450 655 577 688; x_wconf 86' lang='lat' dir='ltr'>litteris</span> <span class='ocrx_word' id='word_1_71' title='bbox 609 655 717 699; x_wconf 88' lang='lat' dir='ltr'>ipsius</span> <span class='ocrx_word' id='word_1_72' title='bbox 742 655 881 699; x_wconf 89' lang='lat' dir='ltr'>publice</span> <span class='ocrx_word' id='word_1_73' title='bbox 907 655 1064 699; x_wconf 85' lang='lat' dir='ltr'>scriptis;</span> 
     </span>
     <span class='ocr_line' id='line_1_12' title="bbox 77 704 1002 751; baseline -0.001 -11"><span class='ocrx_word' id='word_1_74' title='bbox 77 708 202 741; x_wconf 85' lang='lat' dir='ltr'>deinde</span> <span class='ocrx_word' id='word_1_75' title='bbox 222 704 536 751; x_wconf 64' lang='lat' dir='ltr'>reprehensionem</span> <span class='ocrx_word' id='word_1_76' title='bbox 553 706 773 750; x_wconf 88' lang='lat' dir='ltr'>privatarum</span> <span class='ocrx_word' id='word_1_77' title='bbox 790 706 1002 741; x_wconf 88' lang='lat' dir='ltr'>litterarum.</span> 
     </span>
    </p>
   </div>
   <div class='ocr_carea' id='block_1_3' title="bbox 295 791 848 838">
    <p class='ocr_par' dir='ltr' id='par_1_3' title="bbox 295 791 848 838">
     <span class='ocr_line' id='line_1_13' title="bbox 295 791 848 838; baseline 0.002 -14"><span class='ocrx_word' id='word_1_78' title='bbox 295 791 426 824; x_wconf 87' lang='lat' dir='ltr'>Aliud</span> <span class='ocrx_word' id='word_1_79' title='bbox 456 802 474 823; x_wconf 87' lang='lat' dir='ltr'>a</span> <span class='ocrx_word' id='word_1_80' title='bbox 487 797 774 835; x_wconf 81' lang='lat' dir='ltr'>rgumentum</span> <span class='ocrx_word' id='word_1_81' title='bbox 791 791 848 838; x_wconf 83' lang='lat'>⁵⁵).</span> 
     </span>
    </p>
   </div>
   <div class='ocr_carea' id='block_1_4' title="bbox 68 856 1065 2212">
    <p class='ocr_par' dir='ltr' id='par_1_4' title="bbox 68 856 1065 2212">
     <span class='ocr_line' id='line_1_14' title="bbox 177 856 1064 902; baseline 0 -13"><span class='ocrx_word' id='word_1_82' title='bbox 177 857 277 890; x_wconf 87' lang='lat' dir='ltr'>Hanc</span> <span class='ocrx_word' id='word_1_83' title='bbox 296 857 483 901; x_wconf 90' lang='lat' dir='ltr'>epistolam</span> <span class='ocrx_word' id='word_1_84' title='bbox 500 857 668 901; x_wconf 87' lang='lat' dir='ltr'>scriptam</span> <span class='ocrx_word' id='word_1_85' title='bbox 689 863 836 902; x_wconf 88' lang='lat' dir='ltr'>apparet</span> <span class='ocrx_word' id='word_1_86' title='bbox 855 869 872 889; x_wconf 89' lang='lat' dir='ltr'>a</span> <span class='ocrx_word' id='word_1_87' title='bbox 893 856 1064 890; x_wconf 85' lang='lat' dir='ltr'>Cicerone</span> 
     </span>
     <span class='ocr_line' id='line_1_15' title="bbox 75 908 1064 953; baseline -0.001 -12"><span class='ocrx_word' id='word_1_88' title='bbox 75 915 153 953; x_wconf 86' lang='lat' dir='ltr'>post</span> <span class='ocrx_word' id='word_1_89' title='bbox 173 920 376 952; x_wconf 86' lang='lat' dir='ltr'>oppressam</span> <span class='ocrx_word' id='word_1_90' title='bbox 397 908 679 941; x_wconf 87' lang='lat' dir='ltr'>coniurationem</span> <span class='ocrx_word' id='word_1_91' title='bbox 700 908 959 948; x_wconf 82' lang='lat' dir='ltr'>Catilinariam,</span> <span class='ocrx_word' id='word_1_92' title='bbox 984 920 1064 941; x_wconf 89' lang='lat' dir='ltr'>cum</span> 
     </span>
     <span class='ocr_line' id='line_1_16' title="bbox 74 958 1063 1003; baseline -0.001 -11"><span class='ocrx_word' id='word_1_93' title='bbox 74 959 266 1003; x_wconf 89' lang='lat' dir='ltr'>Pompeius</span> <span class='ocrx_word' id='word_1_94' title='bbox 283 959 413 991; x_wconf 87' lang='lat' dir='ltr'>bellum</span> <span class='ocrx_word' id='word_1_95' title='bbox 439 966 576 1002; x_wconf 72' lang='lat' dir='ltr'>gereret</span> <span class='ocrx_word' id='word_1_96' title='bbox 600 966 720 992; x_wconf 90' lang='lat' dir='ltr'>contra</span> <span class='ocrx_word' id='word_1_97' title='bbox 742 958 985 992; x_wconf 76' lang='lat' dir='ltr'>Mithridatem</span> <span class='ocrx_word' id='word_1_98' title='bbox 1009 970 1063 991; x_wconf 87' lang='lat' dir='ltr'>re-</span> 
     </span>
     <span class='ocr_line' id='line_1_17' title="bbox 76 1009 1063 1054; baseline -0.001 -12"><span class='ocrx_word' id='word_1_99' title='bbox 76 1023 153 1054; x_wconf 75' lang='lat' dir='ltr'>gem</span> <span class='ocrx_word' id='word_1_100' title='bbox 178 1010 304 1048; x_wconf 82' lang='lat' dir='ltr'>Ponti,</span> <span class='ocrx_word' id='word_1_101' title='bbox 342 1010 377 1042; x_wconf 90' lang='lat' dir='ltr'>id</span> <span class='ocrx_word' id='word_1_102' title='bbox 406 1011 501 1054; x_wconf 88' lang='lat' dir='ltr'>quod</span> <span class='ocrx_word' id='word_1_103' title='bbox 525 1016 671 1043; x_wconf 86' lang='lat' dir='ltr'>testatur</span> <span class='ocrx_word' id='word_1_104' title='bbox 698 1009 908 1043; x_wconf 71' lang='lat' dir='ltr'>Plutarchus</span> <span class='ocrx_word' id='word_1_105' title='bbox 934 1010 971 1042; x_wconf 91' lang='lat' dir='ltr'>in</span> <span class='ocrx_word' id='word_1_106' title='bbox 993 1009 1063 1042; x_wconf 79' lang='lat' dir='ltr'>vita</span> 
     </span>
     <span class='ocr_line' id='line_1_18' title="bbox 74 1060 1065 1105; baseline -0.001 -11"><span class='ocrx_word' id='word_1_107' title='bbox 74 1060 314 1105; x_wconf 55' lang='lat' dir='ltr'>Pompeiiffi),</span> <span class='ocrx_word' id='word_1_108' title='bbox 349 1067 382 1093; x_wconf 89' lang='lat' dir='ltr'>et</span> <span class='ocrx_word' id='word_1_109' title='bbox 404 1060 545 1099; x_wconf 66' lang='lat' dir='ltr'>Livius,</span> <span class='ocrx_word' id='word_1_110' title='bbox 583 1074 661 1094; x_wconf 88' lang='lat' dir='ltr'>cum</span> <span class='ocrx_word' id='word_1_111' title='bbox 687 1061 752 1094; x_wconf 87' lang='lat' dir='ltr'>ait:</span> <span class='ocrx_word' id='word_1_112' title='bbox 790 1061 853 1095; x_wconf 92' lang='lat' dir='ltr'>Cn.</span> <span class='ocrx_word' id='word_1_113' title='bbox 872 1060 1065 1104; x_wconf 86' lang='lat' dir='ltr'>Pompeius</span> 
     </span>
     <span class='ocr_line' id='line_1_19' title="bbox 76 1109 1064 1156; baseline -0.001 -12"><span class='ocrx_word' id='word_1_114' title='bbox 76 1124 153 1145; x_wconf 83' lang='lat' dir='ltr'>cum</span> <span class='ocrx_word' id='word_1_115' title='bbox 173 1109 417 1143; x_wconf 78' lang='lat' dir='ltr'>Mithridatem</span> <span class='ocrx_word' id='word_1_116' title='bbox 434 1118 660 1156; x_wconf 79' lang='lat' dir='ltr'>sequeretur,</span> <span class='ocrx_word' id='word_1_117' title='bbox 688 1112 724 1144; x_wconf 91' lang='lat' dir='ltr'>in</span> <span class='ocrx_word' id='word_1_118' title='bbox 743 1112 885 1145; x_wconf 87' lang='lat' dir='ltr'>ultimas</span> <span class='ocrx_word' id='word_1_119' title='bbox 910 1111 1064 1155; x_wconf 79' lang='lat' dir='ltr'>ignotas-</span> 
     </span>
     <span class='ocr_line' id='line_1_20' title="bbox 77 1160 1064 1207; baseline -0.002 -12"><span class='ocrx_word' id='word_1_120' title='bbox 77 1175 143 1207; x_wconf 86' lang='lat' dir='ltr'>que</span> <span class='ocrx_word' id='word_1_121' title='bbox 168 1168 287 1205; x_wconf 74' lang='lat' dir='ltr'>gentes</span> <span class='ocrx_word' id='word_1_122' title='bbox 310 1163 509 1204; x_wconf 71' lang='lat' dir='ltr'>penetravit</span> <span class='ocrx_word' id='word_1_123' title='bbox 525 1162 583 1207; x_wconf 70' lang='grc'>57).</span> <span class='ocrx_word' id='word_1_124' title='bbox 650 1162 713 1195; x_wconf 79' lang='lat' dir='ltr'>Est</span> <span class='ocrx_word' id='word_1_125' title='bbox 737 1169 854 1195; x_wconf 88' lang='lat' dir='ltr'>autem</span> <span class='ocrx_word' id='word_1_126' title='bbox 882 1160 968 1195; x_wconf 85' lang='lat' dir='ltr'>haec</span> <span class='ocrx_word' id='word_1_127' title='bbox 992 1161 1064 1205; x_wconf 88' lang='lat' dir='ltr'>epi-</span> 
     </span>
     <span class='ocr_line' id='line_1_21' title="bbox 75 1212 1064 1258; baseline -0.002 -12"><span class='ocrx_word' id='word_1_128' title='bbox 75 1213 162 1246; x_wconf 83' lang='lat' dir='ltr'>stola</span> <span class='ocrx_word' id='word_1_129' title='bbox 183 1213 354 1251; x_wconf 69' lang='lat' dir='ltr'>narratio,</span> <span class='ocrx_word' id='word_1_130' title='bbox 384 1225 473 1257; x_wconf 87' lang='lat' dir='ltr'>quae</span> <span class='ocrx_word' id='word_1_131' title='bbox 491 1212 649 1245; x_wconf 89' lang='lat' dir='ltr'>continet</span> <span class='ocrx_word' id='word_1_132' title='bbox 663 1214 752 1246; x_wconf 90' lang='lat' dir='ltr'>duos</span> <span class='ocrx_word' id='word_1_133' title='bbox 770 1214 865 1246; x_wconf 91' lang='lat' dir='ltr'>locos</span> <span class='ocrx_word' id='word_1_134' title='bbox 875 1212 958 1258; x_wconf 67' lang='lat'>5⁷3⁴),</span> <span class='ocrx_word' id='word_1_135' title='bbox 986 1224 1064 1256; x_wconf 84' lang='lat' dir='ltr'>gra—</span> 
     </span>
     <span class='ocr_line' id='line_1_22' title="bbox 76 1261 1064 1307; baseline -0.002 -11"><span class='ocrx_word' id='word_1_136' title='bbox 76 1264 285 1296; x_wconf 86' lang='lat' dir='ltr'>tulationem</span> <span class='ocrx_word' id='word_1_137' title='bbox 303 1269 336 1295; x_wconf 89' lang='lat' dir='ltr'>et</span> <span class='ocrx_word' id='word_1_138' title='bbox 353 1265 588 1296; x_wconf 65' lang='lat' dir='ltr'>verecundam</span> <span class='ocrx_word' id='word_1_139' title='bbox 606 1261 933 1307; x_wconf 86' lang='lat' dir='ltr'>reprehensionem.</span> <span class='ocrx_word' id='word_1_140' title='bbox 986 1262 1064 1296; x_wconf 86' lang='lat' dir='ltr'>Pri-</span> 
     </span>
     <span class='ocr_line' id='line_1_23' title="bbox 74 1313 1063 1357; baseline -0.001 -11"><span class='ocrx_word' id='word_1_141' title='bbox 74 1327 170 1347; x_wconf 91' lang='lat' dir='ltr'>mum</span> <span class='ocrx_word' id='word_1_142' title='bbox 197 1314 394 1357; x_wconf 76' lang='lat' dir='ltr'>gratulatur</span> <span class='ocrx_word' id='word_1_143' title='bbox 417 1315 458 1346; x_wconf 89' lang='lat' dir='ltr'>de</span> <span class='ocrx_word' id='word_1_144' title='bbox 483 1314 630 1357; x_wconf 78' lang='lat' dir='ltr'>publicis</span> <span class='ocrx_word' id='word_1_145' title='bbox 654 1314 779 1347; x_wconf 89' lang='lat' dir='ltr'>litteris</span> <span class='ocrx_word' id='word_1_146' title='bbox 805 1313 988 1357; x_wconf 86' lang='lat' dir='ltr'>Pompeii,</span> <span class='ocrx_word' id='word_1_147' title='bbox 1027 1313 1063 1345; x_wconf 92' lang='lat' dir='ltr'>in</span> 
     </span>
     <span class='ocr_line' id='line_1_24' title="bbox 76 1364 1064 1410; baseline -0.002 -12"><span class='ocrx_word' id='word_1_148' title='bbox 76 1365 202 1410; x_wconf 82' lang='lat' dir='ltr'>quibus·</span> <span class='ocrx_word' id='word_1_149' title='bbox 226 1364 435 1408; x_wconf 61' lang='lat' dir='ltr'>significavit</span> <span class='ocrx_word' id='word_1_150' title='bbox 461 1377 496 1397; x_wconf 92' lang='lat' dir='ltr'>se</span> <span class='ocrx_word' id='word_1_151' title='bbox 519 1365 666 1398; x_wconf 84' lang='lat' dir='ltr'>feliciter</span> <span class='ocrx_word' id='word_1_152' title='bbox 691 1365 810 1397; x_wconf 87' lang='lat' dir='ltr'>omnia</span> <span class='ocrx_word' id='word_1_153' title='bbox 836 1364 978 1409; x_wconf 83' lang='lat' dir='ltr'>gessisse</span> <span class='ocrx_word' id='word_1_154' title='bbox 1003 1365 1064 1397; x_wconf 92' lang='lat' dir='ltr'>ad-</span> 
     </span>
     <span class='ocr_line' id='line_1_25' title="bbox 74 1413 1062 1449; baseline 0 -2"><span class='ocrx_word' id='word_1_155' title='bbox 74 1428 195 1449; x_wconf 59' lang='lat' dir='ltr'>versus</span> <span class='ocrx_word' id='word_1_156' title='bbox 212 1413 468 1449; x_wconf 68' lang='lat' dir='ltr'>Mithridatem.</span> <span class='ocrx_word' id='word_1_157' title='bbox 521 1415 657 1449; x_wconf 85' lang='lat' dir='ltr'>Deinde</span> <span class='ocrx_word' id='word_1_158' title='bbox 674 1416 801 1449; x_wconf 90' lang='lat' dir='ltr'>leniter</span> <span class='ocrx_word' id='word_1_159' title='bbox 824 1423 858 1449; x_wconf 90' lang='lat' dir='ltr'>et</span> <span class='ocrx_word' id='word_1_160' title='bbox 879 1416 1062 1448; x_wconf 87' lang='lat' dir='ltr'>moderate</span> 
     </span>
     <span class='ocr_line' id='line_1_26' title="bbox 76 1467 1062 1512; baseline 0 -13"><span class='ocrx_word' id='word_1_161' title='bbox 76 1467 273 1510; x_wconf 78' lang='lat' dir='ltr'>expostulat</span> <span class='ocrx_word' id='word_1_162' title='bbox 297 1479 375 1499; x_wconf 90' lang='lat' dir='ltr'>cum</span> <span class='ocrx_word' id='word_1_163' title='bbox 393 1467 587 1510; x_wconf 87' lang='lat' dir='ltr'>Pompeio,</span> <span class='ocrx_word' id='word_1_164' title='bbox 622 1474 655 1500; x_wconf 89' lang='lat' dir='ltr'>et</span> <span class='ocrx_word' id='word_1_165' title='bbox 681 1467 930 1512; x_wconf 86' lang='lat' dir='ltr'>conqueritur,</span> <span class='ocrx_word' id='word_1_166' title='bbox 958 1467 1062 1511; x_wconf 71' lang='lat' dir='ltr'>,quod</span> 
     </span>
     <span class='ocr_line' id='line_1_27' title="bbox 73 1517 1062 1560; baseline 0 -11"><span class='ocrx_word' id='word_1_167' title='bbox 73 1518 198 1551; x_wconf 87' lang='lat' dir='ltr'>litteris</span> <span class='ocrx_word' id='word_1_168' title='bbox 223 1517 293 1550; x_wconf 89' lang='lat' dir='ltr'>suis</span> <span class='ocrx_word' id='word_1_169' title='bbox 319 1518 457 1560; x_wconf 86' lang='lat' dir='ltr'>publice</span> <span class='ocrx_word' id='word_1_170' title='bbox 481 1519 524 1550; x_wconf 87' lang='lat' dir='ltr'>ad</span> <span class='ocrx_word' id='word_1_171' title='bbox 553 1524 713 1551; x_wconf 75' lang='lat' dir='ltr'>senatum</span> <span class='ocrx_word' id='word_1_172' title='bbox 739 1518 853 1551; x_wconf 83' lang='lat' dir='ltr'>missis</span> <span class='ocrx_word' id='word_1_173' title='bbox 887 1530 959 1550; x_wconf 92' lang='lat' dir='ltr'>non</span> <span class='ocrx_word' id='word_1_174' title='bbox 984 1530 1062 1560; x_wconf 82' lang='lat' dir='ltr'>gra-</span> 
     </span>
     <span class='ocr_line' id='line_1_28' title="bbox 75 1568 1062 1612; baseline 0 -12"><span class='ocrx_word' id='word_1_175' title='bbox 75 1569 204 1601; x_wconf 76' lang='lat' dir='ltr'>tulatus</span> <span class='ocrx_word' id='word_1_176' title='bbox 220 1568 263 1600; x_wconf 79' lang='lat' dir='ltr'>sit</span> <span class='ocrx_word' id='word_1_177' title='bbox 281 1568 496 1611; x_wconf 85' lang='lat' dir='ltr'>reipublicae</span> <span class='ocrx_word' id='word_1_178' title='bbox 519 1569 563 1601; x_wconf 87' lang='lat' dir='ltr'>ol)</span> <span class='ocrx_word' id='word_1_179' title='bbox 586 1581 640 1602; x_wconf 86' lang='lat' dir='ltr'>res</span> <span class='ocrx_word' id='word_1_180' title='bbox 667 1581 684 1601; x_wconf 87' lang='lat' dir='ltr'>a</span> <span class='ocrx_word' id='word_1_181' title='bbox 710 1581 745 1602; x_wconf 89' lang='lat' dir='ltr'>se</span> <span class='ocrx_word' id='word_1_182' title='bbox 769 1575 900 1612; x_wconf 81' lang='lat' dir='ltr'>gestas,</span> <span class='ocrx_word' id='word_1_183' title='bbox 928 1575 962 1601; x_wconf 91' lang='lat' dir='ltr'>et</span> <span class='ocrx_word' id='word_1_184' title='bbox 980 1568 1062 1600; x_wconf 71' lang='lat' dir='ltr'>civi-</span> 
     </span>
     <span class='ocr_line' id='line_1_29' title="bbox 75 1618 1062 1653; baseline 0.001 -2"><span class='ocrx_word' id='word_1_185' title='bbox 75 1626 181 1651; x_wconf 81' lang='lat' dir='ltr'>tatem</span> <span class='ocrx_word' id='word_1_186' title='bbox 202 1618 387 1651; x_wconf 82' lang='lat' dir='ltr'>liberatam</span> <span class='ocrx_word' id='word_1_187' title='bbox 414 1632 431 1651; x_wconf 90' lang='lat' dir='ltr'>a</span> <span class='ocrx_word' id='word_1_188' title='bbox 452 1619 658 1652; x_wconf 84' lang='lat' dir='ltr'>Catilinaria</span> <span class='ocrx_word' id='word_1_189' title='bbox 683 1620 939 1653; x_wconf 87' lang='lat' dir='ltr'>coniuratione.</span> <span class='ocrx_word' id='word_1_190' title='bbox 995 1619 1062 1653; x_wconf 87' lang='lat' dir='ltr'>Cu-</span> 
     </span>
     <span class='ocr_line' id='line_1_30' title="bbox 74 1669 1060 1716; baseline 0.003 -16"><span class='ocrx_word' id='word_1_191' title='bbox 74 1669 191 1713; x_wconf 83' lang='lat' dir='ltr'>piebat</span> <span class='ocrx_word' id='word_1_192' title='bbox 226 1670 317 1702; x_wconf 86' lang='lat' dir='ltr'>enim</span> <span class='ocrx_word' id='word_1_193' title='bbox 352 1681 406 1702; x_wconf 91' lang='lat' dir='ltr'>res</span> <span class='ocrx_word' id='word_1_194' title='bbox 438 1682 517 1703; x_wconf 88' lang='lat' dir='ltr'>suas</span> <span class='ocrx_word' id='word_1_195' title='bbox 550 1677 661 1715; x_wconf 81' lang='lat' dir='ltr'>gestas</span> <span class='ocrx_word' id='word_1_196' title='bbox 685 1671 858 1715; x_wconf 89' lang='lat' dir='ltr'>Pompeio</span> <span class='ocrx_word' id='word_1_197' title='bbox 891 1677 1060 1716; x_wconf 79' lang='lat' dir='ltr'>tanquam</span> 
     </span>
     <span class='ocr_line' id='line_1_31' title="bbox 74 1720 1060 1766; baseline 0.004 -16"><span class='ocrx_word' id='word_1_198' title='bbox 74 1721 225 1764; x_wconf 80' lang='lat' dir='ltr'>principi</span> <span class='ocrx_word' id='word_1_199' title='bbox 246 1720 279 1752; x_wconf 90' lang='lat' dir='ltr'>in</span> <span class='ocrx_word' id='word_1_200' title='bbox 304 1721 483 1763; x_wconf 82' lang='lat' dir='ltr'>republica</span> <span class='ocrx_word' id='word_1_201' title='bbox 509 1722 735 1766; x_wconf 87' lang='lat' dir='ltr'>comprobari</span> <span class='ocrx_word' id='word_1_202' title='bbox 762 1729 909 1766; x_wconf 90' lang='lat' dir='ltr'>propter</span> <span class='ocrx_word' id='word_1_203' title='bbox 931 1734 1060 1766; x_wconf 78' lang='lat' dir='ltr'>magna</span> 
     </span>
     <span class='ocr_line' id='line_1_32' title="bbox 74 1771 1060 1817; baseline 0.003 -15"><span class='ocrx_word' id='word_1_204' title='bbox 74 1772 153 1803; x_wconf 85' lang='lat' dir='ltr'>odia</span> <span class='ocrx_word' id='word_1_205' title='bbox 164 1771 208 1815; x_wconf 73' lang='lat'>⁵⁸)</span> <span class='ocrx_word' id='word_1_206' title='bbox 228 1771 442 1811; x_wconf 76' lang='lat' dir='ltr'>nobilitatis,</span> <span class='ocrx_word' id='word_1_207' title='bbox 471 1785 561 1817; x_wconf 90' lang='lat' dir='ltr'>quae</span> <span class='ocrx_word' id='word_1_208' title='bbox 579 1773 614 1805; x_wconf 94' lang='lat' dir='ltr'>in</span> <span class='ocrx_word' id='word_1_209' title='bbox 634 1785 669 1805; x_wconf 88' lang='lat' dir='ltr'>se</span> <span class='ocrx_word' id='word_1_210' title='bbox 686 1774 893 1805; x_wconf 76' lang='lat' dir='ltr'>accenderat</span> <span class='ocrx_word' id='word_1_211' title='bbox 914 1780 1060 1817; x_wconf 89' lang='lat' dir='ltr'>propter</span> 
     </span>
     <span class='ocr_line' id='line_1_33' title="bbox 72 1822 1059 1869; baseline 0.001 -14"><span class='ocrx_word' id='word_1_212' title='bbox 72 1835 227 1855; x_wconf 85' lang='lat' dir='ltr'>summos</span> <span class='ocrx_word' id='word_1_213' title='bbox 254 1823 425 1866; x_wconf 85' lang='lat' dir='ltr'>quosdam</span> <span class='ocrx_word' id='word_1_214' title='bbox 444 1822 557 1863; x_wconf 74' lang='lat' dir='ltr'>viros,</span> <span class='ocrx_word' id='word_1_215' title='bbox 593 1836 682 1869; x_wconf 88' lang='lat' dir='ltr'>quos</span> <span class='ocrx_word' id='word_1_216' title='bbox 710 1824 784 1857; x_wconf 89' lang='lat' dir='ltr'>sine</span> <span class='ocrx_word' id='word_1_217' title='bbox 811 1824 951 1868; x_wconf 88' lang='lat' dir='ltr'>publico</span> <span class='ocrx_word' id='word_1_218' title='bbox 978 1837 1059 1857; x_wconf 91' lang='lat' dir='ltr'>con-</span> 
     </span>
     <span class='ocr_line' id='line_1_34' title="bbox 71 1873 1058 1917; baseline 0.002 -11"><span class='ocrx_word' id='word_1_219' title='bbox 71 1885 186 1912; x_wconf 80' lang='lat' dir='ltr'>sensu,</span> <span class='ocrx_word' id='word_1_220' title='bbox 211 1879 356 1917; x_wconf 86' lang='lat' dir='ltr'>propter</span> <span class='ocrx_word' id='word_1_221' title='bbox 374 1873 655 1907; x_wconf 86' lang='lat' dir='ltr'>coniurationem</span> <span class='ocrx_word' id='word_1_222' title='bbox 668 1875 840 1908; x_wconf 79' lang='lat' dir='ltr'>Catilinae</span> <span class='ocrx_word' id='word_1_223' title='bbox 861 1875 973 1908; x_wconf 87' lang='lat' dir='ltr'>occidi</span> <span class='ocrx_word' id='word_1_224' title='bbox 991 1875 1058 1908; x_wconf 90' lang='lat' dir='ltr'>ius-</span> 
     </span>
     <span class='ocr_line' id='line_1_35' title="bbox 70 1924 1057 1970; baseline 0.003 -14"><span class='ocrx_word' id='word_1_225' title='bbox 70 1931 173 1957; x_wconf 83' lang='lat' dir='ltr'>serat.</span> <span class='ocrx_word' id='word_1_226' title='bbox 239 1924 452 1958; x_wconf 71' lang='lat' dir='ltr'>Ohservabis</span> <span class='ocrx_word' id='word_1_227' title='bbox 482 1931 619 1966; x_wconf 88' lang='lat' dir='ltr'>autem,</span> <span class='ocrx_word' id='word_1_228' title='bbox 661 1938 768 1970; x_wconf 88' lang='lat' dir='ltr'>quam</span> <span class='ocrx_word' id='word_1_229' title='bbox 794 1928 990 1959; x_wconf 70' lang='lat' dir='ltr'>verecunde</span> <span class='ocrx_word' id='word_1_230' title='bbox 1016 1928 1057 1959; x_wconf 89' lang='lat' dir='ltr'>de</span> 
     </span>
     <span class='ocr_line' id='line_1_36' title="bbox 71 1976 1056 2021; baseline 0.002 -14"><span class='ocrx_word' id='word_1_231' title='bbox 71 1976 228 2018; x_wconf 86' lang='lat' dir='ltr'>neglecto</span> <span class='ocrx_word' id='word_1_232' title='bbox 258 1976 371 2008; x_wconf 80' lang='lat' dir='ltr'>officio</span> <span class='ocrx_word' id='word_1_233' title='bbox 410 1988 489 2008; x_wconf 88' lang='lat' dir='ltr'>eum</span> <span class='ocrx_word' id='word_1_234' title='bbox 525 1983 673 2010; x_wconf 89' lang='lat' dir='ltr'>accuset.</span> <span class='ocrx_word' id='word_1_235' title='bbox 738 1976 941 2021; x_wconf 81' lang='lat' dir='ltr'>Epigraphe</span> <span class='ocrx_word' id='word_1_236' title='bbox 973 1977 1056 2010; x_wconf 88' lang='lat' dir='ltr'>item</span> 
     </span>
     <span class='ocr_line' id='line_1_37' title="bbox 70 2026 1057 2071; baseline 0.005 -14"><span class='ocrx_word' id='word_1_237' title='bbox 70 2027 238 2059; x_wconf 85' lang='lat' dir='ltr'>mendosa</span> <span class='ocrx_word' id='word_1_238' title='bbox 256 2039 327 2059; x_wconf 86' lang='lat' dir='ltr'>esse</span> <span class='ocrx_word' id='word_1_239' title='bbox 346 2026 504 2066; x_wconf 65' lang='lat' dir='ltr'>videtur,</span> <span class='ocrx_word' id='word_1_240' title='bbox 534 2034 565 2060; x_wconf 89' lang='lat' dir='ltr'>et</span> <span class='ocrx_word' id='word_1_241' title='bbox 592 2027 673 2061; x_wconf 87' lang='lat' dir='ltr'>elidi</span> <span class='ocrx_word' id='word_1_242' title='bbox 697 2028 825 2060; x_wconf 88' lang='lat' dir='ltr'>debere</span> <span class='ocrx_word' id='word_1_243' title='bbox 841 2029 1000 2071; x_wconf 67' lang='lat' dir='ltr'>fl1.file‘zcs</span> <span class='ocrx_word' id='word_1_244' title='bbox 1024 2035 1057 2061; x_wconf 81' lang='lat' dir='ltr'>et</span> 
     </span>
     <span class='ocr_line' id='line_1_38' title="bbox 71 2077 1054 2124; baseline 0.003 -15"><span class='ocrx_word' id='word_1_245' title='bbox 71 2078 127 2110; x_wconf 79' lang='lat' dir='ltr'>Cn.</span> <span class='ocrx_word' id='word_1_246' title='bbox 144 2077 225 2120; x_wconf 76' lang='lat' dir='ltr'>filio.</span> <span class='ocrx_word' id='word_1_247' title='bbox 278 2078 424 2123; x_wconf 82' lang='lat' dir='ltr'>Alioqui</span> <span class='ocrx_word' id='word_1_248' title='bbox 450 2077 542 2111; x_wconf 88' lang='lat' dir='ltr'>enim</span> <span class='ocrx_word' id='word_1_249' title='bbox 563 2080 647 2112; x_wconf 87' lang='lat' dir='ltr'>salsa</span> <span class='ocrx_word' id='word_1_250' title='bbox 673 2086 761 2112; x_wconf 83' lang='lat' dir='ltr'>esset</span> <span class='ocrx_word' id='word_1_251' title='bbox 778 2077 945 2120; x_wconf 86' lang='lat' dir='ltr'>historia,</span> <span class='ocrx_word' id='word_1_252' title='bbox 973 2079 1054 2124; x_wconf 88' lang='lat' dir='ltr'>quia</span> 
     </span>
     <span class='ocr_line' id='line_1_39' title="bbox 70 2128 1055 2173; baseline 0.004 -14"><span class='ocrx_word' id='word_1_253' title='bbox 70 2128 158 2161; x_wconf 84' lang='lat' dir='ltr'>silius</span> <span class='ocrx_word' id='word_1_254' title='bbox 178 2128 357 2162; x_wconf 84' lang='lat' dir='ltr'>Ciceronis</span> <span class='ocrx_word' id='word_1_255' title='bbox 374 2141 447 2162; x_wconf 91' lang='lat' dir='ltr'>non</span> <span class='ocrx_word' id='word_1_256' title='bbox 471 2130 646 2173; x_wconf 85' lang='lat' dir='ltr'>oppressit</span> <span class='ocrx_word' id='word_1_257' title='bbox 665 2129 910 2163; x_wconf 86' lang='lat' dir='ltr'>Catilinariam</span> <span class='ocrx_word' id='word_1_258' title='bbox 935 2130 1055 2163; x_wconf 90' lang='lat' dir='ltr'>coniu-</span> 
     </span>
     <span class='ocr_line' id='line_1_40' title="bbox 68 2185 254 2212; baseline 0.022 -4"><span class='ocrx_word' id='word_1_259' title='bbox 68 2185 254 2212; x_wconf 81' lang='lat' dir='ltr'>rationem.</span> 
     </span>
    </p>
   </div>
   <div class='ocr_carea' id='block_1_5' title="bbox 94 2254 181 2260">
    <p class='ocr_par' dir='ltr' id='par_1_5' title="bbox 94 2254 181 2260">
     <span class='ocr_line' id='line_1_41' title="bbox 94 2254 181 2260; baseline 0 0"><span class='ocrx_word' id='word_1_260' title='bbox 94 2254 181 2260; x_wconf 95' lang='lat' dir='ltr'> </span> 
     </span>
    </p>
   </div>
   <div class='ocr_carea' id='block_1_6' title="bbox 95 2292 1054 2735">
    <p class='ocr_par' dir='ltr' id='par_1_6' title="bbox 101 2292 1054 2389">
     <span class='ocr_line' id='line_1_42' title="bbox 101 2292 1054 2327; baseline 0.007 -12"><span class='ocrx_word' id='word_1_261' title='bbox 101 2292 148 2319; x_wconf 78' lang='lat'>52)</span> <span class='ocrx_word' id='word_1_262' title='bbox 167 2295 338 2323; x_wconf 81' lang='lat' dir='ltr'>comprobet]</span> <span class='ocrx_word' id='word_1_263' title='bbox 358 2295 397 2318; x_wconf 89' lang='lat' dir='ltr'>sic</span> <span class='ocrx_word' id='word_1_264' title='bbox 414 2294 497 2320; x_wconf 78' lang='lat' dir='ltr'>Editt.</span> <span class='ocrx_word' id='word_1_265' title='bbox 520 2295 608 2323; x_wconf 71' lang='lat'>1537..</span> <span class='ocrx_word' id='word_1_266' title='bbox 630 2296 722 2324; x_wconf 66' lang='lat'>1540..</span> <span class='ocrx_word' id='word_1_267' title='bbox 743 2297 832 2325; x_wconf 49' lang='lat'>1544„</span> <span class='ocrx_word' id='word_1_268' title='bbox 855 2297 945 2327; x_wconf 53' lang='lat'>1554„</span> <span class='ocrx_word' id='word_1_269' title='bbox 969 2298 1054 2326; x_wconf 68' lang='grc' dir='ltr'>1557,Ί</span> 
     </span>
     <span class='ocr_line' id='line_1_43' title="bbox 140 2327 1054 2382; baseline 0.009 -34"><span class='ocrx_word' id='word_1_270' title='bbox 140 2327 230 2382; x_wconf 49' lang='lat' dir='ltr'>imp:</span> <span class='ocrx_word' id='word_1_271' title='bbox 261 2329 340 2351; x_wconf 77' lang='lat' dir='ltr'>Editt.</span> <span class='ocrx_word' id='word_1_272' title='bbox 354 2329 439 2360; x_wconf 62' lang='lat'>15⁴5„</span> <span class='ocrx_word' id='word_1_273' title='bbox 461 2330 546 2360; x_wconf 59' lang='lat'>1546„</span> <span class='ocrx_word' id='word_1_274' title='bbox 567 2330 651 2362; x_wconf 82' lang='lat'>1560.‚</span> <span class='ocrx_word' id='word_1_275' title='bbox 673 2331 757 2361; x_wconf 58' lang='lat'>1569„</span> <span class='ocrx_word' id='word_1_276' title='bbox 779 2331 863 2363; x_wconf 58' lang='lat'>1592„</span> <span class='ocrx_word' id='word_1_277' title='bbox 885 2332 959 2355; x_wconf 82' lang='lat'>1601.</span> <span class='ocrx_word' id='word_1_278' title='bbox 980 2339 1054 2356; x_wconf 86' lang='lat' dir='ltr'>com-</span> 
     </span>
     <span class='ocr_line' id='line_1_44' title="bbox 138 2363 242 2389; baseline 0.019 -7"><span class='ocrx_word' id='word_1_279' title='bbox 138 2367 184 2389; x_wconf 82' lang='lat' dir='ltr'>pro</span> <span class='ocrx_word' id='word_1_280' title='bbox 198 2363 242 2385; x_wconf 58' lang='grc' dir='ltr'>κη.</span> 
     </span>
    </p>

    <p class='ocr_par' dir='ltr' id='par_1_7' title="bbox 100 2393 1052 2459">
     <span class='ocr_line' id='line_1_45' title="bbox 100 2393 1052 2430; baseline 0.009 -14"><span class='ocrx_word' id='word_1_281' title='bbox 100 2393 146 2423; x_wconf 78' lang='grc'>53)</span> <span class='ocrx_word' id='word_1_282' title='bbox 170 2395 224 2417; x_wconf 79' lang='lat' dir='ltr'>Hoc</span> <span class='ocrx_word' id='word_1_283' title='bbox 255 2399 443 2422; x_wconf 61' lang='lat' dir='ltr'>argumentum</span> <span class='ocrx_word' id='word_1_284' title='bbox 473 2398 573 2422; x_wconf 83' lang='lat' dir='ltr'>habent</span> <span class='ocrx_word' id='word_1_285' title='bbox 596 2399 679 2424; x_wconf 80' lang='lat' dir='ltr'>Editt.</span> <span class='ocrx_word' id='word_1_286' title='bbox 708 2399 927 2430; x_wconf 75' lang='lat'>15³7—1554.,</span> <span class='ocrx_word' id='word_1_287' title='bbox 967 2401 1052 2427; x_wconf 74' lang='lat'>1557..</span> 
     </span>
     <span class='ocr_line' id='line_1_46' title="bbox 135 2428 547 2459; baseline 0.015 -10"><span class='ocrx_word' id='word_1_288' title='bbox 135 2428 207 2450; x_wconf 67' lang='lat'>15⁶0.</span> <span class='ocrx_word' id='word_1_289' title='bbox 219 2444 224 2453; x_wconf 78' lang='grc'>,</span> <span class='ocrx_word' id='word_1_290' title='bbox 248 2430 432 2455; x_wconf 63' lang='lat'>1565—1536.</span> <span class='ocrx_word' id='word_1_291' title='bbox 445 2448 452 2459; x_wconf 73' lang='grc'>,</span> <span class='ocrx_word' id='word_1_292' title='bbox 474 2433 547 2455; x_wconf 81' lang='grc'><strong>1601.</strong></span> 
     </span>
    </p>

    <p class='ocr_par' dir='ltr' id='par_1_8' title="bbox 99 2462 1051 2524">
     <span class='ocr_line' id='line_1_47' title="bbox 99 2462 1051 2498; baseline 0.008 -14"><span class='ocrx_word' id='word_1_293' title='bbox 99 2462 147 2488; x_wconf 71' lang='grc'>54)</span> <span class='ocrx_word' id='word_1_294' title='bbox 168 2462 220 2498; x_wconf 56' lang='grc' dir='ltr'>Ιξιό</span> <span class='ocrx_word' id='word_1_295' title='bbox 240 2463 280 2484; x_wconf 59' lang='lat' dir='ltr'>hi&lt;</span> <span class='ocrx_word' id='word_1_296' title='bbox 301 2464 353 2487; x_wconf 68' lang='lat' dir='ltr'>Cle.</span> <span class='ocrx_word' id='word_1_297' title='bbox 375 2467 465 2488; x_wconf 69' lang='lat' dir='ltr'>verbis</span> <span class='ocrx_word' id='word_1_298' title='bbox 487 2467 510 2489; x_wconf 84' lang='grc' dir='ltr'>ιἰι</span> <span class='ocrx_word' id='word_1_299' title='bbox 526 2467 709 2498; x_wconf 74' lang='lat' dir='ltr'>Editt.1545.,</span> <span class='ocrx_word' id='word_1_300' title='bbox 730 2468 804 2493; x_wconf 80' lang='lat'>1560.</span> <span class='ocrx_word' id='word_1_301' title='bbox 823 2467 884 2492; x_wconf 85' lang='lat' dir='ltr'>huic</span> <span class='ocrx_word' id='word_1_302' title='bbox 902 2470 983 2492; x_wconf 79' lang='lat' dir='ltr'>uotae</span> <span class='ocrx_word' id='word_1_303' title='bbox 1001 2470 1051 2492; x_wconf 86' lang='lat' dir='ltr'>ad-</span> 
     </span>
     <span class='ocr_line' id='line_1_48' title="bbox 132 2499 617 2524; baseline 0.014 -7"><span class='ocrx_word' id='word_1_304' title='bbox 132 2499 231 2524; x_wconf 69' lang='lat' dir='ltr'>script-1</span> <span class='ocrx_word' id='word_1_305' title='bbox 252 2501 328 2520; x_wconf 76' lang='lat' dir='ltr'>suut:</span> <span class='ocrx_word' id='word_1_306' title='bbox 357 2500 403 2522; x_wconf 72' lang='grc' dir='ltr'>ΕΙ,-</span> <span class='ocrx_word' id='word_1_307' title='bbox 421 2500 530 2523; x_wconf 69' lang='lat' dir='ltr'>litteris</span> <span class='ocrx_word' id='word_1_308' title='bbox 549 2502 617 2524; x_wconf 66' lang='lat' dir='ltr'>tuis.</span> 
     </span>
    </p>

    <p class='ocr_par' dir='ltr' id='par_1_9' title="bbox 99 2529 1049 2590">
     <span class='ocr_line' id='line_1_49' title="bbox 99 2529 1049 2565; baseline 0.013 -16"><span class='ocrx_word' id='word_1_309' title='bbox 99 2529 146 2554; x_wconf 87' lang='lat'>55)</span> <span class='ocrx_word' id='word_1_310' title='bbox 168 2529 223 2551; x_wconf 67' lang='lat'>1¹01:</span> <span class='ocrx_word' id='word_1_311' title='bbox 247 2536 433 2555; x_wconf 62' lang='lat' dir='ltr'>argium—ntum</span> <span class='ocrx_word' id='word_1_312' title='bbox 455 2536 480 2556; x_wconf 87' lang='lat' dir='ltr'>et</span> <span class='ocrx_word' id='word_1_313' title='bbox 500 2535 550 2558; x_wconf 81' lang='lat' dir='ltr'>duo</span> <span class='ocrx_word' id='word_1_314' title='bbox 570 2536 713 2565; x_wconf 83' lang='lat' dir='ltr'>sequeutia</span> <span class='ocrx_word' id='word_1_315' title='bbox 732 2535 890 2560; x_wconf 78' lang='lat' dir='ltr'>exhihentur</span> <span class='ocrx_word' id='word_1_316' title='bbox 913 2538 946 2560; x_wconf 86' lang='lat' dir='ltr'>ab</span> <span class='ocrx_word' id='word_1_317' title='bbox 965 2537 1049 2561; x_wconf 81' lang='lat' dir='ltr'>Editt.</span> 
     </span>
     <span class='ocr_line' id='line_1_50' title="bbox 135 2563 436 2590; baseline 0.02 -6"><span class='ocrx_word' id='word_1_318' title='bbox 135 2563 207 2586; x_wconf 76' lang='lat'>1556.</span> <span class='ocrx_word' id='word_1_319' title='bbox 219 2580 226 2588; x_wconf 77' lang='grc'>,</span> <span class='ocrx_word' id='word_1_320' title='bbox 249 2565 353 2587; x_wconf 75' lang='lat'>1565—-</span> <span class='ocrx_word' id='word_1_321' title='bbox 366 2567 436 2590; x_wconf 69' lang='lat'>1596.</span> 
     </span>
    </p>

    <p class='ocr_par' dir='ltr' id='par_1_10' title="bbox 96 2597 570 2632">
     <span class='ocr_line' id='line_1_51' title="bbox 96 2597 570 2632; baseline 0.013 -13"><span class='ocrx_word' id='word_1_322' title='bbox 96 2597 142 2622; x_wconf 68' lang='lat'>541)</span> <span class='ocrx_word' id='word_1_323' title='bbox 161 2597 296 2620; x_wconf 68' lang='lat' dir='ltr'>Plutarch⁴</span> <span class='ocrx_word' id='word_1_324' title='bbox 318 2599 406 2628; x_wconf 77' lang='lat' dir='ltr'>Pomp.</span> <span class='ocrx_word' id='word_1_325' title='bbox 427 2608 448 2623; x_wconf 88' lang='lat' dir='ltr'>c.</span> <span class='ocrx_word' id='word_1_326' title='bbox 465 2601 498 2624; x_wconf 82' lang='lat'>32</span> <span class='ocrx_word' id='word_1_327' title='bbox 512 2608 570 2632; x_wconf 83' lang='lat' dir='ltr'>sqq.</span> 
     </span>
    </p>

    <p class='ocr_par' dir='ltr' id='par_1_11' title="bbox 97 2631 383 2659">
     <span class='ocr_line' id='line_1_52' title="bbox 97 2631 383 2659; baseline 0.007 -6"><span class='ocrx_word' id='word_1_328' title='bbox 97 2631 144 2655; x_wconf 79' lang='lat'>57)</span> <span class='ocrx_word' id='word_1_329' title='bbox 164 2632 221 2653; x_wconf 67' lang='lat' dir='ltr'>htv.</span> <span class='ocrx_word' id='word_1_330' title='bbox 243 2633 304 2659; x_wconf 62' lang='grc' dir='ltr'>υμῐι.</span> <span class='ocrx_word' id='word_1_331' title='bbox 329 2635 383 2658; x_wconf 77' lang='lat'>101.</span> 
     </span>
    </p>

    <p class='ocr_par' dir='ltr' id='par_1_12' title="bbox 95 2664 803 2698">
     <span class='ocr_line' id='line_1_53' title="bbox 95 2664 803 2698; baseline 0.014 -12"><span class='ocrx_word' id='word_1_332' title='bbox 95 2664 127 2687; x_wconf 83' lang='lat'>57</span> <span class='ocrx_word' id='word_1_333' title='bbox 150 2667 160 2692; x_wconf 93' lang='lat'>)</span> <span class='ocrx_word' id='word_1_334' title='bbox 181 2666 269 2693; x_wconf 71' lang='lat' dir='ltr'>locos]</span> <span class='ocrx_word' id='word_1_335' title='bbox 291 2667 336 2690; x_wconf 74' lang='lat' dir='ltr'>Ed.</span> <span class='ocrx_word' id='word_1_336' title='bbox 359 2669 429 2691; x_wconf 76' lang='lat'>1569.</span> <span class='ocrx_word' id='word_1_337' title='bbox 450 2675 546 2692; x_wconf 82' lang='lat' dir='ltr'>errore</span> <span class='ocrx_word' id='word_1_338' title='bbox 565 2670 694 2698; x_wconf 53' lang='lat' dir='ltr'>mmmm:</span> <span class='ocrx_word' id='word_1_339' title='bbox 721 2672 803 2696; x_wconf 80' lang='lat' dir='ltr'>locus.</span> 
     </span>
    </p>

    <p class='ocr_par' dir='ltr' id='par_1_13' title="bbox 95 2699 757 2735">
     <span class='ocr_line' id='line_1_54' title="bbox 95 2699 757 2735; baseline 0.015 -14"><span class='ocrx_word' id='word_1_340' title='bbox 95 2699 143 2726; x_wconf 60' lang='lat'>55)</span> <span class='ocrx_word' id='word_1_341' title='bbox 163 2700 237 2728; x_wconf 73' lang='lat' dir='ltr'>odia]</span> <span class='ocrx_word' id='word_1_342' title='bbox 258 2701 305 2724; x_wconf 74' lang='lat' dir='ltr'>Ed.</span> <span class='ocrx_word' id='word_1_343' title='bbox 329 2703 401 2726; x_wconf 76' lang='lat'>1569.</span> <span class='ocrx_word' id='word_1_344' title='bbox 421 2709 516 2727; x_wconf 85' lang='lat' dir='ltr'>errore</span> <span class='ocrx_word' id='word_1_345' title='bbox 535 2705 663 2735; x_wconf 46' lang='lat' dir='ltr'>avagia:</span> <span class='ocrx_word' id='word_1_346' title='bbox 689 2707 757 2731; x_wconf 79' lang='lat' dir='ltr'>odio.</span> 
     </span>
    </p>
   </div>
   <div class='ocr_carea' id='block_1_7' title="bbox 1358 194 1859 239">
    <p class='ocr_par' dir='ltr' id='par_1_14' title="bbox 1358 194 1859 239">
     <span class='ocr_line' id='line_1_55' title="bbox 1358 194 1859 239; baseline 0.002 -11"><span class='ocrx_word' id='word_1_347' title='bbox 1358 194 1497 229; x_wconf 89' lang='lat' dir='ltr'>Aliud</span> <span class='ocrx_word' id='word_1_348' title='bbox 1532 201 1859 239; x_wconf 82' lang='lat' dir='ltr'>argumentum.</span> 
     </span>
    </p>
   </div>
   <div class='ocr_carea' id='block_1_8' title="bbox 1116 270 2107 765">
    <p class='ocr_par' dir='ltr' id='par_1_15' title="bbox 1116 270 2107 765">
     <span class='ocr_line' id='line_1_56' title="bbox 1216 270 2104 317; baseline -0.002 -13"><span class='ocrx_word' id='word_1_349' title='bbox 1216 271 1363 306; x_wconf 89' lang='lat' dir='ltr'>Duabus</span> <span class='ocrx_word' id='word_1_350' title='bbox 1382 272 1562 317; x_wconf 76' lang='lat' dir='ltr'>&#39;partibus</span> <span class='ocrx_word' id='word_1_351' title='bbox 1595 278 1732 306; x_wconf 87' lang='lat' dir='ltr'>constat</span> <span class='ocrx_word' id='word_1_352' title='bbox 1762 271 1923 316; x_wconf 86' lang='lat' dir='ltr'>epistola.</span> <span class='ocrx_word' id='word_1_353' title='bbox 1999 270 2104 304; x_wconf 89' lang='lat' dir='ltr'>Prior</span> 
     </span>
     <span class='ocr_line' id='line_1_57' title="bbox 1116 321 2105 367; baseline 0.001 -12"><span class='ocrx_word' id='word_1_354' title='bbox 1116 335 1197 367; x_wconf 90' lang='lat' dir='ltr'>pars</span> <span class='ocrx_word' id='word_1_355' title='bbox 1215 329 1265 356; x_wconf 88' lang='lat' dir='ltr'>est</span> <span class='ocrx_word' id='word_1_356' title='bbox 1282 324 1398 358; x_wconf 86' lang='lat' dir='ltr'>brevis</span> <span class='ocrx_word' id='word_1_357' title='bbox 1417 324 1607 367; x_wconf 80' lang='lat' dir='ltr'>gratulatio</span> <span class='ocrx_word' id='word_1_358' title='bbox 1627 325 1669 357; x_wconf 86' lang='lat' dir='ltr'>de</span> <span class='ocrx_word' id='word_1_359' title='bbox 1690 323 1798 367; x_wconf 89' lang='lat' dir='ltr'>ipsius</span> <span class='ocrx_word' id='word_1_360' title='bbox 1820 322 1947 356; x_wconf 89' lang='lat' dir='ltr'>litteris</span> <span class='ocrx_word' id='word_1_361' title='bbox 1966 321 2105 366; x_wconf 87' lang='lat' dir='ltr'>scriptis</span> 
     </span>
     <span class='ocr_line' id='line_1_58' title="bbox 1117 372 2106 418; baseline -0.001 -12"><span class='ocrx_word' id='word_1_362' title='bbox 1117 375 1161 406; x_wconf 90' lang='lat' dir='ltr'>ad</span> <span class='ocrx_word' id='word_1_363' title='bbox 1178 380 1352 408; x_wconf 89' lang='lat' dir='ltr'>senatum.</span> <span class='ocrx_word' id='word_1_364' title='bbox 1404 375 1524 407; x_wconf 91' lang='lat' dir='ltr'>Altera</span> <span class='ocrx_word' id='word_1_365' title='bbox 1548 372 1655 407; x_wconf 90' lang='lat' dir='ltr'>habet</span> <span class='ocrx_word' id='word_1_366' title='bbox 1678 373 2018 418; x_wconf 82' lang='lat' dir='ltr'>expostulationem,</span> <span class='ocrx_word' id='word_1_367' title='bbox 2045 374 2106 406; x_wconf 89' lang='lat' dir='ltr'>sed</span> 
     </span>
     <span class='ocr_line' id='line_1_59' title="bbox 1117 424 2107 469; baseline 0.002 -13"><span class='ocrx_word' id='word_1_368' title='bbox 1117 426 1309 457; x_wconf 85' lang='lat' dir='ltr'>admodum</span> <span class='ocrx_word' id='word_1_369' title='bbox 1327 426 1577 459; x_wconf 76' lang='lat' dir='ltr'>verecundam.</span> <span class='ocrx_word' id='word_1_370' title='bbox 1602 424 1846 469; x_wconf 82' lang='lat' dir='ltr'>Reprehendit</span> <span class='ocrx_word' id='word_1_371' title='bbox 1862 431 1980 458; x_wconf 90' lang='lat' dir='ltr'>autem</span> <span class='ocrx_word' id='word_1_372' title='bbox 1997 424 2107 468; x_wconf 88' lang='lat' dir='ltr'>ipsius</span> 
     </span>
     <span class='ocr_line' id='line_1_60' title="bbox 1117 475 2107 521; baseline 0.001 -14"><span class='ocrx_word' id='word_1_373' title='bbox 1117 476 1252 509; x_wconf 85' lang='lat' dir='ltr'>litteras</span> <span class='ocrx_word' id='word_1_374' title='bbox 1272 476 1447 520; x_wconf 70' lang='lat' dir='ltr'>privatas,</span> <span class='ocrx_word' id='word_1_375' title='bbox 1476 477 1512 508; x_wconf 91' lang='lat' dir='ltr'>in</span> <span class='ocrx_word' id='word_1_376' title='bbox 1531 476 1658 521; x_wconf 86' lang='lat' dir='ltr'>quibus</span> <span class='ocrx_word' id='word_1_377' title='bbox 1681 477 1778 509; x_wconf 92' lang='lat' dir='ltr'>nullo</span> <span class='ocrx_word' id='word_1_378' title='bbox 1803 477 1911 509; x_wconf 71' lang='lat' dir='ltr'>verbo</span> <span class='ocrx_word' id='word_1_379' title='bbox 1934 475 2107 519; x_wconf 78' lang='lat' dir='ltr'>significa-</span> 
     </span>
     <span class='ocr_line' id='line_1_61' title="bbox 1118 526 2107 571; baseline 0.001 -13"><span class='ocrx_word' id='word_1_380' title='bbox 1118 526 1226 566; x_wconf 67' lang='lat' dir='ltr'>xerit,</span> <span class='ocrx_word' id='word_1_381' title='bbox 1253 539 1289 559; x_wconf 88' lang='lat' dir='ltr'>se</span> <span class='ocrx_word' id='word_1_382' title='bbox 1307 528 1541 571; x_wconf 87' lang='lat' dir='ltr'>comprobare</span> <span class='ocrx_word' id='word_1_383' title='bbox 1555 539 1610 561; x_wconf 87' lang='lat' dir='ltr'>res</span> <span class='ocrx_word' id='word_1_384' title='bbox 1627 534 1740 571; x_wconf 85' lang='lat' dir='ltr'>gestas</span> <span class='ocrx_word' id='word_1_385' title='bbox 1758 540 1776 560; x_wconf 92' lang='lat' dir='ltr'>a</span> <span class='ocrx_word' id='word_1_386' title='bbox 1796 527 1965 560; x_wconf 86' lang='lat' dir='ltr'>Cicerone</span> <span class='ocrx_word' id='word_1_387' title='bbox 1984 532 2107 559; x_wconf 85' lang='lat' dir='ltr'>contra</span> 
     </span>
     <span class='ocr_line' id='line_1_62' title="bbox 1118 577 2107 618; baseline -0.001 -7"><span class='ocrx_word' id='word_1_388' title='bbox 1118 577 1321 611; x_wconf 87' lang='lat' dir='ltr'>Catilinam.</span> <span class='ocrx_word' id='word_1_389' title='bbox 1387 578 1426 610; x_wconf 92' lang='lat' dir='ltr'>ln</span> <span class='ocrx_word' id='word_1_390' title='bbox 1450 579 1518 611; x_wconf 90' lang='lat' dir='ltr'>fine</span> <span class='ocrx_word' id='word_1_391' title='bbox 1544 579 1643 611; x_wconf 82' lang='lat' dir='ltr'>addit</span> <span class='ocrx_word' id='word_1_392' title='bbox 1671 579 1972 618; x_wconf 86' lang='lat' dir='ltr'>admonitionem,</span> <span class='ocrx_word' id='word_1_393' title='bbox 2014 578 2107 610; x_wconf 81' lang='lat' dir='ltr'>sutu—</span> 
     </span>
     <span class='ocr_line' id='line_1_63' title="bbox 1117 628 2106 673; baseline 0 -12"><span class='ocrx_word' id='word_1_394' title='bbox 1117 641 1197 662; x_wconf 90' lang='lat' dir='ltr'>rum</span> <span class='ocrx_word' id='word_1_395' title='bbox 1215 630 1377 669; x_wconf 84' lang='lat' dir='ltr'>tandem,</span> <span class='ocrx_word' id='word_1_396' title='bbox 1412 635 1452 662; x_wconf 91' lang='lat' dir='ltr'>ut</span> <span class='ocrx_word' id='word_1_397' title='bbox 1476 629 1606 662; x_wconf 88' lang='lat' dir='ltr'>iudicio</span> <span class='ocrx_word' id='word_1_398' title='bbox 1624 630 1786 673; x_wconf 90' lang='lat' dir='ltr'>Pompeii</span> <span class='ocrx_word' id='word_1_399' title='bbox 1814 629 2033 662; x_wconf 75' lang='lat' dir='ltr'>existimetur</span> <span class='ocrx_word' id='word_1_400' title='bbox 2051 628 2106 662; x_wconf 89' lang='lat' dir='ltr'>Ci-</span> 
     </span>
     <span class='ocr_line' id='line_1_64' title="bbox 1118 680 2106 724; baseline 0.001 -12"><span class='ocrx_word' id='word_1_401' title='bbox 1118 692 1197 713; x_wconf 90' lang='lat' dir='ltr'>cero</span> <span class='ocrx_word' id='word_1_402' title='bbox 1222 686 1370 724; x_wconf 89' lang='lat' dir='ltr'>propter</span> <span class='ocrx_word' id='word_1_403' title='bbox 1395 692 1450 713; x_wconf 91' lang='lat' dir='ltr'>res</span> <span class='ocrx_word' id='word_1_404' title='bbox 1477 686 1590 723; x_wconf 83' lang='lat' dir='ltr'>gestas</span> <span class='ocrx_word' id='word_1_405' title='bbox 1614 680 1651 712; x_wconf 91' lang='lat' dir='ltr'>in</span> <span class='ocrx_word' id='word_1_406' title='bbox 1666 680 1846 724; x_wconf 86' lang='lat' dir='ltr'>republica</span> <span class='ocrx_word' id='word_1_407' title='bbox 1866 680 2013 714; x_wconf 88' lang='lat' dir='ltr'>omnino</span> <span class='ocrx_word' id='word_1_408' title='bbox 2032 680 2106 713; x_wconf 83' lang='lat' dir='ltr'>lau-</span> 
     </span>
     <span class='ocr_line' id='line_1_65' title="bbox 1119 731 1755 765; baseline 0.002 -2"><span class='ocrx_word' id='word_1_409' title='bbox 1119 732 1255 764; x_wconf 86' lang='lat' dir='ltr'>dandus</span> <span class='ocrx_word' id='word_1_410' title='bbox 1276 737 1309 764; x_wconf 89' lang='lat' dir='ltr'>et</span> <span class='ocrx_word' id='word_1_411' title='bbox 1326 731 1499 764; x_wconf 90' lang='lat' dir='ltr'>amandus</span> <span class='ocrx_word' id='word_1_412' title='bbox 1519 731 1562 764; x_wconf 89' lang='lat' dir='ltr'>ab</span> <span class='ocrx_word' id='word_1_413' title='bbox 1579 731 1755 765; x_wconf 89' lang='lat' dir='ltr'>omnibus.</span> 
     </span>
    </p>
   </div>
   <div class='ocr_carea' id='block_1_9' title="bbox 1362 823 1855 868">
    <p class='ocr_par' dir='ltr' id='par_1_16' title="bbox 1362 823 1855 868">
     <span class='ocr_line' id='line_1_66' title="bbox 1362 823 1855 868; baseline 0 -12"><span class='ocrx_word' id='word_1_414' title='bbox 1362 823 1497 858; x_wconf 88' lang='lat' dir='ltr'>Aliud</span> <span class='ocrx_word' id='word_1_415' title='bbox 1533 825 1855 868; x_wconf 80' lang='lat' dir='ltr'>argumentum.</span> 
     </span>
    </p>
   </div>
   <div class='ocr_carea' id='block_1_10' title="bbox 1116 898 2110 1452">
    <p class='ocr_par' dir='ltr' id='par_1_17' title="bbox 1116 898 2110 1452">
     <span class='ocr_line' id='line_1_67' title="bbox 1218 898 2108 945; baseline -0.003 -12"><span class='ocrx_word' id='word_1_416' title='bbox 1218 899 1401 944; x_wconf 90' lang='lat' dir='ltr'>Principio</span> <span class='ocrx_word' id='word_1_417' title='bbox 1427 907 1476 935; x_wconf 90' lang='lat' dir='ltr'>est</span> <span class='ocrx_word' id='word_1_418' title='bbox 1501 900 1649 945; x_wconf 84' lang='lat' dir='ltr'>simplex</span> <span class='ocrx_word' id='word_1_419' title='bbox 1671 899 1870 945; x_wconf 87' lang='lat' dir='ltr'>propositio</span> <span class='ocrx_word' id='word_1_420' title='bbox 1896 900 1938 932; x_wconf 89' lang='lat' dir='ltr'>de</span> <span class='ocrx_word' id='word_1_421' title='bbox 1960 898 2108 943; x_wconf 88' lang='lat' dir='ltr'>publicis</span> 
     </span>
     <span class='ocr_line' id='line_1_68' title="bbox 1117 949 2110 997; baseline -0.002 -14"><span class='ocrx_word' id='word_1_422' title='bbox 1117 951 1242 984; x_wconf 89' lang='lat' dir='ltr'>litteris</span> <span class='ocrx_word' id='word_1_423' title='bbox 1264 951 1441 996; x_wconf 87' lang='lat' dir='ltr'>Pompeii.</span> <span class='ocrx_word' id='word_1_424' title='bbox 1508 951 1646 985; x_wconf 88' lang='lat' dir='ltr'>Deinde</span> <span class='ocrx_word' id='word_1_425' title='bbox 1678 951 1838 997; x_wconf 86' lang='lat' dir='ltr'>sequitur</span> <span class='ocrx_word' id='word_1_426' title='bbox 1862 949 2110 995; x_wconf 81' lang='lat' dir='ltr'>expostulatio,</span> 
     </span>
     <span class='ocr_line' id='line_1_69' title="bbox 1119 1001 2107 1047; baseline -0.001 -13"><span class='ocrx_word' id='word_1_427' title='bbox 1119 1003 1215 1047; x_wconf 90' lang='lat' dir='ltr'>quod</span> <span class='ocrx_word' id='word_1_428' title='bbox 1235 1002 1362 1035; x_wconf 86' lang='lat' dir='ltr'>leniter</span> <span class='ocrx_word' id='word_1_429' title='bbox 1379 1003 1535 1035; x_wconf 85' lang='lat' dir='ltr'>laudarit</span> <span class='ocrx_word' id='word_1_430' title='bbox 1549 1015 1604 1036; x_wconf 91' lang='lat' dir='ltr'>res</span> <span class='ocrx_word' id='word_1_431' title='bbox 1621 1009 1735 1047; x_wconf 84' lang='lat' dir='ltr'>gestas</span> <span class='ocrx_word' id='word_1_432' title='bbox 1755 1015 1773 1034; x_wconf 92' lang='lat' dir='ltr'>a</span> <span class='ocrx_word' id='word_1_433' title='bbox 1794 1002 1964 1035; x_wconf 89' lang='lat' dir='ltr'>Cicerone</span> <span class='ocrx_word' id='word_1_434' title='bbox 1983 1001 2020 1033; x_wconf 91' lang='lat' dir='ltr'>in</span> <span class='ocrx_word' id='word_1_435' title='bbox 2045 1012 2107 1044; x_wconf 90' lang='lat' dir='ltr'>op-</span> 
     </span>
     <span class='ocr_line' id='line_1_70' title="bbox 1118 1053 2105 1096; baseline -0.001 -11"><span class='ocrx_word' id='word_1_436' title='bbox 1118 1053 1303 1096; x_wconf 87' lang='lat' dir='ltr'>primenda</span> <span class='ocrx_word' id='word_1_437' title='bbox 1331 1053 1590 1087; x_wconf 85' lang='lat' dir='ltr'>coniuratione.</span> <span class='ocrx_word' id='word_1_438' title='bbox 1650 1054 1726 1086; x_wconf 87' lang='lat' dir='ltr'>Hoc</span> <span class='ocrx_word' id='word_1_439' title='bbox 1757 1053 1850 1085; x_wconf 90' lang='lat' dir='ltr'>enim</span> <span class='ocrx_word' id='word_1_440' title='bbox 1874 1054 2006 1085; x_wconf 85' lang='lat' dir='ltr'>factum</span> <span class='ocrx_word' id='word_1_441' title='bbox 2031 1063 2105 1084; x_wconf 86' lang='lat' dir='ltr'>ma-</span> 
     </span>
     <span class='ocr_line' id='line_1_71' title="bbox 1117 1102 2107 1147; baseline -0.001 -11"><span class='ocrx_word' id='word_1_442' title='bbox 1117 1103 1250 1136; x_wconf 77' lang='lat' dir='ltr'>ximam</span> <span class='ocrx_word' id='word_1_443' title='bbox 1268 1104 1409 1136; x_wconf 89' lang='lat' dir='ltr'>laudem</span> <span class='ocrx_word' id='word_1_444' title='bbox 1431 1105 1653 1144; x_wconf 86' lang='lat' dir='ltr'>merebatur,</span> <span class='ocrx_word' id='word_1_445' title='bbox 1681 1116 1760 1136; x_wconf 89' lang='lat' dir='ltr'>cum</span> <span class='ocrx_word' id='word_1_446' title='bbox 1779 1104 1815 1135; x_wconf 91' lang='lat' dir='ltr'>in</span> <span class='ocrx_word' id='word_1_447' title='bbox 1833 1103 2012 1147; x_wconf 82' lang='lat' dir='ltr'>republica</span> <span class='ocrx_word' id='word_1_448' title='bbox 2030 1102 2107 1135; x_wconf 91' lang='lat' dir='ltr'>nul-</span> 
     </span>
     <span class='ocr_line' id='line_1_72' title="bbox 1117 1153 2108 1198; baseline -0.001 -12"><span class='ocrx_word' id='word_1_449' title='bbox 1117 1155 1189 1187; x_wconf 91' lang='lat' dir='ltr'>lum</span> <span class='ocrx_word' id='word_1_450' title='bbox 1214 1154 1410 1197; x_wconf 90' lang='lat' dir='ltr'>periculum</span> <span class='ocrx_word' id='word_1_451' title='bbox 1433 1154 1540 1187; x_wconf 85' lang='lat' dir='ltr'>suerit</span> <span class='ocrx_word' id='word_1_452' title='bbox 1564 1155 1726 1198; x_wconf 79' lang='lat' dir='ltr'>gravius,</span> <span class='ocrx_word' id='word_1_453' title='bbox 1761 1160 1822 1187; x_wconf 89' lang='lat' dir='ltr'>aut</span> <span class='ocrx_word' id='word_1_454' title='bbox 1847 1154 1961 1187; x_wconf 87' lang='lat' dir='ltr'>maius</span> <span class='ocrx_word' id='word_1_455' title='bbox 1986 1153 2108 1186; x_wconf 86' lang='lat' dir='ltr'>odium</span> 
     </span>
     <span class='ocr_line' id='line_1_73' title="bbox 1118 1204 2107 1248; baseline 0 -12"><span class='ocrx_word' id='word_1_456' title='bbox 1118 1205 1365 1237; x_wconf 90' lang='lat' dir='ltr'>coniuratione</span> <span class='ocrx_word' id='word_1_457' title='bbox 1383 1204 1567 1238; x_wconf 86' lang='lat' dir='ltr'>Catilinae.</span> <span class='ocrx_word' id='word_1_458' title='bbox 1627 1204 1816 1238; x_wconf 88' lang='lat' dir='ltr'>Interserta</span> <span class='ocrx_word' id='word_1_459' title='bbox 1840 1211 1891 1238; x_wconf 90' lang='lat' dir='ltr'>est</span> <span class='ocrx_word' id='word_1_460' title='bbox 1915 1204 2107 1248; x_wconf 87' lang='lat' dir='ltr'>amplifica—</span> 
     </span>
     <span class='ocr_line' id='line_1_74' title="bbox 1117 1255 2106 1299; baseline 0 -12"><span class='ocrx_word' id='word_1_461' title='bbox 1117 1255 1273 1288; x_wconf 87' lang='lat' dir='ltr'>tiuncula</span> <span class='ocrx_word' id='word_1_462' title='bbox 1292 1255 1345 1289; x_wconf 91' lang='lat' dir='ltr'>sui</span> <span class='ocrx_word' id='word_1_463' title='bbox 1361 1256 1455 1289; x_wconf 85' lang='lat' dir='ltr'>facti.</span> <span class='ocrx_word' id='word_1_464' title='bbox 1483 1255 1535 1299; x_wconf 12' lang='lat' dir='ltr'>*ln</span> <span class='ocrx_word' id='word_1_465' title='bbox 1552 1256 1620 1288; x_wconf 88' lang='lat' dir='ltr'>fine</span> <span class='ocrx_word' id='word_1_466' title='bbox 1638 1262 1689 1289; x_wconf 89' lang='lat' dir='ltr'>est</span> <span class='ocrx_word' id='word_1_467' title='bbox 1706 1256 1823 1289; x_wconf 86' lang='lat' dir='ltr'>brevis</span> <span class='ocrx_word' id='word_1_468' title='bbox 1841 1255 1983 1288; x_wconf 88' lang='lat' dir='ltr'>collatio</span> <span class='ocrx_word' id='word_1_469' title='bbox 1998 1255 2106 1288; x_wconf 89' lang='lat' dir='ltr'>Pom-</span> 
     </span>
     <span class='ocr_line' id='line_1_75' title="bbox 1117 1305 2105 1351; baseline 0 -13"><span class='ocrx_word' id='word_1_470' title='bbox 1117 1306 1189 1350; x_wconf 89' lang='lat' dir='ltr'>peii</span> <span class='ocrx_word' id='word_1_471' title='bbox 1205 1318 1284 1339; x_wconf 92' lang='lat' dir='ltr'>cum</span> <span class='ocrx_word' id='word_1_472' title='bbox 1301 1305 1490 1346; x_wconf 83' lang='lat' dir='ltr'>Africano,</span> <span class='ocrx_word' id='word_1_473' title='bbox 1518 1307 1625 1339; x_wconf 89' lang='lat' dir='ltr'>etiam</span> <span class='ocrx_word' id='word_1_474' title='bbox 1642 1307 1695 1340; x_wconf 90' lang='lat' dir='ltr'>sui</span> <span class='ocrx_word' id='word_1_475' title='bbox 1713 1313 1746 1339; x_wconf 90' lang='lat' dir='ltr'>et</span> <span class='ocrx_word' id='word_1_476' title='bbox 1762 1306 1895 1346; x_wconf 88' lang='lat' dir='ltr'>Laelii,</span> <span class='ocrx_word' id='word_1_477' title='bbox 1921 1305 2105 1351; x_wconf 89' lang='lat' dir='ltr'>requirens</span> 
     </span>
     <span class='ocr_line' id='line_1_76' title="bbox 1117 1356 2106 1403; baseline 0 -14"><span class='ocrx_word' id='word_1_478' title='bbox 1117 1358 1269 1390; x_wconf 84' lang='lat' dir='ltr'>eundem</span> <span class='ocrx_word' id='word_1_479' title='bbox 1299 1356 1336 1389; x_wconf 90' lang='lat' dir='ltr'>in</span> <span class='ocrx_word' id='word_1_480' title='bbox 1361 1357 1534 1401; x_wconf 89' lang='lat' dir='ltr'>Pompeio</span> <span class='ocrx_word' id='word_1_481' title='bbox 1567 1370 1746 1398; x_wconf 89' lang='lat' dir='ltr'>amorem,</span> <span class='ocrx_word' id='word_1_482' title='bbox 1784 1369 1890 1403; x_wconf 88' lang='lat' dir='ltr'>quem</span> <span class='ocrx_word' id='word_1_483' title='bbox 1919 1356 2106 1390; x_wconf 88' lang='lat' dir='ltr'>Africanus</span> 
     </span>
     <span class='ocr_line' id='line_1_77' title="bbox 1116 1406 1529 1452; baseline 0.005 -11"><span class='ocrx_word' id='word_1_484' title='bbox 1116 1420 1197 1452; x_wconf 82' lang='lat' dir='ltr'>erga</span> <span class='ocrx_word' id='word_1_485' title='bbox 1216 1407 1377 1441; x_wconf 89' lang='lat' dir='ltr'>Laelium</span> <span class='ocrx_word' id='word_1_486' title='bbox 1394 1406 1529 1443; x_wconf 84' lang='lat' dir='ltr'>habuit.</span> 
     </span>
    </p>
   </div>
   <div class='ocr_carea' id='block_1_11' title="bbox 1165 1524 2050 1611">
    <p class='ocr_par' dir='ltr' id='par_1_18' title="bbox 1165 1524 2050 1611">
     <span class='ocr_line' id='line_1_78' title="bbox 1165 1524 2050 1571; baseline 0 -11"><span class='ocrx_word' id='word_1_487' title='bbox 1165 1526 1485 1571; x_wconf 87' lang='lat' dir='ltr'>Argumentum</span> <span class='ocrx_word' id='word_1_488' title='bbox 1518 1532 1558 1559; x_wconf 90' lang='lat' dir='ltr'>et</span> <span class='ocrx_word' id='word_1_489' title='bbox 1593 1524 1769 1560; x_wconf 89' lang='lat' dir='ltr'>scholia</span> <span class='ocrx_word' id='word_1_490' title='bbox 1805 1526 1849 1559; x_wconf 92' lang='lat' dir='ltr'>in</span> <span class='ocrx_word' id='word_1_491' title='bbox 1882 1527 2050 1571; x_wconf 88' lang='lat' dir='ltr'>episto-</span> 
     </span>
     <span class='ocr_line' id='line_1_79' title="bbox 1507 1576 1711 1611; baseline 0.005 -1"><span class='ocrx_word' id='word_1_492' title='bbox 1507 1578 1595 1610; x_wconf 85' lang='lat' dir='ltr'>lam</span> <span class='ocrx_word' id='word_1_493' title='bbox 1622 1576 1711 1611; x_wconf 84' lang='lat' dir='ltr'>Vlll.</span> 
     </span>
    </p>
   </div>
   <div class='ocr_carea' id='block_1_12' title="bbox 1107 1659 2104 2370">
    <p class='ocr_par' dir='ltr' id='par_1_19' title="bbox 1108 1659 2104 2265">
     <span class='ocr_line' id='line_1_80' title="bbox 1215 1659 2102 1705; baseline 0.002 -12"><span class='ocrx_word' id='word_1_494' title='bbox 1215 1659 1282 1693; x_wconf 87' lang='lat' dir='ltr'>Iste</span> <span class='ocrx_word' id='word_1_495' title='bbox 1292 1659 1338 1705; x_wconf 72' lang='lat'>59)</span> <span class='ocrx_word' id='word_1_496' title='bbox 1357 1666 1408 1693; x_wconf 90' lang='lat' dir='ltr'>est</span> <span class='ocrx_word' id='word_1_497' title='bbox 1426 1659 1573 1694; x_wconf 88' lang='lat' dir='ltr'>Crassus</span> <span class='ocrx_word' id='word_1_498' title='bbox 1590 1660 1706 1699; x_wconf 84' lang='lat' dir='ltr'>dives,</span> <span class='ocrx_word' id='word_1_499' title='bbox 1736 1659 1797 1704; x_wconf 90' lang='lat' dir='ltr'>qui</span> <span class='ocrx_word' id='word_1_500' title='bbox 1810 1660 1876 1693; x_wconf 78' lang='lat' dir='ltr'>fuit,</span> <span class='ocrx_word' id='word_1_501' title='bbox 1893 1666 2102 1695; x_wconf 87' lang='lat' dir='ltr'>coaetaneus</span> 
     </span>
     <span class='ocr_line' id='line_1_81' title="bbox 1115 1710 2104 1752; baseline 0.001 -8"><span class='ocrx_word' id='word_1_502' title='bbox 1115 1711 1312 1750; x_wconf 87' lang='lat' dir='ltr'>Ciceronis,</span> <span class='ocrx_word' id='word_1_503' title='bbox 1341 1717 1374 1743; x_wconf 90' lang='lat' dir='ltr'>et</span> <span class='ocrx_word' id='word_1_504' title='bbox 1397 1718 1554 1745; x_wconf 79' lang='lat' dir='ltr'>versatus</span> <span class='ocrx_word' id='word_1_505' title='bbox 1581 1717 1632 1744; x_wconf 90' lang='lat' dir='ltr'>est</span> <span class='ocrx_word' id='word_1_506' title='bbox 1657 1710 1693 1742; x_wconf 93' lang='lat' dir='ltr'>in</span> <span class='ocrx_word' id='word_1_507' title='bbox 1717 1711 1796 1743; x_wconf 89' lang='lat' dir='ltr'>foro</span> <span class='ocrx_word' id='word_1_508' title='bbox 1823 1723 1901 1744; x_wconf 90' lang='lat' dir='ltr'>cum</span> <span class='ocrx_word' id='word_1_509' title='bbox 1921 1711 2104 1752; x_wconf 89' lang='lat' dir='ltr'>Cicerone,</span> 
     </span>
     <span class='ocr_line' id='line_1_82' title="bbox 1114 1761 2104 1805; baseline 0.001 -10"><span class='ocrx_word' id='word_1_510' title='bbox 1114 1775 1152 1795; x_wconf 90' lang='lat' dir='ltr'>ac</span> <span class='ocrx_word' id='word_1_511' title='bbox 1180 1763 1216 1795; x_wconf 90' lang='lat' dir='ltr'>in</span> <span class='ocrx_word' id='word_1_512' title='bbox 1241 1762 1361 1795; x_wconf 89' lang='lat' dir='ltr'>multis</span> <span class='ocrx_word' id='word_1_513' title='bbox 1382 1762 1532 1805; x_wconf 82' lang='lat' dir='ltr'>negotiis</span> <span class='ocrx_word' id='word_1_514' title='bbox 1557 1761 1693 1794; x_wconf 79' lang='lat' dir='ltr'>aditivit</span> <span class='ocrx_word' id='word_1_515' title='bbox 1714 1761 1932 1796; x_wconf 88' lang='lat' dir='ltr'>Ciceronem.</span> <span class='ocrx_word' id='word_1_516' title='bbox 1990 1763 2104 1796; x_wconf 87' lang='lat' dir='ltr'>Periit</span> 
     </span>
     <span class='ocr_line' id='line_1_83' title="bbox 1112 1811 2102 1852; baseline 0 -6"><span class='ocrx_word' id='word_1_517' title='bbox 1112 1814 1149 1846; x_wconf 89' lang='lat' dir='ltr'>in</span> <span class='ocrx_word' id='word_1_518' title='bbox 1166 1813 1258 1846; x_wconf 90' lang='lat' dir='ltr'>bello</span> <span class='ocrx_word' id='word_1_519' title='bbox 1277 1813 1443 1846; x_wconf 77' lang='lat' dir='ltr'>adversus</span> <span class='ocrx_word' id='word_1_520' title='bbox 1459 1811 1630 1852; x_wconf 89' lang='lat' dir='ltr'>Parthos,</span> <span class='ocrx_word' id='word_1_521' title='bbox 1657 1824 1727 1846; x_wconf 85' lang='lat' dir='ltr'>una</span> <span class='ocrx_word' id='word_1_522' title='bbox 1749 1825 1827 1846; x_wconf 89' lang='lat' dir='ltr'>cum</span> <span class='ocrx_word' id='word_1_523' title='bbox 1843 1813 1927 1846; x_wconf 87' lang='lat' dir='ltr'>filio.</span> <span class='ocrx_word' id='word_1_524' title='bbox 1979 1813 2102 1847; x_wconf 88' lang='lat' dir='ltr'>Defert</span> 
     </span>
     <span class='ocr_line' id='line_1_84' title="bbox 1112 1863 2102 1909; baseline 0 -11"><span class='ocrx_word' id='word_1_525' title='bbox 1112 1863 1168 1898; x_wconf 91' lang='lat' dir='ltr'>hic</span> <span class='ocrx_word' id='word_1_526' title='bbox 1190 1865 1220 1897; x_wconf 91' lang='lat' dir='ltr'>ei</span> <span class='ocrx_word' id='word_1_527' title='bbox 1237 1876 1298 1898; x_wconf 85' lang='lat' dir='ltr'>sua</span> <span class='ocrx_word' id='word_1_528' title='bbox 1324 1864 1457 1904; x_wconf 81' lang='lat' dir='ltr'>officia,</span> <span class='ocrx_word' id='word_1_529' title='bbox 1493 1871 1526 1897; x_wconf 90' lang='lat' dir='ltr'>et</span> <span class='ocrx_word' id='word_1_530' title='bbox 1552 1870 1692 1897; x_wconf 80' lang='lat' dir='ltr'>excusat</span> <span class='ocrx_word' id='word_1_531' title='bbox 1714 1863 1937 1907; x_wconf 87' lang='lat' dir='ltr'>superiorum</span> <span class='ocrx_word' id='word_1_532' title='bbox 1964 1870 2102 1909; x_wconf 90' lang='lat' dir='ltr'>tempo-</span> 
     </span>
     <span class='ocr_line' id='line_1_85' title="bbox 1111 1915 2102 1949; baseline -0.001 0"><span class='ocrx_word' id='word_1_533' title='bbox 1111 1929 1191 1949; x_wconf 90' lang='lat' dir='ltr'>rum</span> <span class='ocrx_word' id='word_1_534' title='bbox 1217 1915 1422 1949; x_wconf 87' lang='lat' dir='ltr'>simultates.</span> <span class='ocrx_word' id='word_1_535' title='bbox 1483 1915 1632 1948; x_wconf 91' lang='lat' dir='ltr'>Orditur</span> <span class='ocrx_word' id='word_1_536' title='bbox 1655 1920 1772 1947; x_wconf 86' lang='lat' dir='ltr'>autem</span> <span class='ocrx_word' id='word_1_537' title='bbox 1801 1925 1821 1946; x_wconf 88' lang='lat' dir='ltr'>a</span> <span class='ocrx_word' id='word_1_538' title='bbox 1845 1926 2102 1948; x_wconf 89' lang='lat' dir='ltr'>commemora-</span> 
     </span>
     <span class='ocr_line' id='line_1_86' title="bbox 1112 1964 2100 2013; baseline 0 -13"><span class='ocrx_word' id='word_1_539' title='bbox 1112 1968 1207 2000; x_wconf 86' lang='lat' dir='ltr'>tione</span> <span class='ocrx_word' id='word_1_540' title='bbox 1251 1966 1481 2004; x_wconf 87' lang='lat' dir='ltr'>meritorum;</span> <span class='ocrx_word' id='word_1_541' title='bbox 1532 1965 1658 1998; x_wconf 89' lang='lat' dir='ltr'>deinde</span> <span class='ocrx_word' id='word_1_542' title='bbox 1700 1964 1855 1997; x_wconf 68' lang='lat' dir='ltr'>breviter</span> <span class='ocrx_word' id='word_1_543' title='bbox 1898 1973 2039 2000; x_wconf 81' lang='lat' dir='ltr'>excusat</span> <span class='ocrx_word' id='word_1_544' title='bbox 2054 1966 2100 2013; x_wconf 80' lang='lat'>⁶⁰)</span> 
     </span>
     <span class='ocr_line' id='line_1_87' title="bbox 1110 2016 2100 2062; baseline -0.001 -10"><span class='ocrx_word' id='word_1_545' title='bbox 1110 2019 1323 2058; x_wconf 84' lang='lat' dir='ltr'>simultates,</span> <span class='ocrx_word' id='word_1_546' title='bbox 1366 2023 1400 2050; x_wconf 91' lang='lat' dir='ltr'>et</span> <span class='ocrx_word' id='word_1_547' title='bbox 1433 2017 1583 2060; x_wconf 91' lang='lat' dir='ltr'>opponit</span> <span class='ocrx_word' id='word_1_548' title='bbox 1614 2027 1779 2059; x_wconf 85' lang='lat' dir='ltr'>praesens</span> <span class='ocrx_word' id='word_1_549' title='bbox 1805 2016 1979 2056; x_wconf 88' lang='lat' dir='ltr'>studium;</span> <span class='ocrx_word' id='word_1_550' title='bbox 2020 2025 2100 2062; x_wconf 88' lang='lat' dir='ltr'>post</span> 
     </span>
     <span class='ocr_line' id='line_1_88' title="bbox 1110 2067 2097 2112; baseline -0.001 -10"><span class='ocrx_word' id='word_1_551' title='bbox 1110 2074 1386 2108; x_wconf 70' lang='lat' dir='ltr'>conmemorat,</span> <span class='ocrx_word' id='word_1_552' title='bbox 1428 2067 1553 2112; x_wconf 90' lang='lat' dir='ltr'>quanti</span> <span class='ocrx_word' id='word_1_553' title='bbox 1584 2078 1722 2110; x_wconf 85' lang='lat' dir='ltr'>semper</span> <span class='ocrx_word' id='word_1_554' title='bbox 1746 2079 1824 2099; x_wconf 87' lang='lat' dir='ltr'>eum</span> <span class='ocrx_word' id='word_1_555' title='bbox 1848 2068 1981 2102; x_wconf 85' lang='lat' dir='ltr'>fecerit.</span> <span class='ocrx_word' id='word_1_556' title='bbox 2048 2068 2097 2101; x_wconf 86' lang='lat' dir='ltr'>Ita</span> 
     </span>
     <span class='ocr_line' id='line_1_89' title="bbox 1109 2117 2099 2164; baseline -0.001 -11"><span class='ocrx_word' id='word_1_557' title='bbox 1109 2121 1207 2154; x_wconf 86' lang='lat' dir='ltr'>venit</span> <span class='ocrx_word' id='word_1_558' title='bbox 1224 2121 1266 2153; x_wconf 89' lang='lat' dir='ltr'>ad</span> <span class='ocrx_word' id='word_1_559' title='bbox 1283 2121 1330 2159; x_wconf 89' lang='lat' dir='ltr'>id,</span> <span class='ocrx_word' id='word_1_560' title='bbox 1359 2120 1454 2164; x_wconf 90' lang='lat' dir='ltr'>quod</span> <span class='ocrx_word' id='word_1_561' title='bbox 1470 2125 1521 2152; x_wconf 88' lang='lat' dir='ltr'>est</span> <span class='ocrx_word' id='word_1_562' title='bbox 1538 2117 1746 2162; x_wconf 86' lang='lat' dir='ltr'>principale,</span> <span class='ocrx_word' id='word_1_563' title='bbox 1763 2124 1801 2151; x_wconf 92' lang='lat' dir='ltr'>ut</span> <span class='ocrx_word' id='word_1_564' title='bbox 1820 2119 1953 2152; x_wconf 87' lang='lat' dir='ltr'>deserat</span> <span class='ocrx_word' id='word_1_565' title='bbox 1970 2131 2009 2152; x_wconf 88' lang='lat' dir='ltr'>ac</span> <span class='ocrx_word' id='word_1_566' title='bbox 2023 2120 2099 2163; x_wconf 87' lang='lat' dir='ltr'>pol-</span> 
     </span>
     <span class='ocr_line' id='line_1_90' title="bbox 1108 2167 2099 2214; baseline 0 -10"><span class='ocrx_word' id='word_1_567' title='bbox 1108 2172 1255 2205; x_wconf 87' lang='lat' dir='ltr'>liceatur</span> <span class='ocrx_word' id='word_1_568' title='bbox 1286 2170 1398 2203; x_wconf 84' lang='lat' dir='ltr'>officia</span> <span class='ocrx_word' id='word_1_569' title='bbox 1429 2182 1502 2203; x_wconf 88' lang='lat' dir='ltr'>sua.</span> <span class='ocrx_word' id='word_1_570' title='bbox 1563 2168 1673 2201; x_wconf 91' lang='lat' dir='ltr'>Addit</span> <span class='ocrx_word' id='word_1_571' title='bbox 1699 2167 1935 2213; x_wconf 88' lang='lat' dir='ltr'>epiphonema</span> <span class='ocrx_word' id='word_1_572' title='bbox 1961 2171 2099 2214; x_wconf 85' lang='lat' dir='ltr'>aptissi—</span> 
     </span>
     <span class='ocr_line' id='line_1_91' title="bbox 1108 2219 1664 2265; baseline -0.007 -9"><span class='ocrx_word' id='word_1_573' title='bbox 1108 2236 1206 2257; x_wconf 85' lang='lat' dir='ltr'>mum</span> <span class='ocrx_word' id='word_1_574' title='bbox 1235 2224 1277 2255; x_wconf 92' lang='lat' dir='ltr'>de</span> <span class='ocrx_word' id='word_1_575' title='bbox 1304 2223 1371 2255; x_wconf 82' lang='lat' dir='ltr'>side</span> <span class='ocrx_word' id='word_1_576' title='bbox 1398 2219 1664 2265; x_wconf 76' lang='lat' dir='ltr'>litterarumffl).</span> 
     </span>
    </p>

    <p class='ocr_par' dir='ltr' id='par_1_20' title="bbox 1107 2268 2095 2370">
     <span class='ocr_line' id='line_1_92' title="bbox 1210 2268 2095 2318; baseline -0.003 -10"><span class='ocrx_word' id='word_1_577' title='bbox 1210 2273 1240 2318; x_wconf 61' lang='grc' dir='ltr'>ξ.</span> <span class='ocrx_word' id='word_1_578' title='bbox 1260 2275 1291 2307; x_wconf 88' lang='grc'>1.</span> <span class='ocrx_word' id='word_1_579' title='bbox 1321 2275 1488 2314; x_wconf 70' lang='lat' dir='ltr'>Quantum</span> <span class='ocrx_word' id='word_1_580' title='bbox 1504 2283 1611 2305; x_wconf 80' lang='lat' dir='ltr'>meum</span> <span class='ocrx_word' id='word_1_581' title='bbox 1635 2268 1801 2317; x_wconf 73' lang='lat' dir='ltr'>studium]</span> <span class='ocrx_word' id='word_1_582' title='bbox 1830 2270 1912 2304; x_wconf 91' lang='lat' dir='ltr'>Sine</span> <span class='ocrx_word' id='word_1_583' title='bbox 1937 2272 2095 2313; x_wconf 84' lang='lat' dir='ltr'>exordio,</span> 
     </span>
     <span class='ocr_line' id='line_1_93' title="bbox 1107 2321 1766 2370; baseline -0.006 -11"><span class='ocrx_word' id='word_1_584' title='bbox 1107 2325 1324 2370; x_wconf 87' lang='lat' dir='ltr'>propositio:</span> <span class='ocrx_word' id='word_1_585' title='bbox 1353 2323 1550 2366; x_wconf 85' lang='lat' dir='ltr'>Diligenter</span> <span class='ocrx_word' id='word_1_586' title='bbox 1566 2321 1705 2355; x_wconf 84' lang='lat' dir='ltr'>defendi</span> <span class='ocrx_word' id='word_1_587' title='bbox 1722 2327 1766 2355; x_wconf 86' lang='lat' dir='ltr'>te.</span> 
     </span>
    </p>
   </div>
   <div class='ocr_carea' id='block_1_13' title="bbox 1138 2458 2092 2526">
    <p class='ocr_par' dir='ltr' id='par_1_21' title="bbox 1138 2458 2092 2526">
     <span class='ocr_line' id='line_1_94' title="bbox 1138 2458 2092 2492; baseline -0.006 -3"><span class='ocrx_word' id='word_1_588' title='bbox 1138 2465 1186 2492; x_wconf 78' lang='lat'>59)</span> <span class='ocrx_word' id='word_1_589' title='bbox 1206 2464 1275 2492; x_wconf 78' lang='lat' dir='ltr'>iste]</span> <span class='ocrx_word' id='word_1_590' title='bbox 1295 2462 1354 2485; x_wconf 83' lang='lat' dir='ltr'>huic</span> <span class='ocrx_word' id='word_1_591' title='bbox 1375 2460 1436 2484; x_wconf 83' lang='lat' dir='ltr'>voci</span> <span class='ocrx_word' id='word_1_592' title='bbox 1456 2459 1576 2483; x_wconf 81' lang='lat' dir='ltr'>inEditt.</span> <span class='ocrx_word' id='word_1_593' title='bbox 1595 2459 1679 2488; x_wconf 62' lang='lat'>1540..</span> <span class='ocrx_word' id='word_1_594' title='bbox 1702 2459 1789 2484; x_wconf 70' lang='lat'>1544..</span> <span class='ocrx_word' id='word_1_595' title='bbox 1810 2460 1895 2488; x_wconf 63' lang='lat'>1554„</span> <span class='ocrx_word' id='word_1_596' title='bbox 1916 2458 1989 2483; x_wconf 82' lang='lat'>1557.</span> <span class='ocrx_word' id='word_1_597' title='bbox 2012 2465 2092 2489; x_wconf 82' lang='lat' dir='ltr'>prae-</span> 
     </span>
     <span class='ocr_line' id='line_1_95' title="bbox 1175 2493 2056 2526; baseline -0.006 -3"><span class='ocrx_word' id='word_1_598' title='bbox 1175 2500 1228 2523; x_wconf 82' lang='lat' dir='ltr'>fixa</span> <span class='ocrx_word' id='word_1_599' title='bbox 1247 2498 1311 2521; x_wconf 83' lang='lat' dir='ltr'>suut</span> <span class='ocrx_word' id='word_1_600' title='bbox 1331 2495 1492 2526; x_wconf 68' lang='lat' dir='ltr'>epigraphes</span> <span class='ocrx_word' id='word_1_601' title='bbox 1515 2495 1614 2517; x_wconf 80' lang='lat' dir='ltr'>verba:</span> <span class='ocrx_word' id='word_1_602' title='bbox 1640 2494 1680 2518; x_wconf 83' lang='lat' dir='ltr'>M.</span> <span class='ocrx_word' id='word_1_603' title='bbox 1702 2494 1818 2518; x_wconf 76' lang='lat' dir='ltr'>Licinio</span> <span class='ocrx_word' id='word_1_604' title='bbox 1838 2494 1868 2518; x_wconf 85' lang='grc' dir='ltr'>Ρ.</span> <span class='ocrx_word' id='word_1_605' title='bbox 1888 2494 1921 2517; x_wconf 85' lang='lat' dir='ltr'>F.</span> <span class='ocrx_word' id='word_1_606' title='bbox 1941 2493 2056 2518; x_wconf 79' lang='lat' dir='ltr'>Crasso.</span> 
     </span>
    </p>
   </div>
   <div class='ocr_carea' id='block_1_14' title="bbox 1135 2544 2090 2649">
    <p class='ocr_par' dir='ltr' id='par_1_22' title="bbox 1135 2544 2090 2649">
     <span class='ocr_line' id='line_1_96' title="bbox 1135 2544 2089 2578; baseline -0.006 -4"><span class='ocrx_word' id='word_1_607' title='bbox 1135 2552 1182 2578; x_wconf 83' lang='lat'>60)</span> <span class='ocrx_word' id='word_1_608' title='bbox 1203 2549 1366 2573; x_wconf 76' lang='lat' dir='ltr'>simultates.</span> <span class='ocrx_word' id='word_1_609' title='bbox 1404 2545 1517 2570; x_wconf 74' lang='lat' dir='ltr'>orditur</span> <span class='ocrx_word' id='word_1_610' title='bbox 1540 2546 1630 2568; x_wconf 83' lang='lat' dir='ltr'>autem</span> <span class='ocrx_word' id='word_1_611' title='bbox 1655 2550 1672 2568; x_wconf 83' lang='lat' dir='ltr'>a</span> <span class='ocrx_word' id='word_1_612' title='bbox 1698 2544 1953 2568; x_wconf 80' lang='lat' dir='ltr'>commemoratione</span> <span class='ocrx_word' id='word_1_613' title='bbox 1975 2544 2089 2568; x_wconf 78' lang='lat' dir='ltr'>mei-ito-</span> 
     </span>
     <span class='ocr_line' id='line_1_97' title="bbox 1170 2578 2090 2611; baseline -0.005 -3"><span class='ocrx_word' id='word_1_614' title='bbox 1170 2591 1246 2611; x_wconf 83' lang='lat' dir='ltr'>rum;</span> <span class='ocrx_word' id='word_1_615' title='bbox 1272 2583 1369 2606; x_wconf 84' lang='lat' dir='ltr'>deiude</span> <span class='ocrx_word' id='word_1_616' title='bbox 1388 2581 1507 2604; x_wconf 86' lang='lat' dir='ltr'>breviter</span> <span class='ocrx_word' id='word_1_617' title='bbox 1530 2580 1658 2607; x_wconf 83' lang='lat' dir='ltr'>excusat]</span> <span class='ocrx_word' id='word_1_618' title='bbox 1677 2579 1743 2602; x_wconf 83' lang='lat' dir='ltr'>haec</span> <span class='ocrx_word' id='word_1_619' title='bbox 1762 2580 1845 2602; x_wconf 82' lang='lat' dir='ltr'>verba</span> <span class='ocrx_word' id='word_1_620' title='bbox 1863 2578 1891 2602; x_wconf 83' lang='lat' dir='ltr'>iu</span> <span class='ocrx_word' id='word_1_621' title='bbox 1903 2579 1987 2603; x_wconf 71' lang='lat' dir='ltr'>Etti&#39;tt.</span> <span class='ocrx_word' id='word_1_622' title='bbox 2004 2579 2090 2607; x_wconf 63' lang='lat'>1540..</span> 
     </span>
     <span class='ocr_line' id='line_1_98' title="bbox 1171 2613 1976 2649; baseline -0.007 -7"><span class='ocrx_word' id='word_1_623' title='bbox 1171 2619 1260 2649; x_wconf 55' lang='lat'>1544„</span> <span class='ocrx_word' id='word_1_624' title='bbox 1282 2617 1372 2647; x_wconf 53' lang='lat'>1554,</span> <span class='ocrx_word' id='word_1_625' title='bbox 1394 2614 1466 2638; x_wconf 79' lang='lat'>1557.</span> <span class='ocrx_word' id='word_1_626' title='bbox 1487 2620 1584 2637; x_wconf 81' lang='lat' dir='ltr'>errore</span> <span class='ocrx_word' id='word_1_627' title='bbox 1603 2615 1764 2644; x_wconf 59' lang='lat' dir='ltr'>typothetae</span> <span class='ocrx_word' id='word_1_628' title='bbox 1783 2613 1885 2636; x_wconf 81' lang='lat' dir='ltr'>omissa</span> <span class='ocrx_word' id='word_1_629' title='bbox 1903 2614 1976 2636; x_wconf 84' lang='lat' dir='ltr'>sunt.</span> 
     </span>
    </p>
   </div>
   <div class='ocr_carea' id='block_1_15' title="bbox 1132 2664 2091 2733">
    <p class='ocr_par' dir='ltr' id='par_1_23' title="bbox 1132 2664 2091 2733">
     <span class='ocr_line' id='line_1_99' title="bbox 1132 2664 2091 2698; baseline -0.004 -6"><span class='ocrx_word' id='word_1_630' title='bbox 1132 2672 1180 2698; x_wconf 82' lang='lat'>61)</span> <span class='ocrx_word' id='word_1_631' title='bbox 1201 2670 1257 2693; x_wconf 84' lang='lat' dir='ltr'>Hoc</span> <span class='ocrx_word' id='word_1_632' title='bbox 1284 2668 1472 2698; x_wconf 66' lang='lat' dir='ltr'>argumentum</span> <span class='ocrx_word' id='word_1_633' title='bbox 1498 2666 1525 2689; x_wconf 85' lang='lat' dir='ltr'>in</span> <span class='ocrx_word' id='word_1_634' title='bbox 1544 2665 1626 2689; x_wconf 85' lang='lat' dir='ltr'>Editt.</span> <span class='ocrx_word' id='word_1_635' title='bbox 1649 2664 1860 2695; x_wconf 76' lang='lat'>1537-1534.‚</span> <span class='ocrx_word' id='word_1_636' title='bbox 1885 2664 1976 2695; x_wconf 59' lang='lat'>1557„</span> <span class='ocrx_word' id='word_1_637' title='bbox 2006 2664 2091 2691; x_wconf 72' lang='lat'>1560..</span> 
     </span>
     <span class='ocr_line' id='line_1_100' title="bbox 1168 2699 1636 2733; baseline -0.011 -5"><span class='ocrx_word' id='word_1_638' title='bbox 1168 2704 1272 2728; x_wconf 79' lang='lat'>1565-</span> <span class='ocrx_word' id='word_1_639' title='bbox 1283 2703 1356 2727; x_wconf 72' lang='grc'><strong>1596.</strong></span> <span class='ocrx_word' id='word_1_640' title='bbox 1367 2719 1374 2733; x_wconf 82' lang='grc'>,</span> <span class='ocrx_word' id='word_1_641' title='bbox 1396 2701 1468 2725; x_wconf 85' lang='grc'><strong>1601.</strong></span> <span class='ocrx_word' id='word_1_642' title='bbox 1488 2699 1636 2724; x_wconf 82' lang='lat' dir='ltr'>invenitur.</span> 
     </span>
    </p>
   </div>
  </div>
 </body>
</html>
