<?xml version="1.0" encoding="UTF-8"?>
<!DOCTYPE html PUBLIC "-//W3C//DTD XHTML 1.0 Transitional//EN"
    "http://www.w3.org/TR/xhtml1/DTD/xhtml1-transitional.dtd">
<html xmlns="http://www.w3.org/1999/xhtml" xml:lang="en" lang="en">
 <head>
  <title>
</title>
<meta http-equiv="Content-Type" content="text/html;charset=utf-8" />
  <meta name='ocr-system' content='tesseract 3.04.00' />
  <meta name='ocr-capabilities' content='ocr_page ocr_carea ocr_par ocr_line ocrx_word'/>
</head>
<body>
  <div class='ocr_page' id='page_1' title='image "./operaquaesupersu17melauoft/operaquaesupersu17melauoft_0222.png"; bbox 0 0 2351 2990; ppageno 0'>
   <div class='ocr_carea' id='block_1_1' title="bbox 199 132 1179 258">
    <p class='ocr_par' dir='ltr' id='par_1_1' title="bbox 199 132 1179 258">
     <span class='ocr_line' id='line_1_1' title="bbox 199 132 270 166; baseline -0.028 0"><span class='ocrx_word' id='word_1_1' title='bbox 199 132 270 166; x_wconf 62' lang='lat'>411.)</span> 
     </span>
     <span class='ocr_line' id='line_1_2' title="bbox 870 208 1179 258; baseline -0.016 -12"><span class='ocrx_word' id='word_1_2' title='bbox 870 215 938 256; x_wconf 75' lang='lat' dir='ltr'>Eyo</span> <span class='ocrx_word' id='word_1_3' title='bbox 960 208 1045 258; x_wconf 70' lang='lat' dir='ltr'>tetis]</span> <span class='ocrx_word' id='word_1_4' title='bbox 1071 209 1179 243; x_wconf 84' lang='lat' dir='ltr'>Polli-</span> 
     </span>
    </p>
   </div>
   <div class='ocr_carea' id='block_1_2' title="bbox 201 213 795 311">
    <p class='ocr_par' dir='ltr' id='par_1_2' title="bbox 201 213 795 311">
     <span class='ocr_line' id='line_1_3' title="bbox 201 213 795 248; baseline -0.005 0"><span class='ocrx_word' id='word_1_5' title='bbox 201 216 372 248; x_wconf 66' lang='lat' dir='ltr'>teudeutla</span> <span class='ocrx_word' id='word_1_6' title='bbox 399 217 459 248; x_wconf 72' lang='lat' dir='ltr'>adx</span> <span class='ocrx_word' id='word_1_7' title='bbox 470 227 565 248; x_wconf 87' lang='lat' dir='ltr'>ersus</span> <span class='ocrx_word' id='word_1_8' title='bbox 587 213 795 247; x_wconf 77' lang='lat' dir='ltr'>Antonium.</span> 
     </span>
     <span class='ocr_line' id='line_1_4' title="bbox 201 266 578 311; baseline 0.003 -14"><span class='ocrx_word' id='word_1_9' title='bbox 201 267 318 298; x_wconf 57' lang='lat' dir='ltr'>cli-&lt;titi</span> <span class='ocrx_word' id='word_1_10' title='bbox 338 267 388 299; x_wconf 70' lang='lat' dir='ltr'>Stil</span> <span class='ocrx_word' id='word_1_11' title='bbox 409 266 510 299; x_wconf 66' lang='lat' dir='ltr'>oflicii</span> <span class='ocrx_word' id='word_1_12' title='bbox 525 266 578 311; x_wconf 62' lang='grc'>19).</span> 
     </span>
    </p>
   </div>
   <div class='ocr_carea' id='block_1_3' title="bbox 493 352 883 398">
    <p class='ocr_par' dir='ltr' id='par_1_3' title="bbox 493 352 883 398">
     <span class='ocr_line' id='line_1_5' title="bbox 493 352 883 398; baseline -0.013 -10"><span class='ocrx_word' id='word_1_13' title='bbox 493 356 521 388; x_wconf 79' lang='lat' dir='ltr'>A</span> <span class='ocrx_word' id='word_1_14' title='bbox 534 368 550 388; x_wconf 87' lang='lat' dir='ltr'>r</span> <span class='ocrx_word' id='word_1_15' title='bbox 560 368 608 398; x_wconf 72' lang='lat' dir='ltr'>gu</span> <span class='ocrx_word' id='word_1_16' title='bbox 619 367 651 386; x_wconf 89' lang='lat' dir='ltr'>m</span> <span class='ocrx_word' id='word_1_17' title='bbox 664 366 679 385; x_wconf 94' lang='lat' dir='ltr'>e</span> <span class='ocrx_word' id='word_1_18' title='bbox 691 365 713 386; x_wconf 90' lang='lat' dir='ltr'>n</span> <span class='ocrx_word' id='word_1_19' title='bbox 725 359 767 385; x_wconf 92' lang='lat' dir='ltr'>tu</span> <span class='ocrx_word' id='word_1_20' title='bbox 778 365 810 385; x_wconf 91' lang='lat' dir='ltr'>m</span> <span class='ocrx_word' id='word_1_21' title='bbox 825 352 883 398; x_wconf 69' lang='lat'>²⁰).</span> 
     </span>
    </p>
   </div>
   <div class='ocr_carea' id='block_1_4' title="bbox 200 427 1189 1436">
    <p class='ocr_par' dir='ltr' id='par_1_4' title="bbox 200 427 1189 1436">
     <span class='ocr_line' id='line_1_6' title="bbox 305 427 1183 464; baseline -0.005 0"><span class='ocrx_word' id='word_1_22' title='bbox 305 432 392 464; x_wconf 86' lang='lat' dir='ltr'>Cum</span> <span class='ocrx_word' id='word_1_23' title='bbox 419 431 540 463; x_wconf 76' lang='lat' dir='ltr'>Cicero</span> <span class='ocrx_word' id='word_1_24' title='bbox 567 429 806 461; x_wconf 71' lang='lat' dir='ltr'>interfectores</span> <span class='ocrx_word' id='word_1_25' title='bbox 831 427 990 461; x_wconf 79' lang='lat' dir='ltr'>Caesaris</span> <span class='ocrx_word' id='word_1_26' title='bbox 1016 429 1183 461; x_wconf 77' lang='lat' dir='ltr'>adversus</span> 
     </span>
     <span class='ocr_line' id='line_1_7' title="bbox 203 478 1183 523; baseline -0.004 -8"><span class='ocrx_word' id='word_1_27' title='bbox 203 483 349 515; x_wconf 67' lang='lat' dir='ltr'>Antonii</span> <span class='ocrx_word' id='word_1_28' title='bbox 377 483 444 513; x_wconf 64' lang='lat' dir='ltr'>xim</span> <span class='ocrx_word' id='word_1_29' title='bbox 470 481 503 512; x_wconf 92' lang='lat' dir='ltr'>in</span> <span class='ocrx_word' id='word_1_30' title='bbox 527 486 649 512; x_wconf 86' lang='lat' dir='ltr'>senatu</span> <span class='ocrx_word' id='word_1_31' title='bbox 674 480 877 512; x_wconf 87' lang='lat' dir='ltr'>defenderet</span> <span class='ocrx_word' id='word_1_32' title='bbox 903 491 980 511; x_wconf 89' lang='lat' dir='ltr'>cum</span> <span class='ocrx_word' id='word_1_33' title='bbox 1005 479 1082 512; x_wconf 86' lang='lat' dir='ltr'>aliis</span> <span class='ocrx_word' id='word_1_34' title='bbox 1107 478 1183 523; x_wconf 87' lang='lat' dir='ltr'>qui-</span> 
     </span>
     <span class='ocr_line' id='line_1_8' title="bbox 203 529 1184 574; baseline -0.003 -9"><span class='ocrx_word' id='word_1_35' title='bbox 203 534 348 566; x_wconf 78' lang='lat' dir='ltr'>busdam</span> <span class='ocrx_word' id='word_1_36' title='bbox 374 530 585 574; x_wconf 74' lang='lat' dir='ltr'>reipublicae</span> <span class='ocrx_word' id='word_1_37' title='bbox 608 530 790 569; x_wconf 79' lang='lat' dir='ltr'>studiosis,</span> <span class='ocrx_word' id='word_1_38' title='bbox 824 531 978 563; x_wconf 87' lang='lat' dir='ltr'>minatus</span> <span class='ocrx_word' id='word_1_39' title='bbox 1001 536 1051 563; x_wconf 89' lang='lat' dir='ltr'>est</span> <span class='ocrx_word' id='word_1_40' title='bbox 1072 529 1184 562; x_wconf 89' lang='lat' dir='ltr'>Anto-</span> 
     </span>
     <span class='ocr_line' id='line_1_9' title="bbox 202 580 1184 626; baseline -0.003 -11"><span class='ocrx_word' id='word_1_41' title='bbox 202 584 280 616; x_wconf 87' lang='lat' dir='ltr'>nius</span> <span class='ocrx_word' id='word_1_42' title='bbox 299 583 417 626; x_wconf 60' lang='lat' dir='ltr'>illisffl)</span> <span class='ocrx_word' id='word_1_43' title='bbox 444 581 607 613; x_wconf 89' lang='lat' dir='ltr'>omnibus</span> <span class='ocrx_word' id='word_1_44' title='bbox 631 587 806 620; x_wconf 78' lang='lat' dir='ltr'>extrema,</span> <span class='ocrx_word' id='word_1_45' title='bbox 839 587 872 613; x_wconf 89' lang='lat' dir='ltr'>et</span> <span class='ocrx_word' id='word_1_46' title='bbox 893 580 1078 614; x_wconf 89' lang='lat' dir='ltr'>consilium</span> <span class='ocrx_word' id='word_1_47' title='bbox 1105 581 1184 614; x_wconf 91' lang='lat' dir='ltr'>sub-</span> 
     </span>
     <span class='ocr_line' id='line_1_10' title="bbox 202 630 1185 676; baseline -0.002 -11"><span class='ocrx_word' id='word_1_48' title='bbox 202 634 282 665; x_wconf 81' lang='lat' dir='ltr'>inde</span> <span class='ocrx_word' id='word_1_49' title='bbox 308 633 416 676; x_wconf 80' lang='lat' dir='ltr'>cepit,</span> <span class='ocrx_word' id='word_1_50' title='bbox 453 633 632 676; x_wconf 88' lang='lat' dir='ltr'>quomodo</span> <span class='ocrx_word' id='word_1_51' title='bbox 660 644 718 665; x_wconf 87' lang='lat' dir='ltr'>eos</span> <span class='ocrx_word' id='word_1_52' title='bbox 743 644 760 664; x_wconf 87' lang='lat' dir='ltr'>e</span> <span class='ocrx_word' id='word_1_53' title='bbox 785 632 902 664; x_wconf 90' lang='lat' dir='ltr'>medio</span> <span class='ocrx_word' id='word_1_54' title='bbox 929 632 1079 665; x_wconf 91' lang='lat' dir='ltr'>tolleret.</span> <span class='ocrx_word' id='word_1_55' title='bbox 1146 630 1185 663; x_wconf 92' lang='lat' dir='ltr'>Id</span> 
     </span>
     <span class='ocr_line' id='line_1_11' title="bbox 201 682 1185 726; baseline -0.001 -11"><span class='ocrx_word' id='word_1_56' title='bbox 201 684 457 726; x_wconf 71' lang='lat' dir='ltr'>significaturus</span> <span class='ocrx_word' id='word_1_57' title='bbox 492 682 614 715; x_wconf 83' lang='lat' dir='ltr'>Cicero</span> <span class='ocrx_word' id='word_1_58' title='bbox 641 682 760 716; x_wconf 90' lang='lat' dir='ltr'>Cassio</span> <span class='ocrx_word' id='word_1_59' title='bbox 793 682 1014 716; x_wconf 79' lang='lat' dir='ltr'>acerbissime</span> <span class='ocrx_word' id='word_1_60' title='bbox 1037 682 1185 715; x_wconf 81' lang='lat' dir='ltr'>Antonii</span> 
     </span>
     <span class='ocr_line' id='line_1_12' title="bbox 201 733 1186 778; baseline -0.001 -12"><span class='ocrx_word' id='word_1_61' title='bbox 201 734 405 767; x_wconf 71' lang='lat' dir='ltr'>violentiam</span> <span class='ocrx_word' id='word_1_62' title='bbox 433 733 639 771; x_wconf 80' lang='lat' dir='ltr'>insectatur,</span> <span class='ocrx_word' id='word_1_63' title='bbox 667 740 700 766; x_wconf 87' lang='lat' dir='ltr'>et</span> <span class='ocrx_word' id='word_1_64' title='bbox 723 739 997 773; x_wconf 75' lang='lat' dir='ltr'>commemorat,</span> <span class='ocrx_word' id='word_1_65' title='bbox 1031 733 1092 778; x_wconf 87' lang='lat' dir='ltr'>qui</span> <span class='ocrx_word' id='word_1_66' title='bbox 1116 733 1186 766; x_wconf 89' lang='lat' dir='ltr'>sint</span> 
     </span>
     <span class='ocr_line' id='line_1_13' title="bbox 201 784 1185 828; baseline -0.002 -10"><span class='ocrx_word' id='word_1_67' title='bbox 201 791 398 823; x_wconf 86' lang='lat' dir='ltr'>senatores,</span> <span class='ocrx_word' id='word_1_68' title='bbox 439 784 497 828; x_wconf 85' lang='lat' dir='ltr'>qui</span> <span class='ocrx_word' id='word_1_69' title='bbox 533 784 641 817; x_wconf 89' lang='lat' dir='ltr'>libere</span> <span class='ocrx_word' id='word_1_70' title='bbox 664 784 822 817; x_wconf 85' lang='lat' dir='ltr'>Antonio</span> <span class='ocrx_word' id='word_1_71' title='bbox 854 784 1035 824; x_wconf 81' lang='lat' dir='ltr'>resistant,</span> <span class='ocrx_word' id='word_1_72' title='bbox 1075 790 1115 817; x_wconf 91' lang='lat' dir='ltr'>ut</span> <span class='ocrx_word' id='word_1_73' title='bbox 1144 796 1185 816; x_wconf 90' lang='lat' dir='ltr'>eo</span> 
     </span>
     <span class='ocr_line' id='line_1_14' title="bbox 200 835 1184 879; baseline -0.002 -11"><span class='ocrx_word' id='word_1_74' title='bbox 200 836 310 879; x_wconf 80' lang='lat' dir='ltr'>magis</span> <span class='ocrx_word' id='word_1_75' title='bbox 328 835 508 868; x_wconf 83' lang='lat' dir='ltr'>extimulet</span> <span class='ocrx_word' id='word_1_76' title='bbox 530 836 688 869; x_wconf 91' lang='lat' dir='ltr'>animum</span> <span class='ocrx_word' id='word_1_77' title='bbox 708 835 817 869; x_wconf 90' lang='lat' dir='ltr'>Cassii</span> <span class='ocrx_word' id='word_1_78' title='bbox 839 837 882 868; x_wconf 89' lang='lat' dir='ltr'>ad</span> <span class='ocrx_word' id='word_1_79' title='bbox 911 835 1184 879; x_wconf 89' lang='lat' dir='ltr'>opprimendum</span> 
     </span>
     <span class='ocr_line' id='line_1_15' title="bbox 200 884 1185 930; baseline -0.002 -11"><span class='ocrx_word' id='word_1_80' title='bbox 200 886 408 919; x_wconf 65' lang='lat' dir='ltr'>Antonium.</span> <span class='ocrx_word' id='word_1_81' title='bbox 456 885 637 929; x_wconf 81' lang='lat' dir='ltr'>Principio</span> <span class='ocrx_word' id='word_1_82' title='bbox 657 892 706 920; x_wconf 90' lang='lat' dir='ltr'>est</span> <span class='ocrx_word' id='word_1_83' title='bbox 723 886 882 919; x_wconf 87' lang='lat' dir='ltr'>narratio</span> <span class='ocrx_word' id='word_1_84' title='bbox 900 884 1088 930; x_wconf 79' lang='lat' dir='ltr'>patlietIca‚</span> <span class='ocrx_word' id='word_1_85' title='bbox 1117 897 1185 930; x_wconf 89' lang='lat' dir='ltr'>qua</span> 
     </span>
     <span class='ocr_line' id='line_1_16' title="bbox 201 935 1186 983; baseline -0.003 -13"><span class='ocrx_word' id='word_1_86' title='bbox 201 937 448 983; x_wconf 50' lang='lat' dir='ltr'>detes-taumfl)</span> <span class='ocrx_word' id='word_1_87' title='bbox 469 936 664 970; x_wconf 79' lang='lat' dir='ltr'>Antonium</span> <span class='ocrx_word' id='word_1_88' title='bbox 682 944 715 969; x_wconf 91' lang='lat' dir='ltr'>et</span> <span class='ocrx_word' id='word_1_89' title='bbox 733 944 917 970; x_wconf 80' lang='lat' dir='ltr'>enumerat</span> <span class='ocrx_word' id='word_1_90' title='bbox 932 942 1112 970; x_wconf 77' lang='lat' dir='ltr'>senatores</span> <span class='ocrx_word' id='word_1_91' title='bbox 1136 935 1186 968; x_wconf 90' lang='lat' dir='ltr'>illi</span> 
     </span>
     <span class='ocr_line' id='line_1_17' title="bbox 202 985 1186 1025; baseline -0.002 -5"><span class='ocrx_word' id='word_1_92' title='bbox 202 990 438 1020; x_wconf 68' lang='lat' dir='ltr'>adversantes.</span> <span class='ocrx_word' id='word_1_93' title='bbox 475 987 611 1019; x_wconf 78' lang='lat' dir='ltr'>Deinde</span> <span class='ocrx_word' id='word_1_94' title='bbox 631 988 807 1021; x_wconf 82' lang='lat' dir='ltr'>concludit</span> <span class='ocrx_word' id='word_1_95' title='bbox 823 985 913 1020; x_wconf 86' lang='lat' dir='ltr'>hane</span> <span class='ocrx_word' id='word_1_96' title='bbox 930 987 1186 1025; x_wconf 80' lang='lat' dir='ltr'>narrationem,</span> 
     </span>
     <span class='ocr_line' id='line_1_18' title="bbox 203 1036 1187 1081; baseline -0.002 -11"><span class='ocrx_word' id='word_1_97' title='bbox 203 1045 234 1071; x_wconf 86' lang='lat' dir='ltr'>et</span> <span class='ocrx_word' id='word_1_98' title='bbox 253 1039 377 1070; x_wconf 77' lang='lat' dir='ltr'>transit</span> <span class='ocrx_word' id='word_1_99' title='bbox 395 1039 437 1070; x_wconf 93' lang='lat' dir='ltr'>ad</span> <span class='ocrx_word' id='word_1_100' title='bbox 457 1036 737 1071; x_wconf 56' lang='lat' dir='ltr'>exhortationem</span> <span class='ocrx_word' id='word_1_101' title='bbox 756 1039 996 1071; x_wconf 86' lang='lat' dir='ltr'>defendendae</span> <span class='ocrx_word' id='word_1_102' title='bbox 1019 1037 1187 1081; x_wconf 81' lang='lat' dir='ltr'>reipubli-</span> 
     </span>
     <span class='ocr_line' id='line_1_19' title="bbox 203 1086 1187 1133; baseline -0.001 -12"><span class='ocrx_word' id='word_1_103' title='bbox 203 1102 260 1121; x_wconf 77' lang='lat' dir='ltr'>rae</span> <span class='ocrx_word' id='word_1_104' title='bbox 273 1117 281 1129; x_wconf 93' lang='lat'>‚</span> <span class='ocrx_word' id='word_1_105' title='bbox 307 1089 341 1120; x_wconf 91' lang='lat' dir='ltr'>in</span> <span class='ocrx_word' id='word_1_106' title='bbox 361 1101 426 1133; x_wconf 77' lang='lat' dir='ltr'>qua</span> <span class='ocrx_word' id='word_1_107' title='bbox 445 1088 556 1121; x_wconf 87' lang='lat' dir='ltr'>utitur</span> <span class='ocrx_word' id='word_1_108' title='bbox 574 1086 639 1121; x_wconf 77' lang='lat' dir='ltr'>lioc</span> <span class='ocrx_word' id='word_1_109' title='bbox 658 1087 937 1133; x_wconf 62' lang='lat' dir='ltr'>enthymemate:</span> <span class='ocrx_word' id='word_1_110' title='bbox 967 1088 1077 1121; x_wconf 83' lang='lat' dir='ltr'>Pauci</span> <span class='ocrx_word' id='word_1_111' title='bbox 1095 1094 1187 1127; x_wconf 88' lang='lat' dir='ltr'>sunt,</span> 
     </span>
     <span class='ocr_line' id='line_1_20' title="bbox 203 1139 1186 1184; baseline -0.001 -13"><span class='ocrx_word' id='word_1_112' title='bbox 203 1140 263 1184; x_wconf 81' lang='lat' dir='ltr'>qui</span> <span class='ocrx_word' id='word_1_113' title='bbox 299 1139 553 1183; x_wconf 83' lang='lat' dir='ltr'>rempublicam</span> <span class='ocrx_word' id='word_1_114' title='bbox 589 1140 722 1172; x_wconf 70' lang='lat' dir='ltr'>salvam</span> <span class='ocrx_word' id='word_1_115' title='bbox 760 1152 832 1172; x_wconf 89' lang='lat' dir='ltr'>esse</span> <span class='ocrx_word' id='word_1_116' title='bbox 867 1140 976 1172; x_wconf 63' lang='lat' dir='ltr'>velint</span> <span class='ocrx_word' id='word_1_117' title='bbox 1011 1146 1072 1172; x_wconf 88' lang='lat' dir='ltr'>aut</span> <span class='ocrx_word' id='word_1_118' title='bbox 1109 1151 1186 1171; x_wconf 88' lang='lat' dir='ltr'>eam</span> 
     </span>
     <span class='ocr_line' id='line_1_21' title="bbox 202 1190 1188 1234; baseline -0.001 -12"><span class='ocrx_word' id='word_1_119' title='bbox 202 1196 385 1223; x_wconf 87' lang='lat' dir='ltr'>tueantur:</span> <span class='ocrx_word' id='word_1_120' title='bbox 429 1201 512 1233; x_wconf 84' lang='lat' dir='ltr'>ergo</span> <span class='ocrx_word' id='word_1_121' title='bbox 536 1190 635 1223; x_wconf 72' lang='lat' dir='ltr'>vobis</span> <span class='ocrx_word' id='word_1_122' title='bbox 661 1203 701 1223; x_wconf 91' lang='lat' dir='ltr'>eo</span> <span class='ocrx_word' id='word_1_123' title='bbox 729 1190 830 1223; x_wconf 88' lang='lat' dir='ltr'>citius</span> <span class='ocrx_word' id='word_1_124' title='bbox 856 1203 962 1234; x_wconf 88' lang='lat' dir='ltr'>opera</span> <span class='ocrx_word' id='word_1_125' title='bbox 987 1190 1103 1222; x_wconf 89' lang='lat' dir='ltr'>danda</span> <span class='ocrx_word' id='word_1_126' title='bbox 1127 1195 1188 1229; x_wconf 89' lang='lat' dir='ltr'>cst,</span> 
     </span>
     <span class='ocr_line' id='line_1_22' title="bbox 202 1239 1189 1283; baseline 0 -9"><span class='ocrx_word' id='word_1_127' title='bbox 202 1247 240 1274; x_wconf 87' lang='lat' dir='ltr'>ut</span> <span class='ocrx_word' id='word_1_128' title='bbox 275 1240 488 1283; x_wconf 69' lang='lat' dir='ltr'>reipublicae</span> <span class='ocrx_word' id='word_1_129' title='bbox 522 1240 624 1273; x_wconf 89' lang='lat' dir='ltr'>saluti</span> <span class='ocrx_word' id='word_1_130' title='bbox 660 1247 897 1275; x_wconf 85' lang='lat' dir='ltr'>succurratur.</span> <span class='ocrx_word' id='word_1_131' title='bbox 969 1239 1189 1274; x_wconf 87' lang='lat' dir='ltr'>Antecedens</span> 
     </span>
     <span class='ocr_line' id='line_1_23' title="bbox 203 1291 1189 1336; baseline -0.001 -13"><span class='ocrx_word' id='word_1_132' title='bbox 203 1292 387 1323; x_wconf 68' lang='lat' dir='ltr'>confirmat</span> <span class='ocrx_word' id='word_1_133' title='bbox 404 1292 506 1333; x_wconf 74' lang='lat' dir='ltr'>longa</span> <span class='ocrx_word' id='word_1_134' title='bbox 527 1291 744 1334; x_wconf 83' lang='lat' dir='ltr'>expositione</span> <span class='ocrx_word' id='word_1_135' title='bbox 762 1303 905 1331; x_wconf 87' lang='lat' dir='ltr'>eorum,</span> <span class='ocrx_word' id='word_1_136' title='bbox 939 1303 958 1323; x_wconf 92' lang='lat' dir='ltr'>a</span> <span class='ocrx_word' id='word_1_137' title='bbox 983 1291 1110 1336; x_wconf 78' lang='lat' dir='ltr'>quIbus</span> <span class='ocrx_word' id='word_1_138' title='bbox 1136 1291 1189 1323; x_wconf 86' lang='lat' dir='ltr'>ni-</span> 
     </span>
     <span class='ocr_line' id='line_1_24' title="bbox 203 1339 1189 1385; baseline -0.001 -11"><span class='ocrx_word' id='word_1_139' title='bbox 203 1340 253 1374; x_wconf 82' lang='lat' dir='ltr'>hil</span> <span class='ocrx_word' id='word_1_140' title='bbox 272 1354 399 1385; x_wconf 86' lang='lat' dir='ltr'>operae</span> <span class='ocrx_word' id='word_1_141' title='bbox 418 1343 632 1384; x_wconf 79' lang='lat' dir='ltr'>sperandum</span> <span class='ocrx_word' id='word_1_142' title='bbox 650 1342 704 1376; x_wconf 90' lang='lat' dir='ltr'>sit.</span> <span class='ocrx_word' id='word_1_143' title='bbox 757 1340 798 1374; x_wconf 88' lang='lat' dir='ltr'>In</span> <span class='ocrx_word' id='word_1_144' title='bbox 815 1342 882 1374; x_wconf 87' lang='lat' dir='ltr'>fine</span> <span class='ocrx_word' id='word_1_145' title='bbox 900 1339 1101 1374; x_wconf 81' lang='lat' dir='ltr'>exhortatio</span> <span class='ocrx_word' id='word_1_146' title='bbox 1126 1353 1189 1385; x_wconf 89' lang='lat' dir='ltr'>per</span> 
     </span>
     <span class='ocr_line' id='line_1_25' title="bbox 204 1392 584 1436; baseline 0 -11"><span class='ocrx_word' id='word_1_147' title='bbox 204 1392 369 1425; x_wconf 79' lang='lat' dir='ltr'>dilemma</span> <span class='ocrx_word' id='word_1_148' title='bbox 387 1392 501 1436; x_wconf 86' lang='lat' dir='ltr'>posita</span> <span class='ocrx_word' id='word_1_149' title='bbox 524 1399 584 1426; x_wconf 85' lang='lat' dir='ltr'>est.</span> 
     </span>
    </p>
   </div>
   <div class='ocr_carea' id='block_1_5' title="bbox 451 1482 949 1526">
    <p class='ocr_par' dir='ltr' id='par_1_5' title="bbox 451 1482 949 1526">
     <span class='ocr_line' id='line_1_26' title="bbox 451 1482 949 1526; baseline 0.002 -11"><span class='ocrx_word' id='word_1_150' title='bbox 451 1482 585 1516; x_wconf 91' lang='lat' dir='ltr'>Aliud</span> <span class='ocrx_word' id='word_1_151' title='bbox 621 1489 949 1526; x_wconf 85' lang='lat' dir='ltr'>argumentum.</span> 
     </span>
    </p>
   </div>
   <div class='ocr_carea' id='block_1_6' title="bbox 205 1557 1201 2358">
    <p class='ocr_par' dir='ltr' id='par_1_6' title="bbox 205 1557 1201 2358">
     <span class='ocr_line' id='line_1_27' title="bbox 306 1557 1191 1602; baseline -0.003 -11"><span class='ocrx_word' id='word_1_152' title='bbox 306 1558 533 1591; x_wconf 63' lang='lat' dir='ltr'>Nuntiatoria</span> <span class='ocrx_word' id='word_1_153' title='bbox 568 1565 618 1591; x_wconf 90' lang='lat' dir='ltr'>est</span> <span class='ocrx_word' id='word_1_154' title='bbox 650 1558 796 1602; x_wconf 89' lang='lat' dir='ltr'>epistola</span> <span class='ocrx_word' id='word_1_155' title='bbox 829 1559 871 1590; x_wconf 88' lang='lat' dir='ltr'>de</span> <span class='ocrx_word' id='word_1_156' title='bbox 897 1557 1046 1590; x_wconf 91' lang='lat' dir='ltr'>Antonii</span> <span class='ocrx_word' id='word_1_157' title='bbox 1070 1563 1191 1601; x_wconf 76' lang='lat' dir='ltr'>tyran-</span> 
     </span>
     <span class='ocr_line' id='line_1_28' title="bbox 205 1607 1190 1653; baseline -0.003 -12"><span class='ocrx_word' id='word_1_158' title='bbox 205 1609 308 1647; x_wconf 82' lang='lat' dir='ltr'>nide,</span> <span class='ocrx_word' id='word_1_159' title='bbox 349 1609 409 1653; x_wconf 93' lang='lat' dir='ltr'>qui</span> <span class='ocrx_word' id='word_1_160' title='bbox 443 1610 634 1641; x_wconf 87' lang='lat' dir='ltr'>admodum</span> <span class='ocrx_word' id='word_1_161' title='bbox 667 1610 802 1648; x_wconf 81' lang='lat' dir='ltr'>studet,</span> <span class='ocrx_word' id='word_1_162' title='bbox 842 1615 982 1652; x_wconf 87' lang='lat' dir='ltr'>praeter</span> <span class='ocrx_word' id='word_1_163' title='bbox 1006 1607 1073 1641; x_wconf 81' lang='lat' dir='ltr'>alia</span> <span class='ocrx_word' id='word_1_164' title='bbox 1097 1607 1190 1639; x_wconf 87' lang='lat' dir='ltr'>mala</span> 
     </span>
     <span class='ocr_line' id='line_1_29' title="bbox 207 1657 1192 1703; baseline -0.001 -13"><span class='ocrx_word' id='word_1_165' title='bbox 207 1660 352 1703; x_wconf 86' lang='lat' dir='ltr'>aliquod</span> <span class='ocrx_word' id='word_1_166' title='bbox 377 1659 492 1691; x_wconf 79' lang='lat' dir='ltr'>caedis</span> <span class='ocrx_word' id='word_1_167' title='bbox 516 1659 654 1692; x_wconf 86' lang='lat' dir='ltr'>initium</span> <span class='ocrx_word' id='word_1_168' title='bbox 678 1660 808 1697; x_wconf 81' lang='lat' dir='ltr'>saeere;</span> <span class='ocrx_word' id='word_1_169' title='bbox 843 1659 925 1691; x_wconf 88' lang='lat' dir='ltr'>item</span> <span class='ocrx_word' id='word_1_170' title='bbox 951 1660 993 1691; x_wconf 87' lang='lat' dir='ltr'>de</span> <span class='ocrx_word' id='word_1_171' title='bbox 1017 1657 1192 1703; x_wconf 82' lang='lat' dir='ltr'>paucitate</span> 
     </span>
     <span class='ocr_line' id='line_1_30' title="bbox 209 1710 1193 1753; baseline -0.002 -11"><span class='ocrx_word' id='word_1_172' title='bbox 209 1721 344 1749; x_wconf 87' lang='lat' dir='ltr'>eorum,</span> <span class='ocrx_word' id='word_1_173' title='bbox 366 1710 424 1753; x_wconf 81' lang='lat' dir='ltr'>qui</span> <span class='ocrx_word' id='word_1_174' title='bbox 444 1710 562 1741; x_wconf 86' lang='lat' dir='ltr'>animo</span> <span class='ocrx_word' id='word_1_175' title='bbox 583 1710 768 1742; x_wconf 77' lang='lat' dir='ltr'>existerent</span> <span class='ocrx_word' id='word_1_176' title='bbox 784 1710 820 1742; x_wconf 86' lang='lat' dir='ltr'>in</span> <span class='ocrx_word' id='word_1_177' title='bbox 838 1711 1090 1753; x_wconf 83' lang='lat' dir='ltr'>rempublicam</span> <span class='ocrx_word' id='word_1_178' title='bbox 1111 1720 1193 1741; x_wconf 91' lang='lat' dir='ltr'>con-</span> 
     </span>
     <span class='ocr_line' id='line_1_31' title="bbox 208 1759 1192 1793; baseline -0.003 0"><span class='ocrx_word' id='word_1_179' title='bbox 208 1760 327 1793; x_wconf 84' lang='lat' dir='ltr'>sulari.</span> <span class='ocrx_word' id='word_1_180' title='bbox 393 1759 586 1792; x_wconf 71' lang='lat' dir='ltr'>Exordium</span> <span class='ocrx_word' id='word_1_181' title='bbox 620 1760 770 1793; x_wconf 87' lang='lat' dir='ltr'>sumitur</span> <span class='ocrx_word' id='word_1_182' title='bbox 794 1773 812 1792; x_wconf 89' lang='lat' dir='ltr'>a</span> <span class='ocrx_word' id='word_1_183' title='bbox 843 1760 1046 1793; x_wconf 85' lang='lat' dir='ltr'>laudatione</span> <span class='ocrx_word' id='word_1_184' title='bbox 1073 1759 1192 1792; x_wconf 88' lang='lat' dir='ltr'>iudicii</span> 
     </span>
     <span class='ocr_line' id='line_1_32' title="bbox 210 1808 1192 1854; baseline -0.001 -12"><span class='ocrx_word' id='word_1_185' title='bbox 210 1810 319 1843; x_wconf 84' lang='lat' dir='ltr'>Cassii</span> <span class='ocrx_word' id='word_1_186' title='bbox 337 1811 377 1842; x_wconf 83' lang='lat' dir='ltr'>de</span> <span class='ocrx_word' id='word_1_187' title='bbox 394 1808 588 1853; x_wconf 81' lang='lat' dir='ltr'>Philippica</span> <span class='ocrx_word' id='word_1_188' title='bbox 608 1811 798 1844; x_wconf 75' lang='lat' dir='ltr'>Ciceronis.</span> <span class='ocrx_word' id='word_1_189' title='bbox 852 1810 1019 1844; x_wconf 86' lang='lat' dir='ltr'>Narratio</span> <span class='ocrx_word' id='word_1_190' title='bbox 1038 1810 1192 1854; x_wconf 89' lang='lat' dir='ltr'>primum</span> 
     </span>
     <span class='ocr_line' id='line_1_33' title="bbox 211 1860 1194 1904; baseline 0 -12"><span class='ocrx_word' id='word_1_191' title='bbox 211 1861 366 1893; x_wconf 68' lang='lat' dir='ltr'>eontinet</span> <span class='ocrx_word' id='word_1_192' title='bbox 384 1860 665 1894; x_wconf 82' lang='lat' dir='ltr'>criminationem</span> <span class='ocrx_word' id='word_1_193' title='bbox 684 1861 850 1900; x_wconf 86' lang='lat' dir='ltr'>Antonii,</span> <span class='ocrx_word' id='word_1_194' title='bbox 879 1862 915 1893; x_wconf 93' lang='lat' dir='ltr'>in</span> <span class='ocrx_word' id='word_1_195' title='bbox 940 1862 1037 1895; x_wconf 90' lang='lat' dir='ltr'>cuius</span> <span class='ocrx_word' id='word_1_196' title='bbox 1062 1861 1194 1904; x_wconf 86' lang='lat' dir='ltr'>impro-</span> 
     </span>
     <span class='ocr_line' id='line_1_34' title="bbox 210 1910 1195 1954; baseline 0 -11"><span class='ocrx_word' id='word_1_197' title='bbox 210 1911 354 1944; x_wconf 74' lang='lat' dir='ltr'>bitatem</span> <span class='ocrx_word' id='word_1_198' title='bbox 381 1912 482 1954; x_wconf 87' lang='lat' dir='ltr'>pauci</span> <span class='ocrx_word' id='word_1_199' title='bbox 507 1912 581 1944; x_wconf 87' lang='lat' dir='ltr'>ausi</span> <span class='ocrx_word' id='word_1_200' title='bbox 605 1919 686 1945; x_wconf 91' lang='lat' dir='ltr'>sunt</span> <span class='ocrx_word' id='word_1_201' title='bbox 708 1910 892 1950; x_wconf 74' lang='lat' dir='ltr'>invehere3</span> <span class='ocrx_word' id='word_1_202' title='bbox 926 1912 1009 1944; x_wconf 83' lang='lat' dir='ltr'>item</span> <span class='ocrx_word' id='word_1_203' title='bbox 1030 1918 1195 1944; x_wconf 80' lang='lat' dir='ltr'>extenua-</span> 
     </span>
     <span class='ocr_line' id='line_1_35' title="bbox 213 1961 1196 2007; baseline -0.001 -13"><span class='ocrx_word' id='word_1_204' title='bbox 213 1962 343 1994; x_wconf 83' lang='lat' dir='ltr'>tionem</span> <span class='ocrx_word' id='word_1_205' title='bbox 365 1962 553 2001; x_wconf 85' lang='lat' dir='ltr'>orationis,</span> <span class='ocrx_word' id='word_1_206' title='bbox 582 1976 686 2007; x_wconf 87' lang='lat' dir='ltr'>quam</span> <span class='ocrx_word' id='word_1_207' title='bbox 707 1961 831 1996; x_wconf 83' lang='lat' dir='ltr'>babuit</span> <span class='ocrx_word' id='word_1_208' title='bbox 845 1963 1022 1996; x_wconf 80' lang='lat' dir='ltr'>Antonius</span> <span class='ocrx_word' id='word_1_209' title='bbox 1046 1961 1196 1995; x_wconf 87' lang='lat' dir='ltr'>acerbis-</span> 
     </span>
     <span class='ocr_line' id='line_1_36' title="bbox 212 2013 1196 2047; baseline 0 -2"><span class='ocrx_word' id='word_1_210' title='bbox 212 2013 337 2046; x_wconf 84' lang='lat' dir='ltr'>simam</span> <span class='ocrx_word' id='word_1_211' title='bbox 367 2013 410 2044; x_wconf 89' lang='lat' dir='ltr'>ad</span> <span class='ocrx_word' id='word_1_212' title='bbox 440 2013 649 2046; x_wconf 87' lang='lat' dir='ltr'>irritandum</span> <span class='ocrx_word' id='word_1_213' title='bbox 677 2014 895 2047; x_wconf 85' lang='lat' dir='ltr'>Ciceronem.</span> <span class='ocrx_word' id='word_1_214' title='bbox 954 2013 1092 2046; x_wconf 85' lang='lat' dir='ltr'>Deinde</span> <span class='ocrx_word' id='word_1_215' title='bbox 1117 2013 1196 2046; x_wconf 83' lang='lat' dir='ltr'>sul)-</span> 
     </span>
     <span class='ocr_line' id='line_1_37' title="bbox 215 2063 1196 2107; baseline 0.001 -13"><span class='ocrx_word' id='word_1_216' title='bbox 215 2063 330 2095; x_wconf 85' lang='lat' dir='ltr'>iicitur</span> <span class='ocrx_word' id='word_1_217' title='bbox 367 2064 506 2107; x_wconf 86' lang='lat' dir='ltr'>querela</span> <span class='ocrx_word' id='word_1_218' title='bbox 541 2065 582 2096; x_wconf 87' lang='lat' dir='ltr'>de</span> <span class='ocrx_word' id='word_1_219' title='bbox 615 2065 790 2107; x_wconf 82' lang='lat' dir='ltr'>paucitate</span> <span class='ocrx_word' id='word_1_220' title='bbox 819 2065 1057 2098; x_wconf 85' lang='lat' dir='ltr'>consularium</span> <span class='ocrx_word' id='word_1_221' title='bbox 1086 2064 1123 2095; x_wconf 92' lang='lat' dir='ltr'>in</span> <span class='ocrx_word' id='word_1_222' title='bbox 1145 2063 1196 2095; x_wconf 85' lang='lat' dir='ltr'>di-</span> 
     </span>
     <span class='ocr_line' id='line_1_38' title="bbox 216 2113 1197 2149; baseline 0.001 -4"><span class='ocrx_word' id='word_1_223' title='bbox 216 2115 322 2146; x_wconf 83' lang='lat' dir='ltr'>cenda</span> <span class='ocrx_word' id='word_1_224' title='bbox 356 2113 464 2146; x_wconf 82' lang='lat' dir='ltr'>libere</span> <span class='ocrx_word' id='word_1_225' title='bbox 493 2115 663 2147; x_wconf 85' lang='lat' dir='ltr'>sententia</span> <span class='ocrx_word' id='word_1_226' title='bbox 696 2122 815 2147; x_wconf 85' lang='lat' dir='ltr'>contra</span> <span class='ocrx_word' id='word_1_227' title='bbox 839 2115 1047 2149; x_wconf 83' lang='lat' dir='ltr'>Antonium.</span> <span class='ocrx_word' id='word_1_228' title='bbox 1106 2114 1197 2147; x_wconf 89' lang='lat' dir='ltr'>Con-</span> 
     </span>
     <span class='ocr_line' id='line_1_39' title="bbox 216 2161 1198 2206; baseline 0.002 -10"><span class='ocrx_word' id='word_1_229' title='bbox 216 2165 323 2197; x_wconf 87' lang='lat' dir='ltr'>clusio</span> <span class='ocrx_word' id='word_1_230' title='bbox 349 2161 453 2196; x_wconf 87' lang='lat' dir='ltr'>habet</span> <span class='ocrx_word' id='word_1_231' title='bbox 476 2165 617 2197; x_wconf 70' lang='lat' dir='ltr'>brevem</span> <span class='ocrx_word' id='word_1_232' title='bbox 642 2163 946 2206; x_wconf 85' lang='lat' dir='ltr'>adhortationem,</span> <span class='ocrx_word' id='word_1_233' title='bbox 987 2172 1027 2199; x_wconf 91' lang='lat' dir='ltr'>ut</span> <span class='ocrx_word' id='word_1_234' title='bbox 1057 2171 1198 2198; x_wconf 90' lang='lat' dir='ltr'>autores</span> 
     </span>
     <span class='ocr_line' id='line_1_40' title="bbox 217 2215 1199 2260; baseline 0.002 -15"><span class='ocrx_word' id='word_1_235' title='bbox 217 2215 385 2247; x_wconf 75' lang='lat' dir='ltr'>libertatis</span> <span class='ocrx_word' id='word_1_236' title='bbox 408 2215 515 2247; x_wconf 74' lang='lat' dir='ltr'>velint</span> <span class='ocrx_word' id='word_1_237' title='bbox 538 2228 646 2259; x_wconf 88' lang='lat' dir='ltr'>porro</span> <span class='ocrx_word' id='word_1_238' title='bbox 673 2217 804 2249; x_wconf 73' lang='lat' dir='ltr'>salvam</span> <span class='ocrx_word' id='word_1_239' title='bbox 833 2229 904 2249; x_wconf 87' lang='lat' dir='ltr'>esse</span> <span class='ocrx_word' id='word_1_240' title='bbox 931 2216 1199 2260; x_wconf 83' lang='lat' dir='ltr'>rempublicam,</span> 
     </span>
     <span class='ocr_line' id='line_1_41' title="bbox 219 2266 1201 2309; baseline 0.002 -12"><span class='ocrx_word' id='word_1_241' title='bbox 219 2277 323 2309; x_wconf 77' lang='lat' dir='ltr'>seque</span> <span class='ocrx_word' id='word_1_242' title='bbox 350 2272 532 2308; x_wconf 87' lang='lat' dir='ltr'>opponant</span> <span class='ocrx_word' id='word_1_243' title='bbox 552 2266 701 2298; x_wconf 87' lang='lat' dir='ltr'>Antonii</span> <span class='ocrx_word' id='word_1_244' title='bbox 728 2267 922 2300; x_wconf 80' lang='lat' dir='ltr'>conatibus.</span> <span class='ocrx_word' id='word_1_245' title='bbox 987 2266 1027 2300; x_wconf 89' lang='lat' dir='ltr'>In</span> <span class='ocrx_word' id='word_1_246' title='bbox 1053 2267 1121 2299; x_wconf 88' lang='lat' dir='ltr'>fine</span> <span class='ocrx_word' id='word_1_247' title='bbox 1150 2273 1201 2299; x_wconf 88' lang='lat' dir='ltr'>est</span> 
     </span>
     <span class='ocr_line' id='line_1_42' title="bbox 220 2316 564 2358; baseline 0.009 -12"><span class='ocrx_word' id='word_1_248' title='bbox 220 2316 425 2358; x_wconf 83' lang='lat' dir='ltr'>pollicitatio</span> <span class='ocrx_word' id='word_1_249' title='bbox 449 2317 564 2351; x_wconf 80' lang='lat' dir='ltr'>officii.</span> 
     </span>
    </p>
   </div>
   <div class='ocr_carea' id='block_1_7' title="bbox 260 2448 1128 2513">
    <p class='ocr_par' dir='ltr' id='par_1_7' title="bbox 260 2448 1128 2513">
     <span class='ocr_line' id='line_1_43' title="bbox 260 2448 1128 2476; baseline 0.001 -5"><span class='ocrx_word' id='word_1_250' title='bbox 260 2449 304 2475; x_wconf 75' lang='lat'>19)</span> <span class='ocrx_word' id='word_1_251' title='bbox 324 2450 395 2471; x_wconf 82' lang='lat' dir='ltr'>Haec</span> <span class='ocrx_word' id='word_1_252' title='bbox 414 2452 477 2473; x_wconf 85' lang='lat' dir='ltr'>nota</span> <span class='ocrx_word' id='word_1_253' title='bbox 497 2450 522 2473; x_wconf 90' lang='lat' dir='ltr'>in</span> <span class='ocrx_word' id='word_1_254' title='bbox 542 2450 623 2473; x_wconf 81' lang='lat' dir='ltr'>Editt.</span> <span class='ocrx_word' id='word_1_255' title='bbox 648 2450 738 2476; x_wconf 67' lang='lat'>1545..</span> <span class='ocrx_word' id='word_1_256' title='bbox 769 2450 841 2473; x_wconf 71' lang='lat'>¹560.</span> <span class='ocrx_word' id='word_1_257' title='bbox 866 2449 938 2473; x_wconf 84' lang='lat' dir='ltr'>falso</span> <span class='ocrx_word' id='word_1_258' title='bbox 966 2448 1000 2472; x_wconf 87' lang='lat' dir='ltr'>ad</span> <span class='ocrx_word' id='word_1_259' title='bbox 1027 2448 1128 2472; x_wconf 83' lang='lat' dir='ltr'>initium</span> 
     </span>
     <span class='ocr_line' id='line_1_44' title="bbox 294 2483 997 2513; baseline 0.003 -9"><span class='ocrx_word' id='word_1_260' title='bbox 294 2483 399 2511; x_wconf 77' lang='lat' dir='ltr'>quentis</span> <span class='ocrx_word' id='word_1_261' title='bbox 419 2485 551 2512; x_wconf 77' lang='lat' dir='ltr'>epistolae</span> <span class='ocrx_word' id='word_1_262' title='bbox 571 2487 614 2507; x_wconf 85' lang='lat' dir='ltr'>est</span> <span class='ocrx_word' id='word_1_263' title='bbox 632 2485 735 2513; x_wconf 79' lang='lat' dir='ltr'>relata,</span> <span class='ocrx_word' id='word_1_264' title='bbox 761 2484 823 2506; x_wconf 87' lang='lat' dir='ltr'>vide</span> <span class='ocrx_word' id='word_1_265' title='bbox 845 2485 936 2506; x_wconf 86' lang='lat' dir='ltr'>notam</span> <span class='ocrx_word' id='word_1_266' title='bbox 954 2483 997 2507; x_wconf 77' lang='lat'>25.</span> 
     </span>
    </p>
   </div>
   <div class='ocr_carea' id='block_1_8' title="bbox 1154 2455 1201 2472">
    <p class='ocr_par' dir='ltr' id='par_1_8' title="bbox 1154 2455 1201 2472">
     <span class='ocr_line' id='line_1_45' title="bbox 1154 2455 1201 2472; baseline 0.021 -1"><span class='ocrx_word' id='word_1_267' title='bbox 1154 2455 1201 2472; x_wconf 70' lang='lat' dir='ltr'>SC-</span> 
     </span>
    </p>
   </div>
   <div class='ocr_carea' id='block_1_9' title="bbox 256 2532 1202 2592">
    <p class='ocr_par' dir='ltr' id='par_1_9' title="bbox 256 2532 1202 2592">
     <span class='ocr_line' id='line_1_46' title="bbox 256 2532 1202 2565; baseline -0.001 -9"><span class='ocrx_word' id='word_1_268' title='bbox 256 2532 303 2560; x_wconf 85' lang='grc'>20)</span> <span class='ocrx_word' id='word_1_269' title='bbox 323 2532 379 2554; x_wconf 83' lang='lat' dir='ltr'>floc</span> <span class='ocrx_word' id='word_1_270' title='bbox 399 2535 582 2563; x_wconf 71' lang='lat' dir='ltr'>argumentum</span> <span class='ocrx_word' id='word_1_271' title='bbox 603 2536 629 2558; x_wconf 87' lang='lat' dir='ltr'>et</span> <span class='ocrx_word' id='word_1_272' title='bbox 649 2535 700 2558; x_wconf 88' lang='lat' dir='ltr'>duo</span> <span class='ocrx_word' id='word_1_273' title='bbox 720 2534 861 2565; x_wconf 83' lang='lat' dir='ltr'>sequeutia</span> <span class='ocrx_word' id='word_1_274' title='bbox 879 2533 906 2557; x_wconf 90' lang='lat' dir='ltr'>in</span> <span class='ocrx_word' id='word_1_275' title='bbox 924 2533 1008 2557; x_wconf 87' lang='lat' dir='ltr'>Editt.</span> <span class='ocrx_word' id='word_1_276' title='bbox 1026 2533 1115 2563; x_wconf 57' lang='lat'>1556„</span> <span class='ocrx_word' id='word_1_277' title='bbox 1136 2532 1202 2556; x_wconf 84' lang='lat'>1565</span> 
     </span>
     <span class='ocr_line' id='line_1_47' title="bbox 290 2566 603 2592; baseline 0.013 -4"><span class='ocrx_word' id='word_1_278' title='bbox 290 2566 404 2589; x_wconf 73' lang='grc'><strong>-1596,</strong></span> <span class='ocrx_word' id='word_1_279' title='bbox 423 2567 603 2592; x_wconf 77' lang='lat' dir='ltr'>inveniuntur.</span> 
     </span>
    </p>
   </div>
   <div class='ocr_carea' id='block_1_10' title="bbox 259 2615 1201 2648">
    <p class='ocr_par' dir='ltr' id='par_1_10' title="bbox 259 2615 1201 2648">
     <span class='ocr_line' id='line_1_48' title="bbox 259 2615 1201 2648; baseline -0.002 -8"><span class='ocrx_word' id='word_1_280' title='bbox 259 2617 306 2644; x_wconf 81' lang='lat'>21)</span> <span class='ocrx_word' id='word_1_281' title='bbox 327 2616 394 2643; x_wconf 79' lang='lat' dir='ltr'>mis]</span> <span class='ocrx_word' id='word_1_282' title='bbox 415 2616 453 2638; x_wconf 78' lang='lat' dir='ltr'>sic</span> <span class='ocrx_word' id='word_1_283' title='bbox 472 2616 520 2639; x_wconf 68' lang='lat' dir='ltr'>Ed.</span> <span class='ocrx_word' id='word_1_284' title='bbox 544 2617 632 2647; x_wconf 79' lang='lat'>1556.;</span> <span class='ocrx_word' id='word_1_285' title='bbox 658 2617 683 2641; x_wconf 89' lang='lat' dir='ltr'>in</span> <span class='ocrx_word' id='word_1_286' title='bbox 705 2617 892 2648; x_wconf 78' lang='lat' dir='ltr'>Editt.1565.,</span> <span class='ocrx_word' id='word_1_287' title='bbox 914 2617 1000 2646; x_wconf 79' lang='lat'>157¹..</span> <span class='ocrx_word' id='word_1_288' title='bbox 1022 2616 1096 2641; x_wconf 77' lang='lat'>1596.</span> <span class='ocrx_word' id='word_1_289' title='bbox 1116 2615 1201 2639; x_wconf 86' lang='lat' dir='ltr'>deest.</span> 
     </span>
    </p>
   </div>
   <div class='ocr_carea' id='block_1_11' title="bbox 258 2666 1200 2725">
    <p class='ocr_par' dir='ltr' id='par_1_11' title="bbox 258 2666 1200 2725">
     <span class='ocr_line' id='line_1_49' title="bbox 258 2666 1200 2699; baseline 0 -9"><span class='ocrx_word' id='word_1_290' title='bbox 258 2667 306 2694; x_wconf 84' lang='lat'>22)</span> <span class='ocrx_word' id='word_1_291' title='bbox 326 2666 490 2693; x_wconf 77' lang='lat' dir='ltr'>detestatur]</span> <span class='ocrx_word' id='word_1_292' title='bbox 516 2666 555 2689; x_wconf 84' lang='lat' dir='ltr'>sic</span> <span class='ocrx_word' id='word_1_293' title='bbox 580 2669 653 2690; x_wconf 80' lang='lat' dir='ltr'>recte</span> <span class='ocrx_word' id='word_1_294' title='bbox 671 2668 754 2692; x_wconf 76' lang='lat' dir='ltr'>Editt.</span> <span class='ocrx_word' id='word_1_295' title='bbox 772 2668 863 2699; x_wconf 78' lang='lat'>1556.,</span> <span class='ocrx_word' id='word_1_296' title='bbox 884 2668 976 2699; x_wconf 78' lang='lat'>1565.;</span> <span class='ocrx_word' id='word_1_297' title='bbox 1011 2667 1092 2692; x_wconf 81' lang='lat' dir='ltr'>Editt.</span> <span class='ocrx_word' id='word_1_298' title='bbox 1114 2666 1200 2698; x_wconf 62' lang='lat'>1571„</span> 
     </span>
     <span class='ocr_line' id='line_1_50' title="bbox 290 2701 509 2725; baseline -0.014 0"><span class='ocrx_word' id='word_1_299' title='bbox 290 2701 365 2725; x_wconf 71' lang='lat'>1596.</span> <span class='ocrx_word' id='word_1_300' title='bbox 383 2702 509 2723; x_wconf 70' lang='lat' dir='ltr'>testatur.</span> 
     </span>
    </p>
   </div>
   <div class='ocr_carea' id='block_1_12' title="bbox 764 119 1628 162">
    <p class='ocr_par' dir='ltr' id='par_1_12' title="bbox 764 119 1628 162">
     <span class='ocr_line' id='line_1_51' title="bbox 764 119 1628 162; baseline -0.007 0"><span class='ocrx_word' id='word_1_301' title='bbox 764 127 884 162; x_wconf 83' lang='lat' dir='ltr'>PHIL.</span> <span class='ocrx_word' id='word_1_302' title='bbox 916 124 1027 160; x_wconf 86' lang='lat' dir='ltr'>MEL.</span> <span class='ocrx_word' id='word_1_303' title='bbox 1062 121 1262 159; x_wconf 77' lang='lat' dir='ltr'><strong>SCRJPTA</strong></span> <span class='ocrx_word' id='word_1_304' title='bbox 1294 119 1628 156; x_wconf 83' lang='lat' dir='ltr'>PHILOLOGICA.</span> 
     </span>
    </p>
   </div>
   <div class='ocr_carea' id='block_1_13' title="bbox 1235 207 2216 370">
    <p class='ocr_par' dir='ltr' id='par_1_13' title="bbox 1235 207 2216 370">
     <span class='ocr_line' id='line_1_52' title="bbox 1479 207 1974 252; baseline 0.002 -12"><span class='ocrx_word' id='word_1_305' title='bbox 1479 207 1612 241; x_wconf 84' lang='lat' dir='ltr'>Aliud</span> <span class='ocrx_word' id='word_1_306' title='bbox 1645 213 1974 252; x_wconf 84' lang='lat' dir='ltr'>argumentum.</span> 
     </span>
     <span class='ocr_line' id='line_1_53' title="bbox 1332 273 2216 320; baseline 0.001 -14"><span class='ocrx_word' id='word_1_307' title='bbox 1332 273 1526 308; x_wconf 77' lang='lat' dir='ltr'>Exordium</span> <span class='ocrx_word' id='word_1_308' title='bbox 1547 281 1726 319; x_wconf 89' lang='lat' dir='ltr'>sumptum</span> <span class='ocrx_word' id='word_1_309' title='bbox 1752 281 1803 309; x_wconf 84' lang='lat' dir='ltr'>est</span> <span class='ocrx_word' id='word_1_310' title='bbox 1828 275 1871 307; x_wconf 79' lang='lat' dir='ltr'>al)</span> <span class='ocrx_word' id='word_1_311' title='bbox 1897 275 2032 309; x_wconf 77' lang='lat' dir='ltr'>ellectu.</span> <span class='ocrx_word' id='word_1_312' title='bbox 2093 274 2216 320; x_wconf 84' lang='lat' dir='ltr'>Sequi-</span> 
     </span>
     <span class='ocr_line' id='line_1_54' title="bbox 1235 325 2214 370; baseline 0.004 -16"><span class='ocrx_word' id='word_1_313' title='bbox 1235 328 1291 355; x_wconf 90' lang='lat' dir='ltr'>tur</span> <span class='ocrx_word' id='word_1_314' title='bbox 1309 325 1485 365; x_wconf 85' lang='lat' dir='ltr'>narratio,</span> <span class='ocrx_word' id='word_1_315' title='bbox 1513 338 1603 370; x_wconf 86' lang='lat' dir='ltr'>quae</span> <span class='ocrx_word' id='word_1_316' title='bbox 1620 327 1706 360; x_wconf 86' lang='lat' dir='ltr'>duas</span> <span class='ocrx_word' id='word_1_317' title='bbox 1731 325 1887 358; x_wconf 85' lang='lat' dir='ltr'>continet</span> <span class='ocrx_word' id='word_1_318' title='bbox 1912 332 2039 369; x_wconf 82' lang='lat' dir='ltr'>partes.</span> <span class='ocrx_word' id='word_1_319' title='bbox 2091 325 2214 358; x_wconf 89' lang='lat' dir='ltr'>Primo</span> 
     </span>
    </p>
   </div>
   <div class='ocr_carea' id='block_1_14' title="bbox 1235 373 2221 824">
    <p class='ocr_par' dir='ltr' id='par_1_14' title="bbox 1235 373 2221 824">
     <span class='ocr_line' id='line_1_55' title="bbox 1235 373 2218 421; baseline 0.003 -16"><span class='ocrx_word' id='word_1_320' title='bbox 1235 373 1312 407; x_wconf 83' lang='lat' dir='ltr'>loco</span> <span class='ocrx_word' id='word_1_321' title='bbox 1346 373 1451 408; x_wconf 86' lang='lat' dir='ltr'>habet</span> <span class='ocrx_word' id='word_1_322' title='bbox 1475 376 1759 409; x_wconf 87' lang='lat' dir='ltr'>criminationem</span> <span class='ocrx_word' id='word_1_323' title='bbox 1784 376 1930 409; x_wconf 84' lang='lat' dir='ltr'>Antonii</span> <span class='ocrx_word' id='word_1_324' title='bbox 1953 376 2081 421; x_wconf 88' lang='lat' dir='ltr'>perditi</span> <span class='ocrx_word' id='word_1_325' title='bbox 2102 373 2218 408; x_wconf 90' lang='lat' dir='ltr'>homi-</span> 
     </span>
     <span class='ocr_line' id='line_1_56' title="bbox 1236 423 2220 472; baseline 0.004 -17"><span class='ocrx_word' id='word_1_326' title='bbox 1236 423 1308 463; x_wconf 89' lang='lat' dir='ltr'>nis,</span> <span class='ocrx_word' id='word_1_327' title='bbox 1343 426 1402 470; x_wconf 86' lang='lat' dir='ltr'>qui</span> <span class='ocrx_word' id='word_1_328' title='bbox 1426 427 1486 459; x_wconf 91' lang='lat' dir='ltr'>diu</span> <span class='ocrx_word' id='word_1_329' title='bbox 1506 427 1728 472; x_wconf 88' lang='lat' dir='ltr'>multumque</span> <span class='ocrx_word' id='word_1_330' title='bbox 1751 440 1868 461; x_wconf 88' lang='lat' dir='ltr'>secum</span> <span class='ocrx_word' id='word_1_331' title='bbox 1897 427 2059 471; x_wconf 84' lang='lat' dir='ltr'>cogitarit</span> <span class='ocrx_word' id='word_1_332' title='bbox 2080 432 2220 470; x_wconf 90' lang='lat' dir='ltr'>praeter</span> 
     </span>
     <span class='ocr_line' id='line_1_57' title="bbox 1237 474 2218 520; baseline 0.005 -14"><span class='ocrx_word' id='word_1_333' title='bbox 1237 474 1304 508; x_wconf 87' lang='lat' dir='ltr'>alia</span> <span class='ocrx_word' id='word_1_334' title='bbox 1328 476 1458 520; x_wconf 79' lang='lat' dir='ltr'>flagitia</span> <span class='ocrx_word' id='word_1_335' title='bbox 1492 478 1534 509; x_wconf 85' lang='lat' dir='ltr'>(le</span> <span class='ocrx_word' id='word_1_336' title='bbox 1564 477 1805 511; x_wconf 84' lang='lat' dir='ltr'>interficiendo</span> <span class='ocrx_word' id='word_1_337' title='bbox 1832 477 2013 512; x_wconf 88' lang='lat' dir='ltr'>Cicerone.</span> <span class='ocrx_word' id='word_1_338' title='bbox 2081 476 2218 511; x_wconf 88' lang='lat' dir='ltr'>Deinde</span> 
     </span>
     <span class='ocr_line' id='line_1_58' title="bbox 1238 527 2221 572; baseline 0.004 -15"><span class='ocrx_word' id='word_1_339' title='bbox 1238 538 1299 568; x_wconf 88' lang='lat' dir='ltr'>per</span> <span class='ocrx_word' id='word_1_340' title='bbox 1315 528 1493 571; x_wconf 82' lang='lat' dir='ltr'>quamlam</span> <span class='ocrx_word' id='word_1_341' title='bbox 1518 528 1698 572; x_wconf 89' lang='lat' dir='ltr'>querelam</span> <span class='ocrx_word' id='word_1_342' title='bbox 1717 530 1759 561; x_wconf 86' lang='lat' dir='ltr'>de</span> <span class='ocrx_word' id='word_1_343' title='bbox 1784 528 1869 562; x_wconf 84' lang='lat' dir='ltr'>viris</span> <span class='ocrx_word' id='word_1_344' title='bbox 1894 527 2138 562; x_wconf 86' lang='lat' dir='ltr'>consularibus</span> <span class='ocrx_word' id='word_1_345' title='bbox 2159 529 2221 561; x_wconf 85' lang='lat' dir='ltr'>ad-</span> 
     </span>
     <span class='ocr_line' id='line_1_59' title="bbox 1237 577 2220 624; baseline 0.004 -16"><span class='ocrx_word' id='word_1_346' title='bbox 1237 577 1332 609; x_wconf 87' lang='lat' dir='ltr'>ditur</span> <span class='ocrx_word' id='word_1_347' title='bbox 1347 578 1517 621; x_wconf 77' lang='lat' dir='ltr'>expositio</span> <span class='ocrx_word' id='word_1_348' title='bbox 1534 578 1693 621; x_wconf 83' lang='lat' dir='ltr'>longior,</span> <span class='ocrx_word' id='word_1_349' title='bbox 1728 591 1879 624; x_wconf 91' lang='lat' dir='ltr'>quorum</span> <span class='ocrx_word' id='word_1_350' title='bbox 1903 578 2107 624; x_wconf 87' lang='lat' dir='ltr'>paucissimi</span> <span class='ocrx_word' id='word_1_351' title='bbox 2127 585 2220 612; x_wconf 84' lang='lat' dir='ltr'>recte</span> 
     </span>
     <span class='ocr_line' id='line_1_60' title="bbox 1237 628 2219 679; baseline 0.004 -20"><span class='ocrx_word' id='word_1_352' title='bbox 1237 628 1410 668; x_wconf 86' lang='lat' dir='ltr'>sentiant,</span> <span class='ocrx_word' id='word_1_353' title='bbox 1436 635 1469 661; x_wconf 88' lang='lat' dir='ltr'>et</span> <span class='ocrx_word' id='word_1_354' title='bbox 1484 628 1593 661; x_wconf 86' lang='lat' dir='ltr'>libere</span> <span class='ocrx_word' id='word_1_355' title='bbox 1607 628 1778 676; x_wconf 74' lang='lat' dir='ltr'>dicant²³)</span> <span class='ocrx_word' id='word_1_356' title='bbox 1802 631 2012 679; x_wconf 68' lang='lat' dir='ltr'>sententiam</span> <span class='ocrx_word' id='word_1_357' title='bbox 2029 630 2066 662; x_wconf 89' lang='lat' dir='ltr'>in</span> <span class='ocrx_word' id='word_1_358' title='bbox 2083 635 2219 663; x_wconf 87' lang='lat' dir='ltr'>senatu.</span> 
     </span>
     <span class='ocr_line' id='line_1_61' title="bbox 1237 677 2221 727; baseline -0.001 -15"><span class='ocrx_word' id='word_1_359' title='bbox 1237 678 1444 712; x_wconf 62' lang='lat' dir='ltr'>Nau-rationi</span> <span class='ocrx_word' id='word_1_360' title='bbox 1463 679 1606 712; x_wconf 88' lang='lat' dir='ltr'>additur</span> <span class='ocrx_word' id='word_1_361' title='bbox 1620 677 1945 721; x_wconf 89' lang='lat' dir='ltr'>adhortatiuncula,</span> <span class='ocrx_word' id='word_1_362' title='bbox 1971 687 2011 714; x_wconf 90' lang='lat' dir='ltr'>ut</span> <span class='ocrx_word' id='word_1_363' title='bbox 2028 692 2135 727; x_wconf 85' lang='lat' dir='ltr'>quam</span> <span class='ocrx_word' id='word_1_364' title='bbox 2148 679 2221 725; x_wconf 86' lang='lat' dir='ltr'>pri-</span> 
     </span>
     <span class='ocr_line' id='line_1_62' title="bbox 1239 729 2221 775; baseline 0.002 -14"><span class='ocrx_word' id='word_1_365' title='bbox 1239 742 1335 762; x_wconf 87' lang='lat' dir='ltr'>mum</span> <span class='ocrx_word' id='word_1_366' title='bbox 1352 730 1581 763; x_wconf 84' lang='lat' dir='ltr'>subveniatur</span> <span class='ocrx_word' id='word_1_367' title='bbox 1602 730 1780 763; x_wconf 83' lang='lat' dir='ltr'>laboranti</span> <span class='ocrx_word' id='word_1_368' title='bbox 1800 731 2026 775; x_wconf 87' lang='lat' dir='ltr'>reipublicae.</span> <span class='ocrx_word' id='word_1_369' title='bbox 2083 729 2125 764; x_wconf 91' lang='lat' dir='ltr'>In</span> <span class='ocrx_word' id='word_1_370' title='bbox 2152 731 2221 764; x_wconf 86' lang='lat' dir='ltr'>fine</span> 
     </span>
     <span class='ocr_line' id='line_1_63' title="bbox 1239 780 1650 824; baseline 0.007 -12"><span class='ocrx_word' id='word_1_371' title='bbox 1239 786 1289 813; x_wconf 88' lang='lat' dir='ltr'>est</span> <span class='ocrx_word' id='word_1_372' title='bbox 1305 780 1513 824; x_wconf 74' lang='lat' dir='ltr'>poll1citatio</span> <span class='ocrx_word' id='word_1_373' title='bbox 1534 781 1650 815; x_wconf 85' lang='lat' dir='ltr'>officii.</span> 
     </span>
    </p>
   </div>
   <div class='ocr_carea' id='block_1_15' title="bbox 1451 863 2006 911">
    <p class='ocr_par' dir='ltr' id='par_1_15' title="bbox 1451 863 2006 911">
     <span class='ocr_line' id='line_1_64' title="bbox 1451 863 2006 911; baseline 0.004 -14"><span class='ocrx_word' id='word_1_374' title='bbox 1451 863 1587 898; x_wconf 89' lang='lat' dir='ltr'>Aliud</span> <span class='ocrx_word' id='word_1_375' title='bbox 1622 864 2006 911; x_wconf 57' lang='lat' dir='ltr'>argumentumffl).</span> 
     </span>
    </p>
   </div>
   <div class='ocr_carea' id='block_1_16' title="bbox 1239 930 2224 1179">
    <p class='ocr_par' dir='ltr' id='par_1_16' title="bbox 1239 930 2224 1179">
     <span class='ocr_line' id='line_1_65' title="bbox 1342 930 2224 977; baseline 0.002 -13"><span class='ocrx_word' id='word_1_376' title='bbox 1342 930 1404 965; x_wconf 83' lang='lat' dir='ltr'>Est</span> <span class='ocrx_word' id='word_1_377' title='bbox 1427 932 1499 965; x_wconf 86' lang='lat' dir='ltr'>sere</span> <span class='ocrx_word' id='word_1_378' title='bbox 1522 932 1615 966; x_wconf 89' lang='lat' dir='ltr'>idem</span> <span class='ocrx_word' id='word_1_379' title='bbox 1643 938 1891 977; x_wconf 81' lang='lat' dir='ltr'>argumentum</span> <span class='ocrx_word' id='word_1_380' title='bbox 1917 932 2077 966; x_wconf 89' lang='lat' dir='ltr'>omnium</span> <span class='ocrx_word' id='word_1_381' title='bbox 2096 932 2224 977; x_wconf 89' lang='lat' dir='ltr'>episto-</span> 
     </span>
     <span class='ocr_line' id='line_1_66' title="bbox 1239 980 2224 1028; baseline 0.004 -16"><span class='ocrx_word' id='word_1_382' title='bbox 1239 980 1353 1013; x_wconf 85' lang='lat' dir='ltr'>larum</span> <span class='ocrx_word' id='word_1_383' title='bbox 1376 984 1418 1015; x_wconf 88' lang='lat' dir='ltr'>ad</span> <span class='ocrx_word' id='word_1_384' title='bbox 1436 983 1607 1017; x_wconf 84' lang='lat' dir='ltr'>Cassium.</span> <span class='ocrx_word' id='word_1_385' title='bbox 1665 983 1757 1017; x_wconf 88' lang='lat' dir='ltr'>Nam</span> <span class='ocrx_word' id='word_1_386' title='bbox 1784 989 1817 1016; x_wconf 83' lang='lat' dir='ltr'>et</span> <span class='ocrx_word' id='word_1_387' title='bbox 1841 984 1883 1016; x_wconf 87' lang='lat' dir='ltr'>de</span> <span class='ocrx_word' id='word_1_388' title='bbox 1907 983 2084 1028; x_wconf 86' lang='lat' dir='ltr'>praesenti</span> <span class='ocrx_word' id='word_1_389' title='bbox 2106 983 2224 1028; x_wconf 88' lang='lat' dir='ltr'>reipu-</span> 
     </span>
     <span class='ocr_line' id='line_1_67' title="bbox 1240 1032 2224 1074; baseline 0.003 -11"><span class='ocrx_word' id='word_1_390' title='bbox 1240 1032 1351 1064; x_wconf 85' lang='lat' dir='ltr'>blicae</span> <span class='ocrx_word' id='word_1_391' title='bbox 1378 1039 1470 1066; x_wconf 85' lang='lat' dir='ltr'>statu</span> <span class='ocrx_word' id='word_1_392' title='bbox 1494 1040 1635 1074; x_wconf 76' lang='lat' dir='ltr'>narrat,</span> <span class='ocrx_word' id='word_1_393' title='bbox 1677 1040 1710 1066; x_wconf 87' lang='lat' dir='ltr'>ct</span> <span class='ocrx_word' id='word_1_394' title='bbox 1732 1032 1916 1074; x_wconf 88' lang='lat' dir='ltr'>hortatur,</span> <span class='ocrx_word' id='word_1_395' title='bbox 1955 1041 1994 1068; x_wconf 89' lang='lat' dir='ltr'>ut</span> <span class='ocrx_word' id='word_1_396' title='bbox 2024 1034 2167 1068; x_wconf 88' lang='lat' dir='ltr'>consilia</span> <span class='ocrx_word' id='word_1_397' title='bbox 2189 1039 2224 1066; x_wconf 86' lang='lat' dir='ltr'>et</span> 
     </span>
     <span class='ocr_line' id='line_1_68' title="bbox 1241 1082 2222 1127; baseline 0.003 -14"><span class='ocrx_word' id='word_1_398' title='bbox 1241 1082 1359 1126; x_wconf 90' lang='lat' dir='ltr'>copias</span> <span class='ocrx_word' id='word_1_399' title='bbox 1380 1096 1460 1117; x_wconf 87' lang='lat' dir='ltr'>suas</span> <span class='ocrx_word' id='word_1_400' title='bbox 1479 1085 1523 1116; x_wconf 86' lang='lat' dir='ltr'>ad</span> <span class='ocrx_word' id='word_1_401' title='bbox 1541 1084 1794 1127; x_wconf 88' lang='lat' dir='ltr'>rempublicam</span> <span class='ocrx_word' id='word_1_402' title='bbox 1819 1085 2075 1117; x_wconf 83' lang='lat' dir='ltr'>defendendam</span> <span class='ocrx_word' id='word_1_403' title='bbox 2100 1090 2222 1118; x_wconf 83' lang='lat' dir='ltr'>contra</span> 
     </span>
     <span class='ocr_line' id='line_1_69' title="bbox 1240 1133 1816 1179; baseline 0.003 -14"><span class='ocrx_word' id='word_1_404' title='bbox 1240 1133 1389 1166; x_wconf 84' lang='lat' dir='ltr'>Antonii</span> <span class='ocrx_word' id='word_1_405' title='bbox 1404 1134 1627 1179; x_wconf 77' lang='lat' dir='ltr'>tyrannidem</span> <span class='ocrx_word' id='word_1_406' title='bbox 1647 1134 1816 1167; x_wconf 83' lang='lat' dir='ltr'>conferat.</span> 
     </span>
    </p>
   </div>
   <div class='ocr_carea' id='block_1_17' title="bbox 1419 1241 2045 1287">
    <p class='ocr_par' dir='ltr' id='par_1_17' title="bbox 1419 1241 2045 1287">
     <span class='ocr_line' id='line_1_70' title="bbox 1419 1241 2045 1287; baseline 0.002 -10"><span class='ocrx_word' id='word_1_407' title='bbox 1419 1241 1605 1277; x_wconf 88' lang='lat' dir='ltr'>Scholia</span> <span class='ocrx_word' id='word_1_408' title='bbox 1639 1243 1684 1276; x_wconf 90' lang='lat' dir='ltr'>in</span> <span class='ocrx_word' id='word_1_409' title='bbox 1718 1243 1961 1287; x_wconf 86' lang='lat' dir='ltr'>epistolam</span> <span class='ocrx_word' id='word_1_410' title='bbox 1988 1241 2045 1278; x_wconf 89' lang='grc' dir='ltr'>ΠΙ.</span> 
     </span>
    </p>
   </div>
   <div class='ocr_carea' id='block_1_18' title="bbox 1346 1315 2224 1364">
    <p class='ocr_par' dir='ltr' id='par_1_18' title="bbox 1346 1315 2224 1364">
     <span class='ocr_line' id='line_1_71' title="bbox 1346 1315 2224 1364; baseline 0.002 -13"><span class='ocrx_word' id='word_1_411' title='bbox 1346 1316 1375 1361; x_wconf 61' lang='grc' dir='ltr'>ἓ.</span> <span class='ocrx_word' id='word_1_412' title='bbox 1394 1319 1426 1351; x_wconf 89' lang='grc'>1.</span> <span class='ocrx_word' id='word_1_413' title='bbox 1453 1321 1561 1362; x_wconf 75' lang='lat' dir='ltr'>Auyet</span> <span class='ocrx_word' id='word_1_414' title='bbox 1582 1323 1659 1351; x_wconf 73' lang='lat' dir='ltr'>tuus</span> <span class='ocrx_word' id='word_1_415' title='bbox 1681 1315 1828 1364; x_wconf 75' lang='lat' dir='ltr'>amicus]</span> <span class='ocrx_word' id='word_1_416' title='bbox 1860 1317 2027 1351; x_wconf 89' lang='lat' dir='ltr'>Narratio</span> <span class='ocrx_word' id='word_1_417' title='bbox 2052 1318 2224 1363; x_wconf 87' lang='lat' dir='ltr'>incipiens</span> 
     </span>
    </p>
   </div>
   <div class='ocr_carea' id='block_1_19' title="bbox 1244 1368 2224 1452">
    <p class='ocr_par' dir='ltr' id='par_1_19' title="bbox 1244 1368 2224 1452">
     <span class='ocr_line' id='line_1_72' title="bbox 1244 1368 2224 1417; baseline 0.004 -17"><span class='ocrx_word' id='word_1_418' title='bbox 1244 1380 1262 1400; x_wconf 92' lang='lat' dir='ltr'>a</span> <span class='ocrx_word' id='word_1_419' title='bbox 1286 1368 1531 1412; x_wconf 82' lang='lat' dir='ltr'>propositione</span> <span class='ocrx_word' id='word_1_420' title='bbox 1554 1368 1708 1412; x_wconf 82' lang='lat' dir='ltr'>generali</span> <span class='ocrx_word' id='word_1_421' title='bbox 1720 1368 1778 1414; x_wconf 59' lang='grc'>25).</span> <span class='ocrx_word' id='word_1_422' title='bbox 1891 1369 1960 1402; x_wconf 86' lang='lat' dir='ltr'>Sed</span> <span class='ocrx_word' id='word_1_423' title='bbox 1981 1370 2040 1402; x_wconf 77' lang='grc' dir='ltr'><em>Ιιοο</em></span> <span class='ocrx_word' id='word_1_424' title='bbox 2061 1368 2224 1417; x_wconf 75' lang='lat' dir='ltr'>vestrum]</span> 
     </span>
     <span class='ocr_line' id='line_1_73' title="bbox 1244 1419 1437 1452; baseline 0 0"><span class='ocrx_word' id='word_1_425' title='bbox 1244 1419 1437 1452; x_wconf 88' lang='lat' dir='ltr'>Correctio.</span> 
     </span>
    </p>
   </div>
   <div class='ocr_carea' id='block_1_20' title="bbox 1536 1493 1937 1539">
    <p class='ocr_par' dir='ltr' id='par_1_20' title="bbox 1536 1493 1937 1539">
     <span class='ocr_line' id='line_1_74' title="bbox 1536 1493 1937 1539; baseline 0 -12"><span class='ocrx_word' id='word_1_426' title='bbox 1536 1493 1594 1527; x_wconf 92' lang='lat' dir='ltr'>Ar</span> <span class='ocrx_word' id='word_1_427' title='bbox 1605 1507 1699 1538; x_wconf 88' lang='lat' dir='ltr'>gum</span> <span class='ocrx_word' id='word_1_428' title='bbox 1711 1506 1728 1527; x_wconf 90' lang='lat' dir='ltr'>e</span> <span class='ocrx_word' id='word_1_429' title='bbox 1738 1500 1785 1527; x_wconf 74' lang='lat' dir='ltr'>nt</span> <span class='ocrx_word' id='word_1_430' title='bbox 1794 1507 1861 1527; x_wconf 88' lang='lat' dir='ltr'>um</span> <span class='ocrx_word' id='word_1_431' title='bbox 1878 1493 1937 1539; x_wconf 60' lang='grc'>26).</span> 
     </span>
    </p>
   </div>
   <div class='ocr_carea' id='block_1_21' title="bbox 1246 1560 2229 2054">
    <p class='ocr_par' dir='ltr' id='par_1_21' title="bbox 1246 1560 2229 2054">
     <span class='ocr_line' id='line_1_75' title="bbox 1344 1560 2229 1605; baseline 0.003 -12"><span class='ocrx_word' id='word_1_432' title='bbox 1344 1561 1511 1594; x_wconf 80' lang='lat' dir='ltr'>Eiusdem</span> <span class='ocrx_word' id='word_1_433' title='bbox 1534 1563 1605 1594; x_wconf 88' lang='lat' dir='ltr'>sere</span> <span class='ocrx_word' id='word_1_434' title='bbox 1628 1567 1678 1595; x_wconf 89' lang='lat' dir='ltr'>est</span> <span class='ocrx_word' id='word_1_435' title='bbox 1706 1561 1905 1605; x_wconf 83' lang='lat' dir='ltr'>argumenti</span> <span class='ocrx_word' id='word_1_436' title='bbox 1930 1573 2007 1593; x_wconf 86' lang='lat' dir='ltr'>cum</span> <span class='ocrx_word' id='word_1_437' title='bbox 2042 1560 2229 1604; x_wconf 78' lang='lat' dir='ltr'>superiori.</span> 
     </span>
     <span class='ocr_line' id='line_1_76' title="bbox 1246 1609 2228 1655; baseline 0 -10"><span class='ocrx_word' id='word_1_438' title='bbox 1246 1612 1333 1645; x_wconf 91' lang='lat' dir='ltr'>Cum</span> <span class='ocrx_word' id='word_1_439' title='bbox 1361 1612 1454 1644; x_wconf 90' lang='lat' dir='ltr'>enim</span> <span class='ocrx_word' id='word_1_440' title='bbox 1474 1612 1596 1645; x_wconf 89' lang='lat' dir='ltr'>Cicero</span> <span class='ocrx_word' id='word_1_441' title='bbox 1619 1612 1755 1644; x_wconf 81' lang='lat' dir='ltr'>videret</span> <span class='ocrx_word' id='word_1_442' title='bbox 1777 1611 2011 1655; x_wconf 87' lang='lat' dir='ltr'>grassationes</span> <span class='ocrx_word' id='word_1_443' title='bbox 2024 1609 2171 1643; x_wconf 88' lang='lat' dir='ltr'>Antonii</span> <span class='ocrx_word' id='word_1_444' title='bbox 2194 1619 2228 1645; x_wconf 85' lang='lat' dir='ltr'>et</span> 
     </span>
     <span class='ocr_line' id='line_1_77' title="bbox 1246 1660 2228 1708; baseline 0 -12"><span class='ocrx_word' id='word_1_445' title='bbox 1246 1662 1407 1702; x_wconf 87' lang='lat' dir='ltr'>comitia,</span> <span class='ocrx_word' id='word_1_446' title='bbox 1435 1664 1561 1708; x_wconf 89' lang='lat' dir='ltr'>quibus</span> <span class='ocrx_word' id='word_1_447' title='bbox 1581 1675 1702 1695; x_wconf 89' lang='lat' dir='ltr'>omnes</span> <span class='ocrx_word' id='word_1_448' title='bbox 1720 1675 1778 1695; x_wconf 86' lang='lat' dir='ltr'>eos</span> <span class='ocrx_word' id='word_1_449' title='bbox 1794 1663 1943 1702; x_wconf 84' lang='lat' dir='ltr'>lacerat,</span> <span class='ocrx_word' id='word_1_450' title='bbox 1970 1660 2031 1707; x_wconf 89' lang='lat' dir='ltr'>qui</span> <span class='ocrx_word' id='word_1_451' title='bbox 2042 1660 2228 1696; x_wconf 79' lang='lat' dir='ltr'>Caesarem</span> 
     </span>
     <span class='ocr_line' id='line_1_78' title="bbox 1247 1711 2227 1758; baseline 0 -12"><span class='ocrx_word' id='word_1_452' title='bbox 1247 1713 1397 1747; x_wconf 82' lang='lat' dir='ltr'>occisum</span> <span class='ocrx_word' id='word_1_453' title='bbox 1423 1715 1639 1757; x_wconf 85' lang='lat' dir='ltr'>gaudebant,</span> <span class='ocrx_word' id='word_1_454' title='bbox 1676 1713 1933 1758; x_wconf 87' lang='lat' dir='ltr'>aliquantulum</span> <span class='ocrx_word' id='word_1_455' title='bbox 1957 1711 2162 1754; x_wconf 83' lang='lat' dir='ltr'>indignatur</span> <span class='ocrx_word' id='word_1_456' title='bbox 2185 1714 2227 1746; x_wconf 88' lang='lat' dir='ltr'>de</span> 
     </span>
     <span class='ocr_line' id='line_1_79' title="bbox 1247 1762 2228 1809; baseline -0.001 -12"><span class='ocrx_word' id='word_1_457' title='bbox 1247 1764 1357 1797; x_wconf 87' lang='lat' dir='ltr'>Cassii</span> <span class='ocrx_word' id='word_1_458' title='bbox 1374 1765 1608 1809; x_wconf 72' lang='lat' dir='ltr'>negligentia,</span> <span class='ocrx_word' id='word_1_459' title='bbox 1634 1770 1673 1797; x_wconf 89' lang='lat' dir='ltr'>ut</span> <span class='ocrx_word' id='word_1_460' title='bbox 1691 1776 1769 1797; x_wconf 87' lang='lat' dir='ltr'>eum</span> <span class='ocrx_word' id='word_1_461' title='bbox 1796 1765 1840 1796; x_wconf 92' lang='lat' dir='ltr'>ad</span> <span class='ocrx_word' id='word_1_462' title='bbox 1867 1762 2139 1807; x_wconf 86' lang='lat' dir='ltr'>opprimendum</span> <span class='ocrx_word' id='word_1_463' title='bbox 2155 1762 2228 1796; x_wconf 88' lang='lat' dir='ltr'>An-</span> 
     </span>
     <span class='ocr_line' id='line_1_80' title="bbox 1247 1812 2227 1856; baseline -0.001 -8"><span class='ocrx_word' id='word_1_464' title='bbox 1247 1815 1383 1848; x_wconf 87' lang='lat' dir='ltr'>tonium</span> <span class='ocrx_word' id='word_1_465' title='bbox 1410 1816 1600 1849; x_wconf 79' lang='lat' dir='ltr'>extimulet.</span> <span class='ocrx_word' id='word_1_466' title='bbox 1669 1814 1815 1848; x_wconf 86' lang='lat' dir='ltr'>Constat</span> <span class='ocrx_word' id='word_1_467' title='bbox 1840 1821 1955 1848; x_wconf 86' lang='lat' dir='ltr'>autem</span> <span class='ocrx_word' id='word_1_468' title='bbox 1980 1820 2053 1847; x_wconf 86' lang='lat' dir='ltr'>tota</span> <span class='ocrx_word' id='word_1_469' title='bbox 2081 1812 2227 1856; x_wconf 88' lang='lat' dir='ltr'>epistola</span> 
     </span>
     <span class='ocr_line' id='line_1_81' title="bbox 1248 1862 2226 1911; baseline -0.002 -12"><span class='ocrx_word' id='word_1_470' title='bbox 1248 1865 1472 1906; x_wconf 85' lang='lat' dir='ltr'>narratione,</span> <span class='ocrx_word' id='word_1_471' title='bbox 1508 1874 1582 1900; x_wconf 87' lang='lat' dir='ltr'>tum</span> <span class='ocrx_word' id='word_1_472' title='bbox 1605 1866 1699 1911; x_wconf 86' lang='lat' dir='ltr'>quod</span> <span class='ocrx_word' id='word_1_473' title='bbox 1722 1865 1898 1898; x_wconf 89' lang='lat' dir='ltr'>Antonius</span> <span class='ocrx_word' id='word_1_474' title='bbox 1920 1876 1993 1897; x_wconf 91' lang='lat' dir='ltr'>non</span> <span class='ocrx_word' id='word_1_475' title='bbox 2019 1862 2123 1897; x_wconf 89' lang='lat' dir='ltr'>simul</span> <span class='ocrx_word' id='word_1_476' title='bbox 2148 1876 2226 1897; x_wconf 90' lang='lat' dir='ltr'>cum</span> 
     </span>
     <span class='ocr_line' id='line_1_82' title="bbox 1249 1914 2228 1960; baseline -0.005 -8"><span class='ocrx_word' id='word_1_477' title='bbox 1249 1919 1396 1952; x_wconf 84' lang='lat' dir='ltr'>Caesare</span> <span class='ocrx_word' id='word_1_478' title='bbox 1429 1918 1586 1951; x_wconf 85' lang='lat' dir='ltr'>sublatus</span> <span class='ocrx_word' id='word_1_479' title='bbox 1618 1923 1686 1956; x_wconf 90' lang='lat' dir='ltr'>est,</span> <span class='ocrx_word' id='word_1_480' title='bbox 1720 1923 1794 1949; x_wconf 87' lang='lat' dir='ltr'>tum</span> <span class='ocrx_word' id='word_1_481' title='bbox 1819 1916 1914 1960; x_wconf 88' lang='lat' dir='ltr'>quod</span> <span class='ocrx_word' id='word_1_482' title='bbox 1938 1915 2095 1958; x_wconf 87' lang='lat' dir='ltr'>patiatur</span> <span class='ocrx_word' id='word_1_483' title='bbox 2117 1914 2228 1947; x_wconf 89' lang='lat' dir='ltr'>Anto-</span> 
     </span>
     <span class='ocr_line' id='line_1_83' title="bbox 1248 1964 2228 2011; baseline -0.004 -8"><span class='ocrx_word' id='word_1_484' title='bbox 1248 1970 1347 2003; x_wconf 89' lang='lat' dir='ltr'>nium</span> <span class='ocrx_word' id='word_1_485' title='bbox 1366 1968 1403 2000; x_wconf 87' lang='lat' dir='ltr'>in</span> <span class='ocrx_word' id='word_1_486' title='bbox 1419 1969 1505 2002; x_wconf 90' lang='lat' dir='ltr'>urbe</span> <span class='ocrx_word' id='word_1_487' title='bbox 1522 1980 1540 2001; x_wconf 89' lang='lat' dir='ltr'>a</span> <span class='ocrx_word' id='word_1_488' title='bbox 1560 1966 1718 2001; x_wconf 86' lang='lat' dir='ltr'>Caesaris</span> <span class='ocrx_word' id='word_1_489' title='bbox 1735 1966 1922 2011; x_wconf 79' lang='lat' dir='ltr'>tyrannide</span> <span class='ocrx_word' id='word_1_490' title='bbox 1947 1965 2017 1998; x_wconf 88' lang='lat' dir='ltr'>iam</span> <span class='ocrx_word' id='word_1_491' title='bbox 2035 1964 2145 1998; x_wconf 88' lang='lat' dir='ltr'>libera</span> <span class='ocrx_word' id='word_1_492' title='bbox 2166 1966 2228 1999; x_wconf 91' lang='lat' dir='ltr'>do-</span> 
     </span>
     <span class='ocr_line' id='line_1_84' title="bbox 1249 2031 1390 2054; baseline -0.007 0"><span class='ocrx_word' id='word_1_493' title='bbox 1249 2031 1390 2054; x_wconf 83' lang='lat' dir='ltr'>minari.</span> 
     </span>
    </p>
   </div>
   <div class='ocr_carea' id='block_1_22' title="bbox 1492 2093 1979 2137">
    <p class='ocr_par' dir='ltr' id='par_1_22' title="bbox 1492 2093 1979 2137">
     <span class='ocr_line' id='line_1_85' title="bbox 1492 2093 1979 2137; baseline -0.002 -9"><span class='ocrx_word' id='word_1_494' title='bbox 1492 2093 1631 2128; x_wconf 89' lang='lat' dir='ltr'>Aliud</span> <span class='ocrx_word' id='word_1_495' title='bbox 1658 2099 1979 2137; x_wconf 85' lang='lat' dir='ltr'>argumentum.</span> 
     </span>
    </p>
   </div>
   <div class='ocr_carea' id='block_1_23' title="bbox 1252 2160 2233 2258">
    <p class='ocr_par' dir='ltr' id='par_1_23' title="bbox 1252 2160 2233 2258">
     <span class='ocr_line' id='line_1_86' title="bbox 1351 2160 2232 2207; baseline -0.002 -11"><span class='ocrx_word' id='word_1_496' title='bbox 1351 2163 1507 2207; x_wconf 86' lang='lat' dir='ltr'>Epistola</span> <span class='ocrx_word' id='word_1_497' title='bbox 1524 2162 1627 2206; x_wconf 88' lang='lat' dir='ltr'>plena</span> <span class='ocrx_word' id='word_1_498' title='bbox 1645 2167 1695 2194; x_wconf 87' lang='lat' dir='ltr'>est</span> <span class='ocrx_word' id='word_1_499' title='bbox 1710 2160 1963 2203; x_wconf 84' lang='lat' dir='ltr'>indignationis</span> <span class='ocrx_word' id='word_1_500' title='bbox 1978 2160 2144 2194; x_wconf 87' lang='lat' dir='ltr'>adversus</span> <span class='ocrx_word' id='word_1_501' title='bbox 2159 2160 2232 2194; x_wconf 89' lang='lat' dir='ltr'>An-</span> 
     </span>
     <span class='ocr_line' id='line_1_87' title="bbox 1252 2210 2233 2258; baseline -0.004 -9"><span class='ocrx_word' id='word_1_502' title='bbox 1252 2215 1388 2250; x_wconf 88' lang='lat' dir='ltr'>tonium</span> <span class='ocrx_word' id='word_1_503' title='bbox 1401 2240 1409 2254; x_wconf 88' lang='lat'>‚</span> <span class='ocrx_word' id='word_1_504' title='bbox 1436 2219 1476 2247; x_wconf 90' lang='lat' dir='ltr'>ut</span> <span class='ocrx_word' id='word_1_505' title='bbox 1497 2213 1557 2258; x_wconf 88' lang='lat' dir='ltr'>qui</span> <span class='ocrx_word' id='word_1_506' title='bbox 1571 2213 1666 2246; x_wconf 87' lang='lat' dir='ltr'>solus</span> <span class='ocrx_word' id='word_1_507' title='bbox 1680 2212 1830 2245; x_wconf 90' lang='lat' dir='ltr'>multum</span> <span class='ocrx_word' id='word_1_508' title='bbox 1846 2210 1979 2255; x_wconf 86' lang='lat' dir='ltr'>negotii</span> <span class='ocrx_word' id='word_1_509' title='bbox 1995 2211 2100 2244; x_wconf 87' lang='lat' dir='ltr'>saciat</span> <span class='ocrx_word' id='word_1_510' title='bbox 2118 2213 2233 2245; x_wconf 87' lang='lat' dir='ltr'>omni-</span> 
     </span>
    </p>
   </div>
   <div class='ocr_carea' id='block_1_24' title="bbox 1286 2326 2232 2389">
    <p class='ocr_par' dir='ltr' id='par_1_24' title="bbox 1286 2326 2232 2389">
     <span class='ocr_line' id='line_1_88' title="bbox 1286 2326 2232 2360; baseline -0.003 -5"><span class='ocrx_word' id='word_1_511' title='bbox 1286 2332 1333 2360; x_wconf 78' lang='lat'>23)</span> <span class='ocrx_word' id='word_1_512' title='bbox 1353 2329 1459 2358; x_wconf 81' lang='lat' dir='ltr'>dicant]</span> <span class='ocrx_word' id='word_1_513' title='bbox 1479 2327 1518 2352; x_wconf 83' lang='lat' dir='ltr'>sic</span> <span class='ocrx_word' id='word_1_514' title='bbox 1535 2326 1620 2351; x_wconf 86' lang='lat' dir='ltr'>Editt.</span> <span class='ocrx_word' id='word_1_515' title='bbox 1640 2326 1731 2358; x_wconf 79' lang='lat'>1556.‚</span> <span class='ocrx_word' id='word_1_516' title='bbox 1753 2326 1825 2352; x_wconf 79' lang='lat'>1565.</span> <span class='ocrx_word' id='word_1_517' title='bbox 1838 2343 1846 2358; x_wconf 90' lang='lat'><strong>‚</strong></span> <span class='ocrx_word' id='word_1_518' title='bbox 1866 2326 1959 2357; x_wconf 84' lang='lat'>1596.;</span> <span class='ocrx_word' id='word_1_519' title='bbox 1983 2326 2033 2352; x_wconf 82' lang='lat' dir='ltr'>Ed.</span> <span class='ocrx_word' id='word_1_520' title='bbox 2054 2326 2126 2352; x_wconf 79' lang='lat'>1571.</span> <span class='ocrx_word' id='word_1_521' title='bbox 2146 2327 2232 2352; x_wconf 82' lang='lat' dir='ltr'>male:</span> 
     </span>
     <span class='ocr_line' id='line_1_89' title="bbox 1323 2365 1436 2389; baseline -0.027 0"><span class='ocrx_word' id='word_1_522' title='bbox 1323 2365 1436 2389; x_wconf 81' lang='lat' dir='ltr'>discant.</span> 
     </span>
    </p>
   </div>
   <div class='ocr_carea' id='block_1_25' title="bbox 1286 2403 2140 2437">
    <p class='ocr_par' dir='ltr' id='par_1_25' title="bbox 1286 2403 2140 2437">
     <span class='ocr_line' id='line_1_90' title="bbox 1286 2403 2140 2437; baseline -0.005 -5"><span class='ocrx_word' id='word_1_523' title='bbox 1286 2410 1333 2437; x_wconf 73' lang='lat'>24)</span> <span class='ocrx_word' id='word_1_524' title='bbox 1353 2408 1411 2432; x_wconf 82' lang='lat' dir='ltr'>Hoc</span> <span class='ocrx_word' id='word_1_525' title='bbox 1429 2404 1617 2436; x_wconf 77' lang='lat' dir='ltr'>argumentum</span> <span class='ocrx_word' id='word_1_526' title='bbox 1637 2403 1663 2427; x_wconf 83' lang='lat' dir='ltr'>in</span> <span class='ocrx_word' id='word_1_527' title='bbox 1684 2403 1769 2427; x_wconf 84' lang='lat' dir='ltr'>Editt.</span> <span class='ocrx_word' id='word_1_528' title='bbox 1789 2403 1976 2427; x_wconf 80' lang='lat'>1565—1596.</span> <span class='ocrx_word' id='word_1_529' title='bbox 1996 2403 2140 2433; x_wconf 77' lang='lat' dir='ltr'>reperitur.</span> 
     </span>
    </p>
   </div>
   <div class='ocr_carea' id='block_1_26' title="bbox 1286 2445 2233 2649">
    <p class='ocr_par' dir='ltr' id='par_1_26' title="bbox 1286 2445 2233 2649">
     <span class='ocr_line' id='line_1_91' title="bbox 1286 2445 2232 2481; baseline -0.004 -7"><span class='ocrx_word' id='word_1_530' title='bbox 1286 2451 1333 2481; x_wconf 77' lang='lat'>25)</span> <span class='ocrx_word' id='word_1_531' title='bbox 1352 2451 1404 2474; x_wconf 89' lang='lat' dir='ltr'>Pro</span> <span class='ocrx_word' id='word_1_532' title='bbox 1424 2449 1473 2471; x_wconf 84' lang='lat' dir='ltr'>hac</span> <span class='ocrx_word' id='word_1_533' title='bbox 1491 2448 1571 2474; x_wconf 75' lang='lat' dir='ltr'>nota,</span> <span class='ocrx_word' id='word_1_534' title='bbox 1591 2452 1669 2476; x_wconf 85' lang='lat' dir='ltr'>quam</span> <span class='ocrx_word' id='word_1_535' title='bbox 1689 2446 1771 2470; x_wconf 86' lang='lat' dir='ltr'>Editt.</span> <span class='ocrx_word' id='word_1_536' title='bbox 1787 2445 1877 2476; x_wconf 84' lang='lat'>1537.,</span> <span class='ocrx_word' id='word_1_537' title='bbox 1898 2445 1970 2470; x_wconf 76' lang='lat'>1540.</span> <span class='ocrx_word' id='word_1_538' title='bbox 1992 2445 2131 2477; x_wconf 78' lang='lat' dir='ltr'>exhibent,</span> <span class='ocrx_word' id='word_1_539' title='bbox 2149 2445 2232 2470; x_wconf 77' lang='lat' dir='ltr'>Editt.</span> 
     </span>
     <span class='ocr_line' id='line_1_92' title="bbox 1323 2479 2233 2510; baseline -0.007 -1"><span class='ocrx_word' id='word_1_540' title='bbox 1323 2485 1409 2510; x_wconf 67' lang='lat'>15⁴5..</span> <span class='ocrx_word' id='word_1_541' title='bbox 1429 2482 1501 2505; x_wconf 79' lang='lat'>1560.</span> <span class='ocrx_word' id='word_1_542' title='bbox 1521 2482 1619 2504; x_wconf 82' lang='lat' dir='ltr'>habent</span> <span class='ocrx_word' id='word_1_543' title='bbox 1637 2481 1720 2504; x_wconf 84' lang='lat' dir='ltr'>hasce</span> <span class='ocrx_word' id='word_1_544' title='bbox 1736 2480 1818 2503; x_wconf 83' lang='lat' dir='ltr'>duas:</span> <span class='ocrx_word' id='word_1_545' title='bbox 1838 2479 1931 2509; x_wconf 71' lang='lat' dir='ltr'>Auyet</span> <span class='ocrx_word' id='word_1_546' title='bbox 1945 2481 2013 2503; x_wconf 78' lang='lat' dir='ltr'>tuus</span> <span class='ocrx_word' id='word_1_547' title='bbox 2024 2479 2149 2508; x_wconf 80' lang='lat' dir='ltr'>amicus]</span> <span class='ocrx_word' id='word_1_548' title='bbox 2167 2480 2233 2504; x_wconf 82' lang='lat' dir='ltr'>Pot-</span> 
     </span>
     <span class='ocr_line' id='line_1_93' title="bbox 1322 2512 2233 2544; baseline -0.004 -2"><span class='ocrx_word' id='word_1_549' title='bbox 1322 2517 1436 2542; x_wconf 79' lang='lat' dir='ltr'>licitatio</span> <span class='ocrx_word' id='word_1_550' title='bbox 1462 2514 1506 2538; x_wconf 79' lang='lat' dir='ltr'>sui</span> <span class='ocrx_word' id='word_1_551' title='bbox 1530 2515 1620 2539; x_wconf 74' lang='lat' dir='ltr'>officii.</span> <span class='ocrx_word' id='word_1_552' title='bbox 1693 2516 1789 2539; x_wconf 71' lang='lat' dir='ltr'>Vestri</span> <span class='ocrx_word' id='word_1_553' title='bbox 1807 2512 1893 2544; x_wconf 81' lang='lat' dir='ltr'>enim]</span> <span class='ocrx_word' id='word_1_554' title='bbox 1917 2513 2045 2537; x_wconf 84' lang='lat' dir='ltr'>Narratio</span> <span class='ocrx_word' id='word_1_555' title='bbox 2064 2512 2196 2543; x_wconf 79' lang='lat' dir='ltr'>incipiens</span> <span class='ocrx_word' id='word_1_556' title='bbox 2215 2519 2233 2538; x_wconf 83' lang='lat' dir='ltr'>a</span> 
     </span>
     <span class='ocr_line' id='line_1_94' title="bbox 1320 2546 2230 2583; baseline -0.002 -10"><span class='ocrx_word' id='word_1_557' title='bbox 1320 2549 1508 2583; x_wconf 81' lang='lat' dir='ltr'>propositione</span> <span class='ocrx_word' id='word_1_558' title='bbox 1532 2548 1666 2579; x_wconf 80' lang='lat' dir='ltr'>generali.</span> <span class='ocrx_word' id='word_1_559' title='bbox 1703 2549 1758 2576; x_wconf 83' lang='lat' dir='ltr'>(De</span> <span class='ocrx_word' id='word_1_560' title='bbox 1782 2547 1884 2577; x_wconf 73' lang='lat' dir='ltr'>prioris</span> <span class='ocrx_word' id='word_1_561' title='bbox 1914 2547 1995 2570; x_wconf 81' lang='lat' dir='ltr'>notae</span> <span class='ocrx_word' id='word_1_562' title='bbox 2025 2546 2130 2577; x_wconf 80' lang='lat' dir='ltr'>origine</span> <span class='ocrx_word' id='word_1_563' title='bbox 2159 2548 2230 2571; x_wconf 72' lang='lat' dir='ltr'>conf.</span> 
     </span>
     <span class='ocr_line' id='line_1_95' title="bbox 1321 2579 2232 2612; baseline -0.005 -2"><span class='ocrx_word' id='word_1_564' title='bbox 1321 2587 1386 2610; x_wconf 83' lang='lat' dir='ltr'>nota</span> <span class='ocrx_word' id='word_1_565' title='bbox 1405 2584 1469 2611; x_wconf 60' lang='lat'>190.</span> <span class='ocrx_word' id='word_1_566' title='bbox 1490 2595 1524 2599; x_wconf 91' lang='lat'>—-</span> <span class='ocrx_word' id='word_1_567' title='bbox 1557 2583 1588 2606; x_wconf 84' lang='grc' dir='ltr'>Ιιι</span> <span class='ocrx_word' id='word_1_568' title='bbox 1607 2583 1690 2608; x_wconf 83' lang='lat' dir='ltr'>Editt.</span> <span class='ocrx_word' id='word_1_569' title='bbox 1707 2582 1798 2612; x_wconf 62' lang='lat'>1544„</span> <span class='ocrx_word' id='word_1_570' title='bbox 1819 2581 1909 2612; x_wconf 62' lang='lat'>1554„</span> <span class='ocrx_word' id='word_1_571' title='bbox 1929 2579 2002 2604; x_wconf 83' lang='lat'>1557.</span> <span class='ocrx_word' id='word_1_572' title='bbox 2027 2580 2093 2604; x_wconf 84' lang='lat' dir='ltr'>haec</span> <span class='ocrx_word' id='word_1_573' title='bbox 2115 2583 2182 2605; x_wconf 77' lang='lat' dir='ltr'>uota</span> <span class='ocrx_word' id='word_1_574' title='bbox 2204 2584 2232 2605; x_wconf 78' lang='lat' dir='ltr'>et</span> 
     </span>
     <span class='ocr_line' id='line_1_96' title="bbox 1321 2617 1568 2649; baseline -0.02 -5"><span class='ocrx_word' id='word_1_575' title='bbox 1321 2624 1439 2649; x_wconf 82' lang='lat' dir='ltr'>sequens</span> <span class='ocrx_word' id='word_1_576' title='bbox 1463 2617 1568 2640; x_wconf 70' lang='lat' dir='ltr'>desunt.</span> 
     </span>
    </p>
   </div>
   <div class='ocr_carea' id='block_1_27' title="bbox 1284 2654 2232 2720">
    <p class='ocr_par' dir='ltr' id='par_1_27' title="bbox 1284 2654 2232 2720">
     <span class='ocr_line' id='line_1_97' title="bbox 1284 2654 2232 2720; baseline -0.006 -32"><span class='ocrx_word' id='word_1_577' title='bbox 1284 2661 1331 2693; x_wconf 79' lang='lat'>26)</span> <span class='ocrx_word' id='word_1_578' title='bbox 1352 2659 1616 2720; x_wconf 50' lang='lat' dir='ltr'>qggfiargupieiztum</span> <span class='ocrx_word' id='word_1_579' title='bbox 1634 2659 1661 2683; x_wconf 85' lang='lat' dir='ltr'>et</span> <span class='ocrx_word' id='word_1_580' title='bbox 1679 2658 1733 2684; x_wconf 82' lang='lat' dir='ltr'>duo</span> <span class='ocrx_word' id='word_1_581' title='bbox 1750 2655 1893 2689; x_wconf 74' lang='lat' dir='ltr'>sequentia</span> <span class='ocrx_word' id='word_1_582' title='bbox 1909 2654 1938 2681; x_wconf 78' lang='lat' dir='ltr'>tn</span> <span class='ocrx_word' id='word_1_583' title='bbox 1954 2654 2039 2682; x_wconf 81' lang='lat' dir='ltr'>Editt.</span> <span class='ocrx_word' id='word_1_584' title='bbox 2055 2656 2147 2689; x_wconf 59' lang='lat'>1556„</span> <span class='ocrx_word' id='word_1_585' title='bbox 2166 2657 2232 2682; x_wconf 74' lang='lat'>156⁵</span> 
     </span>
     <span class='ocr_line' id='line_1_98' title="bbox 1323 2698 1565 2718; baseline -0.004 1"><span class='ocrx_word' id='word_1_586' title='bbox 1323 2707 1352 2713; x_wconf 90' lang='lat'><em>-</em></span> <span class='ocrx_word' id='word_1_587' title='bbox 1445 2699 1495 2718; x_wconf 65' lang='lat' dir='ltr'>eas</span> <span class='ocrx_word' id='word_1_588' title='bbox 1509 2698 1544 2718; x_wconf 85' lang='lat' dir='ltr'>au</span> <span class='ocrx_word' id='word_1_589' title='bbox 1558 2711 1565 2718; x_wconf 83' lang='grc'>,</span> 
     </span>
    </p>
   </div>
   <div class='ocr_carea' id='block_1_28' title="bbox 2322 1901 2338 2451">
    <p class='ocr_par' dir='ltr' id='par_1_28' title="bbox 2322 1901 2338 2451">
     <span class='ocr_line' id='line_1_99' title="bbox 2322 1901 2338 2451; baseline 0 0"><span class='ocrx_word' id='word_1_590' title='bbox 2322 1901 2338 2451; x_wconf 95' lang='lat' dir='ltr'> </span> 
     </span>
    </p>
   </div>
  </div>
 </body>
</html>
