2294 2975
101 132 176 169 239

105 219 225 253 ludos,
268 215 354 249 nihil
377 223 566 261 spectasses
590 216 696 256 novi,
739 227 821 258 ergo
847 220 940 247 recte
963 214 1088 251 fecisti,

104 269 198 313 quod
233 268 328 300 domi
363 267 534 301 mansisti.
596 266 762 311 Sequitur
785 265 963 304 narratio,
1000 276 1089 310 quae

104 319 323 352 consumitur
356 318 392 351 in
422 318 656 362 descriptione
687 322 878 360 apparatus
910 316 1089 355 ludorum,

106 377 136 401 et
156 371 189 402 in
214 370 482 409 extenuatione,
520 369 613 413 quod
636 365 726 400 nihil
750 366 995 400 delectationis
1016 367 1089 400 ludi

103 419 312 459 habuerint,
345 427 382 453 ut
408 420 465 464 qui
497 417 607 461 magis
630 418 862 457 modestiam,
901 430 1007 463 quani
1029 429 1089 450 vo-

104 472 273 515 luptatem
299 471 490 503 attulerint.
549 468 685 501 Deinde
710 469 753 500 ab
778 468 937 502 instituta
962 468 1088 502 descri-

101 523 222 566 ptione
249 521 412 559 discedit,
447 526 479 551 et
505 531 644 553 causam
670 525 813 559 narrat,
848 532 954 565 quam
981 519 1090 563 egerit

102 585 166 617 pro
185 573 307 609 Gallo,
335 570 532 613 significans
553 582 588 603 se
608 568 676 603 hoc
694 577 853 614 tempore
880 568 969 603 nihil
993 571 1089 604 aliud

103 631 225 667 optare
261 634 299 654 ac
330 621 467 660 moliri,
511 634 619 666 quam
643 621 739 654 utin
763 621 835 654 otio
861 633 932 655 esse
968 622 1088 666 possit.

102 673 287 707 Conclusio
318 670 423 705 habet
452 672 595 705 brevem
629 670 915 705 adhortationem
941 674 986 706 ad
1010 673 1089 705 dili-

102 730 222 768 genter
240 723 434 756 curandam
454 723 712 763 valetudinem,
740 723 795 756 cui
818 724 960 757 additur
985 736 1086 757 causa

102 782 133 807 et
152 774 337 808 consilium
356 774 534 808 scribendi
551 772 642 807 hanc
661 774 859 818 epistolam.

346 876 480 909 Aliud
515 882 841 920 argumentum.

202 951 291 985 Tres
318 951 485 995 epistolae
514 952 558 983 ad
587 951 743 984 Marium
767 951 920 994 scriptae
947 951 1087 983 diverso

100 1009 261 1036 constant
280 1008 501 1045 argumento.
555 1002 645 1035 Sunt
662 1008 779 1035 autem
798 1014 882 1035 sane
900 1002 1087 1045 elegantes.

98 1054 220 1087 Prima
247 1060 294 1086 est
321 1054 362 1085 de
387 1052 534 1096 publicis
550 1052 658 1092 ludis,
695 1059 728 1085 et
754 1054 797 1085 de
822 1064 945 1091 causa,
981 1064 1087 1097 quam

102 1105 170 1148 egit
188 1116 314 1147 inagna
334 1103 560 1136 contentione
579 1115 643 1147 pro
661 1104 777 1137 Gallo.
839 1103 987 1136 Occasio
1006 1102 1089 1135 scri-

99 1155 205 1188 bendi
222 1155 373 1188 sumitur
395 1166 435 1186 ex
456 1154 625 1198 petitione
642 1154 770 1193 Marii,
798 1154 858 1199 qui
878 1153 1090 1187 valetudinis

99 1218 201 1239 causa
221 1217 280 1238 rus
297 1211 526 1243 concesserat,
554 1205 698 1249 cupiens
716 1205 857 1238 interim
875 1217 937 1248 per
955 1205 1089 1237 litteras

100 1257 280 1290 Ciceronis
296 1256 423 1289 certior
440 1256 514 1288 fieri
531 1257 574 1288 de
592 1256 683 1290 ludis
701 1254 863 1289 exhibitis
881 1256 918 1288 in
943 1268 1003 1289 sua
1031 1256 1090 1287 ab·

99 1308 223 1342 sentia.
277 1306 475 1340 Exordium
494 1314 675 1351 sumptum
703 1313 752 1340 est
780 1319 798 1339 a
825 1319 950 1346 causa,
979 1318 1089 1351 quare

101 1359 253 1392 voluerit
284 1358 402 1391 venire
433 1365 627 1403 spectatum
663 1358 765 1391 ludos
791 1358 909 1390 addita
937 1358 1090 1401 gratula-

99 1411 195 1443 tione
219 1416 251 1442 et
277 1410 588 1453 comprobatione,
628 1410 723 1454 quod
745 1409 863 1453 potins
890 1409 1088 1441 studiorum

98 1461 273 1494 rationem
288 1487 296 1499 ,
331 1473 438 1505 quain
461 1460 742 1504 spectaculorum
764 1458 940 1492 habuerit.
1000 1459 1090 1492 Nar-

99 1512 190 1545 ratio
214 1512 318 1554 longa
344 1509 451 1543 habet
472 1510 747 1554 descriptionem
774 1510 959 1549 ludorum,
1000 1522 1088 1554 quos

99 1562 219 1596 multis
246 1561 443 1595 rationibus
463 1567 638 1594 extenuat.
700 1561 790 1594 Huic
816 1560 1017 1594 narrationi
1041 1561 1089 1592 al-

100 1622 174 1647 tera
200 1612 384 1646 subiicitur
409 1613 450 1645 de
477 1612 675 1645 actionibus
699 1612 897 1646 forensibus
917 1612 984 1645 sibi
1013 1624 1089 1644 ino—

98 1664 313 1703 lestissimis,
349 1664 475 1709 quibus
500 1663 639 1707 penitus
662 1664 758 1696 nulla
783 1664 920 1696 ratione
946 1662 1088 1695 liberari

98 1722 226 1760 potest.
292 1714 430 1747 Deinde
445 1721 495 1748 est
512 1715 628 1748 brevis
647 1712 849 1747 adhortatio
875 1716 916 1748 de
941 1714 1089 1758 diligen-

100 1773 153 1800 ter
179 1767 334 1800 curanda
359 1766 572 1799 valetudine.
636 1765 824 1800 Conclusio
852 1766 1007 1799 continet
1034 1778 1089 1798 oc—

100 1818 276 1851 casionem
295 1824 327 1851 et
346 1829 486 1850 causam
503 1817 691 1850 scribendi.

348 1918 484 1951 Aliud
513 1924 833 1961 argumentum.

203 1993 398 2027 Exordium
417 1993 620 2026 dilemmate
641 1998 797 2032 constat,
832 1992 868 2023 in
892 2004 961 2036 quo
988 2004 1088 2036 prae-

101 2046 194 2078 dicat
216 2058 254 2077 ac
279 2045 407 2089 probat
430 2043 616 2077 consilium
641 2043 768 2083 Marii,
803 2044 899 2087 quod
923 2043 1089 2086 neglectis

103 2096 193 2129 ludis
222 2096 367 2129 scenicis
399 2108 434 2128 se
459 2094 557 2127 domi
582 2093 797 2127 continuerit
823 2095 867 2126 ad
888 2095 1003 2127 studia
1026 2106 1088 2127 sua

102 2148 296 2180 tractanda.
364 2146 532 2180 Narratio
557 2143 664 2177 habet
688 2144 961 2188 descriptionem
988 2145 1088 2178 ludo-

101 2211 192 2237 rum,
220 2198 256 2230 in
273 2198 399 2243 quihus
416 2196 668 2240 magnisuerint
685 2202 889 2240 apparatus,
911 2197 971 2229 sed
988 2209 1089 2241 pror-

102 2262 158 2282 sus
175 2247 283 2289 nihil,
311 2250 405 2295 quod
423 2248 579 2281 eruditos
594 2254 807 2291 spectatores
831 2248 1004 2280 delectare
1026 2260 1089 2292 po—

104 2299 242 2339 tuisset,
270 2306 303 2332 et
318 2300 538 2334 consumitur
555 2305 628 2331 tota
651 2299 710 2331 illa
736 2298 924 2342 descriptio
951 2298 987 2331 in
1011 2312 1089 2343 per-

102 2357 208 2394 petua
240 2353 392 2395 quadam
426 2350 673 2384 extenuatione
704 2350 882 2383 ludorum.
951 2349 1088 2383 Deinde

104 2400 245 2433 additur
266 2403 406 2447 querela
433 2403 474 2435 de
501 2401 664 2435 maximis
687 2401 757 2435 suis
782 2400 952 2434 molestiis
976 2413 1015 2434 ac
1040 2402 1089 2433 la-

102 2452 265 2491 boribus,
300 2453 426 2497 quibus
446 2466 480 2486 se
508 2453 651 2486 liberari
675 2453 771 2497 cupit
794 2452 838 2485 ob
862 2449 953 2484 hanc
976 2452 1086 2485 solam

103 2515 266 2543 causam,
293 2510 331 2535 ut
349 2505 391 2535 ad
410 2504 522 2537 studia
547 2504 796 2550 tranquilliora
820 2503 978 2536 animum
1007 2516 1088 2536 con-

101 2555 194 2587 ferre
211 2555 330 2598 possit.
372 2554 461 2587 Huic
480 2555 556 2587 loco
572 2562 622 2588 est
639 2556 758 2588 addita
775 2552 990 2599 apostrophe
1007 2567 1088 2587 con-

103 2605 218 2638 tinens
235 2602 580 2638 adhortatiunculain
606 2608 647 2639 de
674 2606 874 2640 valetudine
902 2606 1088 2650 diligenter

103 2657 270 2689 curanda.
323 2654 362 2688 In
381 2657 519 2701 epilogo
539 2664 712 2697 recenset,
741 2670 812 2703 quo
832 2657 980 2691 consilio
1005 2670 1087 2702 pro-

100 2707 241 2740 lixiores
258 2707 391 2741 litteras
409 2708 598 2751 scripserit.

673 128 796 166 PHIL.
829 127 941 164 MEL.
975 127 1177 164 SCRIPTA
1216 128 1549 167 PHILOLOGICA.

2057 131 2133 169 240

1193 215 1514 259 Argumentum
1547 224 1587 249 et
1620 214 1794 250 scholia
1832 217 1875 249 in
1912 216 2081 261 episto-

1559 268 1643 300 lam
1672 266 1714 301 H.

1245 334 1339 367 Haec
1356 332 1444 367 nihil
1459 333 1565 368 habet
1581 335 1646 368 nisi
1665 335 1890 368 narrationes
1906 336 2077 380 quasdam
2087 334 2131 381 ⁹).

1247 384 1275 428 ᾗ.
1297 386 1328 418 1.
1357 387 1560 420 Mandatum
1577 384 1688 433 tuum]
1716 385 1951 420 Narrationes
1962 385 2019 433 ¹⁰).

1248 435 1277 479 {-
1301 438 1336 471 2.
1371 438 1424 470 De
1445 435 1579 484 Bursa]
1614 437 1697 470 Fuit
1721 449 1812 470 unus
1838 436 1911 483 e¹¹)
1938 436 2132 477 Clodianis,

1144 486 1203 531 qui
1224 487 1372 519 multum
1393 489 1546 521 exercuit
1564 488 1790 527 Ciceronem,
1818 489 1877 521 sed
1896 494 2016 532 postea
2039 488 2131 521 male

1143 538 1330 571 mulctatus
1361 544 1411 572 est
1435 539 1472 571 in
1497 539 1625 572 iudicio
1650 552 1668 571 a
1687 538 1877 578 Cicerone,
1911 539 1993 584 quia
2012 551 2133 573 succu-

1142 589 1219 622 buit
1236 596 1269 621 et
1286 589 1397 622 victus
1415 597 1476 624 est.
1542 591 1695 625 Primum
1711 587 1883 637 enim¹²)]
1902 588 2131 638 αἰτιολογίαι,

1143 653 1204 673 cur
1230 639 1297 673 hoc
1328 640 1478 681 iudicio,
1515 654 1585 687 quo
1611 642 1721 675 victus
1746 648 1797 675 est
1817 641 1951 681 Bursa,
1986 641 2132 674 mirifice

1142 692 1185 725 sit
1209 692 1371 724 laetatus.

1246 741 1276 786 ᾗ.
1293 742 1326 775 3,
1356 740 1600 789 Emis-carium]
1629 741 1841 776 Einissarios
1868 742 2035 782 dicimus,
2071 741 2133 787 qui

1142 800 1223 827 sunt
1242 792 1389 837 expositi
1409 793 1452 825 ad
1477 793 1609 826 subitas
1635 793 1877 834 excursiones,
1913 794 1950 826 in
1975 793 2134 838 qualibet

1143 845 1327 877 occasione
1339 843 1395 889 ¹3).

1363 919 1497 952 Aliud
1533 926 1841 963 argumentum
1858 919 1915 965 ¹⁴).

1244 979 1342 1012 Duas
1361 985 1477 1023 partes
1495 979 1651 1012 continet
1669 979 1828 1024 epistola.
1881 978 1921 1011 In
1936 977 2057 1022 priore
2081 977 2133 1011 io-

1143 1036 1243 1062 catur
1264 1042 1343 1063 cum
1362 1030 1478 1063 Mario
1491 1057 1499 1069 ,
1536 1043 1554 1063 a
1573 1043 1643 1076 quo
1659 1037 1803 1074 rogatus
1822 1036 1897 1063 erat
1914 1030 1956 1062 de
1975 1028 2132 1062 emendis

1143 1080 1356 1125 quibusdam
1382 1080 1505 1120 bonis,
1545 1094 1634 1126 quae
1660 1083 1703 1113 ad
1726 1081 1841 1125 ipsum
1867 1081 2074 1114 Ciceronem
2101 1084 2135 1112 et

1143 1131 1231 1164 alios
1266 1129 1482 1164 haereditate
1518 1132 1708 1165 redierant.
1780 1130 1821 1163 In
1853 1131 1964 1164 altera
1997 1135 2134 1169 narrat,

1144 1183 1324 1227 quomodo
1352 1182 1595 1216 adversarium
1620 1196 1721 1216 suum
1750 1182 1922 1221 Bursam,
1949 1179 2133 1214 hominem

1144 1233 1339 1266 Clodianae
1357 1233 1539 1273 factionis,
1566 1234 1696 1266 iudicio
1713 1233 1848 1267 vicerit.
1901 1232 2017 1265 Porro
2036 1232 2134 1276 prin-

1144 1284 1274 1328 cipium
1304 1284 1647 1328 epistolae'sumitur
1676 1297 1694 1317 a
1727 1283 1954 1323 narratione,
1995 1283 2033 1316 in
2064 1294 2133 1328 qua

1143 1347 1206 1379 per
1234 1335 1350 1368 iocum
1378 1336 1470 1368 ridet
1495 1335 1670 1376 Marium,
1706 1336 1801 1380 quod
1828 1347 1907 1368 eum
1936 1340 2134 1378 emptorem

1144 1386 1385 1425 constituerit,
1415 1387 1459 1419 ad
1479 1399 1584 1431 quem
1611 1387 1639 1420 si
1665 1385 1902 1431 maximona)
1919 1391 2031 1424 emat,
2057 1385 2134 1428 plu-

1144 1436 1273 1469 rimum
1300 1437 1388 1469 lucri
1414 1438 1570 1471 redierit.
1632 1437 1800 1482 Sequitur
1825 1436 1935 1469 altera
1961 1435 2135 1476 narratio,

1144 1500 1234 1533 quae
1263 1487 1421 1520 continet
1452 1488 1765 1532 amplificationem
1798 1499 1880 1519 suae
1903 1486 2074 1519 victoriae
2098 1486 2136 1519 in

1142 1538 1284 1583 publico
1316 1538 1459 1573 iudicio.
1528 1538 1659 1583 Estque
1692 1543 1830 1581 sumpta
1863 1537 2089 1581 amplificatio
2114 1550 2134 1570 a

1142 1591 1258 1623 fructu
1278 1589 1419 1629 iudicii,
1448 1591 1543 1635 quod
1561 1589 1642 1622 inde
1659 1589 1780 1623 tulerit
1800 1589 1977 1621 bonorum
2006 1588 2134 1628 studia,

1143 1648 1175 1674 et
1194 1653 1212 1673 a
1230 1641 1429 1674 collatione.
1491 1640 1679 1674 Conclusio
1706 1639 1811 1673 habet
1835 1640 1979 1672 brevem
2004 1637 2134 1672 adhor-

1143 1692 1313 1725 tationem
1334 1693 1377 1724 ad
1394 1692 1667 1735 gratulationem
1689 1691 1788 1724 istius
1806 1690 1994 1730 victoriae,
2029 1696 2062 1723 et
2078 1702 2133 1723 re-

1142 1743 1351 1788 petitionem
1377 1755 1483 1787 supra
1514 1742 1695 1776 institutae
1722 1741 1940 1776 narrationis
1966 1742 2007 1774 de
2038 1741 2131 1774 victo

1144 1794 1359 1827 adversario.

1387 1870 1522 1903 Aliud
1556 1876 1882 1915 argumentum.

1245 1930 1358 1964 Huius
1375 1931 1542 1975 epistolae
1561 1931 1689 1974 duplex
1708 1937 1758 1964 est
1775 1936 2035 1973 argumentum.
2074 1928 2133 1961 Al-

1144 1987 1258 2013 terum
1276 1982 1319 2014 de
1341 1982 1519 2026 emptione
1537 1982 1688 2015 aedium.
1748 1981 1910 2014 Alterum
1927 1981 1968 2013 de
1988 1980 2133 2020 iudicio,

1177 2090 1207 2117 9)
1228 2088 1294 2113 Huic
1312 2090 1493 2120 argumento,
1521 2089 1592 2119 quod
1610 2088 1693 2114 Editt.
1720 2089 1919 2119 1537—1545.,
1939 2088 2025 2118 ¹554„
2046 2087 2132 2119 1557„

1213 2124 1286 2148 1560.
1306 2125 1421 2154 habent,
1441 2124 1466 2147 in
1486 2124 1567 2147 Editt.
1591 2124 1677 2154 1540.,
1698 2124 1783 2155 1544„
1804 2125 1896 2154 1554„
1917 2123 1991 2147 1557.
2009 2122 2132 2152 praefixa

1211 2159 1273 2181 sunt
1293 2159 1348 2182 Cic.
1367 2159 1451 2181 verba
1471 2156 1510 2189 (§.
1529 2159 1581 2186 1.):
1607 2158 1780 2182 Mandatum
1799 2160 1881 2182 tuum
1899 2157 2017 2182 curabo.
2036 2170 2070 2173 —
2094 2157 2132 2180 11-

1213 2192 1258 2215 lud
1278 2194 1367 2216 autem
1386 2194 1590 2223 argumentum,
1610 2192 1681 2221 quod
1699 2193 1727 2215 in
1745 2192 1827 2216 Editt.
1850 2192 1940 2221 1546.‚
1962 2191 2052 2221 1601„
2071 2191 2132 2214 sine

1212 2227 1333 2250 auctoris
1352 2227 1475 2256 nomine,
1495 2226 1555 2249 huic
1573 2226 1707 2256 epistolae
1727 2228 1770 2249 est
1789 2226 1985 2256 praemissum,
2004 2230 2058 2248 non
2071 2226 2147 2248 Me-⁴

1212 2261 1350 2285 lauthonis
1365 2262 1421 2291 est,
1441 2261 1490 2284 sed
1503 2261 1629 2284 Ascensii
1639 2277 1646 2288 ,
1666 2261 1693 2283 id
1708 2261 1778 2290 quod
1792 2267 1825 2283 ex
1839 2260 1922 2283 Editt.
1939 2260 2024 2289 1544„
2045 2259 2131 2288 1554..

1214 2295 1304 2325 1557.‚
1339 2300 1407 2325 quae
1431 2295 1501 2318 idem
1519 2294 1546 2317 in
1565 2295 1689 2318 Ascensii
1708 2294 1882 2319 enarratione
1899 2294 1978 2318 huius
1998 2292 2132 2324 epistolae

1211 2330 1367 2360 continent,
1388 2329 1560 2359 intelligitur.

1179 2371 1224 2403 10)
1244 2373 1318 2396 Haec
1336 2373 1401 2396 nota
1418 2371 1446 2394 in
1465 2371 1548 2395 Editt.
1566 2371 1656 2398 1537..
1676 2372 1748 2396 ¹545.
1760 2389 1766 2401 ⁷
1789 2372 1862 2396 1560.
1882 2371 2028 2396 invenitur.

1179 2415 1226 2443 11)
1246 2416 1275 2443 e]
1295 2415 1344 2439 Ed.
1366 2415 1440 2438 1560.
1459 2414 1500 2438 de.

1178 2458 1225 2487 12)
1246 2457 1299 2481 Pro
1317 2457 1359 2480 his
1374 2457 1429 2481 Cic.
1451 2457 1543 2480 verbis
1562 2457 1588 2480 in
1602 2458 1685 2482 Editt.
1704 2458 1790 2485 1545..
1811 2458 1884 2482 1560.
1904 2457 1964 2481 huic
1981 2458 2063 2480 notae
2080 2455 2130 2479 ad-

1215 2492 1319 2522 scripta
1335 2493 1400 2515 sunt
1417 2492 1624 2521 praecedentia:
1653 2493 1760 2517 Credas
1778 2493 1849 2517 mihi
1867 2493 1960 2517 eelim.

1179 2536 1225 2563 13)
1244 2535 1269 2558 in
1289 2534 1406 2565 qualibet
1431 2535 1597 2564 occasione]
1622 2536 1687 2559 haec
1712 2535 1739 2558 in
1764 2535 1953 2565 Editt.1545.,
1983 2533 2058 2559 1560.
2083 2533 2131 2557 de-

1211 2571 1282 2593 sunt.

1180 2611 1225 2643 14)
1245 2612 1302 2635 Hoc
1320 2613 1509 2642 argumentum
1529 2614 1555 2636 et
1576 2613 1626 2637 duo
1646 2613 1788 2643 sequentia
1806 2613 1839 2636 ab
1858 2612 1941 2637 Editt.
1958 2611 2045 2642 1556„
2066 2610 2131 2635 1565

1212 2661 1244 2664 —
1258 2646 1332 2669 1596.
1353 2646 1521 2670 exhibentur.

1178 2690 1242 2716 14³)
1262 2689 1377 2712 maximo
1394 2689 1467 2717 (scii.
1484 2690 1610 2720 pretim]
1630 2690 1668 2714 sic
1681 2691 1757 2715 recte
1770 2690 1818 2713 Ed.
1835 2690 1926 2720 1556.;
1945 2690 2029 2714 Editt.
2046 2689 2130 2718 1565.,

1213 2723 1304 2749 1569„
1326 2723 1399 2748 1592.
1423 2724 1544 2747 maxime.
