2351 2990
91 134 167 171 885
285 132 470 168 XXXVIII.

90 221 192 255 banis
202 221 390 254 accersitus
400 226 462 260 est,
478 226 512 253 et
521 216 589 252 hoc
605 226 825 263 postremum
844 220 988 259 bellum,
1005 227 1087 254 sunt

89 273 175 306 anni
201 278 355 317 septem,
392 272 438 304 ad
469 272 565 316 quod
592 283 667 304 non
694 283 713 303 a
741 269 942 311 Thebanis,
980 273 1040 305 sed
1066 284 1084 305 a

89 324 240 358 concilio
266 320 572 368 Amphictyonum
599 329 746 355 vocatus
774 329 824 356 est
848 330 970 356 contra
991 321 1085 356 The-

88 376 221 416 banos,
256 372 323 408 hac
347 375 551 414 occasione,
587 386 693 419 quam
720 374 890 408 recitabo.
950 373 989 407 In
1014 388 1083 420 qua

89 427 405 460 commemoranda
440 432 590 471 uterque
624 432 747 459 orator
772 426 913 470 culpam
939 438 956 458 a
983 438 1020 459 se
1046 426 1083 459 in

88 478 197 512 alium
216 478 403 517 transfert,
432 483 465 510 et
481 489 588 510 nemo
606 477 682 510 vult
700 477 813 510 videri
828 477 1003 521 pernicies
1020 489 1082 522 pa-

88 529 190 564 triae.
242 528 376 562 Verum
397 535 449 562 est
471 535 612 569 autem,
639 528 676 561 in
701 526 769 562 hoc
791 535 972 573 postremo
997 529 1082 562 arti-

87 581 166 614 culo
183 577 394 614 Aeschinem
412 579 603 624 praecipue
627 581 850 613 occasionem
877 580 1081 624 praebuisse

85 631 234 666 consilio
260 629 566 677 Amphictyonum
593 632 745 664 vocandi
768 629 938 675 Philippi.
998 631 1081 665 Fuit

86 683 181 716 enim
199 681 365 716 hortator
392 689 427 716 et
449 689 572 721 autor,
602 691 639 715 ut
669 684 804 716 miseris
819 681 1080 727 Amphissensi—
1104 708 1108 742 ἰ

514 131 740 168 INTERPR.
769 132 1030 169 ORATlOle
1057 132 1302 168 AESCHIMS
1332 134 1529 169 CONTRA
1558 135 1941 174 CTESIPHONTEM.

2064 142 2136 177 886

1143 221 1208 253 dae
1232 220 1325 255 vires
1351 228 1466 255 essent
1489 221 1707 257 Graecarum
1731 225 1933 267 civitatum,
1967 228 2134 271 probabi-

1140 271 1188 305 les
1205 271 1363 306 rationes
1383 270 1606 314 habuerunt,
1633 286 1696 308 cur
1713 276 1881 311 dimicare
1906 279 2071 315 mallent,
2101 286 2133 313 et

1139 323 1269 356 iustum
1286 324 1472 358 consilium
1491 338 1567 358 cuin
1589 326 1747 370 periculo
1765 329 2021 372 praetulerunt.

1238 374 1342 408 Nunc
1359 377 1466 410 redeo
1486 378 1528 409 ad
1548 375 1734 413 Aeschinis
1760 381 2005 414 narrationem
2018 409 2026 421 ,
2055 384 2130 428 qui,

1137 432 1175 458 ut
1208 425 1282 470 ipse
1318 427 1517 468 distribuit,
1554 428 1588 461 in
1620 432 1775 464 secundo
1801 437 1963 476 tempore
1987 439 2127 467 tantum

1135 477 1260 509 recitat
1290 480 1466 523 quaedam
1491 480 1533 512 dc
1556 479 1713 515 Euboea.
1767 481 1828 516 Ait
1844 481 2051 528 Philippum
2079 487 2129 518 of-

1135 529 1271 561 fensum
1298 542 1390 569 esse,
1424 531 1518 575 quod
1544 529 1777 567 Athenienses
1805 547 1882 567 cum
1902 534 2033 576 Callia,
2066 538 2126 582 qui

1135 585 1238 611 antea
1262 578 1429 625 Philippo
1464 582 1649 616 familiaris
1680 585 1813 625 fuerat,
1850 586 2053 620 societatem
2081 590 2128 621 fe-

1135 637 1275 664 cissent.

1234 682 1403 728 Sequitur
1422 683 1565 716 tertium
1583 691 1742 729 tempus,
1771 687 1806 720 in
1827 701 1897 733 quo
1921 689 2045 723 recitat
2075 689 2126 723 hi-

84 736 149 769 bus
167 735 361 769 inferretur
384 746 402 766 a
430 734 576 780 reliquis
591 734 736 768 Graecis
759 735 910 774 bellum,
947 734 982 766 in
1008 747 1079 779 quo
1104 745 1107 790 Ι
1132 733 1279 766 storiam
1296 732 1607 778 Amphissensem,
1635 743 1668 769 et
1687 739 1848 781 proxima
1868 740 1967 773 initia
1990 749 2127 786 postre-

85 799 165 820 cum
198 787 270 819 dux
303 786 585 826 desideraretur,
631 786 749 820 statim
778 783 1078 830 Amphictyonico

84 839 227 871 decreto
243 835 433 881 Philippus
450 837 638 871 accersitus
657 844 718 871 est.
770 835 809 870 Id
825 838 1006 870 decretum
1025 849 1080 870 re-

83 888 169 922 citat
193 894 317 934 postea
341 886 613 922 Demosthenes.
674 888 770 921 Haec
793 895 911 921 antem
943 888 1078 922 semina

84 938 213 974 horum
232 940 460 984 negotiorum
476 940 634 974 fuerunt.
689 940 779 973 Cum
796 937 997 973 Phocenses
1019 941 1079 973 ab·

81 998 180 1026 sente
194 989 364 1036 Philippo
381 991 554 1036 paulatim
577 991 816 1036 respirarent,
844 998 878 1024 et
896 989 1079 1025 Thebanis

82 1049 118 1076 et
147 1040 427 1077 Atheniensibus
456 1040 624 1076 nonnihil
657 1042 910 1077 adiuvantibus
946 1043 1077 1087 oppida

80 1094 342 1135 instaurarent,
371 1095 556 1128 adversari
572 1092 874 1139 Amphictyones,
908 1106 969 1128 seu
993 1094 1077 1140 quia

81 1143 252 1191 Philippo
262 1146 444 1187 favebant,
462 1158 523 1180 seu
536 1146 620 1191 quia
632 1158 746 1180 novos
759 1152 878 1179 motus
891 1146 1077 1186 timebant,

80 1203 288 1242 coeperunt.
322 1195 633 1242 Amphissensium
651 1197 760 1241 igitur
777 1197 976 1230 aedificatio
994 1210 1078 1242 pro-

78 1246 192 1282 hibita
218 1255 281 1282 est.
335 1248 497 1294 Cumque
522 1247 781 1282 Demosthenes
809 1260 886 1281 eam
915 1249 1078 1282 aedifica-

80 1300 217 1333 tionem
241 1299 459 1333 dissimulari
482 1306 515 1333 et
539 1300 687 1332 tolerari
712 1300 852 1339 mallet,
879 1312 918 1332 ac
933 1298 1077 1334 Aeschi-

78 1363 163 1385 nem
195 1351 402 1395 obiurgaret
432 1349 678 1385 vehementius
718 1352 988 1391 adversantem,
1037 1363 1077 1384 ac

80 1409 203 1448 aperte
227 1402 361 1436 diceret
387 1401 568 1436 attrahere
593 1415 674 1437 eum
697 1400 906 1448 Philippum
930 1402 968 1435 in
985 1402 1077 1436 Atti-

79 1467 178 1495 cam,
214 1461 337 1488 tamen
365 1466 464 1487 arma
497 1461 637 1499 sumpta
663 1461 745 1489 sunt
767 1467 785 1488 a
812 1455 961 1489 consilio
989 1456 1076 1490 Am-

76 1503 327 1552 phictyonum.
362 1505 524 1552 Cumque
541 1505 707 1540 Thebani
722 1507 861 1540 nollent
876 1519 976 1540 arma
993 1519 1076 1540 con-

76 1564 133 1591 tra
154 1556 425 1603 Amphissenses
456 1571 601 1603 capere,
634 1564 669 1591 et
695 1571 784 1602 opus
806 1565 895 1593 esset
915 1559 1075 1593 firmiore

77 1609 252 1649 exercitu,
303 1608 585 1655 Amphictyones
626 1607 836 1655 Philippum
878 1617 1074 1645 accersunt.

75 1661 275 1701 Reversus,
312 1673 391 1694 cum
417 1661 492 1695 sine
520 1662 593 1695 ullo
619 1661 813 1695 certamine
839 1662 1076 1706 compescuis—

77 1719 130 1746 set
145 1710 365 1753 Phocenses,
400 1712 518 1746 statim
547 1718 696 1757 occupat
710 1712 894 1753 Elateam,
931 1713 987 1747 cui
1010 1713 1075 1746 im-

75 1764 253 1809 perabant
268 1762 446 1798 Thebani.
501 1764 593 1797 Hinc
610 1771 759 1808 apparet
782 1770 973 1798 attractum
1000 1777 1074 1799 esse

75 1813 261 1850 Aeschinis
285 1812 644 1864 πολυπραγλιιοσύνῃ.
696 1816 825 1849 Postea
850 1816 969 1849 nullae
992 1823 1076 1850 sunt

76 1873 196 1912 partes
214 1864 400 1901 Aeschinis
419 1867 456 1900 in
480 1865 547 1900 hoc
570 1873 752 1911 postremo
775 1867 882 1901 hello.
942 1867 1012 1901 Sed
1036 1867 1074 1900 in

74 1917 143 1953 hoc
161 1918 292 1953 iudicio
310 1919 467 1963 disputat
483 1917 688 1958 Aeschines,
714 1918 807 1952 flecti
822 1918 979 1963 potuisse
989 1916 1074 1952 Phi-

74 1971 215 2016 lippum
236 1971 281 2003 ad
297 1982 440 2014 pacem,
468 1977 549 2014 post
574 1976 784 2014 occupatam
802 1970 985 2011 Elaeam,
1013 1972 1074 2004 sed

75 2020 355 2056 Demosthenem
373 2021 479 2056 fuisse
494 2019 717 2055 hortatorem
730 2048 738 2062 ‚
766 2028 806 2055 ut
821 2021 940 2066 potius
965 2022 1072 2057 armis

75 2073 349 2118 reprimeretur3
390 2086 430 2106 ac
458 2079 584 2106 narrat
608 2071 834 2118 prohibuisse
860 2071 1073 2108 Demosthe-

74 2137 178 2165 nem,
204 2125 248 2157 ad
266 2125 439 2169 populum
458 2125 545 2158 ferri
564 2126 606 2158 de
623 2137 710 2169 pace
725 2125 901 2159 facienda.
954 2124 1007 2158 De
1029 2137 1071 2159 eo

76 2177 227 2210 articulo
245 2176 435 2220 praecipua
454 2176 614 2222 quaestio
635 2182 686 2210 est
711 2176 750 2209 in
771 2174 838 2209 hac
863 2182 1071 2210 controver-

75 2228 138 2262 sia.
198 2227 333 2261 Verum
356 2234 407 2261 est
431 2226 639 2273 Philippum
666 2240 856 2273 occupasse
877 2225 1071 2262 Thebano-

74 2292 155 2314 rum
189 2279 361 2324 oppidum
388 2278 550 2313 Elateam
571 2285 697 2313 contra
720 2280 844 2314 foedus
869 2286 903 2313 et
926 2280 1071 2313 minita-

74 2338 152 2365 tum
176 2343 249 2365 esse
268 2329 557 2366 Atheniensibus.
611 2332 732 2377 Quare
756 2331 847 2366 iusta
874 2343 979 2365 causa
1003 2331 1071 2366 fuit

74 2383 159 2416 belli
174 2383 317 2427 gerendi
338 2382 502 2423 Graecis,
535 2389 576 2417 ut
602 2389 677 2416 tota
702 2383 825 2418 civitas
849 2382 965 2416 Attica
991 2395 1070 2416 cen-

76 2434 165 2475 suit,
193 2439 330 2467 tacente
349 2440 433 2467 tunc
449 2432 637 2469 Aeschine.
691 2435 761 2469 Sed
781 2435 849 2468 alia
875 2435 1069 2480 disputatio

75 2492 128 2520 est
153 2486 197 2519 de
230 2485 405 2526 utilitate,
442 2497 508 2526 an,
541 2498 621 2520 cum
646 2486 775 2521 Graeci
799 2487 972 2520 exercitus
995 2499 1070 2519 non

73 2537 283 2571 viderentur
314 2549 418 2582 pares
446 2536 705 2579 Macedonicis,
747 2539 837 2572 aliae
868 2538 947 2571 viae
973 2538 1069 2582 pacis

72 2589 258 2622 faciendae
275 2589 501 2635 quaerendae
516 2589 667 2630 fuerint,
695 2596 735 2624 ut
758 2591 884 2624 fierent
906 2590 1069 2635 pacifica-

74 2640 207 2679 tiones;
233 2640 393 2675 fortassis
410 2640 564 2674 Demadi
581 2639 790 2676 etAeschini
805 2643 854 2675 ita
872 2641 987 2676 visum
1006 2648 1069 2682 est,

74 2693 136 2726 sed
160 2690 419 2727 Demosthenes
445 2699 479 2726 et
502 2693 563 2726 alii
587 2705 665 2727 cum
691 2693 953 2733 existimarent,
992 2694 1069 2726 infi-

43 2780 46 2783 ,
78 2744 159 2777 dam
179 2751 213 2778 et
231 2744 403 2778 incertam
421 2745 498 2778 sore
517 2757 639 2789 pacem
652 2771 661 2784 ‚
689 2751 723 2778 et
739 2757 815 2779 non
838 2751 1068 2779 contemnen-
1091 2723 1097 2781 i

1133 784 1181 816 mi
1207 785 1301 819 belli.
1362 786 1455 819 Nam
1480 784 1627 820 historia
1657 787 1920 832 Amphissensis
1949 804 2021 826 non
2046 806 2125 838 per-

1133 835 1220 868 tinet
1237 837 1280 869 ad
1304 849 1358 870 res
1384 844 1497 879 gestas
1521 838 1558 870 in
1583 838 1698 883 prima
1716 838 1954 876 Phocensium
1981 856 2126 888 oppres-

1132 887 1243 926 sione,
1273 901 1364 933 quae
1381 889 1507 923 accidit
1524 888 1789 937 aunoPhilippi
1807 893 1865 928 15,
1877 921 1885 933 ,
1912 896 1973 928 sed
1990 903 2126 939 postre-

1131 938 1182 971 mi
1209 939 1312 979 belli,
1358 941 1456 986 quod
1491 948 1629 975 motum
1660 950 1711 976 est
1742 956 1837 978 anno
1869 944 2028 991 Philippi
2051 948 2126 988 23„

1132 990 1234 1035 quasi
1249 990 1390 1025 initium
1408 1005 1470 1026 seu
1490 993 1627 1027 occasio
1646 994 1722 1029 fuit.
1772 995 1855 1031 Ideo
1875 1005 1993 1032 autem
2009 998 2128 1045 inquit

1130 1039 1321 1077 Aeschines
1342 1056 1379 1078 se
1403 1041 1707 1080 vehementiorem
1730 1047 1836 1083 fuisse
1858 1050 2027 1085 adversus
2042 1051 2128 1084 Am-

1130 1091 1349 1137 phissenses,
1385 1096 1467 1142 quia
1493 1103 1526 1130 et
1550 1096 1588 1130 in
1611 1106 1816 1134 consecrato
1842 1101 1920 1135 loco
1946 1102 2128 1137 aedificas-

1131 1152 1231 1185 sent,
1268 1152 1302 1179 et
1333 1146 1438 1181 sciret
1462 1146 1671 1194 Philippum
1704 1152 1800 1186 nolle
1828 1153 1967 1187 restitui
1992 1155 2125 1199 oppida

1130 1194 1394 1239 Phocensium,
1427 1206 1460 1232 et
1484 1207 1675 1244 propterea
1702 1202 1739 1236 in
1767 1203 1957 1239 Graeciam
1992 1206 2126 1241 reditu-

1130 1260 1210 1281 rum
1229 1261 1314 1283 esse.
1367 1250 1488 1295 Quare
1503 1251 1782 1288 Demosthenem
1801 1256 1851 1289 ait
1876 1257 1969 1291 male
1990 1258 2125 1298 fecisse,

1131 1301 1228 1344 quod
1247 1306 1362 1344 tegere
1379 1308 1412 1335 et
1429 1315 1595 1338 excusare
1612 1304 1882 1350 Amphissenses
1900 1315 2048 1343 conatus
2069 1310 2126 1344 sit.

1130 1350 1227 1384 Haec
1243 1352 1445 1387 criminatio
1463 1354 1550 1390 levis
1567 1363 1628 1391 est.
1681 1356 1745 1391 Illa
1769 1361 1881 1404 magis
1907 1362 1951 1395 ad
1975 1373 2051 1394 rem
2075 1362 2126 1394 fa-

1131 1402 1195 1442 cit,
1225 1404 1321 1448 quod
1338 1412 1460 1448 postea
1479 1407 1545 1446 ait,
1574 1408 1853 1445 Demosthenem
1871 1412 1978 1448 fuisse
2004 1425 2126 1449 suaso-

1129 1466 1204 1487 rem
1223 1461 1256 1488 et
1271 1452 1496 1490 hortatorem
1514 1460 1557 1491 ad
1578 1458 1866 1497 Chaeronensem
1883 1476 2041 1511 pugnam
2054 1493 2062 1507 ‚
2084 1475 2124 1502 ut

1130 1506 1239 1540 armis
1275 1508 1530 1552 reprimeretur
1554 1509 1761 1560 Philippus,
1796 1528 1861 1551 nec
1890 1517 1933 1552 de
1956 1530 2042 1564 pace
2064 1531 2125 1564 pe-

1129 1559 1234 1591 tenda
1253 1559 1522 1597 deliberaretur.
1563 1562 1603 1597 In
1621 1562 1688 1600 hac
1704 1573 1804 1610 parte
1820 1570 2011 1615 praecipue
2029 1583 2124 1605 com-

1129 1616 1292 1644 moratur
1311 1611 1562 1648 Demosthenis
1578 1617 1748 1660 defensio,
1767 1632 1857 1665 quae
1875 1623 2020 1667 exponit
2041 1636 2123 1657 con-

1128 1661 1247 1694 silium
1265 1675 1392 1704 suum,
1420 1677 1460 1698 ac
1477 1668 1650 1710 ostendit,
1677 1683 1757 1704 cum
1782 1671 1853 1706 iam
1879 1680 2049 1709 attractus
2073 1688 2125 1710 es-

1127 1719 1198 1753 set,
1228 1720 1261 1747 et
1284 1715 1399 1749 socios
1423 1716 1627 1760 invasisset,
1661 1729 1695 1755 et
1718 1720 1996 1760 Atheniensibus
2020 1727 2125 1760 mini-

1129 1770 1264 1798 taretur
1278 1766 1408 1799 bellum
1421 1794 1430 1807 ,
1460 1775 1494 1802 et
1509 1772 1711 1813 petentibus
1726 1777 1862 1809 servari
1881 1777 2022 1817 foedus,
2048 1785 2126 1812 tan-

1128 1821 1202 1848 tum
1222 1817 1387 1861 ambigue
1412 1822 1656 1865 responderit,
1691 1836 1765 1858 non
1790 1827 1905 1861 solum
1934 1829 2064 1863 iustum
2091 1837 2124 1864 et

1127 1864 1336 1907 honestum,
1378 1872 1438 1903 sed
1474 1872 1579 1906 etiam
1616 1876 1854 1911 necessarium
1883 1879 1988 1915 fuisse
2014 1882 2123 1916 armis

1127 1930 1206 1951 eum
1236 1920 1453 1964 opprimere.
1512 1923 1560 1956 Et
1581 1926 1686 1960 fuisse
1717 1927 1846 1963 iustam
1879 1932 2123 1967 defensionem

1128 1970 1319 2004 verisimile
1337 1979 1404 2010 est;
1434 1975 1495 2007 sed
1511 1975 1597 2009 illud
1615 1979 1790 2023 disputari
1807 1981 1900 2016 inter
1923 1983 2123 2020 timidiores

1126 2022 1261 2065 potuit,
1289 2035 1368 2057 cum
1385 2025 1490 2069 plura
1508 2034 1591 2061 sunt
1606 2029 1696 2064 iusta
1715 2044 1778 2066 seu
1794 2030 1962 2076 honesta,
1993 2036 2123 2081 eligen-

1125 2073 1210 2106 dum
1227 2086 1299 2108 esse
1318 2075 1354 2108 id
1371 2078 1468 2122 quod
1490 2080 1657 2122 possibile
1685 2089 1754 2124 est,
1791 2085 1874 2131 quia
1898 2086 2037 2121 flectere
2059 2086 2123 2122 ho-

1124 2131 1213 2158 stem
1230 2126 1390 2160 validum
1415 2130 1460 2162 ad
1481 2142 1606 2174 pacem
1634 2134 1885 2178 deprecatione
1910 2146 1971 2172 aut
1991 2140 2123 2174 tolera-

1123 2176 1253 2211 bilibus
1273 2179 1537 2216 conditionibus
1549 2210 1558 2223 ‚
1581 2184 1610 2218 si
1625 2186 1774 2230 reprimi
1787 2188 1862 2222 sine
1879 2190 2008 2225 maiori
2026 2192 2120 2225 malo

1123 2240 1198 2286 non
1216 2230 1327 2274 possit
1339 2257 1348 2271 ,
1364 2243 1429 2265 nec
1448 2239 1552 2278 turpe
1568 2242 1620 2269 est
1638 2249 1703 2271 nec
1713 2237 1921 2274 inusitatum
1932 2242 1963 2288 3)
1981 2244 2120 2287 magnis

1125 2281 1338 2316 c1v1tatibus.
1399 2283 1533 2331 Estque
1567 2289 1663 2321 tertii
1704 2292 1875 2335 temporis
1915 2293 2118 2328 criminatio

1123 2332 1287 2366 acerbior
1305 2336 1472 2376 caeteris,
1499 2337 1555 2371 cui
1572 2338 1741 2374 inseritur
1757 2342 1864 2376 etiam
1890 2347 2119 2389 exprobratio

1122 2383 1306 2424 fortunae,
1343 2388 1460 2432 quod,
1495 2401 1574 2422 cum
1602 2391 1723 2425 infelix
1746 2393 1809 2434 sit,
1843 2407 1918 2428 non
1944 2409 2119 2431 coronan-

1123 2435 1207 2475 dus,
1235 2437 1295 2470 sed
1312 2438 1430 2480 potius
1447 2443 1664 2477 execrandus
1681 2443 1726 2477 sit
1742 2450 1913 2491 tanquam
1932 2449 2039 2493 pestis
2055 2463 2118 2495 pa-

1123 2486 1234 2527 triae,
1262 2489 1319 2522 cui
1342 2489 1421 2523 loco
1445 2491 1488 2523 de
1512 2492 1656 2527 fortuna
1679 2494 1940 2533 Demosthenes
1962 2501 2117 2545 splendi-

1122 2538 1205 2571 dam
1223 2541 1493 2584 responsionem
1511 2546 1674 2589 opponit.

1223 2589 1263 2623 In
1283 2599 1411 2637 quarto
1436 2599 1596 2639 tempore
1621 2595 1767 2632 inchoat
1789 2597 1996 2643 historiam,
2026 2616 2116 2649 quae

1121 2641 1282 2687 sequitur
1299 2641 1458 2689 Philippi
1485 2654 1658 2690 mortem,
1690 2657 1815 2684 narrat
1839 2652 2017 2687 irritatum
2043 2667 2114 2689 esse

1155 2727 1187 2756 3)
1207 2728 1381 2757 inusitatum]
1402 2729 1441 2752 sic
1460 2730 1630 2757 scribendum
1650 2740 1712 2758 esse
1732 2741 1831 2760 censeo
1847 2743 1914 2767 pro:
1934 2737 2113 2765 invisitatum.

1192 2762 1261 2792 quod
1283 2763 1328 2786 Ed.
1353 2763 1425 2786 1562.
1447 2764 1469 2787 b.
1491 2765 1508 2787 l.
1527 2766 1615 2790 habet.

1414 2798 1497 2832 56*
