2351 2990
93 107 164 144 421

84 194 151 227 hus
175 192 298 233 bonis,
341 199 375 226 et
406 190 635 226 vehementer
662 194 780 227 turbet
803 195 1077 239 rempublicam.

86 244 236 277 Constat
261 250 379 277 autem
410 244 579 277 continua
605 245 813 278 narratione
837 247 881 279 de
905 247 998 280 facto
1025 247 1078 280 in-

85 295 313 339 dignissimo,
345 296 387 328 de
405 295 507 328 dictis
525 301 559 328 et
574 295 722 340 inceptis
737 296 905 335 Antonii;
934 298 1016 331 item
1035 299 1077 331 de

87 346 277 385 concione,
308 345 345 378 in
365 358 432 391 qua
458 346 525 379 suit
551 347 744 390 productus
769 347 948 382 Antonius
973 361 990 382 a
1013 349 1078 383 Ca-

84 397 185 431 nutio
205 397 348 430 tribuno
363 396 474 441 plebis
490 398 533 430 dc
552 398 713 431 oratione
729 397 898 439 Antonii,
934 412 994 433 seu
1020 413 1076 433 ex-

87 448 267 482 cusatione
289 448 331 480 de
354 454 475 492 erepto
501 447 629 482 viatico
651 449 779 494 legato.
833 450 933 483 Hanc
952 463 1076 484 narra-

83 499 218 532 tionem
236 498 415 532 concludit
431 499 686 533 exclamatione
702 500 810 534 veluti
829 503 985 546 quodam
1004 503 1076 546 epi-

83 547 298 594 phonemate
320 550 363 582 de
387 550 440 582 rei
463 550 692 594 indignitate,
734 564 795 585 seu
819 553 861 585 de
887 554 1075 597 tyrannide

84 600 267 641 inaudita,
310 601 430 633 addita
456 601 557 633 brevi
583 608 617 635 et
643 603 786 649 obliqua
811 602 1075 643 adhortatione,

82 657 121 685 ut
137 651 277 685 sortiter
293 652 434 686 resistat
449 651 621 688 Antonio.

322 733 460 768 Aliud
495 743 829 780 argumentum.

168 801 352 846 Principio
370 802 518 846 ponitur
534 804 732 848 propositio
750 805 792 837 de
809 805 945 845 dolore,
968 817 1073 850 quem

81 852 228 899 cepit27)
249 865 289 886 ex
304 854 397 886 facto
414 853 575 887 Antonii.
627 854 765 887 Deinde
783 856 943 900 sequitur
967 868 1073 900 expo-

79 903 160 936 sitio
182 904 356 937 factorum
384 910 418 936 et
441 904 618 937 dictorum
644 906 688 938 ab
705 905 883 946 Antonio,
916 907 978 952 qui
1000 907 1072 951 pri-

78 967 176 988 mum
195 966 331 988 summe
341 954 387 999 2⁸)
403 954 628 999 persequitur
639 955 799 990 Caesaris
816 957 1071 998 interfectores,

79 1005 208 1037 deinde
240 1004 346 1037 etiam
370 1017 444 1037 non
467 1012 578 1039 cessat
601 1006 808 1040 Ciceronem
836 1015 997 1041 autorem
1021 1010 1071 1041 fa-

79 1067 157 1088 cere
179 1055 304 1088 mortis
322 1054 493 1089 Caesaris.
560 1055 600 1088 In
623 1058 691 1090 fine
715 1065 765 1092 est
793 1059 1002 1093 exclamatio
1027 1061 1070 1093 ab

77 1106 289 1149 indignitate
306 1105 358 1138 rei
372 1112 524 1150 sumpta,
544 1109 641 1151 quod
659 1115 830 1151 cogantur
846 1111 978 1143 subditi
998 1123 1069 1145 esse

77 1163 151 1189 tam
166 1157 227 1189 vili
245 1168 429 1201 personae.
480 1156 613 1202 Estque
630 1159 750 1192 addita
769 1160 914 1206 obliqua
939 1160 1069 1195 adhor-

75 1207 271 1242 tatiuncula
289 1208 456 1241 adversus
470 1207 681 1244 Antonium.

264 1305 450 1340 Scholia
479 1307 524 1340 in
557 1308 798 1352 epistolam
825 1310 884 1344 IV.

178 1381 208 1426 ἓ.
228 1384 260 1417 1.
291 1384 411 1417 Vellem
428 1382 535 1431 Idm]
563 1384 732 1419 Narratio
758 1392 819 1419 est.
873 1383 1068 1419 Exorditur

77 1440 196 1467 autem
220 1445 239 1466 a
262 1440 359 1467 voto.
474 1436 708 1481 Reliqm'ezrmn
739 1435 845 1484 nihil]
884 1437 990 1470 Ratio
1009 1437 1066 1483 29),

77 1487 284 1530 Quamquam
305 1484 536 1532 eyreyc'os3⁰)]
565 1485 759 1521 Correctio.

180 1537 210 1578 ᾗ.
225 1537 260 1569 2.
288 1537 341 1568 De
355 1533 484 1582 Bruto]
512 1536 565 1570 De
582 1537 693 1571 Cassii
707 1538 883 1584 Brutique
900 1539 1006 1573 rebus
1031 1552 1066 1573 se

76 1586 265 1619 sollicitum
285 1598 358 1619 esse
375 1586 472 1620 dicit.

373 1666 706 1711 Argumentum
722 1669 779 1715 31).

176 1734 239 1768 Est
254 1734 456 1767 narratoria
475 1735 635 1779 epistola.
687 1736 845 1781 Exponit
865 1738 960 1770 enirn
978 1750 1065 1783 quo-

74 1785 228 1819 rundam
251 1791 457 1820 senatorum
483 1788 650 1820 adversus
677 1787 836 1821 Cassium
864 1795 897 1821 et
911 1788 1064 1822 Brutum

73 1837 203 1870 iudicia
234 1843 268 1870 et
297 1837 504 1881 perfidiam,
544 1840 770 1883 quorundam
799 1839 1064 1883 negligentiam,

75 1888 137 1934 qui
160 1900 240 1921 cum
261 1890 305 1921 ad
320 1888 519 1921 Antonium
540 1889 646 1932 legati
669 1890 767 1924 missi
790 1897 922 1930 essent,
956 1898 994 1924 ut
1012 1892 1064 1924 iu-

73 1940 198 1972 berent
214 1952 296 1972 eum
312 1939 420 1973 armis
437 1940 606 1984 depositis
622 1940 800 1974 discedere
820 1942 863 1974 ab
880 1941 1063 1975 obsidione

74 1990 254 2030 Mutinae,
281 2002 321 2023 ac
343 1990 478 2034 legibus
503 2003 625 2035 agere,
658 1992 687 2025 si
711 1992 796 2037 quid
821 1994 988 2026 adversus
1010 1993 1064 2026 in-

75 2042 278 2075 terfectores
311 2039 478 2082 haberet,
524 2043 598 2076 cius
624 2044 802 2086 postulata
830 2046 874 2076 ad
900 2051 1062 2077 senatum

74 2093 274 2126 retulerunt
293 2093 335 2125 de
353 2093 535 2126 servandis
553 2095 818 2128 commentariis
827 2095 872 2141 32)
892 2095 1062 2129 Caesaris.

76 2144 170 2178 Nam
196 2144 374 2177 Antonius
397 2145 511 2178 occiso
530 2145 681 2179 Caesare
704 2153 864 2180 metuens
890 2146 1061 2180 invidiam

111 2270 161 2298 27)
181 2269 268 2300 cepit]
290 2268 332 2293 sie
348 2269 398 2293 Ed.
418 2269 507 2301 1556.;
531 2270 615 2296 Editt.
632 2271 720 2302 1565„
742 2271 828 2301 1571„
849 2271 924 2297 1596.
943 2272 1042 2303 coepit.

111 2321 159 2349 23)
179 2321 295 2349 summe]
315 2320 355 2345 sic
371 2321 420 2346 Ed.
432 2322 523 2353 1556.;
541 2322 724 2354 Editt.1565.‚
745 2322 834 2353 1571„
855 2323 929 2347 1596.
948 2329 1061 2347 summo.

109 2373 158 2401 29)
177 2373 251 2396 Haec
267 2373 333 2396 nota
351 2372 378 2396 in
391 2373 572 2405 Etim-1545„
591 2374 666 2398 1560.
685 2380 744 2398 cum
757 2375 930 2404 praecedenti
942 2375 969 2398 in
983 2381 1063 2399 unam

140 2406 355 2465 lstiitigoniuncm
381 2408 439 2431 est:
480 2409 585 2432 Vellem
609 2408 723 2438 Idibus]
747 2409 877 2433 Narratio
896 2421 930 2427 —-
948 2415 965 2433 a
989 2412 1062 2434 voto.

109 2493 158 2522 30)
175 2493 229 2517 Pro
254 2492 296 2516 his
315 2492 371 2517 Cic.
396 2492 487 2517 verbis
512 2493 541 2517 iu
558 2493 656 2519 iisdem
672 2495 689 2519 2
706 2495 793 2519 Editt.
821 2495 881 2519 huie
907 2497 990 2519 notae
1013 2495 1063 2519 ad-

144 2527 247 2558 scripta
266 2529 330 2551 sunt
348 2527 502 2557 sequentia:
534 2528 642 2559 Populo
660 2536 739 2554 vero,

110 2577 159 2605 ³1)
176 2578 235 2600 Hoc
252 2578 443 2607 argumentum
461 2579 488 2601 et
507 2577 559 2601 duo
579 2579 720 2609 sequentia
738 2579 765 2602 in
780 2579 863 2605 Editt.
883 2580 973 2610 1556.‚
998 2580 1064 2603 1565

145 2611 261 2636 -1596,
280 2611 462 2635 inveniuntur.

113 2661 160 2688 32)
179 2662 397 2692 commentariis]
416 2661 457 2686 sic
474 2661 557 2687 Editt.
578 2662 664 2692 1565„
686 2663 773 2694 1571„
794 2663 886 2694 1596.;
916 2663 966 2688 Ed.
989 2663 1062 2687 1556.

146 2696 350 2722 commendatis.

228 105 350 142 XXIII.
397 106 705 143 ARGUMENTA
720 107 786 142 ΕΤ
805 107 1009 144 SCHOLIA
1028 108 1077 146 IN
1093 108 1242 146 EPIST.
1265 110 1377 148 FAM.
1402 111 1486 149 CIC.
1513 113 1601 151 LIB.
1618 117 1690 153 XII.
1719 119 1791 156 ΕΡ.
1807 126 1841 159 2.
1859 124 1892 159 3.
1911 125 1944 160 4.
1960 126 1994 162 5.

2055 129 2128 166 422

1133 196 1278 230 accessit
1302 205 1482 240 senatum,
1527 212 1566 234 ac
1588 203 1630 235 de
1659 204 1839 240 oblivione
1866 210 2124 248 discordiarum

1132 248 1242 280 multa
1260 248 1308 281 ibi
1327 250 1509 291 disseruit,
1544 253 1600 285 cui
1622 267 1699 288 cum
1725 265 1867 293 senatus
1890 274 2029 296 summo
2055 273 2127 299 stu-

1131 297 1190 330 dio
1211 301 1458 342 assentiretur,
1485 302 1612 337 adiecit
1629 313 1704 339 acta
1717 307 1877 343 Caesaris
1892 312 1929 344 in
1945 327 2126 349 commen-

1131 349 1231 382 tariis
1259 358 1335 384 rata
1362 365 1434 386 esse
1460 350 1636 389 habenda.
1703 358 1878 404 Deinceps
1905 375 1988 396 vero
2013 367 2125 400 Anto-

1130 399 1230 440 nius,
1258 408 1296 435 ut
1316 410 1391 436 erat
1413 401 1522 437 homo
1545 405 1769 448 inconstans,
1805 413 1974 459 coepit33)

1129 451 1199 483 sari
1223 454 1379 493 senatui,
1418 461 1451 487 et
1475 456 1595 489 moliri
1622 458 1694 491 vim
1717 460 1945 505 reipublicae.
2014 466 2124 514 quue

1129 508 1269 536 senatus
1295 517 1374 537 cum
1403 505 1724 549 animadverteret,
1759 525 1864 557 saepe
1886 512 2048 551 hortatus
2075 527 2125 553 est

1130 564 1229 592 eum,
1258 561 1296 587 ut
1321 556 1541 589 meminisset
1559 566 1684 601 pactae
1711 565 1934 600 concordiae.
1990 568 2125 604 Verum

1128 603 1305 638 Antonius
1322 606 1470 639 subinde
1488 608 1671 643 occinebat
1688 620 1850 648 senatum
1869 629 2058 661 recusasse,
2085 629 2125 655 ut

1128 660 1204 686 acta
1226 654 1384 690 Caesaris
1403 664 1479 690 rata
1496 669 1694 695 manerent.
1748 662 1870 710 ltaque
1898 671 2036 713 quoties
2060 673 2123 705 ali-

1128 703 1212 748 quid
1230 717 1295 749 pro
1311 719 1373 740 suo
1390 708 1509 741 surore
1526 711 1669 752 agebat,
1698 710 1765 746 hoc
1783 718 1826 748 ad
1845 723 2121 757 commentarios

1129 754 1288 790 Caesaris
1306 758 1423 790 statim
1444 760 1637 802 referebat,
1672 770 1711 795 ut
1730 776 1770 797 eo
1789 778 1888 800 suam
1912 770 2119 806 violentiam

1127 814 1318 841 excusaret.
1386 808 1582 844 Exordium
1613 811 1831 857 patheticum
1859 826 1909 852 est
1932 828 1965 853 et
1991 824 2119 866 figura-

1127 862 1222 896 tum,
1251 860 1347 903 quod
1372 861 1467 894 dolet
1484 862 1683 897 Antonium
1711 878 1784 898 non
1806 869 1911 903 simul
1936 884 2014 905 cum
2035 874 2119 907 Cat·-

1125 919 1203 941 sare
1221 921 1293 942 esse
1314 917 1519 947 extulctum.

2002 419 2061 449 adx
2072 432 2125 451 er—

1372 986 1505 1021 Aliud
1535 999 1866 1034 argumentum.

1226 1052 1361 1086 Eodem
1380 1063 1430 1088 est
1448 1069 1530 1091 usus
1548 1067 1758 1101 argumento
1778 1062 1902 1097 Cicero
1920 1067 1965 1099 ad
1983 1066 2118 1102 Trebo-

1123 1102 1224 1136 nium
1255 1104 1403 1148 epistola
1427 1108 1487 1142 28.
1521 1107 1603 1141 libri
1629 1110 1687 1145 10.
1733 1112 1899 1148 Testatur
1930 1124 2047 1151 autem
2080 1120 2118 1152 in

1123 1154 1259 1188 duabus
1291 1157 1466 1199 epistolis,
1516 1170 1551 1191 se
1584 1158 1674 1193 nihil
1705 1168 1890 1208 tantopere
1921 1175 2043 1212 optare
2079 1184 2119 1203 ac

1123 1205 1230 1245 velle,
1263 1218 1369 1250 quam
1396 1215 1435 1241 ut
1457 1208 1635 1244 Antonius
1658 1220 1801 1248 mortuo
1828 1217 1976 1252 Caesare
1998 1221 2116 1254 statim

1123 1262 1211 1288 esset
1242 1256 1456 1293 interfectus.
1526 1260 1677 1295 Orditur
1708 1276 1727 1297 a
1758 1268 1985 1310 narratione,
2027 1284 2117 1316 quae

1123 1312 1260 1339 constat
1287 1307 1444 1350 primum
1470 1317 1565 1344 voto.
1633 1312 1773 1348 Deinde
1797 1315 1904 1351 habet
1927 1323 2116 1365 expositio-

1121 1368 1201 1388 nem
1219 1358 1383 1402 querelae
1408 1360 1620 1396 iustissimae
1645 1364 1688 1397 de
1707 1365 1886 1409 Antonio,
1922 1371 1964 1403 de
1990 1384 2117 1407 consu—

1120 1407 1273 1448 laribus,
1301 1415 1335 1442 et
1353 1411 1395 1443 de
1411 1411 1534 1455 legatis
1551 1414 1664 1448 missis
1682 1416 1726 1448 ad
1743 1417 1953 1455 Antonium.
2013 1422 2114 1458 Hanc

1120 1459 1385 1501 narrationem,
1429 1475 1519 1507 quae
1556 1472 1608 1497 cst
1639 1466 1868 1512 principalis,
1915 1481 2113 1517 sequuntur

1121 1509 1210 1541 aliae
1233 1510 1358 1544 breves
1384 1513 1426 1545 de
1444 1526 1505 1547 sua
1529 1515 1766 1552 sollicitudine
1789 1532 1856 1564 pro
1883 1523 1987 1556 rebus
2003 1524 2113 1559 Cassii

1121 1566 1155 1592 et
1171 1560 1293 1601 Bruti,
1321 1563 1364 1595 de
1381 1562 1587 1606 Dolabella,
1621 1574 1654 1600 et
1679 1568 1721 1602 de
1748 1570 1871 1612 laude,
1900 1586 2006 1619 quam
2031 1588 2113 1609 con-

1119 1611 1229 1644 secuti
1253 1619 1336 1645 sunt
1358 1613 1497 1650 Cassius
1522 1623 1556 1649 et
1578 1617 1711 1653 Brutus
1734 1630 1885 1666 propter
1919 1626 2110 1660 exercitum

1119 1669 1377 1706 comparatum.
1426 1666 1614 1702 Conclusio
1631 1667 1738 1704 habet
1757 1675 2019 1709 excusationem
2033 1678 2111 1710 bre-

1118 1719 1249 1747 x'ltatls.

1364 1790 1499 1826 Aliud
1537 1805 1862 1839 argumentum.

1218 1856 1415 1893 Exordium
1430 1863 1582 1896 sumitur
1599 1876 1618 1897 a
1636 1872 1732 1900 voto.
1780 1867 1887 1902 Dolet
1903 1877 2019 1904 autem
2037 1873 2109 1905 An-

1117 1908 1255 1941 tonium
1279 1921 1354 1943 non
1378 1923 1451 1945 esse
1475 1913 1699 1949 interfectum
1727 1929 1805 1951 cum
1834 1919 1994 1955 Caesare.
2049 1924 2108 1957 Se-

1117 1958 1238 2003 quitur
1252 1961 1344 1993 ratio
1362 1963 1455 2002 voti,
1483 1965 1565 2008 quia
1581 1967 1733 2000 multum
1754 1969 1861 2002 faciat
1885 1973 2018 2015 negotii
2035 1974 2108 2007 An-

1116 2009 1235 2043 tonius
1268 2011 1372 2045 bouis
1409 2013 1542 2048 civibus
1578 2023 1611 2049 et
1647 2019 1811 2062 inprimis
1839 2020 1906 2064 ipsi
1932 2023 2106 2060 Ciceroni.

1115 2060 1253 2094 Deinde
1272 2063 1414 2097 additur
1431 2066 1590 2099 narratio
1609 2069 1651 2101 de
1669 2076 1812 2110 senatu,
1850 2074 2106 2115 consularibus,

1115 2111 1200 2144 item
1218 2113 1260 2145 de
1275 2115 1410 2158 populo
1427 2122 1461 2148 et
1478 2117 1619 2161 legatis,
1649 2121 1710 2166 qui
1737 2134 1858 2156 omnes
1883 2136 1956 2156 non
1981 2127 2105 2159 eodem

1114 2164 1224 2196 modo
1241 2164 1405 2199 laborent
1421 2179 1487 2211 pro
1503 2168 1666 2203 libertate
1683 2173 1832 2215 patriae.
1886 2173 1926 2206 In
1950 2176 2017 2209 fine
2043 2189 2106 2220 po-

1115 2220 1251 2247 nuntur
1283 2216 1374 2250 duae
1406 2221 1601 2253 sententiae
1626 2222 1722 2266 vulgi
1745 2225 1786 2256 de
1814 2223 1999 2259 Dolabella
2022 2239 2105 2272 pro-

1114 2266 1205 2298 fecto
1223 2266 1260 2298 in
1278 2266 1418 2312 Syriam
1436 2275 1469 2302 et
1488 2271 1530 2303 de
1548 2272 1702 2306 exercitu
1721 2274 1830 2307 Cassii
1847 2282 1879 2308 et
1894 2276 2007 2311 Bruti.

1280 2360 1601 2405 Argumentum
1631 2364 1860 2407 epistolae
1888 2367 1930 2402 V.

1217 2433 1529 2483 Narrationesssssa)
1555 2439 1597 2471 de
1622 2449 1682 2481 spe
1711 2438 1749 2471 in
1773 2440 1948 2484 Brutum,
1989 2445 2101 2492 deque

1118 2485 1338 2521 exercitibus.

1149 2586 1198 2613 33)
1218 2587 1322 2616 coepit]
1345 2586 1385 2610 sic
1403 2587 1486 2610 Editt.
1508 2587 1598 2612 1565..
1620 2588 1710 2616 1571..
1732 2590 1823 2621 1596.;
1849 2591 1898 2616 Ed.
1912 2591 1987 2616 1556.
2006 2594 2084 2623 cepit.

1150 2628 1216 2659 33³)
1237 2630 1303 2653 Huic
1327 2630 1388 2653 voci
1416 2632 1441 2653 in
1466 2630 1772 2659 Editt.154o-1545..
1800 2634 1890 2665 155⁴„
1918 2634 2008 2661 1557..
2029 2636 2101 2659 1560.

1184 2664 1308 2694 praefixa
1325 2666 1389 2686 sunt
1408 2664 1463 2687 Cic.
1482 2666 1569 2689 verba
1595 2664 1634 2697 [§.
1651 2667 1703 2694 l.]:
1738 2668 1863 2692 Hiemem
1882 2669 1982 2697 credo,
2007 2670 2103 2698 quibus

1185 2699 1233 2721 hoc
1252 2699 1441 2728 argumentum
1461 2698 1487 2722 in
1506 2700 1554 2723 Ed.
1576 2700 1650 2725 1537.
1669 2701 1698 2725 in
1716 2702 1840 2732 margine
1858 2704 1901 2726 est
1919 2703 2079 2733 appositum.

1394 2731 1481 2767 27*
