2351 2990
202 130 275 163 803

205 212 333 259 siphon
364 214 543 245 decretum
575 212 677 248 sacit,
715 218 751 244 ut
780 208 1014 243 Demostheni
1047 216 1195 254 propter

935 260 974 294 ln
992 274 1033 294 eo
1052 262 1193 294 decreto

203 316 320 350 scribit
341 313 617 347 Demosthenem
635 315 722 345 bene
740 313 905 345 meritum
926 325 998 346 esse
1022 313 1065 345 de
1090 324 1194 356 repu-

205 368 308 401 blica.
376 366 466 398 Huic
497 367 637 397 decreto
671 365 879 397 adversatur
909 361 1120 402 Aeschines,
1161 369 1195 395 et

205 425 366 452 autorem
392 415 656 460 Ctesiphontem
683 421 840 453 accusat,
881 416 941 448 sed
967 415 1034 453 ita,
1070 420 1108 447 ut
1132 425 1194 458 per

205 468 310 503 liuius
336 480 462 511 corpus
483 464 754 499 Demosthenem
780 472 896 510 petat,
923 466 1005 511 quia
1033 466 1069 497 in
1094 477 1194 498 accu-

205 521 342 555 satione
359 519 489 550 directa
510 515 760 551 Demosthenis
776 518 1015 562 eloquentiam
1034 516 1126 555 eius,
1162 521 1196 548 ct

208 570 372 604 factionis
398 569 513 601 studia
539 569 737 606 metuebat,
774 574 807 601 ct
834 569 978 614 quidem
1006 567 1114 612 petit,
1151 579 1194 599 ne

207 618 438 655 Demostheni
464 620 579 652 dicere
603 622 830 652 concedatur.
881 619 967 652 Erat
993 625 1110 651 autem
1127 624 1195 651 sta-

207 681 262 706 tus
279 669 508 705 Aesrliiuicae
527 671 716 704 orationis:
746 670 936 703 Decretum
955 667 1195 714 Ctesiphontis

207 724 376 757 iniustum
402 729 432 754 et
461 723 585 755 salsum
614 734 697 755 esse.
758 720 797 754 In
827 734 896 766 qua
923 721 1145 755 accusatione
1168 720 1195 753 si

207 774 345 808 vicisset
369 772 558 813 Aschines,
593 771 660 805 hoc
686 773 904 817 praeiudicio
931 774 1112 806 confossus
1130 772 1197 804 De-

209 824 411 859 mosthenes
428 832 546 868 postea
565 825 666 857 facile
684 824 855 869 potuisset
874 825 1013 869 expelli.
1042 823 1197 857 Conten-

208 878 259 911 dit
286 877 392 920 igitur
417 873 674 908 Demosthenes
707 882 871 916 econtra,
913 882 952 909 ut
979 876 1015 908 in
1041 873 1108 907 hoc
1132 886 1195 907 suo

208 928 366 974 periculo
391 927 458 961 sibi
480 928 694 960 concedatur
714 939 779 970 pro
807 926 894 966 isto,
919 934 952 960 et
968 939 1033 971 pro
1048 937 1121 959 sese
1146 925 1197 958 di-

208 992 298 1013 cere.
352 978 446 1011 Haec
471 979 607 1012 occasio
630 978 696 1011 fuit
723 975 827 1011 huius
851 978 1024 1011 orationis
1044 977 1198 1010 scriben-

208 1033 296 1069 dae,
324 1042 414 1075 quae
432 1030 677 1074 principaliter
701 1035 752 1062 est
776 1029 915 1072 generis
939 1028 1136 1067 iudicialis,
1165 1034 1199 1060 et

208 1089 319 1117 status
342 1088 391 1114 est
413 1081 636 1115 iuridicialis:
665 1080 855 1113 Decretum
877 1078 1118 1124 Ctesiphontis
1140 1091 1198 1111 ve-

208 1146 287 1167 rum
316 1139 349 1165 et
372 1132 502 1165 iustum
529 1145 620 1172 esse,
660 1138 693 1165 et
716 1138 905 1176 propterea
930 1129 1197 1175 Ctesiphontem

210 1186 297 1218 iuste
323 1183 470 1217 absolvi.
523 1184 591 1216 Sed
617 1184 736 1218 αἴτιον
761 1180 866 1216 huius
889 1182 1105 1216 defensionis
1124 1194 1199 1214 am-

210 1236 308 1281 plum
335 1241 368 1267 et
393 1234 619 1278 splendidum
639 1241 701 1268 est.
755 1234 847 1267 Nam
867 1246 946 1267 cum
964 1231 1199 1267 Demostheni

209 1287 435 1332 probandum
466 1292 573 1326 esset,
613 1298 649 1319 se
684 1285 795 1318 civem
827 1286 1086 1319 benemeritum
1114 1296 1199 1324 esse,

209 1349 348 1371 necesse
372 1336 438 1370 fuit
462 1337 531 1369 dici
559 1339 600 1370 de
620 1336 776 1370 consiliis
801 1337 896 1370 belli.
949 1336 989 1370 In
1014 1349 1054 1369 ea
1080 1336 1200 1379 dispu-

209 1390 344 1423 tatione
361 1387 515 1421 maxima
532 1401 613 1433 pars
630 1388 802 1421 orationis
820 1389 1060 1427 consumitur,
1088 1387 1150 1420 ubi
1166 1392 1199 1419 et

208 1439 304 1475 hunc
321 1439 565 1485 syllogismum
584 1440 762 1483 integrum
786 1439 959 1479 instituit,
987 1444 1021 1471 et
1045 1437 1199 1482 splendi-

209 1492 351 1526 dissime
369 1496 489 1523 ornat:

261 1543 361 1576 Dans
377 1539 566 1574 honestum
591 1540 798 1580 consilium,
826 1540 963 1574 etiamsi
989 1546 1039 1573 est
1063 1539 1200 1584 pericu-

313 1593 448 1631 losum,
475 1604 549 1625 non
566 1599 617 1626 est
633 1591 846 1637 puniendus,

264 1643 461 1677 Consilium
485 1656 602 1677 meum
627 1644 694 1677 fuit
717 1641 927 1682 honestum,
971 1641 1108 1675 etiamsi
1135 1640 1202 1673 suit

315 1694 572 1739 periculosum,
607 1702 639 1728 et
663 1694 779 1739 pactio
805 1693 983 1727 servitutis
1006 1693 1127 1727 fuisset
1148 1692 1201 1724 in-

314 1744 476 1780 honesta.

264 1797 357 1841 Ergo
381 1809 608 1843 nequaquam
629 1796 758 1831 iustum
778 1802 828 1830 est
844 1795 965 1840 puniri
981 1808 1038 1828 me
1056 1801 1202 1841 propter

314 1847 502 1882 honestum
523 1849 721 1882 consilium.

213 1899 388 1933 Maiorem
415 1906 520 1933 ornat
534 1898 876 1933 commemoratione
902 1904 1061 1931 veterum
1087 1910 1202 1931 exem-

211 1952 366 1996 plorum.
427 1951 558 1986 Narrat
582 1951 758 1996 Cyrsilum
783 1951 950 1983 obrutum
976 1962 1048 1983 esse
1074 1949 1202 1994 lapidi-

212 2004 295 2043 bus,
322 2004 418 2049 quod
436 2003 544 2037 fuerit
562 2015 705 2042 suasor,
729 2009 768 2035 ut
785 1999 1019 2035 Athenienses
1038 2001 1143 2034 Xerxi
1167 2013 1201 2034 se

212 2056 402 2094 dederent,
429 2054 625 2098 lapidatam
650 2066 722 2088 esse
740 2060 773 2087 et
791 2053 976 2096 coniugem
995 2053 1069 2086 eius
1089 2065 1107 2085 a
1126 2065 1202 2085 mu-

213 2106 369 2139 lieribus.
418 2105 582 2150 Denique
602 2112 675 2138 tota
695 2103 781 2138 haec
798 2116 879 2149 pars
897 2104 1121 2138 ornatissima
1140 2110 1202 2143 est,

214 2157 297 2203 quia
317 2156 612 2189 commemoratio
634 2169 753 2190 rerum
781 2162 958 2200 gestarum
977 2155 1088 2199 gignit
1103 2156 1202 2200 plau-

214 2208 351 2242 sibilem
370 2207 582 2241 orationem.
637 2208 757 2252 Quare
781 2214 814 2240 et
836 2204 902 2239 hac
918 2207 1122 2240 defensione
1142 2219 1202 2251 ap-

214 2259 387 2304 probata,
419 2259 510 2292 cives
532 2257 810 2293 Demosthenem
834 2258 1074 2292 absolverunt.
1127 2257 1203 2292 Etsi

215 2316 333 2343 autem
352 2311 508 2344 defensio
526 2311 682 2355 speciosa
702 2317 772 2350 est,
800 2317 919 2343 tamen
938 2310 974 2341 in
997 2309 1202 2354 syllogismo

215 2359 302 2394 haec
321 2361 411 2396 inest
429 2360 637 2406 sophistica:
666 2361 823 2395 Honesta
846 2360 991 2394 consilia
1010 2367 1092 2394 sunt
1106 2367 1203 2394 ante-

215 2413 378 2452 ferenda,
405 2413 537 2447 scilicet
562 2413 742 2458 possibilia
767 2419 801 2446 et
822 2412 925 2446 nobis
943 2412 1203 2446 convenientia.

216 2463 266 2496 Ut
282 2464 345 2497 etsi
363 2462 551 2498 honestum
572 2470 680 2505 esset,
708 2464 736 2498 si
755 2464 834 2510 quis
850 2463 1010 2508 privatus
1027 2464 1121 2497 solus
1138 2464 1205 2496 iret

215 2515 254 2547 in
281 2514 415 2558 regiam
439 2515 648 2556 Turcicam,
691 2522 725 2549 et
757 2522 950 2561 tyrannum
980 2514 1204 2555 interficeret,

217 2572 338 2599 tamen
355 2565 389 2597 id
406 2566 591 2599 consilium
608 2579 682 2600 non
698 2567 945 2611 probandum,
966 2567 1026 2600 sed
1043 2566 1203 2599 reiicien-

217 2618 302 2650 dum
325 2622 395 2656 est,
427 2617 510 2662 quia
536 2630 600 2650 nec
623 2619 789 2662 possibile
815 2624 885 2658 est,
920 2630 985 2651 nec
1009 2617 1071 2651 uni
1099 2618 1204 2651 alicui

218 2668 443 2701 conveniens.
496 2668 564 2701 Sed
580 2669 740 2713 pluribus
755 2668 913 2703 honestis
936 2669 1129 2714 propositis
1153 2669 1205 2701 vi-

217 2720 299 2753 deat
323 2719 490 2765 quisque,
518 2731 608 2765 quae
635 2721 780 2754 consilia
802 2733 865 2755 suo
890 2721 970 2754 loco
995 2726 1205 2765 congruant,

207 264 459 309 gratitudinem
478 264 679 295 decerneret
701 274 882 295 eoronam.

783 126 903 160 pun„
938 125 1050 159 MEL.
1085 124 1285 159 SCRIPTA
1322 124 1658 161 PHILOLOGICA.

2164 126 2241 162 804

1250 216 1283 242 ct
1309 210 1414 253 eligat
1439 208 1586 244 honesta
1614 211 1822 245 necessaria.
1876 211 2014 244 Deinde
2040 211 2104 245 etsi
2130 213 2232 245 valde

1248 261 1397 294 delectat
1423 262 1664 305 exemplorum
1686 263 1869 301 recitatio,
1911 269 1944 295 et
1968 263 2062 307 capit
2083 263 2235 304 animos,

1250 319 1369 344 tamen
1389 312 1423 344 in
1444 310 1497 345 liis
1517 313 1599 356 ipsis
1619 319 1669 346 est
1686 311 1908 359 κακοζηλία,
1937 320 1971 346 et
1997 314 2128 347 multae
2153 320 2236 348 sunt

1249 362 1562 397 dissimilitudines.
1616 363 1873 398 Demosthenes
1892 365 1967 397 vult
1984 377 2055 398 esse
2080 364 2239 399 imitator

1249 412 1518 453 Themistoclis,
1546 427 1624 447 cum
1650 422 1733 448 tunc
1759 429 1822 448 nec
1849 428 2039 449 cousensus
2064 416 2235 450 Graeciae

1250 471 1358 504 essct,
1386 477 1450 497 nec
1467 465 1591 499 similis
1609 466 1737 504 virtus;
1766 474 1799 499 et
1814 468 1966 500 imitatio
1984 467 2155 511 temporis
2178 480 2237 512 pe-

1249 516 1400 549 riculosa
1419 522 1486 555 est,
1515 516 1596 561 quia
1619 514 1760 550 heroica
1779 519 1937 563 exempla
1953 525 2035 552 sunt
2052 531 2157 563 supra
2183 531 2238 552 re-

1250 568 1367 610 gulam
1384 580 1389 599 ;
1419 567 1617 600 Mediocres
1636 565 1798 602 homines
1816 570 1997 603 continere
2015 582 2050 603 se
2071 570 2162 603 intra
2181 582 2236 603 re-

1251 619 1352 662 gulae
1370 624 1480 651 metas
1497 619 1638 653 debent.
1691 620 1742 652 Ac
1758 618 1967 654 Plutarchus
1991 621 2236 662 venustissime

1251 669 1356 709 dixit,
1401 670 1487 702 tales
1519 669 1716 703 imitatores
1744 670 1875 704 similes
1900 684 1972 705 esse
1996 672 2134 716 pueris,
2176 671 2236 718 qui

1252 721 1406 753 induunt
1424 720 1601 753 maiorum
1619 733 1763 754 suorum
1781 723 1930 765 grandes
1948 721 2153 764 cothurnos,
2180 736 2238 767 ga-

1251 773 1340 811 leas,
1368 770 1550 811 thoraces,
1575 772 1702 817 quibus
1719 772 1747 805 si
1766 773 1939 816 fingerent
1953 785 1988 806 se
2011 773 2142 808 similes
2167 786 2239 807 esse

1251 823 1414 862 illorum,
1436 835 1541 856 nemo
1560 835 1633 855 non
1650 823 1818 857 ridiculos
1838 836 1909 857 esse
1925 825 2108 859 iudicaret.
2146 825 2240 858 Scia-

1252 888 1330 908 mus
1356 875 1464 918 igitur
1485 874 1601 907 felices
1622 875 1726 907 duces
1744 875 1914 918 singulari
1932 881 2029 908 motu
2046 875 2169 908 (livino
2184 888 2240 910 ex-

1253 925 1373 965 citari,
1401 937 1475 958 non
1501 931 1678 958 tentemus
1706 925 1928 970 irregularia.
1981 926 2055 960 Nos
2078 939 2163 960 vero
2186 928 2241 968 in-

1252 984 1347 1010 terea
1365 977 1523 1009 modeste
1541 976 1736 1010 necessaria
1753 977 1941 1017 faciamus,
1970 984 2004 1010 et
2020 984 2143 1012 nostro
2160 978 2240 1016 loco

1253 1027 1498 1072 congruentia.
1558 1027 1653 1060 Haec
1677 1027 1818 1068 addidi,
1846 1034 1884 1060 ut
1907 1028 2056 1062 studiosi
2080 1030 2241 1063 conside-

1252 1086 1333 1113 rent
1351 1079 1456 1112 etiam
1475 1078 1512 1110 in
1532 1085 1601 1111 tam
1620 1079 1776 1123 speciosa
1793 1079 1997 1113 defensione
2015 1080 2151 1126 aliquid
2167 1093 2241 1115 esse

1253 1128 1497 1176 sophisticum.
1565 1129 1611 1163 Et
1642 1130 1785 1175 quidem
1814 1137 1938 1164 narrat
1959 1129 2150 1166 Aeschines
2177 1144 2241 1177 po-

1252 1183 1358 1216 tuisse
1392 1181 1630 1215 mediocribus
1667 1181 1930 1215 conditionibus
1969 1195 2091 1227 pacem
2130 1183 2243 1228 impe-

1253 1234 1360 1273 trari,
1388 1234 1448 1267 sed
1473 1231 1750 1266 Demosthenem
1774 1233 1912 1276 publice
1944 1233 2095 1274 iurasse,
2123 1247 2158 1269 se
2181 1235 2241 1268 ab·

1254 1286 1442 1319 ducturum
1469 1282 1506 1315 in
1531 1295 1728 1323 carcerem,
1762 1283 1791 1316 si
1813 1284 1891 1328 quis
1919 1285 1962 1316 ad
1991 1285 2162 1329 populum
2187 1298 2241 1319 re-

1252 1337 1379 1379 ferret,
1407 1341 1446 1367 ut
1469 1346 1538 1378 pax
1564 1340 1753 1378 peteretur.
1815 1334 1961 1367 Caetera
1985 1336 2029 1368 de
2053 1347 2241 1380 argumen-

1254 1387 1296 1420 tis
1319 1393 1353 1419 et
1377 1385 1526 1418 materia
1560 1385 1596 1417 in
1621 1385 1767 1428 singulis
1794 1385 1955 1429 partibus
1982 1387 2155 1421 orationis
2176 1399 2240 1421 suo

1253 1439 1332 1471 loco
1350 1436 1585 1470 monebimus.
1637 1436 1740 1470 Nunc
1759 1436 1800 1469 de
1819 1436 1964 1469 exordio
1982 1429 2097 1470 dicam
2109 1464 2118 1477 ,
2145 1438 2243 1484 quod

1254 1488 1425 1533 singulari
1460 1487 1649 1531 prudentia
1690 1487 1820 1520 sactum
1858 1493 1928 1527 est,
1962 1494 1996 1521 et
2028 1488 2244 1522 modestissi-

1254 1552 1353 1573 mum
1371 1545 1405 1571 et
1421 1538 1670 1582 gravissimum
1688 1544 1750 1572 est.

1358 1590 1527 1623 Continet
1551 1596 1669 1623 autem
1693 1588 1900 1634 praecipuas
1930 1595 2047 1633 partes
2077 1595 2244 1635 quatuor.

1254 1641 1360 1676 Initio
1377 1648 1428 1675 est
1444 1640 1588 1685 petitio,
1616 1647 1655 1674 ut
1671 1640 1856 1680 audiatur,
1882 1640 1975 1673 unde
1999 1640 2110 1673 ordiri
2134 1640 2245 1674 maxi-

1255 1706 1312 1727 me
1340 1693 1406 1726 fuit
1440 1699 1705 1737 opportunum,
1750 1691 1832 1737 quia
1858 1689 2049 1726 Aeschines
2079 1704 2153 1725 rem
2184 1692 2245 1725 ab·

1257 1745 1401 1779 surdam
1441 1743 1478 1776 in
1516 1744 1585 1776 fine
1626 1743 1799 1776 orationis
1835 1754 1918 1776 suae
1951 1742 2153 1787 petiverat,
2199 1754 2244 1776 ne

1256 1793 1490 1830 Demostheni
1538 1796 1816 1834 concederetur,
1863 1800 1903 1827 ut
1931 1794 2088 1832 diceret;
2131 1805 2244 1840 eoque

1257 1855 1369 1882 astute
1393 1859 1468 1880 non
1491 1846 1607 1891 ipsum
1625 1843 1922 1884 Demosthenem,
1949 1846 2009 1879 sed
2032 1842 2243 1889 Ctesiphon·

1257 1906 1327 1933 tem
1363 1898 1495 1931 directe
1533 1897 1721 1931 accusavit.
1790 1896 1950 1930 Secunda
1991 1907 2086 1940 pars.
2152 1895 2245 1929 Huic

1257 1949 1421 1995 petitioni
1447 1949 1616 1982 intexitur
1641 1948 1785 1995 querela
1812 1949 1855 1981 de
1878 1947 1939 1988 iis,
1974 1959 2064 1992 quae
2091 1953 2244 1991 gravant

1257 2002 1386 2047 ipsum.
1439 2001 1560 2033 Tertia
1587 2012 1670 2045 pars
1691 2006 1741 2033 est
1765 1997 2044 2043 praeiudicium,
2082 1999 2180 2044 quod
2200 2010 2243 2032 eo

1257 2054 1359 2086 valde
1376 2053 1521 2097 prodest
1536 2049 1790 2090 Demostheni,
1817 2050 1921 2096 quia,
1949 2062 2027 2083 cum
2051 2049 2087 2083 in
2111 2062 2148 2083 re
2170 2061 2244 2083 ma-

1257 2105 1382 2138 nifesta
1411 2104 1574 2137 ostendat
1606 2102 1793 2136 mentitum
1821 2114 1892 2136 esse
1916 2099 2149 2141 Aeschinem,
2183 2102 2244 2134 de-

1257 2154 1411 2189 trahitur
1442 2155 1473 2188 ei
1498 2155 1582 2188 fides
1606 2154 1641 2186 in
1672 2153 1829 2198 reliquis.
1895 2152 1972 2186 Hoc
1997 2152 2105 2196 igitur
2135 2153 2243 2186 breve

1257 2206 1514 2252 praeiudicium
1543 2204 1693 2250 opponit
1709 2216 1858 2248 magnae
1878 2204 1973 2248 parti
1991 2203 2163 2238 orationis
2177 2203 2245 2237 Ae-

1258 2256 1389 2293 schinis
1411 2258 1454 2290 de
1480 2257 1628 2301 privatis
1650 2256 1827 2289 moribus:
1855 2255 1891 2288 Si
1911 2255 1990 2288 talis
2013 2267 2090 2289 sum
2112 2255 2149 2288 in
2171 2254 2244 2300 pri-

1258 2316 1337 2343 vata
1358 2310 1451 2348 vita,
1480 2308 1619 2353 qualem
1640 2307 1695 2340 ille
1714 2320 1770 2340 me
1788 2306 1972 2347 describit,
2000 2318 2083 2339 mox
2099 2306 2244 2350 surgite,

1257 2373 1321 2394 nec
1336 2361 1483 2393 verbum
1503 2359 1696 2391 addam·ad
1715 2372 1770 2392 me
1787 2359 2059 2392 defendendum.
2104 2357 2244 2402 Quarta

1258 2425 1340 2457 pars
1375 2417 1426 2445 est
1458 2409 1688 2454 reprehensio
1730 2409 1961 2450 insidiarum,
2003 2410 2099 2454 quod
2132 2415 2246 2442 astute

1258 2462 1449 2497 Aeschines
1473 2474 1547 2494 non
1569 2462 1786 2495 accusaverit
1804 2461 1935 2494 directe.
1952 2457 2245 2500 Demosthenem,

1258 2516 1317 2549 sed
1335 2511 1601 2558 Ctesiphontem
1614 2540 1622 2553 ,
1651 2513 1734 2559 quia
1751 2512 1887 2546 facilius
1903 2524 1965 2556 per
1979 2511 2087 2545 alium
2105 2516 2247 2555 poterat

1259 2565 1411 2610 iugulari
1428 2563 1707 2604 Demosthenes,
1734 2563 1942 2609 praesertim
1965 2563 1995 2597 si
2020 2574 2092 2595 non
2121 2573 2245 2595 conce-

1260 2619 1402 2651 deretur
1421 2616 1451 2649 ei
1470 2628 1535 2660 pro
1552 2629 1586 2650 se
1604 2616 1738 2656 dicere,
1774 2622 1807 2648 et
1823 2615 1961 2658 signum
1985 2619 2036 2647 est
2054 2612 2245 2647 diffidentis

1259 2680 1405 2707 causae,
1443 2667 1539 2713 quod
1575 2680 1648 2700 non
1685 2673 1779 2700 recta
1815 2665 2042 2709 congreditur
2077 2677 2155 2698 cum
2192 2675 2246 2704 eo,

1260 2732 1363 2766 quem
1382 2719 1534 2752 maxime
1549 2719 1648 2763 petit.
1695 2717 1802 2751 Lecto
1822 2717 1928 2761 igitur
1947 2716 2092 2750 exordio
2105 2741 2114 2756 ‚
2143 2712 2245 2749 ethis
