2351 2990
127 116 227 151 1063

128 201 330 245 imperitior
347 206 508 239 tantum,
536 214 609 235 non
625 209 664 235 ut
688 201 865 235 iniustior.
922 201 1010 235 Cum
1036 214 1121 235 vero

128 252 301 285 iniustitia
337 253 522 291 obiicitur,
572 255 609 285 fit
639 259 820 297 suspectus
851 258 994 292 orator,
1042 265 1121 286 cum

129 303 249 337 vincit.
293 302 381 337 Cum
400 316 474 337 non
491 304 619 343 vincit,
645 304 750 337 simul
767 310 800 336 et
818 303 1004 348 imperitus
1021 310 1053 338 et
1070 304 1123 336 in-

127 355 239 388 iustus
256 355 488 389 existimatur.

231 405 296 439 Hic
313 419 389 440 mos
406 405 538 439 civitati
556 417 629 437 non
648 406 810 449 prodest;
833 406 935 439 multi
951 406 1045 439 enIm
1064 407 1123 439 de-

127 463 326 496 terrentur,
355 469 425 502 quo
446 456 563 489 minus
581 457 626 489 ad
642 458 799 490 dandum
827 457 1014 491 consilium
1041 470 1123 502 pro-

126 510 247 542 deant.
299 510 350 541 Ac
375 507 402 541 si
427 508 512 540 tales
529 519 710 548 suasores,
748 508 809 554 qui
835 508 902 542 sibi
927 509 1123 542 contradici

126 560 267 598 nolunt,
288 571 362 591 non
379 565 493 592 essent
511 559 676 592 instructi
690 560 857 593 facultate
873 560 1027 599 dicendi,
1051 573 1123 593 me-

127 611 194 643 lius
220 623 297 643 cum
323 610 465 642 civitate
487 617 669 654 ageretur;
712 611 830 645 minus
859 611 953 644 enim
979 624 1123 656 persua-

127 662 210 695 dere
228 661 356 694 iniusta
375 668 531 705 possent.
592 661 746 707 Oportet
771 669 888 696 autem
914 664 1050 696 bonum
1077 663 1124 696 ci-

127 724 205 745 vem
225 724 299 744 non
316 713 495 745 deterrere
513 712 619 752 alios,
653 715 712 747 sed
737 726 778 747 ex
803 714 881 758 pari
904 715 983 748 loco
1010 714 1123 747 videri

127 764 274 796 meliora
293 765 460 803 suadere,
489 770 522 797 et
539 764 628 797 bene
652 772 791 798 morata
818 765 940 800 civitas
964 778 1038 799 non
1062 778 1123 799 au-

126 821 206 858 geat
223 815 421 858 potentiam
439 815 531 855 eius,
565 816 664 849 cuius
689 816 835 850 consilia
859 817 997 862 saepius
1021 829 1123 862 prae-

125 866 197 898 lata
223 872 316 900 sunt.
376 866 443 899 Sed
472 872 592 899 tamen
616 867 720 900 etiam
746 869 925 912 praesenti
951 869 1123 913 dignitate

125 929 206 950 eum
224 929 298 949 non
315 918 462 962 spoliet,
497 924 531 951 et
555 919 661 957 alios,
697 932 849 964 quorum
876 921 1024 954 consilia
1048 932 1123 954 sae-

125 968 204 1012 pius
221 968 350 1001 reiecta
375 976 478 1007 sunt,
511 981 626 1014 neque
649 969 867 1013 ignominia,
901 984 1016 1018 neque
1041 984 1123 1016 sup-

125 1019 232 1063 plicio
260 1019 401 1054 afficiat.
469 1020 526 1053 Sic
552 1020 630 1060 ille,
659 1021 721 1066 qui
746 1022 830 1054 vicit
853 1024 1014 1067 saepius,
1048 1035 1122 1056 non

122 1082 184 1114 spe
202 1071 444 1115 praemiorum
462 1071 629 1117 loquetur
647 1073 691 1106 ad
707 1073 857 1116 gratiam
876 1074 991 1115 aliter,
1014 1087 1120 1120 quam

123 1123 249 1161 sentit,
286 1128 319 1155 et
348 1123 409 1167 qui
435 1134 508 1154 non
536 1123 639 1163 vicit,
677 1136 751 1156 non
776 1126 933 1169 captabit
958 1126 1122 1170 gratiam,

125 1173 377 1217 concupiscens
400 1174 618 1217 potentiam;
658 1188 812 1220 quorum
843 1189 908 1210 nos
942 1177 1119 1210 contraria

122 1224 284 1259 facimus.
339 1224 428 1258 Cum
446 1225 600 1270 suspicio
620 1232 671 1260 est
690 1227 845 1272 aliquem
870 1241 931 1273 spe
948 1229 1122 1263 mercedis

124 1275 262 1315 dicere,
302 1277 532 1321 repudiamus
556 1278 790 1319 sententiam,
825 1279 963 1314 etiamsi
986 1281 1120 1325 optima

125 1334 196 1366 est,
240 1333 379 1361 tantum
409 1335 557 1372 propter
587 1329 761 1363 incertam
788 1331 1048 1376 suspicionem;
1089 1337 1123 1364 et

123 1378 217 1411 bona
244 1380 389 1412 consilia
415 1380 534 1413 statim
558 1393 638 1414 cum
668 1381 857 1423 dicuntur,
898 1395 974 1416 non
1004 1383 1122 1416 minus

123 1436 205 1463 sunt
228 1437 389 1474 suspecta
416 1444 524 1476 quam
549 1433 655 1466 mala.
725 1433 827 1466 Unde
853 1435 910 1475 fit,
948 1441 989 1469 ut
1014 1434 1120 1468 etiam

125 1482 260 1526 optima
292 1495 459 1516 suasurus
490 1490 638 1527 cogatur
668 1490 743 1517 arte
774 1485 840 1518 sibi
863 1486 970 1519 fidem
994 1487 1122 1525 facere,

124 1544 203 1566 cum
219 1534 263 1566 sit
280 1533 496 1578 impossibile
516 1542 664 1579 propter
688 1536 907 1580 suspiciones
927 1537 1008 1571 urbi
1032 1538 1122 1570 bene

126 1585 310 1618 consulere
322 1612 330 1624 ‚
359 1591 392 1618 et
408 1592 530 1629 aperte
546 1586 622 1619 sine
639 1588 858 1631 deceptione.
889 1588 981 1623 Nam
1001 1595 1122 1634 aperte

125 1638 314 1669 ostendens
337 1637 526 1670 utilitatem
551 1638 729 1683 aliquam,
773 1640 872 1672 venit
895 1640 932 1673 in
953 1640 1122 1685 suspicio-

122 1699 225 1727 nem,
261 1688 362 1732 quasi
386 1688 474 1720 clam
501 1688 598 1722 aliud
623 1695 751 1734 captet.
819 1691 973 1736 Oportet
1003 1699 1120 1725 auten]

123 1750 208 1779 nos,
238 1739 299 1784 qui
314 1740 359 1771 ad
384 1739 573 1772 dicendum
598 1741 640 1773 de
665 1741 770 1775 rebus
790 1743 956 1777 maximis
979 1741 1123 1777 adhibe-

123 1802 225 1829 mur,
251 1789 392 1834 longius
411 1792 615 1835 prospicere
634 1804 741 1837 quam
767 1806 849 1835 vos,
883 1795 945 1840 qui
966 1795 1123 1829 breviter

125 1842 375 1883 consideratis,
403 1843 612 1887 praesertim
632 1856 711 1877 cum
735 1856 801 1879 nos
821 1853 945 1890 postea
971 1847 1007 1879 in
1033 1847 1124 1881 iudi-

124 1895 176 1929 cia
196 1906 365 1929 vocemur
380 1901 529 1940 propter
545 1901 667 1929 nostra
687 1897 832 1931 consilia
845 1925 854 1938 ,
879 1910 942 1932 vos
959 1911 1033 1931 non
1051 1899 1124 1943 ple-

124 1947 270 1982 ctamini
286 1954 434 1993 propter
448 1947 756 1993 suffragationem.
817 1949 855 1983 Si
879 1950 974 1983 enim
1001 1957 1124 1984 orator

124 2006 158 2033 et
178 2000 394 2044 suffragator
411 2000 547 2044 pariter
564 2000 842 2042 mulctarentur,
877 2003 1054 2037 cautiores
1073 2015 1124 2037 es-

125 2052 207 2086 setis
231 2051 267 2084 in
295 2052 539 2096 suffragando.
605 2052 710 2087 Nunc
730 2065 838 2094 vero,
873 2066 952 2088 cum
977 2061 1124 2088 eventus

124 2115 197 2136 non
218 2103 421 2147 respondit,
455 2103 537 2136 irati
553 2104 688 2148 punitis
708 2111 909 2146 oratorem,
943 2118 1006 2141 vos
1028 2106 1125 2151 ipsos

123 2167 198 2188 non
217 2155 350 2198 punitis
363 2181 372 2195 ,
400 2167 478 2188 cum
497 2155 603 2189 simul
618 2157 861 2200 peccaveritis.

227 2206 310 2240 Non
329 2206 518 2250 disputabo
536 2208 578 2240 de
595 2207 690 2246 iure;
725 2209 785 2242 sed
810 2210 995 2243 ostendam
1023 2209 1124 2243 vobis

126 2270 199 2291 non
217 2270 290 2292 esse
313 2258 400 2291 utile
425 2258 576 2291 interfici
593 2258 842 2304 Mitylenaeos.
902 2260 978 2305 Ego
1004 2267 1123 2294 autem

124 2310 266 2354 prodii,
293 2322 367 2342 non
383 2316 422 2343 ut
439 2322 599 2343 excusem
619 2317 680 2343 aut
700 2323 860 2345 accusem
875 2311 1124 2358 Mitylenaeos.

125 2360 208 2395 Non
225 2361 319 2394 enim
337 2373 432 2394 nunc
447 2362 490 2394 de
510 2361 668 2405 ipsorum
686 2363 816 2396 scelere
835 2363 1031 2404 iudicatur,
1064 2366 1123 2398 sed

127 2413 170 2445 de
192 2418 314 2445 nostra
339 2412 504 2447 utilitate.
563 2412 688 2459 Neque
705 2414 820 2454 enim,
855 2415 884 2448 si
905 2416 1037 2448 faterer
1065 2428 1125 2450 eos

126 2475 275 2508 prorsus
306 2463 434 2497 iniuste
460 2464 600 2504 fecisse,
645 2467 852 2506 suaderem,
886 2473 926 2499 ut
952 2466 1125 2500 interfice-

126 2521 271 2555 rentur,
297 2514 366 2547 nisi
388 2515 424 2547 id
440 2516 542 2549 nobis
560 2515 645 2549 utile
663 2523 768 2554 esset;
804 2529 941 2563 neque,
965 2518 994 2551 si
1019 2519 1122 2551 venia

127 2567 255 2610 dignos
278 2577 477 2605 censerem,
520 2567 624 2600 velim
657 2567 706 2601 eis
736 2569 853 2612 parci,
896 2569 965 2602 nisi
989 2570 1125 2602 civitati

128 2618 353 2651 conduceret.
406 2616 457 2650 Ac
473 2618 585 2650 sentio
603 2619 716 2663 magis
734 2632 799 2653 nos
819 2621 862 2653 de
885 2621 1004 2653 sutura
1030 2621 1124 2654 utili-

128 2675 199 2702 tate
217 2668 413 2701 deliberare
426 2695 435 2709 ,
463 2680 569 2713 quam
586 2670 628 2702 de
645 2672 823 2713 praesenti
840 2672 982 2706 delicto.
1017 2672 1124 2717 Quod

129 2727 244 2753 autem
266 2720 376 2753 Cleon
394 2720 567 2760 affirmat,
597 2721 758 2755 ultimam
782 2735 936 2767 poenam
962 2724 1124 2768 profutu-

706 114 829 150 PHIL.
865 115 977 150 MEL.
1012 115 1216 150 SCRIPTA
1252 116 1589 152 PHILOLOGICA.

2074 118 2175 154 1064

1175 214 1254 235 ram
1285 203 1329 235 ad
1362 203 1560 247 exemplum
1572 230 1582 243 ,
1622 211 1661 237 ut
1687 203 1816 237 caeteri
1848 203 1966 236 minus
1994 203 2174 246 deficiant,

1177 265 1242 296 ego
1261 259 1382 286 contra
1401 254 1535 293 sentio,
1564 255 1626 300 qui
1644 255 1748 288 etiam
1767 255 1907 288 futurae
1930 253 2094 290 utilitatis
2117 267 2174 288 ra-

1177 305 1274 337 tione
1291 316 1450 338 moveor.
1503 305 1587 339 Non
1611 306 1719 349 igitur
1743 313 1891 351 propter
1914 304 2014 340 istius
2038 306 2173 351 specio-

1177 368 1250 389 sam
1276 356 1475 389 orationem
1500 357 1675 400 respuatis
1693 358 1882 391 utilitatem
1909 369 2009 391 meae
2032 364 2173 392 senten-

1177 407 1260 441 tiae.
1313 407 1401 441 Cum
1419 407 1514 440 enim
1536 408 1699 441 videatur
1715 421 1809 442 nunc
1827 409 1926 443 iratis
1941 409 2057 442 oratio
2072 409 2172 443 istius

1177 457 1323 498 iustior,
1351 459 1510 492 fortassis
1527 459 1658 492 multos
1676 461 1839 494 moverit.
1882 461 1956 495 Nos
1975 472 2060 494 vero
2078 472 2174 493 nunc

1177 521 1251 542 non
1269 510 1518 544 contendimus
1536 523 1614 544 cum
1633 510 1718 554 ipsis
1733 512 1776 544 de
1792 512 1881 553 iure,
1907 513 1968 546 sed
1985 512 2173 546 consilium

1177 562 1219 593 de
1237 561 1390 594 utilitate
1408 568 1529 594 nostra
1550 561 1767 607 quaerimus.

1279 621 1492 665 Magnitudo
1518 634 1655 666 poenae
1679 634 1753 655 non
1776 623 1929 656 deterret
1957 621 2122 656 homines
2152 634 2172 655 a

1176 672 1384 714 sceleribus,
1411 673 1576 707 incitatos
1599 671 1802 706 vehementi
1824 673 2016 718 cupiditate
2041 680 2076 707 et
2098 686 2174 707 ma-

1177 736 1244 767 gna
1265 736 1337 768 spe.
1390 723 1454 758 Est
1470 724 1614 770 quidem
1634 725 1670 757 in
1687 725 1853 759 omnibus
1872 724 2073 759 civitatibus
2090 737 2174 758 con-

1177 775 1297 809 stituta
1335 787 1450 819 poena
1485 788 1608 816 mors,
1658 777 1764 809 etiam
1799 776 1993 810 levioribus
2027 776 2174 816 delictis,

1178 838 1284 872 quam
1311 824 1379 859 hoc
1404 833 1472 866 est,
1514 829 1575 861 sed
1600 834 1719 861 tamen
1744 826 1908 861 homines
1942 840 2004 872 spe
2035 827 2174 860 incitati

1178 878 1311 912 adeunt
1327 878 1496 922 pericula.

1278 937 1402 983 Neque
1427 937 1616 983 quisquam
1645 939 1717 972 ruit
1743 939 1777 971 in
1803 938 2026 983 periculum,
2065 938 2093 972 si
2115 939 2174 971 fir·

1156 988 1281 1021 rmiter
1312 989 1378 1022 sibi
1410 990 1645 1033 persuaserit,
1694 1002 1729 1023 se
1758 1002 1832 1023 non
1866 1002 2056 1024 evasurum
2090 1001 2174 1024 esse.

1177 1040 1277 1085 Quae
1295 1040 1417 1073 civitas
1442 1040 1577 1080 deficit,
1612 1042 1725 1074 donec
1751 1041 1928 1075 existimat
1952 1054 1989 1075 se
2017 1041 2175 1074 imbecil-

1176 1091 1302 1124 liorem
1322 1091 1519 1136 potentiam
1536 1090 1667 1125 habere
1684 1105 1783 1126 suam
1804 1093 1859 1125 vel
1887 1093 2055 1126 socialem
2078 1092 2175 1137 prio-

1176 1143 1274 1177 ribus
1289 1142 1417 1177 sociis?
1470 1143 1606 1177 Natura
1634 1156 1757 1178 omnes
1777 1144 1945 1189 privatim
1974 1150 2008 1178 et
2033 1144 2174 1189 publice

1176 1194 1283 1239 proni
1300 1207 1420 1228 sumus
1437 1196 1480 1227 ad
1499 1194 1778 1240 delinquendum
1790 1223 1798 1236 ,
1825 1208 1889 1229 nec
1907 1196 1962 1229 lex
1979 1202 2041 1229 aut
2056 1207 2174 1240 poena

1176 1246 1247 1279 ulla
1274 1243 1438 1279 homines
1462 1257 1608 1290 prorsus
1638 1244 1820 1287 cohercet,
1866 1260 1946 1280 cum
1977 1247 2122 1293 quidem
2153 1258 2174 1279 a

1175 1297 1370 1331 levioribus
1394 1297 1520 1341 poenis
1545 1298 1590 1330 ad
1615 1310 1771 1332 summas
1794 1305 2005 1343 perventum
2030 1298 2093 1338 sit,
2135 1303 2176 1331 ut

1178 1349 1324 1382 audacia
1342 1349 1595 1382 sceleratorum
1613 1349 1824 1384 frenaretur.
1886 1349 2176 1384 Consentaneum

1176 1406 1227 1433 est
1251 1400 1345 1433 enim
1371 1400 1455 1433 olim
1478 1399 1639 1434 mitiores
1661 1413 1796 1445 poenas
1822 1395 2047 1435 summorum
2072 1400 2178 1434 scele-

1175 1463 1256 1485 rum
1281 1450 1408 1491 fuisse,
1437 1463 1527 1497 quae
1552 1464 1630 1485 cum
1655 1464 1730 1485 non
1753 1453 1976 1486 deterrerent
1998 1450 2176 1492 homines,

1178 1515 1248 1548 quo
1268 1502 1386 1536 minus
1404 1502 1671 1548 delinquerent,
1699 1510 1846 1537 ventum
1866 1510 1917 1538 est
1940 1505 1986 1538 ad
2007 1509 2176 1543 mortem,

1177 1565 1268 1600 quae
1287 1560 1409 1587 tamen
1431 1561 1465 1587 et
1480 1554 1555 1599 ipsa
1573 1552 1737 1589 homines
1753 1568 1826 1588 non
1849 1556 2005 1589 deterret
2026 1567 2046 1588 a
2069 1555 2178 1589 scele-

1176 1605 1286 1639 ribus.
1355 1605 1427 1639 Aut
1453 1605 1562 1650 igitur
1588 1606 1677 1640 alius
1701 1607 1954 1651 excogitandos
1980 1613 2031 1641 est
2057 1612 2176 1639 terror

1176 1655 1444 1697 vehementior,
1478 1663 1539 1690 aut
1563 1669 1608 1691 ne
1636 1658 1780 1704 quidem
1806 1658 1949 1703 capitali
1970 1670 2087 1703 poena
2107 1655 2174 1691 ho-

1176 1709 1291 1742 mines
1307 1706 1490 1742 coherceri
1506 1716 1667 1753 possunt.

1279 1778 1347 1812 Sed
1366 1785 1476 1812 ruunt
1492 1777 1656 1813 homines
1682 1779 1719 1812 in
1739 1779 1916 1824 pericula,
1949 1778 2096 1823 impulsi
2119 1778 2176 1811 vel

1177 1831 1405 1872 necessitate,
1449 1830 1505 1864 vel
1529 1830 1744 1875 petulantia,
1779 1831 1835 1864 vel
1858 1831 1923 1864 ira.
1991 1830 2173 1874 Pauperes

1177 1882 1383 1916 necessitate
1408 1889 1620 1922 moventur,
1663 1882 1839 1926 petulanti
1862 1882 1948 1916 satis
1971 1893 2097 1915 causae
2123 1887 2175 1914 est

1176 1934 1341 1974 licentia,
1377 1934 1452 1967 irae
1477 1933 1615 1968 occasio
1640 1940 1709 1975 est,
1747 1940 1786 1967 ut
1809 1933 1958 1979 quisque
1982 1931 2176 1967 insanabili

1179 1986 1307 2019 affectu
1323 1991 1475 2019 tenetur.
1526 1985 1664 2018 Deinde
1682 1985 1874 2019 vincuntur
1890 1983 2056 2019 homines
2078 1984 2176 2029 cupi-

1177 2038 1287 2071 ditate
1307 2043 1341 2070 et
1357 2049 1438 2082 spe,
1467 2049 1619 2083 quarum
1639 2037 1748 2070 altera
1777 2038 1849 2070 dux
1875 2043 1946 2077 est,
1981 2037 2092 2070 altera
2116 2048 2175 2069 co-

1177 2101 1264 2123 mes.
1338 2088 1460 2122 Altera
1489 2089 1535 2122 ad
1561 2088 1839 2133 aggrediendum
1869 2088 2013 2129 incitat,
2061 2088 2175 2121 altera

1177 2141 1274 2174 viam
1301 2147 1492 2174 monstrat.
1554 2139 1600 2173 Et
1627 2140 1779 2184 expetita
1802 2141 1917 2181 bona,
1954 2151 2175 2186 quamquam

1178 2193 1333 2233 incerta,
1361 2199 1482 2225 tamen
1498 2191 1577 2236 plus
1593 2197 1740 2224 movent
1756 2191 1896 2226 animos
1922 2203 2031 2238 quam
2057 2197 2175 2225 certae

1177 2256 1335 2289 poenae,
1363 2255 1454 2290 quae
1472 2242 1608 2277 suntin
1625 2250 1826 2288 conspectu.
1879 2243 2037 2277 Adiuvat
2058 2249 2094 2276 et
2118 2255 2176 2276 oc-

1179 2296 1272 2330 casio
1305 2307 1532 2340 aggressuros
1559 2294 1714 2340 aliquid,
1756 2308 1847 2341 quae
1883 2307 1964 2329 cum
1998 2306 2035 2328 se
2071 2294 2177 2328 offert

1179 2354 1320 2392 praeter
1337 2347 1542 2391 opinionem
1556 2373 1564 2386 ,
1598 2346 1738 2380 etiamsi
1755 2347 1847 2381 vires
1865 2346 2001 2392 alioqui
2016 2346 2175 2380 minores

1178 2399 1268 2439 sint,
1295 2399 1439 2439 incitat,
1463 2404 1503 2431 ut
1518 2397 1715 2442 periculum
1735 2400 1885 2439 adeant,
1917 2397 2108 2442 praecipue
2128 2397 2175 2431 ci-

1179 2451 1325 2492 vitates,
1353 2450 1436 2495 quia
1455 2447 1521 2482 hae
1537 2461 1592 2483 res
1617 2450 1791 2484 maximas
1817 2449 2091 2494 concupiscunt,
2124 2449 2177 2482 vi-

1179 2502 1307 2535 delicet
1329 2501 1529 2534 libertatern
1553 2507 1586 2533 et
1611 2501 1826 2545 imperium,
1867 2507 1902 2534 et
1930 2500 2061 2544 singuli
2094 2512 2174 2534 cum

1177 2553 1353 2587 universis
1370 2551 1504 2585 civibus
1524 2552 1722 2587 coniunctis
1738 2553 1878 2586 maiora
1893 2551 2151 2596 imaginantur.

1281 2621 1403 2665 Quare
1421 2619 1628 2663 simpliciter
1650 2619 1869 2664 impossibile
1893 2625 1926 2653 et
1947 2619 2095 2653 stultum
2112 2625 2176 2660 est,

1178 2679 1275 2706 metu
1292 2673 1407 2716 legum
1427 2677 1488 2704 aut
1501 2683 1700 2715 poenarum
1719 2669 1913 2705 humanam
1933 2676 2099 2704 naturam
2118 2683 2177 2704 cu-

1177 2724 1327 2767 piditate
1350 2724 1533 2756 ardentem
1562 2724 1752 2757 deterrere.
1815 2723 1898 2758 Non
1922 2721 2031 2767 igitur
2054 2722 2178 2756 confisi
