2351 2990
112 119 186 155 669
244 119 367 155 ΧΧΧΙ.
419 120 703 156 ENARRATIO
726 120 855 155 LIBRI
880 122 921 157 X.
945 121 1335 161 INSTITUTIONUM
1364 127 1662 164 ORATORIAR.
1690 130 2002 176 QUINTILIAM.

115 214 242 240 carunt
267 219 413 240 arenam
441 207 516 241 sine
542 208 648 242 calce.
709 208 840 241 Seneca
866 207 1097 253 reprehendit

113 258 409 303 compositionem
428 258 626 297 Ciceronis;
662 272 740 292 cum
766 266 886 293 tamen
911 261 984 305 ipse
1007 260 1097 294 nihil

113 317 324 354 componat,
352 310 464 343 immo
490 310 654 343 videatur
681 323 759 343 eam
785 323 858 344 non
887 312 1096 356 intelligere.

111 360 235 402 Pictor
258 361 529 405 Noribergensis
557 361 724 395 Albertus
746 362 908 397 Durerus
930 363 976 411 ⁶¹¹)
1009 363 1097 396 dixit

113 424 149 445 se
165 413 278 446 multo
298 413 481 446 meliorem
499 414 631 446 factum
660 425 732 447 esse
758 413 958 447 imitatione
977 413 1096 447 Iacobi

111 463 155 496 de
179 463 349 497 Barbaris
372 464 437 510 ⁵⁵);
482 464 566 497 item
592 477 628 498 se
655 465 814 498 futurum
841 466 947 499 fuisse
980 466 1095 513 multo

109 515 430 559 praestantiorem,
465 515 495 549 si
525 515 706 549 incidisset
732 516 769 548 in
791 517 952 561 exempla
981 517 1094 550 multo

109 566 272 601 meliora.
341 567 495 600 Senecae
539 565 765 611 philosophia
801 574 853 602 est
886 568 1022 607 inanis,
1063 574 1097 600 et

108 617 225 650 aliena
252 630 271 650 a
298 617 564 662 Peripateticis,
598 619 709 651 multa
734 620 885 664 sumpsit
911 631 952 652 ex
976 618 1094 652 Stoica

109 674 143 701 et
163 668 339 713 Epicurea
371 669 546 704 doctrina.
614 670 852 714 Peripatetica
885 670 993 703 iacuit
1026 669 1095 702 illis

107 720 330 764 temporibus
347 721 434 754 vitio
459 721 551 754 male
575 721 832 761 iudicantium,
861 721 945 767 quia
970 721 1095 764 vulgus

107 772 220 815 magis
253 779 350 805 amat
383 772 612 816 prodigiosa,
659 785 766 818 quam
797 785 904 812 sana,
940 783 1024 804 vera
1061 778 1095 804 et

106 822 293 867 simplicia.

210 872 239 918 ἓ.
260 873 344 909 129.
372 875 537 908 Dulcibus
556 872 670 920 vitiis]
696 873 829 907 scilicet
846 872 991 907 deliciis.

210 923 240 969 ᾗ.
258 926 342 959 130.
377 926 499 959 Alieno
523 923 666 972 iudicio]
704 925 739 957 id
762 931 830 965 est,
867 925 989 958 omnia
1010 936 1094 969 pro-

106 974 206 1008 bavit
223 977 298 1009 sine
318 975 535 1009 discrimine.

208 1026 294 1071 Cap.
311 1026 353 1060 II.
373 1025 402 1070 ἓ.
423 1027 455 1060 1.
484 1030 543 1061 Ex
562 1027 616 1060 his
641 1025 867 1074 caeterisque]
896 1027 1014 1072 Stylus
1039 1039 1093 1060 re-

103 1076 215 1122 quirit
230 1077 482 1111 imitationem.
538 1076 622 1110 Ideo
641 1089 737 1111 nunc
754 1079 805 1110 de
831 1078 1092 1111 imitatione

103 1128 293 1163 dicendum
320 1135 382 1162 est.
440 1128 501 1161 De
528 1128 758 1161 sententia
788 1128 1091 1173 Quintiliani.

102 1179 250 1213 Summa
267 1180 440 1214 sententia
462 1179 642 1219 estFabii,
670 1180 822 1225 requirit
839 1180 1091 1220 imitationem,

102 1232 163 1264 sed
184 1231 271 1265 citra
289 1231 599 1275 superstitionem,
626 1242 689 1263 nec
707 1231 782 1264 vult
805 1243 871 1265 nos
894 1232 942 1264 ita
968 1244 1091 1276 super-

101 1282 237 1316 stitiose
255 1283 414 1316 addictos
433 1295 506 1316 esse
524 1282 649 1315 alienis
672 1281 825 1315 inventis
853 1283 1023 1316 membris
1051 1295 1090 1315 ac

101 1334 244 1378 figuris,
271 1335 387 1368 nullas
404 1340 443 1367 ut
462 1346 517 1367 res
533 1345 646 1366 novas
664 1339 724 1367 aut
745 1334 875 1377 figuras
902 1334 969 1378 ipsi
991 1333 1090 1367 inve-

102 1385 264 1424 niamus,
299 1392 361 1418 aut
385 1383 475 1418 nihil
500 1391 539 1418 ut
565 1386 691 1418 efferre
710 1385 779 1417 nisi
795 1385 965 1419 membris
982 1385 1088 1419 unius

102 1436 252 1469 alicuius
269 1436 430 1470 velimus.
483 1437 535 1470 Ac
552 1448 674 1469 verum
699 1442 750 1469 est
771 1448 810 1469 ea
835 1437 1087 1481 superstitione

100 1487 278 1520 retardari
301 1487 455 1532 ingenia.
515 1486 598 1519 Ideo
626 1493 659 1519 et
680 1485 770 1519 mihi
800 1488 916 1531 placet
938 1488 1011 1522 eius
1036 1488 1087 1521 rei

100 1539 229 1572 modus
262 1539 422 1584 quidam.
488 1538 679 1571 Praeterea
715 1538 847 1572 Fabius
884 1540 1088 1573 commiscet

99 1589 339 1623 imitationem
359 1602 479 1623 rerum
507 1596 540 1623 et
567 1589 787 1623 elocutionis.
843 1590 946 1624 Certe
970 1591 1008 1623 in
1033 1604 1087 1624 re-

98 1642 165 1676 bus
181 1653 255 1674 non
274 1641 427 1674 imitatio
444 1647 581 1675 tantum
595 1667 604 1681 ,
632 1642 691 1674 sed
710 1641 869 1674 inventio
891 1642 997 1675 etiam
1026 1655 1087 1675 va-

98 1693 165 1734 let,
192 1705 257 1726 nec
271 1705 363 1727 unus
385 1692 423 1725 in
446 1693 550 1726 rebus
576 1692 771 1726 imitandus
795 1693 873 1727 erit.
928 1693 1000 1738 Qui
1025 1706 1087 1727 an-

97 1751 169 1778 tem
187 1745 229 1777 de
248 1744 449 1778 imitatione
467 1742 535 1777 hoc
553 1749 714 1787 tempore
739 1744 985 1788 praecipiunt,
1012 1758 1086 1778 non

99 1797 142 1829 de
172 1796 297 1836 rebus,
334 1797 393 1830 sed
427 1796 470 1828 de
503 1795 703 1828 elocutione
732 1795 942 1840 loquuntur.
1002 1795 1085 1830 Ideo

97 1859 173 1880 non
199 1854 250 1881 est
275 1848 493 1880 abutendum
520 1846 623 1879 Fabii
648 1846 859 1887 autoritate,
897 1849 942 1880 ad
969 1848 1086 1881 detra-

98 1896 237 1932 hendos
262 1899 305 1931 ab
330 1898 530 1931 imitatione
553 1898 751 1938 studiosos,
779 1899 990 1942 praesertim
1017 1897 1086 1932 hoc

96 1956 278 1994 tempore,
305 1962 383 1984 curn
401 1956 474 1983 tota
496 1949 600 1983 nobis
621 1949 739 1993 lingua
766 1961 783 1982 e
809 1949 909 1983 libris
932 1952 1084 1995 petenda

97 2001 160 2041 sit,
185 2001 223 2034 in
245 2001 373 2047 quibus
398 2001 477 2047 quis
501 2013 574 2033 non
600 2001 696 2033 videt
722 2000 856 2044 optima
884 2002 1003 2046 potius
1030 2015 1086 2035 ex-

98 2053 235 2097 empla,
269 2065 375 2098 quam
407 2059 575 2096 corrupta
605 2052 779 2084 imitanda
815 2064 888 2086 esse
920 2053 1085 2094 maxime,

99 2116 179 2137 cum
195 2104 379 2137 videamus
403 2104 603 2136 imitatione
625 2101 689 2137 has
716 2109 808 2136 artes
830 2111 972 2138 renatas
1001 2117 1084 2140 esse.

95 2155 240 2188 Poetica
259 2155 353 2187 enim
381 2155 560 2195 refloruit,
589 2161 824 2200 posteaquam
851 2155 962 2201 aliqui
989 2156 1085 2200 inge-

96 2206 191 2240 niosi
208 2212 342 2239 veteres
361 2213 482 2250 poetas
503 2206 568 2240 sibi
588 2213 856 2251 proposuerunt
880 2206 1084 2241 imitandos.

96 2257 147 2291 Ita
167 2264 200 2291 et
215 2258 329 2291 soluta
348 2258 463 2291 oratio
481 2258 548 2291 erit
566 2258 714 2298 melior,
742 2257 771 2291 si
794 2258 995 2302 exemplum
1022 2259 1086 2291 ali-

97 2309 183 2355 quid
216 2309 395 2353 egregium
430 2310 594 2354 effingere
625 2322 692 2354 pro
728 2309 824 2342 virili
861 2310 1083 2345 conabimur.

130 2448 180 2474 54)
205 2446 265 2469 Alb.
290 2444 415 2467 Durerus
448 2442 473 2467 d.
499 2443 541 2467 20.
566 2441 632 2466 Maii
658 2443 733 2468 14⁷¹.
762 2443 963 2475 Norimbergae
988 2445 1083 2476 natus,

165 2482 191 2506 6.
211 2479 299 2509 April.
322 2478 395 2501 1528.
417 2477 515 2500 ibidem
541 2477 665 2500 mo'rtuus
692 2479 743 2502 est.
782 2479 875 2502 Vitam
902 2479 981 2502 liuius
1008 2480 1083 2503 cele-

165 2514 278 2540 berrimi
298 2512 412 2543 pictoris
431 2511 637 2542 descripserunt
656 2513 725 2536 Roth
747 2513 855 2542 [Leipz.
880 2512 986 2545 ¹791),
1014 2514 1082 2537 Hel-

165 2551 208 2575 ler
228 2549 319 2577 (euius
340 2547 402 2570 libri
430 2548 519 2570 autem
546 2547 606 2569 sola
625 2546 694 2569 Pars
715 2547 746 2572 11.
774 2548 874 2577 prodiit
894 2548 968 2578 Lips.
992 2548 1081 2576 ¹831.)

168 2587 196 2609 et
222 2584 327 2612 Bagler
354 2582 458 2613 (Neues
484 2581 594 2611 allgem.
622 2581 903 2606 Kiiustler-Lexieon
930 2583 958 2605 Τ.
981 2583 1027 2607 111.
1054 2590 1077 2612 p.

168 2619 218 2643 504
225 2617 349 2645 -553.).

1105 2635 1108 2674 Ι

132 2671 178 2698 55)
200 2671 241 2694 De
265 2670 315 2692 hoc
339 2668 435 2691 lacabo
456 2667 490 2690 da
517 2666 658 2696 Barbary,
691 2667 850 2698 plerumque
869 2669 963 2692 Franz
982 2669 1076 2698 Baby-
1105 2676 1106 2680 ¹

166 2705 228 2728 lone
253 2704 341 2731 dicto,
375 2703 480 2732 pictore
508 2702 534 2724 et
559 2701 759 2732 clialcographo
789 2703 861 2726 conf.
887 2703 992 2734 Nagler
1016 2703 1033 2727 Ι.
1060 2703 1079 2727 l.

166 2739 195 2764 r.
214 2739 234 2762 1.
253 2745 279 2768 p.
297 2738 357 2762 259.

2065 134 2140 168 670

1151 211 1258 257 Quod
1276 212 1322 245 ita
1341 213 1543 248 faciendum
1563 222 1632 256 est,
1659 229 1704 249 ne
1722 217 1832 250 nimia
1851 219 2001 254 servitus
2022 232 2140 254 remo-

1150 270 1250 297 retur
1270 264 1432 309 ingenia,
1466 278 1557 299 neve
1584 267 1621 300 in
1646 269 1804 314 qualibet
1826 271 1999 303 sententia
2023 272 2138 305 aliena

1151 316 1311 348 membra
1328 319 1523 350 mutuanda
1540 318 1643 352 nobis
1661 332 1733 353 esse
1752 326 1928 364 putemus,
1950 324 2007 356 scd
2027 336 2140 368 quan-

1150 372 1225 399 tum
1246 367 1321 399 fieri
1338 374 1472 411 potest,
1501 370 1624 404 demus
1641 383 1786 415 operam
1799 398 1808 412 ,
1835 379 1875 405 ut
1891 372 1928 405 in
1948 381 2139 418 conspectu

1150 418 1221 450 sint
1246 418 1421 461 plurimae
1447 427 1606 454 veterum
1629 428 1736 468 atque
1761 423 2036 457 lectissimorum
2066 427 2139 458 sor-

1150 469 1290 509 mulae,
1304 470 1530 517 maximeque
1549 472 1741 507 Ciceronis.
1777 473 1917 508 Deinde
1933 475 2010 508 idea
2031 489 2138 522 quae-

1150 520 1232 552 dam
1267 532 1378 564 purae
1415 533 1455 554 ac
1490 524 1619 558 veteris
1655 525 1829 559 orationis
1866 526 2138 561 circumferatur

1149 570 1291 611 animo,
1320 583 1338 603 a
1355 584 1427 617 quo
1452 585 1526 606 non
1551 575 1699 608 multum
1727 576 1969 618 discedamus,
1999 579 2138 613 etiamsi

1148 633 1222 654 non
1238 621 1344 655 unius
1362 629 1502 656 tantum
1527 625 1744 659 lineamenta
1769 641 1914 672 prorsus
1938 630 2137 674 exprimere

1148 672 1337 716 possimus.
1403 674 1567 708 Primum
1592 684 1843 722 praeceptum,
1878 680 2044 714 imitandi
2065 688 2137 715 stu-

1149 723 1247 756 dium
1265 736 1337 756 esse
1356 725 1484 758 debere
1504 726 1540 758 in
1559 728 1853 763 adolescentibus.

1253 772 1282 818 ξ.
1303 774 1338 809 4.
1367 777 1455 816 Quia
1468 780 1563 822 piyre'
1580 785 1631 813 est
1654 781 1799 826 ingenii]
1827 780 1905 825 Ipse
1931 784 2136 817 commiscet

1149 825 1198 858 ibi
1215 837 1271 859 res
1290 832 1324 859 et
1342 827 1594 863 elocutionem.
1652 831 1881 879 σκιογραφία
1890 831 1954 881 56)]
1981 835 2135 868 imitatio

1149 883 1200 910 est
1221 877 1446 913 umbrarum.
1498 878 1738 928 ζωογραφία,
1767 896 1845 916 cum
1866 893 2062 928 coeperunt
2083 886 2135 930 pi-

1148 934 1269 961 cturae
1289 929 1468 964 coloribus
1487 931 1669 966 illustrari.
1720 934 1858 968 Prioris
1883 937 1968 970 artis
1994 937 2134 970 initium

1148 980 1308 1012 fecerunt
1341 980 1385 1013 ab
1416 983 1543 1015 umbra
1577 984 1681 1024 solis,
1717 997 1868 1031 eamque
1894 986 1931 1019 in
1952 987 2134 1032 pingendo

1146 1037 1285 1063 tantum
1304 1038 1386 1064 sunt
1403 1032 1544 1067 imitati.

1251 1080 1280 1125 ἓ.
1301 1083 1359 1116 11.
1389 1085 1482 1125 Quod
1496 1087 1532 1119 in
1551 1088 1774 1132 orationibus]
1801 1087 1905 1122 Veris
1923 1090 2036 1124 causis
2055 1092 2135 1124 sub-

1147 1138 1198 1165 est
1215 1133 1344 1178 aliquis
1363 1134 1527 1179 impetus.
1569 1137 1806 1182 Respublicae
1824 1146 1858 1172 et
1874 1146 2039 1185 tempora
2057 1155 2135 1175 mu-

1145 1189 1223 1215 tant
1242 1185 1436 1227 vocabula,
1465 1194 1504 1220 ut
1521 1186 1701 1229 Christus,
1729 1189 1907 1232 Ecclesia,
1925 1192 2134 1226 Sacramen-

1145 1240 1241 1275 tum,
1270 1235 1377 1270 Crux.

1247 1284 1277 1329 ξ.
1299 1288 1358 1320 14.
1388 1289 1612 1334 Quapropter]
1632 1290 1795 1324 Tertium
1814 1300 2056 1338 praeceptum,
2074 1296 2133 1328 de-

1144 1336 1255 1370 lectus
1273 1336 1496 1373 adhibendus
1513 1348 1564 1374 est
1583 1341 1620 1373 in
1637 1342 1851 1377 imitatione.
1911 1344 2051 1380 Radius
2077 1359 2133 1380 re-

1143 1388 1333 1431 splendens
1349 1390 1385 1422 in
1404 1392 1547 1434 speculo
1570 1404 1635 1425 nec
1660 1400 1711 1427 est
1736 1406 1883 1439 corpus,
1919 1408 1984 1430 nec
2008 1398 2132 1442 figura,

1142 1440 1202 1472 sed
1220 1440 1341 1473 lumen
1364 1442 1558 1487 quoddam.

1246 1489 1275 1534 ἓ.
1304 1492 1362 1526 16.
1405 1492 1616 1541 Temen-arii]
1659 1495 1729 1528 viel
1765 1497 1952 1531 seltzamer
1991 1500 2131 1534 bossen.

1143 1542 1317 1586 corrupti]
1346 1543 1382 1576 id
1399 1551 1468 1585 est,
1497 1546 1616 1578 omnia
1637 1547 1786 1591 figurate
1804 1549 1971 1584 dicentes.

1142 1625 1540 1662 Commonefactio
1576 1628 1696 1665 Phil.
1732 1632 1831 1667 Mel.
1878 1635 1927 1667 de
1972 1635 2131 1669 imita-

1565 1682 1708 1717 tione.

1242 1745 1384 1790 Duplex
1409 1754 1460 1781 est
1484 1748 1660 1790 imitatio,
1696 1753 1871 1795 generalis
1898 1760 1930 1786 et
1956 1755 2129 1798 specialis.

1140 1796 1388 1832 Generalis
1420 1801 1595 1844 quaedam
1623 1808 1673 1835 est
1695 1815 1837 1844 rerum,
1875 1802 1943 1837 hoc
1968 1812 2037 1846 est,
2074 1806 2128 1839 in-

1140 1848 1319 1882 ventionis
1337 1862 1376 1882 ac
1392 1850 1647 1895 dispositionis,
1669 1855 1845 1898 quaedam
1866 1862 1916 1889 est
1934 1857 2126 1891 verborum

1140 1905 1174 1931 et
1191 1897 1342 1943 phrasis.
1396 1901 1549 1946 Oportet
1566 1904 1660 1936 enim
1679 1903 1810 1938 habere
1830 1913 1945 1941 certos
1970 1914 2126 1950 autores,

1141 1951 1355 1995 quibuscum
1377 1954 1478 1997 quasi
1495 1955 1738 2000 colloquentes
1755 1957 1913 2001 linguam
1938 1959 2127 2001 discamus,

1138 2003 1348 2045 praesertim
1376 2016 1453 2037 cum
1481 2011 1554 2038 tota
1580 2019 1676 2040 nunc
1699 2020 1716 2041 e
1742 2008 1842 2042 libris
1865 2011 2037 2043 sumenda
2064 2018 2126 2046 est.

1138 2054 1189 2086 Ac
1215 2054 1257 2087 de
1283 2055 1438 2098 generali
1464 2056 1666 2091 imitatione
1692 2066 1784 2092 recte
1811 2060 1960 2101 dicitur,
2002 2074 2126 2097 omnes

1138 2105 1253 2139 bonos
1270 2105 1464 2141 imitandos
1484 2121 1568 2142 esse.
1620 2110 1713 2144 Nam
1732 2112 1828 2157 quod
1846 2113 1890 2145 ad
1907 2125 1962 2146 res
1987 2114 2126 2155 attinet,

1140 2168 1230 2200 opus
1265 2163 1315 2190 est
1348 2159 1451 2192 nobis
1477 2163 1756 2204 'propemodum
1793 2163 1931 2196 infinita
1968 2165 2125 2209 quadam

1139 2208 1261 2252 copia,
1290 2215 1324 2241 et
1342 2210 1514 2244 varietate
1533 2213 1736 2253 doctrinae,
1765 2226 1805 2246 ex
1823 2227 1891 2260 qua
1912 2214 1999 2247 oriri
2017 2222 2125 2261 atque

1138 2260 1356 2293 efflorescere
1375 2262 1490 2294 oratio
1509 2263 1623 2297 debet.
1664 2265 1827 2298 Primum
1846 2278 1901 2298 res
1917 2265 2018 2306 illae,
2036 2279 2125 2312 quas

1138 2316 1353 2351 tractamus,
1383 2315 1524 2356 penitus
1545 2327 1584 2347 ac
1604 2317 1757 2359 perfecte
1776 2317 1879 2349 nobis
1899 2317 2030 2350 debent
2051 2330 2124 2352 esse

1136 2368 1255 2396 notae.
1317 2363 1445 2397 Postea
1473 2365 1615 2398 aliunde
1640 2367 1745 2399 etiam
1774 2374 2010 2409 ornamenta,
2046 2369 2125 2415 qui-

1136 2413 1201 2447 bus
1234 2426 1297 2447 ceu
1322 2415 1469 2449 floribus
1504 2424 1762 2461 conspergatur
1799 2419 1937 2459 oratio,
1976 2420 2124 2464 figurae,

1136 2465 1350 2506 sententiae,
1374 2467 1443 2500 loci
1465 2480 1694 2509 comumnes,
1723 2470 2041 2513 amplificationes,
2069 2470 2123 2505 hi-

1135 2517 1285 2557 storiae,
1323 2519 1502 2562 exempla,
1537 2519 1649 2559 (licta,
1685 2520 1955 2562 similitudines,
1998 2529 2031 2555 et
2054 2521 2122 2556 hoc

1135 2580 1243 2611 genus
1264 2569 1330 2600 alia
1349 2570 1473 2609 multa,
1493 2571 1735 2616 conquirenda
1755 2579 1849 2613 sunt,
1871 2585 1981 2618 eaque
1999 2573 2120 2606 omnia

1168 2669 1215 2694 56]
1236 2669 1426 2700 σκιογραφιά]
1455 2670 1522 2693 hauc
1548 2671 1729 2695 recentiorem
1755 2672 1872 2695 sormam
1898 2673 1946 2701 (de
1972 2678 2023 2702 qua
2049 2673 2121 2696 conf.

1133 2705 1155 2731 b
1202 2704 1310 2726 Lobeck
1336 2704 1371 2726 ad
1390 2703 1492 2733 Phryn.
1518 2711 1543 2733 p.
1571 2705 1645 2734 646.)
1674 2707 1697 2728 h.
1724 2707 1740 2729 l.
1760 2707 1808 2731 Ed.
1832 2707 1904 2730 1570.
1934 2707 2040 2730 exhibet
2069 2712 2121 2737 pro

1201 2737 1359 2767 antiquiore
1379 2739 1563 2770 σκιαγραφία.
