2294 2975
95 115 170 153 269
224 113 346 150 XXIII.

93 201 293 235 destituerit
324 197 538 239 Phameam,
581 200 679 233 cuius
715 211 855 233 causam
890 206 1083 244 receperat.

93 252 301 287 Narrationi
341 251 481 284 additur
514 251 661 294 insignis
691 251 880 295 descriptio
910 263 1082 294 personae

93 304 247 348 Tigellii,
276 303 336 348 qui
353 302 550 335 molliculus
572 308 666 342 erat,
694 302 856 335 diffluens
874 302 1021 341 deliciis,
1049 309 1082 335 et

93 355 241 387 omnino
265 354 398 386 alienus
422 366 440 385 a
468 352 614 392 litteris,
649 359 683 385 et
716 353 814 386 omni
846 350 1080 388 humanitate.

93 405 282 439 Conclusio
321 402 424 437 habet
464 404 606 436 brevem
637 404 886 448 repetitionem
920 416 1079 438 summae

90 456 317 489 narrationis.
381 453 421 487 In
455 455 521 487 fine
555 461 605 488 est
632 456 850 496 admonitio,
886 462 925 489 ut
946 456 1078 489 librum

91 507 261 540 Catonem
281 517 387 551 quam
405 505 561 549 primum
581 506 709 540 mittat.

340 590 476 623 Aliud
505 597 829 634 argumentum.

188 657 285 691 Loco
303 658 438 691 exordii
456 659 570 702 posita
589 665 639 692 est
662 659 859 703 propositio
887 659 929 691 de
955 669 1076 690 amore

87 715 122 741 et
136 709 318 742 voluntate
336 710 428 742 Galli
454 721 536 753 erga
561 709 704 743 amicos.
764 710 952 749 Narratio,
987 720 1076 753 quae

85 761 262 805 sequitur,
306 758 413 793 habet
436 761 814 793 commemorationem
836 759 1074 803 improbitatis

84 811 246 854 Tigellii,
281 823 387 856 quem
411 818 564 844 extreme
587 824 622 844 se
648 811 761 844 odisse
787 810 950 844 ostendit.
1003 809 1075 841 Ad-

86 862 181 895 ditur
201 869 233 895 et
250 874 351 895 causa
363 889 372 902 ,
407 875 516 907 quare
534 862 703 905 Tigellius
721 861 884 894 Ciceroni
901 861 945 894 sit
961 861 1073 893 sactus

83 912 338 958 iniquissimus.
417 913 585 956 Epilogus
619 910 724 944 habet
766 912 996 956 proverbium
1029 912 1071 944 de

84 964 295 1008 contempus
312 970 344 995 et
361 963 532 1006 improbis
549 961 752 995 hominibus
764 989 772 1002 ,
799 963 912 1008 qualis
928 963 994 995 fuit
1011 962 1071 994 Ti-

82 1015 216 1057 gellius.
260 1014 438 1057 Significat
456 1020 571 1046 autem
585 1014 708 1046 Cicero
728 1013 843 1046 exilia
861 1014 959 1046 brevi
977 1026 1070 1045 com-

81 1065 340 1098 memoratione
365 1065 466 1097 facile
492 1077 591 1108 posse
624 1065 818 1108 intelligere
841 1065 981 1097 Gallum
1010 1064 1070 1096 Ti-

81 1116 223 1159 gellium
250 1128 321 1149 esse
343 1115 646 1159 improbissimum
674 1122 707 1147 et
727 1116 881 1149 maxime
906 1127 1070 1148 accusan-

81 1168 178 1201 dum.
231 1166 270 1199 In
288 1168 355 1199 fine
374 1173 424 1199 est
443 1164 766 1200 adhortatiuncula.

298 1251 435 1284 Aliud
462 1249 847 1296 argumentum33).

181 1319 324 1358 Gallus,
358 1324 398 1352 ut
420 1318 578 1357 videtur,
612 1318 857 1356 laboraverat,
892 1323 931 1349 ut
952 1316 1069 1360 Tigel-

78 1371 168 1405 lium
190 1369 354 1404 Ciceroni
381 1369 645 1408 reconciliaret,
685 1368 792 1413 idque
823 1380 900 1401 cum
933 1368 1068 1400 efficere

79 1421 277 1467 nequisset,
305 1421 427 1454 Cicero
445 1420 575 1463 gratias
592 1419 624 1452 ei
642 1419 714 1463 agit
730 1431 796 1463 pro
823 1431 861 1451 ea
886 1419 1068 1451 voluntate

77 1480 113 1507 et
135 1473 262 1506 officio.
321 1471 368 1505 Et
391 1471 517 1503 deinde
542 1470 733 1503 insectatur
757 1470 945 1513 Tigellium
975 1482 1069 1502 com-

76 1535 280 1557 memorans
297 1534 437 1555 causam
454 1521 673 1554 inimicitiae.
724 1520 787 1554 Est
803 1533 887 1553 vero
912 1521 970 1553 ille
996 1521 1067 1564 ipse

78 1575 270 1618 Tigellius,
297 1574 339 1606 de
358 1585 428 1618 quo
446 1579 497 1606 est
514 1572 656 1605 initium
678 1571 738 1605 lib.
757 1573 788 1605 1.
809 1578 916 1616 satyr.
933 1574 967 1606 2.
996 1572 1068 1603 Ho-

78 1625 218 1671 ratfiu).
257 1624 540 1658 Ambubaiarum
572 1622 737 1667 collegia,
787 1624 850 1655 der
881 1623 1067 1655 bademeid

78 1676 211 1711 Zunfft.

196 1765 381 1803 Scholia
409 1765 451 1798 in
482 1765 727 1809 epistolam
757 1763 952 1811 XXVI.3⁵).

180 1845 211 1891 ἓ.
238 1847 271 1881 1.
314 1845 407 1884 Quod
428 1843 600 1885 epistolum
628 1839 847 1887 conscissam]
882 1840 1067 1874 Narratio-

77 1911 152 1932 nes.
266 1897 450 1929 Redeamus
481 1891 622 1940 γέλωτα
653 1889 894 1938 Σαρὸώνιον]
937 1891 1066 1924 Ridere

76 1951 189 1984 risum
214 1945 427 1981 sardonium
444 1943 490 1989 36)
517 1950 584 1983 est,
624 1943 660 1975 in
684 1955 721 1975 ea
747 1955 784 1975 re
808 1955 879 1976 esse
904 1940 1065 1983 hilarem,

78 2013 168 2047 quae
199 1998 306 2043 paulo
341 2002 420 2040 post
451 2006 620 2038 magnum
655 1994 790 2027 malum
824 2000 874 2027 est
903 1994 1064 2027 allatura.

76 2055 128 2087 Ne
151 2055 188 2086 in
208 2044 466 2093 catoninmss⁷>]
502 2046 537 2078 id
561 2052 630 2085 est,
665 2046 701 2078 in
728 2057 916 2078 carcerem.
977 2045 1063 2078 Cato

77 2103 170 2137 enim
196 2113 274 2134 cum
298 2099 334 2132 in
358 2104 482 2132 senatu
510 2097 702 2142 aliquando
729 2097 977 2129 adversaretur
1011 2097 1063 2128 ni-

74 2155 187 2188 mium
200 2150 360 2190 Caesari,
383 2149 420 2182 in
438 2160 612 2181 carcerem
632 2148 808 2181 coniectus
825 2154 893 2186 est,
921 2147 1063 2180 iubente

76 2205 243 2241 Caesare;
272 2213 420 2246 cumque
439 2200 508 2233 iam
531 2200 644 2232 abiret
662 2200 769 2239 Cato,
802 2199 988 2232 universus
1011 2211 1062 2232 se-

74 2263 179 2290 natus
198 2252 434 2291 consurrexit,
463 2257 496 2284 et
514 2251 684 2284 Catonem
702 2251 738 2284 in
756 2262 931 2284 carcerem
952 2262 1061 2296 usque

107 2372 156 2401 33)
176 2371 234 2395 Hoc
252 2368 439 2399 argumentum
458 2367 540 2391 Editt.
558 2367 746 2393 1565—1596.
768 2367 901 2392 exhibent.

108 2413 158 2443 34)
177 2413 272 2437 Horat.
304 2416 386 2433 serm.
403 2410 425 2441 Ι,
443 2410 460 2434 2
485 2411 543 2441 [qui
560 2416 577 2435 a
595 2411 689 2435 verbis
714 2412 950 2443 „Ambubaiarum
974 2412 1061 2436 colle-

142 2446 211 2480 gia’⁷
229 2446 354 2475 incipit),
374 2445 397 2468 3.

107 2492 157 2521 35)
175 2489 295 2517 XXVI]
321 2488 361 2511 sic
386 2487 470 2512 Editt.
485 2487 608 2518 (1537),
636 2489 729 2520 1540„
753 2490 843 2520 1544„
872 2490 1059 2516 1554—1596.

141 2525 239 2556 (Editt.
260 2523 351 2552 1545„
378 2522 469 2548 1546..
497 2522 586 2546 1601.:
617 2523 705 2553 126.);
741 2524 791 2548 Ed.
812 2524 896 2548 orell.
915 2525 1006 2550 XXV.
1025 2538 1059 2542 —

139 2559 337 2590 Argumentum
361 2556 544 2579 Meiantnonis
567 2557 599 2579 ab
623 2557 707 2582 Editt.
729 2559 939 2591 1537-1554.,
972 2560 1058 2586 1557..

142 2594 235 2624 1560.,
255 2593 328 2616 1601.
348 2591 373 2613 11.
392 2591 409 2614 1.
430 2596 483 2613 non
502 2590 650 2614 exhibetur.

104 2636 272 2695 36ἐθξὶέ3ξη
295 2634 382 2658 risum
401 2633 577 2662 sardonium]
604 2634 672 2658 haec
696 2635 725 2660 in
749 2635 834 2662 Editt.
858 2636 948 2668 1545„
982 2637 1056 2662 1560.

104 2713 152 2742 37)
171 2712 327 2741 Catonium]
348 2711 398 2735 Ed.
418 2711 493 2735 1560.
513 2710 652 2736 Catonem.

392 114 698 150 ARGUMENTA
714 113 778 148 ΕΤ
799 113 1002 148 SCHOLIA
1016 113 1064 149 IN
1080 115 1227 152 EPlST.
1246 119 1356 154 FAM.
1376 118 1458 153 ClC.
1486 118 1574 154 LlB.
1592 119 1666 154 Vll.
1694 120 1766 155 ΕΡ.
1785 121 1844 156 24.
1865 120 1925 156 25.
1943 122 2004 157 26.

2057 123 2132 157 270

1136 210 1274 237 secutus
1293 211 1353 238 est.
1407 203 1459 237 Ibi
1477 204 1607 238 Caesar
1624 211 1741 238 motus
1759 206 1956 239 reverentia
1975 213 2130 247 senatus,

1136 266 1257 288 rursus
1283 256 1416 289 (limisit
1434 256 1618 289 Catonem.

1239 304 1319 349 §.Z
1355 307 1464 353 Ne³⁸)
1489 304 1740 353 transversum]
1778 306 1812 339 id
1841 314 1908 347 est,
1943 320 2129 353 nunquam

1135 356 1292 390 discedas
1325 358 1367 390 al)
1400 358 1457 390 illa
1489 358 1750 391 exercitatione.
1819 358 2050 391 Observanda
2078 366 2128 392 est

1134 405 1220 440 llaec
1241 409 1386 452 epistola
1405 415 1551 452 propter
1568 410 1710 442 laudem
1729 415 1774 454 st)
1785 409 1828 449 li,
1856 422 1961 454 quem
1986 407 2042 442 hic
2067 423 2127 442 xo-

1134 465 1188 491 cat
1205 459 1345 492 dicendi
1365 460 1538 504 opificem.

1426 542 1750 587 Argumentum
1767 542 1825 589 3⁰).

1232 607 1294 641 Est
1310 609 1439 653 scripta
1456 610 1623 654 epistola,
1659 611 1820 643 nondum
1839 609 1939 642 finito
1960 610 2051 642 bello
2072 610 2125 643 in-

1130 664 1183 690 ter
1199 658 1385 692 Caesarem
1407 667 1439 693 et
1456 661 1688 704 Pompeium,
1723 663 1780 694 sed
1807 668 1925 694 tamen
1951 661 2021 693 iam
2050 669 2124 694 erat

1128 709 1267 752 fugatus
1282 710 1485 754 Pompeius.
1538 712 1701 744 Priorem
1720 718 1837 744 autem
1855 712 2023 756 epistolae
2040 724 2122 756 par—

1128 765 1198 792 tem
1223 761 1339 794 noluit
1369 762 1518 806 intelligi
1541 762 1676 796 Cicero.
1733 762 1809 796 Etsi
1843 762 1931 801 sint,
1977 762 2038 808 qui
2071 763 2120 795 ita

1129 810 1347 851 existiment,
1382 825 1461 846 eum
1486 814 1586 858 loqui
1612 813 1647 845 in
1674 811 1740 845 hac
1759 813 1905 857 epistola
1924 814 1965 845 de
1985 813 2120 846 Catone

1126 873 1145 893 a
1165 862 1267 894 Gallo
1286 864 1505 908 conscripto,
1540 876 1644 909 quem
1672 864 1802 896 librum
1830 865 1866 896 in
1893 865 2120 907 praecedenti

1126 912 1272 956 epistola
1297 914 1415 958 petiit3
1451 921 1570 947 tamen
1597 913 1687 961 him)
1708 915 1946 948 coniecturam
1964 927 2117 960 sequim—

1126 970 1200 1003 tur,
1244 977 1354 1010 quae,
1399 972 1439 998 ut
1471 978 1546 998 non
1577 966 1723 998 omnino
1749 972 1841 998 certa
1867 965 2025 1003 ridetur,
2069 966 2116 997 ita

1125 1027 1266 1060 quoque
1284 1028 1356 1048 non
1372 1022 1422 1049 est
1440 1017 1633 1050 admodum
1650 1017 1891 1050 incommoda.
1944 1014 1982 1048 ln
2006 1016 2115 1049 altera

1124 1078 1208 1098 vero
1232 1073 1332 1110 parte
1356 1065 1445 1099 niliil
1471 1075 1520 1100 est
1550 1068 1709 1107 obscuri,
1752 1068 1787 1099 in
1809 1079 1878 1112 qua
1905 1065 2116 1100 adhortatur

1124 1129 1216 1150 eum.
1290 1118 1471 1162 Principio
1506 1125 1689 1162 ponuntur
1722 1119 1846 1152 breves
1879 1118 2115 1150 narrationes.

1122 1167 1259 1201 Deinde
1285 1169 1443 1214 sequitur
1467 1168 1691 1209 adhortatio,
1735 1170 1772 1202 in
1798 1181 1867 1214 qua
1890 1176 2013 1201 monet
2032 1169 2114 1202 Gal-

1122 1219 1216 1259 lum,
1251 1226 1290 1252 ut
1314 1220 1381 1253 sibi
1405 1226 1577 1264 temperet
1603 1233 1621 1253 a
1645 1220 1837 1254 scribendis
1855 1220 2021 1253 dicteriis.
2076 1218 2113 1251 ln

1122 1270 1189 1302 fine
1206 1268 1417 1303 adhortatur
1434 1283 1514 1304 eum
1535 1273 1579 1304 ad
1597 1271 1752 1305 studium
1770 1271 1958 1305 scribendi.

1367 1353 1503 1387 Aliud
1538 1361 1866 1398 argumentum.

1223 1420 1418 1464 Scripserat
1436 1421 1557 1455 Gallus
1575 1423 1618 1455 ad
1637 1422 1863 1464 Ciceronem,
1896 1428 1936 1456 ut
1953 1422 2114 1468 aliquan-

1123 1470 1234 1503 tulum
1254 1472 1343 1516 stylo
1361 1480 1535 1516 parceret,
1561 1479 1594 1505 et
1613 1474 1788 1507 desineret
1812 1474 1952 1507 irritare
1976 1473 2114 1517 scriptis

1122 1520 1322 1556 Caesarem.
1374 1522 1456 1556 Ideo
1476 1523 1512 1555 in
1531 1521 1595 1556 hac
1613 1525 1759 1568 epistola
1778 1526 1968 1569 respondet
1989 1525 2112 1557 admo-

1121 1572 1261 1606 nitioni.
1328 1573 1509 1617 Significat
1531 1582 1648 1608 autem
1676 1576 1712 1608 in
1736 1589 1894 1615 summa,
1937 1574 2002 1608 hoc
2030 1587 2113 1608 con-

1120 1624 1237 1656 silium
1257 1624 1470 1672 utrisqne‘ss)
1485 1628 1703 1671 sequendum
1723 1639 1806 1660 esse.
1838 1627 1997 1660 Caesaris
2015 1627 2108 1659 enim

1122 1675 1317 1718 potentiam
1344 1688 1508 1719 magnam
1534 1683 1566 1709 et
1591 1679 1817 1710 metuendam
1838 1690 1920 1712 esse.
1974 1677 2110 1710 Princi-

1122 1726 1179 1769 pio
1199 1733 1383 1770 ponuntur
1398 1729 1487 1760 duae
1506 1728 1628 1761 breves
1646 1729 1880 1762 narrationes.
1959 1729 2003 1762 iis
2030 1729 2110 1761 suli-

1121 1777 1237 1810 iicitur
1259 1775 1482 1819 adhortatio,
1509 1792 1598 1823 quae
1623 1787 1672 1813 est
1698 1781 1872 1825 quaedam
1899 1780 2109 1823 comproba-

1121 1827 1168 1859 tio
1195 1829 1332 1861 consilii
1355 1829 1467 1869 Galli,
1510 1830 1690 1870 videlicet,
1730 1844 1802 1863 non
1836 1843 1908 1865 esse
1935 1831 2106 1864 utendum

1119 1878 1281 1911 libertate
1316 1880 1493 1912 scribendi
1510 1888 1630 1913 contra
1652 1882 1857 1921 Caesarem,
1902 1883 1984 1914 item
2011 1887 2111 1913 caute

1118 1930 1335 1974 loquendum
1354 1937 1387 1963 et
1404 1932 1625 1964 scribendum
1647 1945 1717 1966 esse
1735 1934 1775 1965 (le
1795 1945 1847 1966 co,
1899 1932 1937 1965 In
1958 1934 2026 1965 fine
2045 1944 2107 1975 po-

1119 1980 1215 2013 nitur
1248 1982 1464 2025 praedicatio
1498 1983 1683 2025 magnifica
1715 1983 1973 2016 exercitationis
2015 1983 2107 2026 styli,

1120 2032 1216 2076 quod
1249 2032 1412 2065 videlicet
1452 2032 1496 2065 sit
1530 2033 1684 2076 optimus
1717 2041 1749 2067 et
1783 2033 2105 2078 praestantissinms

1117 2083 1256 2115 dicendi
1281 2084 1424 2116 effector
1452 2089 1485 2116 et
1499 2084 1677 2128 magister.

1368 2168 1502 2203 Aliud
1531 2176 1854 2214 argumentum.

1217 2237 1339 2269 Primo
1357 2237 1434 2270 loco
1459 2243 1540 2270 sunt
1561 2238 1651 2271 duae
1678 2237 1976 2271 narratiunculae.
2030 2237 2098 2269 Dc-

1115 2287 1197 2321 inde
1220 2288 1379 2334 sequitur
1398 2288 1615 2329 admonitio,
1648 2295 1687 2322 ut
1709 2289 1746 2321 in
1771 2295 1931 2332 tempore
1959 2289 2100 2322 desistat

1147 2416 1195 2444 38)
1216 2416 1274 2444 Ne]
1293 2415 1333 2439 sic
1343 2415 1522 2444 Editt.1537.,
1543 2415 1616 2438 1545.
1635 2414 1662 2438 in
1682 2416 1757 2438 textu
1776 2416 1802 2439 et
1812 2415 1992 2445 Editt.154o.,
2013 2417 2098 2446 1544..

1184 2451 1274 2477 1554..
1295 2450 1386 2480 1557„
1407 2450 1480 2474 1560.
1505 2450 1531 2472 iu
1553 2450 1607 2473 Cic.
1633 2450 1725 2472 verbis
1750 2450 1811 2473 huic
1834 2452 1916 2473 notae
1934 2450 2096 2482 adscriptis3

1180 2485 1208 2508 in
1233 2486 1309 2508 textu
1334 2486 1424 2507 autem
1448 2484 1530 2506 Editt.
1555 2484 1642 2513 1544„
1670 2484 1761 2513 1546„
1788 2485 1878 2514 1554„
1898 2485 1990 2517 1557.,
2010 2486 2095 2515 1560„

1185 2519 1259 2543 1601.
1277 2524 1363 2548 aeque
1382 2524 1413 2541 ae
1432 2518 1459 2541 in
1478 2518 1526 2541 Ed.
1550 2518 1634 2541 Orell.
1654 2518 1770 2548 iegitur:
1794 2525 1855 2543 nec.

1143 2561 1191 2593 39)
1212 2562 1268 2585 noc
1287 2562 1476 2591 argumentum
1495 2562 1522 2583 et
1542 2560 1593 2584 duo
1613 2561 1756 2591 sequentia
1774 2561 1801 2585 in
1816 2561 1900 2586 Editt.
1921 2562 2012 2593 1556„
2032 2562 2096 2586 1565

1178 2596 1296 2619 —1596.
1321 2595 1504 2618 inveniuntur.

1143 2639 1190 2667 40)
1211 2639 1252 2668 hi]
1270 2639 1352 2662 Editt.
1375 2638 1466 2667 155G.,
1488 2638 1578 2669 1565.,
1600 2638 1675 2663 1569.
1694 2638 1740 2663 ini.

1142 2682 1190 2710 41)
1208 2682 1346 2711 utrisque]
1374 2681 1414 2705 sic
1439 2681 1488 2706 Ed.
1516 2681 1611 2712 1556.;
1652 2681 1736 2706 Editt.
1762 2680 1853 2712 1565.,

1175 2716 1326 2747 utriusque.

1892 2680 1966 2706 1569.
1975 2698 1984 2711 ‚
2021 2682 2094 2707 1592.
