2351 2990
126 122 226 158 1095

127 220 221 244 esse,
256 213 289 240 et
315 207 456 240 difficile
481 219 573 246 esse,
616 208 652 240 in
676 214 748 240 tam
777 208 884 251 longa
911 205 1121 239 traiectione

127 259 290 292 ordinem
306 271 467 298 servare,
495 258 598 293 nobis
616 271 700 291 vero
719 259 823 291 facile
839 270 911 292 esse
923 284 932 297 ,
961 270 1002 291 ex
1021 256 1123 290 brevi

126 310 241 354 spatio
259 316 399 343 servato
415 310 541 343 ordine
568 322 627 343 eos
653 310 833 343 invadere.
893 309 930 342 Si
955 321 1041 342 vero
1065 321 1123 342 ex-

126 361 283 394 oneratis
308 361 379 394 suis
403 361 553 394 navibus
576 373 642 394 nos
666 362 962 405 aggrederentur,
1004 372 1122 405 posse-

127 424 205 445 mus
221 424 286 446 nos
314 413 524 456 defatigatos
550 412 760 455 remigando
786 412 976 451 invadere,
1010 417 1072 445 aut
1093 411 1123 444 si

125 475 286 508 pugnare
312 475 385 496 non
410 463 600 503 vellemus,
633 463 832 497 Tarentum
858 475 924 497 nos
949 462 1123 508 recipere—

127 528 218 548 mus.
247 514 308 547 Sin
324 514 456 559 veroffl)
474 514 652 548 traiicient
667 527 746 549 cum
764 515 891 559 exiguo
908 520 1123 554 commeatu,

127 572 298 611 tanquam
326 566 371 597 ad
392 566 518 599 navale
547 566 745 610 proelium,
788 566 823 599 in
856 565 943 600 locis
975 564 1123 600 desertis

126 617 276 661 penuria
294 617 521 657 laborabunt,
550 623 584 650 et
599 618 628 651 si
647 618 844 651 manebunt
859 618 956 651 velut
974 617 1123 650 circum-

126 668 229 707 sessi,
258 674 484 711 prementur,
513 675 573 701 aut
588 669 617 703 si
637 669 735 703 abire
751 669 892 709 volent,
919 669 1125 714 relinquent

127 730 294 762 magnam
316 725 455 763 partem
490 727 702 764 apparatus,
737 727 771 754 et
801 720 1034 760 dubitabunt,
1078 731 1124 752 an

125 782 277 815 usquam
295 769 514 814 recipiantur
526 797 535 810 ‚
570 785 650 805 cum
679 772 862 806 civitatum
879 771 1125 805 voluntatibus

127 821 306 854 confidere
321 833 395 854 non
412 821 541 855 ausint.

231 872 305 905 Hac
337 885 401 917 ego
435 873 575 906 ratione
608 872 770 907 existimo
806 873 1037 914 interclusos,
1079 885 1124 907 ne

128 923 272 969 quidem
289 924 468 958 soluturos
491 937 563 958 esse
589 936 607 956 a
625 924 794 970 Corcyra.
856 926 925 959 Sed
953 931 1015 959 aut
1039 925 1125 958 deli-

127 975 392 1015 berationibus,
447 982 480 1008 et
512 976 694 1009 mittendis
730 977 1012 1021 speculatoribus
1042 989 1126 1009 con-

127 1026 355 1066 sideraturis,
390 1033 544 1072 quantus
566 1027 611 1060 sit
633 1034 755 1062 noster
777 1029 968 1068 exercitus,
1007 1034 1041 1062 et
1063 1027 1126 1061 ubi

127 1078 191 1118 sit,
230 1076 416 1111 extrahent
434 1090 510 1112 rem
527 1078 564 1111 in
580 1076 734 1112 hiemem
748 1106 758 1120 ‚
793 1087 854 1114 aut
871 1079 1126 1125 perterrefacti,

128 1130 225 1175 quod
244 1136 384 1173 praeter
400 1129 561 1174 ipsorum
586 1130 793 1174 opinionem
821 1131 870 1165 eis
893 1131 1126 1171 occurrimus,

129 1180 297 1213 omittent
314 1181 598 1225 expeditionem,
626 1183 836 1226 praesertim
856 1196 936 1217 cum
956 1182 1126 1228 peritissi-

127 1244 207 1266 mus
225 1232 356 1265 ducum
375 1233 507 1267 invitus
526 1233 701 1278 acceperit
718 1234 909 1279 imperium
921 1262 931 1275 ,
964 1241 999 1268 et
1015 1234 1127 1267 liben-

128 1290 183 1317 ter
212 1283 397 1317 occasione
433 1297 561 1318 usurus
593 1285 638 1318 sit
672 1286 891 1319 omittendae
932 1285 1127 1330 expeditio-

129 1334 203 1375 nis,
244 1334 273 1368 si
307 1347 372 1369 nos
409 1335 670 1371 ostenderimus
697 1344 910 1382 apparatum
940 1350 1014 1371 non
1044 1349 1127 1370 con-

128 1387 376 1426 temnendum,

231 1438 283 1470 Ac
301 1451 427 1472 rumor
444 1440 487 1472 de
502 1439 607 1473 nobis
624 1439 767 1483 augebit
790 1440 924 1474 omnia.
978 1438 1128 1472 Moven-

131 1495 189 1523 tur
216 1495 335 1523 autem
361 1490 473 1523 animi
500 1491 725 1531 rumoribus,
770 1498 804 1524 et
828 1491 940 1535 magis
964 1497 1129 1524 metuunt

130 1540 295 1575 homines
312 1542 392 1576 illos
410 1540 540 1582 hostes,
567 1542 628 1587 qui
643 1542 782 1587 priores
799 1544 931 1576 audent
947 1542 1129 1581 invadere,

132 1599 194 1626 aut
216 1599 328 1633 certe,
364 1594 425 1639 qui
448 1594 641 1628 ostendunt
663 1606 717 1634 se,
754 1594 783 1628 si
808 1593 959 1628 lacessiti
983 1593 1129 1633 fuerint,

131 1644 272 1678 fortiter
288 1645 498 1689 depulsuros
515 1657 588 1679 esse
604 1645 734 1678 bellum
746 1672 755 1685 ‚
784 1645 867 1690 quia
885 1645 936 1678 illi
953 1645 1076 1678 vident
1093 1657 1129 1679 se

132 1697 170 1729 in
187 1696 266 1740 pari
282 1697 441 1740 periculo
461 1698 600 1730 futuros
618 1709 702 1730 esse.
756 1695 852 1730 Idem
878 1697 1014 1730 accidet
1034 1709 1129 1730 nunc

131 1745 422 1782 Atheniensibus.
475 1749 659 1781 Accedunt
685 1748 779 1781 enim
806 1749 850 1782 ad
874 1761 939 1783 nos
963 1747 1029 1782 hac
1054 1748 1131 1794 opi-

132 1800 263 1839 nione,
306 1800 407 1845 quasi
438 1811 512 1832 non
540 1800 774 1844 repugnaturi
797 1800 928 1841 simus,
969 1801 1067 1846 quod
1091 1806 1131 1833 ut

134 1851 353 1891 existiment,
386 1849 454 1884 hoc
481 1857 693 1896 argumento
716 1847 927 1893 movent'ur,
963 1852 1047 1898 quia
1063 1851 1132 1885 La-

135 1902 386 1938 cedaemonios
410 1902 532 1936 iuvare
559 1903 760 1944 noluimus,
805 1911 844 1938 ut
875 1910 1132 1938 everterentur.

135 1956 198 1991 Sin
229 1961 346 1989 autem
377 1955 549 1989 videbunt
577 1967 643 1989 nos
668 1963 811 1999 praeter
837 1956 1045 2001 opinionem
1071 1967 1132 1989 au—

136 2009 219 2041 dere
231 2034 240 2047 ,
267 2007 380 2051 magis
397 2008 643 2052 perterrefient
658 2019 696 2040 re
714 2007 898 2052 inopinata
910 2035 919 2048 ,
947 2019 1053 2053 quam
1070 2020 1133 2052 po—

136 2066 268 2093 tentiae
287 2065 430 2092 nostrae
451 2066 560 2093 metu.

241 2111 362 2155 Quare
377 2108 467 2143 mihi
484 2111 748 2155 obtemperate,
777 2122 883 2155 quam
902 2110 1059 2155 primum
1078 2123 1134 2143 oc-

139 2162 290 2202 cursuri,
313 2168 374 2195 aut
392 2168 485 2195 certe
503 2175 611 2208 quam
628 2161 811 2195 celerrime
828 2168 995 2207 parantes
1014 2162 1133 2195 omnia

139 2215 183 2246 ad
204 2214 356 2254 bellum,
385 2220 418 2247 et
440 2215 615 2248 ostendite
638 2213 823 2253 omnibus,
859 2215 956 2259 quod
978 2220 1135 2247 contem-

138 2271 220 2309 ptus
237 2263 394 2299 hostium
414 2265 625 2299 fortitudine
643 2272 676 2298 et
694 2265 794 2298 sactis
820 2266 1056 2299 declarandus
1080 2266 1135 2299 sit.

138 2315 179 2349 In
204 2317 404 2360 praesentia
430 2323 549 2350 autem
578 2317 806 2350 utilissimum
832 2329 925 2357 esse,
962 2323 1135 2363 tanquam

141 2368 310 2402 adversus
326 2368 524 2412 periculum
542 2381 622 2402 cum
644 2375 741 2402 metu
764 2369 886 2401 omnia
911 2369 949 2401 in
972 2375 1049 2402 tuto
1075 2381 1137 2413 pa-

141 2430 241 2457 rare3
270 2431 309 2452 ac
327 2420 405 2453 illos
421 2420 566 2466 quidem
580 2433 665 2454 mox
680 2420 854 2454 affuturos
872 2433 945 2455 esse
962 2420 1137 2455 existimo.

324 2494 488 2529 Oratio
523 2494 853 2541 Athenagorae
871 2496 955 2542 57ἃ).

247 2555 416 2601 Quisquis
432 2568 505 2588 non
522 2557 597 2589 vult
607 2555 841 2591 Athenienses
859 2558 946 2590 adeo
966 2556 1138 2601 desipere,

145 2615 183 2641 ut
205 2605 273 2641 huc
302 2608 445 2640 accedat
468 2608 512 2640 ad
536 2615 669 2642 certum
691 2609 857 2650 exitium,
898 2609 927 2643 is
950 2615 1012 2642 aut
1035 2609 1137 2642 valde

182 2706 230 2734 57)
251 2708 332 2735 vero]
353 2708 402 2731 Ed.
419 2708 492 2732 1562.
512 2711 657 2739 corrupte:
687 2716 761 2737 tero,

182 2749 248 2778 57³)
267 2750 387 2781 Thucyd.
408 2751 455 2782 vl,
474 2752 598 2777 36—40.

709 120 832 157 PHIL.
865 119 980 155 MEL.
1015 118 1218 155 SCRIPTA
1257 119 1595 158 PHILOLOGICA.

1162 2723 1168 2767 i

2079 120 2179 156 1096

1174 205 1320 240 timidus
1339 212 1407 247 est,
1439 213 1500 241 aut
1517 207 1654 252 patriae
1672 205 1849 240 inimicus.
1908 205 2033 252 Neque
2053 211 2176 240 tamen

1175 257 1362 291 audaciam
1388 270 1511 292 eorum
1547 258 1681 298 miror,
1716 257 1778 304 qni
1810 255 1897 291 haec
1927 257 2097 291 nuntiant
2126 259 2174 292 ad

1175 321 1239 343 vos
1262 310 1468 349 terrendos,
1502 310 1564 343 sed
1587 309 1773 343 stultitiam
1796 308 1931 349 miror,
1973 310 2072 355 quod
2096 320 2172 342 non

1175 360 1379 394 existimant
1409 361 1597 394 consilinm
1625 373 1727 395 suum
1753 360 1921 405 intelligi,
1963 360 2068 406 quia,
2109 360 2172 406 qui

1175 411 1344 456 privatim
1362 411 1492 445 iudicia
1517 417 1551 445 et
1575 412 1667 456 leges
1691 418 1874 452 metuunt,
1908 411 2051 456 publico
2073 418 2172 445 metu

1175 475 1279 497 suum
1298 464 1515 496 obumbrare
1534 469 1721 497 conantur.
1777 463 1824 497 Et
1848 461 1887 496 hi
1912 475 2077 497 rumores
2097 475 2173 497 non

1177 527 1258 549 casu
1274 513 1343 548 huc
1361 515 1581 555 afferuntur,
1607 515 1667 549 sed
1683 526 1737 548 res
1756 521 1832 548 arte
1852 515 2024 549 instructa
2049 521 2102 549 est
2126 514 2171 547 ab

1176 566 1246 600 illis
1263 564 1488 606 hominibus,
1517 566 1579 612 qui
1594 577 1734 610 semper
1751 578 1895 599 movere
1913 566 2172 611 rempublicam

1176 618 1331 652 student.
1382 617 1456 651 Vos
1472 624 1591 651 autem
1615 617 1664 651 sic
1689 623 1783 650 recte
1800 617 2062 658 deliberamus,
2089 617 2176 663 quid

1178 675 1456 703 consentaneum
1475 669 1520 703 sit
1534 669 1708 708 iudicate,
1744 680 1819 701 non
1836 681 1877 702 ex
1891 666 2021 701 horum
2040 680 2176 702 sermo-

1176 720 1282 755 nibus
1292 747 1302 761 ,
1330 721 1391 755 sed
1410 733 1452 754 ex
1465 718 1532 760 his,
1563 732 1653 766 quae
1668 720 1826 753 facerent
1840 717 2005 754 homines
2018 721 2175 764 pruden-

1178 778 1229 806 tes
1253 778 1287 805 et
1312 772 1439 817 periti,
1481 771 1604 818 quales
1627 769 1862 805 Athenienses
1892 783 1966 805 esse
1999 771 2174 805 existimo.

1178 823 1261 858 Non
1279 830 1331 858 est
1358 823 1453 857 enim
1480 823 1667 864 credibile,
1701 835 1762 857 eos
1788 822 2031 868 relicto-bello
2053 823 2176 856 dome-

1178 875 1286 916 stico,
1314 881 1348 908 et
1364 876 1526 909 nondum
1545 875 1645 908 finito
1657 901 1666 915 ,
1701 875 1747 908 ad
1763 874 1861 908 aliud
1877 886 1953 908 non
1970 873 2089 917 minus
2103 874 2177 907 bel-

1178 927 1252 960 lum
1270 932 1304 959 et
1320 926 1558 972 longinquum
1578 927 1673 960 ultro
1692 926 1826 960 venire.
1880 926 1981 971 Quos
2008 937 2074 970 ego
2099 925 2178 971 qui-

1179 980 1259 1012 dem
1293 978 1456 1012 existimo
1490 978 1663 1022 gaudere,
1704 978 1801 1023 quod
1825 989 1891 1011 nos
1914 989 1989 1011 non
2013 978 2059 1010 ad
2082 976 2178 1022 ipsos

1179 1029 1379 1063 accedimus
1390 1056 1400 1069 ‚
1429 1041 1510 1063 cum
1527 1034 1581 1062 tot
1597 1035 1632 1062 et
1647 1035 1767 1062 tantae
1783 1029 1855 1063 sint
1872 1029 1910 1061 in
1925 1028 2046 1062 Sicilia
2060 1029 2180 1063 urbes.

1179 1081 1242 1115 Sin
1261 1087 1381 1114 autem
1396 1078 1466 1115 huc
1482 1081 1670 1120 accedent,
1698 1080 1811 1124 magis
1834 1079 1966 1114 idonea
1991 1086 2043 1114 est
2057 1079 2180 1114 Sicilia

1180 1134 1226 1166 ad
1257 1132 1485 1166 tolerandum
1515 1132 1650 1165 bellum
1688 1143 1796 1177 quam
1829 1131 2100 1177 Peloponnesus
2117 1131 2179 1178 ⁵⁸),

1181 1184 1265 1230 quia
1288 1184 1454 1218 omnibus
1479 1184 1584 1217 rebus
1609 1183 1734 1216 melius
1761 1182 1934 1217 instructa
1958 1189 2029 1224 est,
2062 1189 2098 1216 et
2120 1194 2179 1216 ve-

1180 1242 1252 1270 stra
1267 1236 1352 1270 urbs
1366 1235 1521 1269 validior
1537 1241 1589 1268 est
1604 1232 1672 1268 hoc
1696 1234 1851 1268 exercitu
1863 1260 1872 1275 ,
1905 1234 2045 1269 etiamsi
2068 1235 2178 1279 duplo

1181 1288 1298 1321 maior
1316 1293 1425 1327 esset,
1453 1299 1533 1320 cum
1551 1286 1641 1319 nulli
1657 1292 1855 1331 sequantur
1873 1284 2028 1331 equites,
2061 1297 2179 1332 neque

1181 1337 1239 1372 hic
1256 1338 1408 1372 conduci
1422 1337 1579 1382 possint,
1606 1337 1675 1370 nisi
1690 1336 1795 1381 pauci
1810 1335 2001 1380 Egestani,
2033 1349 2099 1370 nec
2118 1349 2180 1381 pe-

1181 1390 1296 1424 ditum
1313 1402 1484 1423 numerus
1501 1389 1538 1421 in
1562 1388 1713 1421 navibus
1736 1399 1803 1432 par
1827 1387 1872 1420 sit
1897 1387 2029 1421 nostris
2051 1387 2182 1432 pediti-

1181 1442 1258 1475 bus.
1309 1441 1402 1474 Satis
1422 1440 1517 1474 enim
1535 1439 1686 1472 difficilis
1703 1451 1759 1472 res
1777 1444 1884 1479 esset,
1918 1439 2056 1473 levibus
2080 1440 2181 1472 navi-

1181 1494 1247 1526 bus
1265 1491 1341 1526 sine
1362 1491 1518 1525 exercitu
1533 1488 1602 1524 huc
1619 1490 1811 1535 navigare,
1838 1502 1894 1525 res
1914 1490 2001 1525 alias
2018 1502 2179 1525 necessa-

1182 1545 1254 1578 rias
1278 1545 1322 1577 ad
1350 1543 1574 1577 obsidionem
1600 1548 1720 1576 tantae
1742 1541 1862 1582 urbis,
1898 1548 2033 1588 quanta
2058 1549 2182 1577 nostra

1183 1602 1254 1636 est,
1282 1593 1469 1629 advehere.
1522 1593 1646 1640 Itaque
1665 1594 1756 1627 adeo
1774 1593 1966 1635 dissentio,
1999 1596 2039 1628 ut
2055 1600 2179 1639 putem

1184 1648 1243 1681 vix
1260 1647 1376 1681 salvos
1397 1647 1494 1687 sore,
1529 1645 1669 1680 etiamsi
1692 1645 1731 1678 in
1745 1645 1863 1679 Sicilia
1888 1643 2112 1687 habitarent,
2147 1651 2182 1679 et

1184 1712 1226 1733 ex
1250 1699 1362 1732 altera
1387 1704 1487 1732 tanta
1510 1698 1599 1732 urbe
1624 1697 1761 1737 vicina,
1795 1696 1899 1731 nohis
1919 1697 2052 1731 bellum
2075 1697 2184 1731 infer-

1184 1757 1286 1791 rent,
1314 1756 1447 1797 quanta
1468 1755 1519 1783 est
1535 1756 1679 1790 nostra,
1705 1755 1846 1782 tantum
1863 1749 1979 1791 abest,
2006 1755 2047 1783 ut
2065 1748 2183 1783 existi-

1184 1815 1278 1836 mem
1296 1814 1400 1847 pares
1416 1803 1514 1842 fore,
1542 1813 1621 1835 cum
1637 1806 1713 1834 tota
1731 1799 1851 1834 Sicilia
1871 1812 1955 1845 erga
1979 1813 2040 1835 eos
2061 1798 2185 1835 hostili

1186 1855 1308 1888 animo
1324 1853 1379 1888 sit.
1433 1853 1526 1888 Nam
1546 1852 1682 1899 equites
1697 1851 1813 1886 nostri
1825 1851 2024 1896 impedient
2038 1864 2110 1893 eos,
2137 1864 2183 1885 ne

1187 1906 1307 1951 egredi
1332 1905 1370 1938 in
1398 1911 1531 1938 terram
1559 1903 1715 1949 possint,
1751 1909 1786 1937 et
1806 1903 1844 1936 in
1865 1910 2015 1948 angusto
2039 1903 2183 1936 navalia

1188 1965 1301 1992 castra
1321 1963 1426 1991 erunt
1443 1963 1478 1990 et
1494 1956 1722 1990 tabernacula
1733 1981 1744 1996 ‚
1776 1961 1811 1988 et
1825 1955 2014 1989 necessarii
2030 1967 2185 2000 appara-

1188 2017 1255 2044 tus.
1315 2009 1366 2042 Ac
1383 2021 1428 2042 ne
1447 2009 1590 2054 quidem
1610 2014 1704 2041 terra
1722 2019 1781 2040 eos
1801 2007 1981 2051 potituros
1999 2019 2072 2041 esse
2090 2006 2185 2040 arbi-

1188 2069 1284 2102 tror,
1312 2067 1452 2094 tantum
1470 2059 1648 2093 antecellit
1664 2064 1785 2092 noster
1801 2065 2007 2103 apparatus.

1292 2113 1388 2146 Haec
1422 2125 1502 2146 cum
1534 2111 1648 2146 sciant
1672 2107 1928 2151 Athenienses,
1967 2122 2050 2145 suae
2079 2110 2185 2145 saluti

1190 2165 1387 2199 consulent.
1447 2163 1516 2198 Sed
1533 2175 1553 2196 a
1568 2162 1699 2197 nostris
1718 2161 1884 2195 oriuntur
1900 2160 1967 2196 hae
1981 2162 2122 2196 fabulae
2140 2163 2186 2196 de

1189 2217 1314 2257 rebus,
1356 2228 1448 2262 quae
1470 2227 1534 2249 nec
1558 2220 1659 2255 sunt,
1697 2225 1762 2247 nec
1782 2213 1860 2246 fieri
1884 2220 2054 2259 possunt,
2094 2226 2185 2260 quos

1190 2268 1262 2303 scio
1287 2280 1362 2301 non
1383 2280 1479 2302 nunc
1503 2266 1660 2311 primum
1687 2265 1774 2299 tales
1797 2277 1962 2300 rumores
1987 2272 2022 2299 et
2044 2265 2187 2310 peiores

1191 2332 1377 2366 spargere,
1402 2326 1443 2353 ut
1466 2317 1570 2352 nobis
1595 2317 1727 2351 territis
1751 2317 1902 2361 imperia
1927 2317 2186 2362 adipiscantur.

1191 2373 1242 2406 Ac
1274 2378 1416 2411 metuo,
1461 2383 1505 2404 ne
1533 2370 1686 2403 multum
1723 2375 1892 2403 conantes
1926 2370 2071 2402 tandem
2105 2380 2187 2414 per-

1191 2424 1330 2465 ficiant,
1366 2423 1462 2469 quod
1485 2422 1631 2461 volunt,
1666 2428 1705 2454 ut
1726 2420 1856 2454 armati
1883 2421 2038 2454 exercitu
2062 2420 2186 2453 civita-

1191 2482 1262 2509 tem
1281 2475 1469 2521 tyrannide
1488 2473 1707 2518 opprimant.
1766 2473 1840 2507 Nos
1864 2472 1959 2505 enirn
1984 2484 2107 2517 segnes
2128 2484 2186 2505 su-

1192 2541 1270 2562 mus
1287 2529 1329 2561 ad
1349 2527 1543 2560 cavendum
1557 2552 1565 2565 ,
1594 2532 1785 2571 antequam
1805 2524 2057 2569 opprimimur.
2094 2523 2185 2556 Pro-

1191 2587 1312 2625 pterea
1329 2579 1422 2612 enim
1442 2578 1525 2611 urbs
1552 2584 1673 2611 nostra
1696 2588 1779 2609 raro
1803 2576 1923 2622 quieta
1948 2582 2017 2616 est,
2053 2580 2087 2607 et
2112 2587 2186 2608 cer-

1192 2632 1326 2665 tamina
1341 2629 1447 2663 habet
1464 2642 1537 2662 non
1555 2642 1632 2663 cum
1653 2628 1805 2662 externis
1831 2626 2009 2668 hostibus,
2037 2627 2097 2660 sed
2120 2628 2184 2660 do-

1226 2752 1274 2779 58)
1293 2751 1517 2781 Peloponnesus]
1530 2750 1578 2775 Ed.
1592 2749 1664 2774 1562.
1685 2754 1780 2773 errore
1800 2750 1928 2779 tuingia:
1948 2745 2187 2777 Peloponnensus.
