2351 2990
111 104 186 140 517
241 105 361 141 xxm.

109 193 217 225 ficaus
235 192 302 225 alia
324 205 395 227 esse
415 193 505 226 mala
521 193 623 237 longe
648 192 804 233 maiora,
839 199 988 238 propter
1013 204 1103 239 quae

111 243 305 277 dolendum
327 250 389 278 est.

244 353 574 397 Argumentum
603 354 830 398 epistolae
859 354 963 389 XVII.

210 430 399 464 Excusatio
433 436 482 463 est
511 430 695 463 brevitatis
721 430 942 472 litterarum,
978 433 1099 465 addita

109 478 371 521 adhortatione,
399 487 437 514 ut
453 494 554 515 suam
574 487 607 514 et
622 481 714 515 filiae
733 481 972 516 valetudinem
991 491 1099 519 curet.

347 573 482 606 Aliud
521 581 853 617 argumentum.

208 639 406 674 Exordium
424 641 635 687 continet33)
655 642 799 674 brevem
825 641 1098 679 excusationem,

108 703 217 736 quare
243 692 399 725 breviter
422 692 564 726 scribat.
627 693 765 725 Deinde
788 692 967 737 sequitur,
1003 693 1098 736 quod

107 742 227 774 omnia
253 749 440 786 cognoscet
471 755 511 776 ex
533 743 644 788 Lepta
671 750 704 776 et
721 742 904 776 Trebatio.
964 740 1003 773 ln
1032 742 1098 774 sme

105 799 155 826 est
171 791 481 828 adhortatiuncula
494 821 502 834 ,
532 801 570 827 ut
587 795 826 827 valetudinem
847 799 955 826 curet.

232 904 561 947 Argumentum
591 902 818 946 epistolae
846 899 968 935 XVlll.

208 979 295 1012 Item
311 985 362 1012 est
379 986 628 1023 argumentum
645 991 723 1011 cum
745 977 891 1022 epistola
912 978 970 1011 14.
1003 977 1096 1011 Nam

107 1037 141 1062 et
165 1028 221 1062 hic
246 1030 433 1073 diligenter
457 1036 581 1063 monet
602 1042 749 1062 uxorem
778 1030 821 1062 de
844 1041 908 1062 suo
937 1029 1096 1062 consilio.

104 1081 213 1113 Addit
240 1087 441 1125 praeterea,
485 1089 523 1114 ut
545 1080 741 1114 Philotimo
765 1081 890 1113 liberto
917 1092 1095 1113 commen-

104 1133 207 1164 detur
232 1133 389 1166 custodia
418 1133 564 1172 domus,
603 1139 636 1165 et
666 1138 705 1164 ut
733 1132 817 1164 certi
843 1138 1019 1175 >curentur
1045 1137 1097 1164 ta-

103 1182 253 1217 bellarii,

354 1267 486 1301 Aliud
519 1273 844 1311 argumentum.

206 1338 375 1373 Narratio
408 1345 479 1378 est,
522 1338 558 1370 in
588 1349 656 1383 qua
689 1335 855 1370 hortatur
886 1349 1032 1370 uxorem
1063 1344 1095 1370 et

104 1390 234 1423 liberos
252 1391 296 1423 ad
312 1390 516 1433 diligentem
532 1389 822 1422 deliberationem
836 1414 845 1427 ,
872 1400 915 1420 ne
940 1400 1017 1421 cum
1037 1400 1096 1432 pe-

106 1440 219 1473 riculo
245 1440 383 1473 Romae
411 1446 599 1479 maneant,
635 1446 669 1472 et
691 1440 797 1473 simul
824 1439 968 1482 exponit
993 1452 1095 1472 suum

106 1488 304 1523 consilium.
370 1489 409 1521 In
437 1489 577 1533 epilogo
603 1490 757 1521 breviter
781 1490 969 1528 admonet,
1005 1502 1095 1534 quae

101 1539 177 1571 fieri
196 1539 291 1573 velit.

356 1623 491 1656 Aliud
520 1630 848 1668 argumentum.

207 1691 430 1725 Consultatio
450 1691 564 1735 priori
578 1691 721 1731 similis,
749 1698 869 1725 utrum
880 1692 1017 1725 Romae
1028 1692 1096 1724 Te-

104 1742 219 1775 rentia
245 1749 280 1775 et
296 1741 415 1775 Tullia
440 1743 593 1775 debeant
614 1754 778 1782 manere,
812 1755 858 1775 an
880 1743 916 1775 in
941 1743 1096 1788 aliquem

103 1794 335 1827 remotiorem
353 1799 413 1826 aut
430 1793 600 1826 tutiorem
618 1793 735 1826 locum
755 1794 928 1827 secedere.

248 1904 576 1947 Argumentum
605 1903 832 1947 epistolae
860 1902 950 1937 XIX.

204 1979 434 2014 Nuntiatoria
453 1987 521 2021 est,
548 1980 705 2025 primum
722 1981 765 2013 de
784 1980 986 2013 valetudine
1005 1980 1096 2015 filiae

105 2042 169 2075 per
192 2031 464 2075 praecisionem.
517 2032 646 2065 Postea
673 2032 913 2075 responsoria.
965 2030 1005 2064 In
1028 2032 1097 2064 fine

105 2081 249 2115 additur
275 2082 422 2126 petitio,
462 2089 502 2116 ut
534 2089 658 2116 curent
684 2082 820 2116 litteras
842 2082 951 2115 Attici
978 2082 1097 2116 statim

105 2133 344 2178 perferendas,

350 2225 488 2258 Aliud
517 2231 841 2270 argumentum.

208 2292 392 2337 Principio
424 2293 571 2336 ponitur
598 2293 715 2326 brevis
747 2293 903 2338 querela.
960 2292 1097 2325 Deinde

107 2343 266 2390 sequitur
283 2343 502 2388 propositio,
528 2344 626 2389 quod
648 2344 777 2387 probet
801 2343 987 2377 consilium
1011 2356 1097 2377 uxo-

107 2396 168 2429 ris.
221 2394 260 2428 In
276 2396 344 2427 fine
359 2401 410 2428 est
427 2393 748 2429 adhortatiuncula.

143 2531 192 2559 33)
210 2529 345 2558 continet]
368 2527 408 2552 sie
426 2526 610 2557 Editt 1565„
631 2525 725 2557 1571.,
745 2526 838 2558 1596.;
863 2526 912 2552 Ed.
936 2526 1008 2550 1556.
1030 2531 1096 2549 con-

179 2565 279 2590 tineus.

413 106 723 142 ARGUMENTA
748 106 812 141 ET
833 105 1037 141 SCHOLIA
1062 104 1109 140 IN
1133 103 1281 140 EPIST.
1306 103 1418 141 FAM.
1442 104 1525 142 CIC.
1549 106 1638 143 LlB.
1655 108 1744 144 XlV.
1771 109 2026 149 filma—24.
2083 115 2156 151 518

1317 192 1646 236 Argumentum
1675 195 1901 239 epistolae
1927 200 1999 234 XX.

1262 258 1493 293 Numiatoria
1513 267 1563 294 est
1582 262 1624 294 de
1647 275 1710 295 suo
1734 264 1910 305 adventu,
1947 268 2067 301 addita
2093 272 2152 302 ad-

1158 310 1376 351 monitione,
1413 318 1451 344 ut
1475 312 1616 345 interim
1642 313 1687 346 sit
1709 314 1856 347 sollicita
1881 317 1922 349 de
1947 315 2019 357 his,
2062 333 2151 365 quae

1156 362 1199 393 ad
1218 362 1348 395 victum
1370 369 1404 395 et
1424 363 1663 396 valetudinem
1678 365 1749 398 sint
1767 368 1974 403 necessaria.

1402 438 1538 471 Aliud
1573 447 1901 483 argumentum.

1255 504 1531 539 Narratiuncula
1556 508 1598 539 de
1631 520 1694 540 suo
1727 510 1883 544 adventu
1916 511 1954 544 in
1978 512 2149 546 Tuscula-

1317 556 1469 590 Additur
1493 557 1610 590 brevis
1636 557 1860 601 adhortatio,
1895 569 1933 595 ut
1960 564 2148 608 diligenter

1153 612 1269 645 curet,
1298 620 1368 651 quo
1387 608 1507 640 omnia
1525 608 1614 641 bene
1632 609 1702 642 sint
1719 611 1902 646 instructa.

1154 567 1252 588 HUIU-

1292 688 1622 733 Argumentum
1658 692 1886 735 epistolae
1915 695 2005 730 XXI.

1254 754 1339 787 Brex
1351 769 1385 789 es
1408 764 1490 789 sunt
1507 758 1770 793 admonitiones
1791 762 1833 793 de
1851 763 2064 804 valetudine,
2091 778 2144 799 re-

1151 805 1215 839 bus
1247 806 1539 841 administrandis
1572 810 1792 849 domesticis,
1835 819 1867 845 et
1893 815 1935 846 de
1962 816 2142 851 mittendis

1152 856 1287 891 litteris.

1392 925 1531 959 Aliud
1570 936 1899 972 argumentum.

1251 991 1375 1026 Brevis
1392 1000 1443 1026 est
1461 991 1665 1028 adhortatio
1685 997 1728 1029 de
1748 998 1948 1032 valetudine
1967 1005 2141 1042 curauda;

1153 1042 1234 1075 item
1253 1050 1291 1076 ut
1309 1045 1448 1088 saepius
1465 1045 1606 1080 scribat.

1284 1129 1612 1173 Argumentum
1647 1131 1874 1175 epistolae
1903 1136 2008 1171 XXII.

1250 1196 1374 1230 Brevis
1407 1205 1457 1231 est
1489 1199 1686 1232 admonitio
1721 1201 1763 1233 de
1794 1202 1985 1239 tabellariis
2011 1209 2141 1249 uxoris,

1152 1248 1211 1292 qui
1233 1249 1392 1281 nondum
1413 1257 1595 1289 venerant,
1619 1251 1737 1283 addita
1758 1253 2025 1298 pollicitatione,
2045 1263 2139 1304 quod

1151 1299 1275 1331 litteris
1291 1300 1440 1343 acceptis
1459 1301 1577 1333 statim
1597 1302 1679 1334 velit
1695 1306 1922 1347 respondere.

1395 1375 1529 1409 Aliud
1558 1387 1887 1422 argumentum.

1250 1440 1547 1483 Narratiuncula,
1589 1447 1685 1489 quod
1718 1449 1820 1481 anxie
1854 1451 2055 1486 tabellarios
2086 1468 2141 1488 ex-

1152 1497 1274 1534 pectet.
1341 1492 1496 1527 Additur
1524 1496 1756 1538 pollicitatio,
1798 1511 1832 1532 se
1865 1501 2052 1546 diligenter
2088 1518 2140 1539 re-

1149 1541 1376 1586 scripturum.

1281 1629 1611 1674 Argumentum
1641 1634 1865 1678 epistolae
1893 1638 2013 1674 XXUI.

1251 1696 1481 1731 Nuntiatoria
1508 1706 1558 1733 est
1583 1701 1625 1733 de
1652 1701 1778 1737 litteris
1809 1711 1842 1737 et
1875 1707 2031 1742 adventu
2055 1711 2139 1744 Cae-

1149 1747 1253 1785 saris;
1289 1748 1374 1781 item
1398 1750 1440 1781 de
1465 1763 1527 1783 sua
1555 1751 1830 1795 deliberatione,
1866 1758 1985 1791 addita
2012 1760 2139 1795 adhor-

1150 1798 1304 1838 tatione,
1331 1807 1369 1833 ut
1387 1801 1590 1836 tabellarios
1609 1803 1646 1835 in
1665 1811 1824 1849 tempore
1844 1810 2011 1845 remittat.

1395 1876 1532 1909 Aliud
1560 1888 1886 1922 argumentum.

1251 1942 1528 1976 Narratiuncula
1548 1946 1591 1977 de
1612 1945 1738 1980 litteris
1763 1951 1913 1994 acceptis
1940 1965 1957 1985 a
1978 1954 2140 1990 Caesare.

1149 1993 1303 2026 Additur
1319 1993 1527 2037 pollicitatio
1551 2008 1631 2029 cum
1655 1996 1928 2043 adhortatione,
1960 2011 1998 2037 ut
2021 2007 2139 2040 remit-

1151 2050 1202 2077 tat
1217 2044 1432 2078 tabellarios.

1277 2128 1599 2172 Argumentum
1636 2132 1863 2176 epistolae
1892 2137 2013 2172 XXIV.

1252 2195 1387 2228 Ultima
1405 2196 1553 2241 epistola
1572 2195 1679 2232 habet
1700 2200 1845 2236 brevem
1868 2206 2140 2247 excusationem,

1152 2258 1261 2292 quare
1278 2245 1346 2279 hoc
1364 2253 1524 2292 tempore
1542 2247 1631 2282 nihil
1648 2252 1795 2292 scribat,
1823 2256 1943 2290 addita
1966 2258 2139 2302 pollicita-

1150 2298 1246 2330 tione
1257 2324 1266 2337 ,
1294 2300 1390 2343 quod
1410 2301 1446 2331 in
1462 2300 1562 2332 brevi
1578 2301 1730 2336 scribere
1747 2305 1839 2338 velit.

1395 2373 1885 2419 Aliud·argumentum.

1251 2440 1548 2481 Narratiuncula,
1593 2445 1690 2487 quod
1712 2443 1826 2479 adhuc
1852 2445 1943 2481 nihil
1968 2452 2053 2484 certi
2078 2451 2139 2486 ha-

1148 2490 1240 2524 beat.
1293 2492 1447 2525 Additur
1462 2493 1692 2537 pollicitatio,
1720 2509 1754 2529 se
1774 2498 2001 2542 scripturum,
2031 2516 2137 2548 quam

1152 2541 1305 2586 primum
1324 2544 1430 2577 fuerit
1447 2544 1583 2589 aliquid
1601 2546 1696 2580 certi.

1478 2727 1566 2762 33*
