2351 2990
209 121 282 155 755

210 206 324 243 Deos,
352 218 437 239 num
457 206 576 239 omnia
601 204 688 238 hacc
714 205 817 238 missa
844 203 1029 242 facientes,
1065 209 1098 235 et
1119 208 1197 235 tan-

210 265 284 291 tum
303 269 377 290 non
398 270 476 290 cum
503 257 563 291 illo
588 257 622 290 in
648 257 770 289 eadem
794 255 868 287 acie
891 260 1043 294 stantes,
1075 258 1197 297 postea

210 310 246 341 in
266 321 344 347 cos,
372 321 525 354 quormu
553 309 654 351 culpa
683 305 769 339 haec
796 305 1007 344 acciderint,
1042 304 1199 350 inquire-

211 360 313 393 mus?
339 371 454 405 neque
472 360 564 392 enim
584 359 676 402 ipsos
696 370 760 390 nos
778 357 814 389 in
834 357 936 401 culpa
955 356 1079 396 fuisse,
1106 356 1199 388 dice-

212 424 308 450 mus,
346 412 449 455 plane
474 410 637 455 equidem
662 406 728 441 hoc
746 408 830 442 scio.
884 408 1010 453 Neque
1034 407 1128 440 enim
1154 419 1199 439 ne

211 463 245 495 in
262 463 344 495 belli
361 462 503 507 quidem
525 460 746 499 discrimine,
774 459 984 503 fugientium
1010 459 1199 504 quisquam

209 526 244 547 se
262 515 375 557 ipsum
394 518 554 550 accusat,
588 512 646 544 sed
670 511 724 544 vel
742 512 865 544 ducem
880 537 889 549 ,
922 511 976 543 vel
1001 510 1062 555 qui
1087 521 1200 554 prope

208 571 399 603 steterunt,
428 563 483 596 vel
501 562 662 608 quemvis
678 561 831 607 denique
854 561 989 606 potius;
1025 568 1058 594 et
1081 567 1201 594 tamen

210 615 356 648 xit-toria
375 614 502 648 amissa
523 620 574 647 est
592 620 739 658 propter
760 626 884 647 omnes
907 625 986 653 eos,
1021 612 1082 659 qui
1105 613 1201 656 suge-

209 673 291 700 runt
307 665 449 699 scilicet.
502 664 603 698 Stare
621 665 716 697 euim
741 664 869 697 licebat
891 665 964 703 illi,
1000 665 1063 710 qui
1089 670 1202 696 caete·

209 729 265 750 ros
284 723 442 754 accusat,
472 723 505 749 et
530 714 597 749 hoc
622 716 650 750 si
674 717 837 750 fecissent
853 715 1002 760 singuli,
1029 715 1201 748 nimirum

209 768 382 802 vicissent.
431 767 549 801 Etiam
569 780 664 801 nunc
678 768 706 801 si
725 767 803 814 quis
819 779 893 800 non
911 769 1036 801 suadet
1053 767 1202 811 optima,

207 826 329 863 surgat
351 819 440 853 alius
457 832 496 852 ac
513 819 626 859 dicat,
653 832 768 865 neque
793 816 888 852 hunc
913 825 1061 852 accuset.
1115 818 1202 850 Sua-

209 871 368 904 ·letalius
387 871 562 916 quispiam
580 870 750 907 meliora,
778 870 915 903 faciatis
940 883 978 903 ea
1006 870 1105 909 licet,
1139 869 1202 901 bo-

207 922 262 956 uis
278 922 415 955 avibus.
466 924 523 955 An
547 934 621 955 non
648 921 770 955 suavia
795 919 906 955 haec?
959 921 1083 966 Neque
1105 920 1200 953 enim

207 974 360 1018 amplius
375 971 454 1011 hoc,
472 973 533 1018 qui
553 973 649 1012 dicit,
672 979 805 1017 peccat,
833 972 901 1006 nisi
917 972 958 1011 si,
981 985 1060 1005 cum
1077 977 1200 1015 optare

206 1026 310 1058 debet
322 1051 331 1065 ,
360 1025 445 1058 illud
461 1026 551 1057 forte
569 1023 832 1069 praetermittit.
874 1024 967 1058 Nam
985 1029 1108 1068 optare
1125 1021 1202 1067 qui-

206 1077 300 1117 dem,
323 1076 390 1108 viri
405 1074 649 1115 Athenienses,
667 1075 767 1108 facile
784 1082 855 1115 est,
883 1075 920 1107 in
937 1087 1049 1108 unum
1068 1074 1203 1113 omnia,

208 1139 441 1173 quaecunque
465 1127 593 1173 aliquis
617 1126 710 1166 vult,
748 1127 849 1159 brevi
872 1133 1034 1170 tempore
1063 1137 1203 1158 coacer-

207 1180 344 1216 vando;
381 1179 507 1222 eligere
525 1185 642 1211 autem
656 1205 664 1217 ,
693 1178 832 1224 quoties
851 1178 893 1210 de
910 1178 1015 1211 rebus
1030 1177 1203 1210 delibera-

208 1230 256 1262 tio
280 1231 400 1276 aliqua
426 1231 609 1274 proposita
644 1236 713 1270 est,
756 1242 831 1262 non
864 1230 988 1262 eodeni
1023 1229 1132 1262 modo
1164 1228 1203 1260 in

208 1288 391 1326 promptu,
419 1288 524 1327 atque
544 1281 701 1325 proclive
719 1288 782 1321 est,
807 1282 868 1314 sed
886 1293 1027 1314 necesse
1044 1286 1095 1313 est
1111 1279 1202 1323 opti—

207 1345 265 1365 ma
290 1345 356 1378 pro
383 1333 569 1371 suavibus,
603 1333 742 1378 quoties
766 1338 920 1378 utraque
945 1344 1019 1365 non
1040 1332 1122 1364 licet
1146 1343 1202 1363 ac-

206 1391 364 1429 ceptare,
392 1385 562 1428 accipere.
616 1384 723 1428 Quod
740 1383 770 1417 si
787 1390 906 1416 autem
924 1383 1100 1428 quispiam
1114 1408 1123 1422 ,
1148 1393 1203 1413 re-

207 1436 286 1469 licta
305 1434 471 1468 theatrali
491 1435 638 1480 pecunia
651 1461 660 1474 ,
686 1435 774 1468 alios
790 1440 986 1478 proventus
1005 1446 1044 1466 ac
1066 1432 1202 1465 reditus

208 1487 398 1527 militares,
427 1499 516 1532 quos
532 1487 645 1524 dicat,
672 1483 834 1527 habeat,
851 1497 896 1517 an
912 1496 987 1518 non
1004 1484 1062 1517 ille
1081 1483 1202 1528 potior

206 1537 411 1577 habendus,
449 1538 588 1583 inquiet
612 1536 766 1582 aliquis?
819 1536 952 1569 Fateor
977 1535 1142 1581 equidem
1168 1540 1201 1567 et

207 1591 280 1634 ipse
292 1617 300 1630 ‚
323 1590 352 1623 si
371 1589 514 1634 quidem
530 1589 565 1622 id
581 1588 628 1621 ita
648 1588 766 1628 suerit,
783 1588 850 1620 viri
860 1585 1106 1621 Athenienses.
1133 1585 1202 1618 Ve-

207 1654 287 1683 rum
310 1640 397 1674 illud
424 1640 555 1679 miror,
591 1640 619 1673 si
648 1639 711 1673 ulli
734 1651 892 1684 unquam
918 1637 1108 1672 hominum
1133 1635 1202 1670 hoc

206 1692 375 1736 contigit,
419 1698 479 1725 aut
514 1692 621 1725 etiam
656 1691 858 1734 continget,
899 1697 959 1731 ut,
1010 1696 1201 1735 postquam

206 1744 404 1789 praesentia
422 1743 459 1775 in
476 1755 515 1776 ea
527 1770 536 1783 ,
562 1754 653 1788 quae
671 1754 744 1775 non
763 1742 902 1781 debuit,
930 1740 1202 1786 consumpserit,

206 1795 365 1829 absentia
393 1795 438 1827 ad
464 1807 523 1833 ea,
565 1794 693 1839 quibus
717 1806 804 1837 opus
831 1800 901 1834 est,
946 1793 1013 1838 ipsi
1036 1792 1202 1837 suppedi-

206 1854 337 1880 tentur.
397 1846 484 1885 Sed,
519 1852 557 1878 ut
588 1852 694 1889 pute,
737 1846 889 1878 multum
919 1846 964 1877 ad
994 1843 1203 1878 huiusmodi

208 1899 388 1932 orationes
413 1898 507 1930 valet
534 1897 812 1942 uniuscuiusque
838 1897 1014 1930 voluntas.
1080 1896 1202 1940 Quare

208 1951 312 1983 etiam
332 1949 541 1982 facillimum
561 1949 721 1981 omnium
740 1954 810 1989 est,
838 1961 874 1982 se
891 1948 1009 1992 ipsum
1028 1948 1202 1992 decipere.

206 2002 297 2037 Nam
325 2002 420 2047 quod
449 2000 599 2046 quisque
623 2000 716 2040 vult,
759 2000 853 2032 idem
887 1999 993 2032 etiam
1021 1999 1202 2043 opinatur.

205 2054 252 2087 At
270 2065 354 2086 vero
373 2053 468 2096 ipsae
485 2064 540 2085 res
559 2064 633 2084 non
651 2052 777 2084 eodem
793 2052 901 2084 modo
919 2063 1058 2095 semper
1079 2063 1114 2084 se
1140 2048 1202 2083 ha-

205 2106 302 2138 bent.
363 2104 481 2149 Quam
509 2104 554 2135 ob
578 2115 674 2142 rem,
708 2103 776 2135 viri
797 2100 1052 2142 Athenienses,
1087 2102 1202 2135 intue-

207 2157 295 2190 mini
312 2154 398 2189 haec
416 2168 457 2188 eo
477 2161 601 2199 pactu,
637 2166 708 2200 quo
723 2167 778 2188 res
795 2154 890 2198 ipsae
909 2155 1046 2193 serunt,
1082 2160 1117 2186 et
1139 2166 1203 2198 po-

208 2208 320 2241 teritis
345 2208 381 2240 in
407 2207 538 2240 bellum
565 2205 678 2245 exire,
723 2212 757 2238 et
787 2203 962 2238 habebitis
988 2206 1202 2239 mercedem.

207 2260 330 2305 Neque
353 2270 435 2292 vero
460 2257 675 2302 sapientium
702 2263 771 2297 est,
805 2269 921 2303 neque
947 2269 1202 2301 generosorum

207 2309 416 2349 hominum,
458 2322 538 2342 cum
573 2314 719 2353 propter
749 2309 937 2352 penuriam
969 2308 1202 2353 pecuniarum

208 2362 342 2407 aliquid
377 2363 420 2394 de
455 2361 547 2394 bello
581 2360 815 2400 remiserunt,
860 2366 966 2405 atque
1000 2360 1202 2394 omissiores

208 2413 290 2446 sacti
307 2420 407 2453 sunt,
428 2425 549 2458 ,aequo
567 2411 687 2444 animo
708 2412 814 2444 talem
840 2411 1076 2455 ignominiam
1101 2412 1203 2445 susti-

208 2476 305 2497 nere.
365 2463 412 2496 Et
435 2476 513 2497 cum
539 2470 662 2497 contra
688 2461 895 2497 Corinthios
918 2475 958 2496 ac
977 2463 1202 2506 Megarenses

209 2515 321 2559 raptis
340 2515 498 2548 celeriter
517 2516 625 2548 armis
644 2514 791 2559 profecti
809 2515 960 2554 suerint,
993 2512 1201 2559 Philippum

209 2578 306 2600 nunc
330 2566 422 2610 pati,
447 2566 666 2599 Graecorum
691 2567 795 2600 urbes
817 2566 853 2599 in
877 2566 1083 2600 servitutem
1110 2567 1202 2599 redi-

210 2630 310 2662 gere,
338 2629 376 2650 ea
395 2617 468 2651 sola
485 2618 528 2649 de
545 2629 646 2650 causa
660 2644 669 2657 ‚
695 2618 778 2663 quia
794 2618 929 2652 reditus
944 2630 1019 2651 non
1034 2615 1202 2658 habeant,

208 2670 305 2703 unde
322 2668 494 2702 militibus
510 2668 683 2713 stipendia
703 2669 919 2713 persolvant.
969 2669 1086 2714 Atque
1104 2666 1202 2709 haec,

209 2732 287 2754 non
300 2726 340 2754 ut
355 2720 569 2765 quibusdam
592 2726 748 2754 vestrum
775 2720 908 2755 invisus
933 2721 1033 2761 fiam,
1068 2726 1201 2753 temere

785 118 908 153 PHH..
941 116 1052 151 MEL.
1088 114 1289 150 SCRIPTA
1322 115 1665 174 PfflLoLOGICA.

2169 117 2242 153 756

1253 213 1292 234 ac
1319 201 1450 236 frustra
1480 202 1615 236 institui
1640 203 1767 236 dicere.
1836 201 1960 247 Neque
1992 203 2086 236 enim
2111 204 2159 236 ita
2184 205 2244 238 de·

1252 265 1373 293 mens,
1413 260 1474 287 aut
1498 254 1736 288 infortunatus
1760 253 1834 299 ipse
1860 266 1957 294 sum,
1999 260 2039 288 ut
2071 254 2245 288 invidiam

1253 304 1444 337 conciliare
1474 304 1563 338 mihi
1589 306 1748 350 cupiam,
1789 305 1849 339 ubi
1878 317 1934 338 me
1960 303 2050 338 nihil
2075 307 2243 350 prodesse

1254 367 1426 389 censeam.
1479 356 1546 390 Sed
1564 357 1717 391 officium
1739 357 1821 391 iusti
1848 368 1887 389 ac
1909 357 1994 389 boni
2019 357 2103 391 civis
2128 357 2245 391 existi-

1254 418 1334 445 mo,
1361 418 1482 440 rerum
1499 408 1668 448 salutem,
1695 409 1886 442 verborum
1906 408 2041 451 gratiae
2059 409 2246 443 anteferre.

1253 458 1343 492 Nam
1365 464 1399 491 et
1416 470 1494 497 eos,
1519 459 1581 504 qui
1605 460 1782 493 maiorum
1807 466 2013 493 nostrorum
2044 466 2158 493 aetate
2181 472 2247 504 pu-

1253 509 1342 542 blice
1358 509 1542 550 dicebant,
1571 523 1679 555 quos,
1707 511 1769 556 qui
1787 509 1855 545 huc
1873 512 2065 552 accedunt,
2097 511 2248 545 laudant

1255 560 1399 606 quidem
1418 573 1562 601 omnes,
1589 561 1777 595 imitantur
1800 568 1917 596 autem
1943 575 2092 607 parum,
2127 562 2248 604 audio,

1255 613 1559 657 quemadmodum
1577 612 1736 646 fortassis
1754 619 1789 646 et
1803 626 1878 652 vos,
1907 615 2031 647 eodem
2049 611 2118 647 hoc
2132 626 2247 655 more,

1257 665 1451 709 eademque
1486 664 1792 698 administrandae
1820 664 2035 708 reipublicae
2060 671 2248 699 consuetu-

1256 715 1337 747 dine
1354 727 1436 748 usos
1454 727 1538 749 esse.
1590 715 1782 749 Aristidem
1800 715 1900 748 illum
1919 716 1997 749 dico
2009 742 2018 756 ‚
2045 722 2079 749 et
2094 715 2248 756 Niciam,

1256 773 1290 799 et
1307 766 1368 812 qui
1384 764 1473 799 mihi
1490 766 1711 811 cognominis
1728 767 1806 807 suit,
1833 765 2113 800 Demosthenem
2129 774 2164 801 et
2179 767 2246 801 Pe-

1255 817 1390 851 riclem.
1463 818 1511 851 At
1542 830 1628 851 vero
1660 824 1849 863 postquam
1879 818 1966 850 novi
2000 818 2058 852 isti
2087 816 2248 852 rhetores

1256 869 1371 902 coorti
1386 875 1487 910 sunt,
1515 870 1577 916 qui
1590 870 1846 913 interrogando
1862 882 1925 903 vos
1942 875 2138 914 quaerunt,
2163 870 2250 915 quid

1255 920 1413 964 placeat,
1449 920 1534 965 quid
1558 921 1796 965 perscribant,
1833 933 1904 966 quo
1930 920 2031 954 vobis
2054 920 2252 964 gratIficen-

1256 977 1332 1010 tur,
1359 972 1524 1014 proditae
1540 978 1622 1005 sunt
1643 972 1823 1015 praesenti
1848 972 2025 1015 voluptati
2046 978 2079 1004 et
2103 972 2251 1016 gratiae,

1256 1034 1311 1055 res
1327 1022 1491 1056 civitatis.
1544 1022 1595 1055 Ac
1611 1023 1696 1055 talia
1716 1023 1860 1068 quidem
1879 1022 1928 1055 ita
1949 1023 2172 1066 contingunt,
2199 1029 2251 1056 at·

1257 1085 1324 1118 que
1342 1071 1471 1106 horum
1489 1086 1543 1107 res
1561 1086 1684 1107 omnes
1699 1072 1847 1118 pulchre
1865 1075 2085 1119 procedunt,
2111 1080 2250 1108 vestrae

1257 1131 1375 1158 autem
1401 1125 1438 1157 in
1463 1126 1617 1159 deterius
1641 1126 1891 1170 prolabuntur.
1950 1125 2063 1170 Atqui
2091 1125 2252 1159 conside-

1256 1182 1332 1209 rate
1344 1178 1368 1217 ,ἕ
1386 1176 1455 1209 viri
1472 1174 1727 1217 Athenienses,
1753 1184 1842 1223 quot
1858 1177 1994 1221 capita,
2029 1188 2164 1222 quaeve
2181 1176 2252 1210 dis-

1257 1227 1405 1260 crimina
1424 1228 1539 1261 dicere
1557 1229 1733 1274 quispiam
1750 1228 1881 1272 possit,
1915 1228 1945 1261 si
1970 1240 2010 1260 ea
2034 1240 2252 1261 commemo—

1256 1291 1337 1312 rare
1357 1284 1462 1324 atque
1481 1279 1574 1312 inter
1592 1292 1628 1313 se
1645 1280 1805 1312 conferre
1823 1279 1926 1318 velit,
1956 1290 2046 1324 quae
2065 1291 2084 1312 a
2103 1278 2251 1312 maiori-

1255 1330 1320 1363 bus
1344 1330 1468 1363 vestris
1492 1331 1585 1363 facta
1607 1337 1706 1370 sunt,
1742 1337 1776 1363 et
1800 1342 1890 1375 quae
1914 1336 2031 1363 vestra
2055 1336 2169 1363 aetate
2193 1342 2251 1374 ge-

1255 1387 1395 1414 runtur.
1456 1380 1506 1413 Ac
1532 1382 1650 1414 brevis
1675 1381 1819 1426 quidem
1847 1381 1964 1414 oratio
1991 1378 2098 1421 haec,
2133 1393 2250 1426 neque

1256 1432 1375 1474 ignota
1396 1431 1497 1465 vobis
1515 1432 1592 1465 erit.
1652 1430 1734 1465 Non
1761 1432 1855 1464 enim
1872 1430 1997 1464 alienis
2014 1438 2121 1476 atque
2139 1437 2253 1465 exter-

1255 1483 1310 1516 nis
1328 1483 1517 1527 exemplis,
1545 1483 1606 1516 sed
1633 1483 1835 1516 domesticis
1859 1494 1899 1516 ac
1922 1482 2079 1527 propriis
2103 1483 2250 1524 utendo,

1256 1533 1325 1566 viri
1343 1532 1596 1574 Athenienses,
1630 1534 1719 1567 bene
1739 1541 1845 1580 atque
1862 1534 2012 1568 feliciter
2027 1533 2129 1568 vobis
2146 1546 2250 1578 agere

1255 1585 1385 1618 licebit.
1436 1584 1491 1618 Illi
1507 1586 1634 1629 igitur,
1662 1586 1816 1619 maiores
1838 1585 1966 1626 vestri,
1993 1598 2145 1631 quorum
2171 1597 2250 1630 gra-

1255 1636 1344 1670 tiam
1359 1637 1498 1670 nonita
1517 1638 1708 1682 captabant
1723 1638 1898 1678 dicentes,
1932 1649 2047 1683 neque
2074 1637 2169 1681 ipsos
2191 1649 2251 1670 eo-

1256 1690 1337 1721 dem
1368 1689 1499 1729 modo,
1541 1702 1612 1734 quo
1644 1702 1726 1729 vos,
1769 1689 1950 1722 amabant.
2010 1687 2065 1721 llli
2091 1689 2163 1721 iam
2186 1700 2252 1732 per

1256 1741 1415 1786 quinque
1436 1747 1470 1774 et
1493 1741 1731 1786 quadraginta
1758 1753 1892 1781 annos,
1928 1740 2074 1773 caeteris
2092 1739 2251 1780 Graecis,

1255 1798 1290 1825 et
1308 1792 1452 1838 quidem
1470 1792 1671 1826 volentibus
1688 1792 1934 1837 imperarunt,
1960 1792 2112 1836 amplius
2130 1797 2251 1825 antem

1256 1855 1363 1889 quam
1391 1844 1487 1877 mille
1515 1844 1648 1876 talenta
1673 1844 1709 1876 in
1733 1856 1851 1877 arcem
1877 1849 1983 1888 atque
2006 1842 2044 1875 in
2069 1842 2250 1876 aerarium

1255 1895 1465 1929 retulerunt.
1517 1895 1673 1928 Patebat
1692 1894 1895 1929 autemillis
1917 1900 1993 1927 tum
2018 1906 2098 1934 rex,
2134 1894 2162 1927 is
2188 1893 2251 1939 qui

1255 1944 1348 1979 hauc
1371 1947 1515 1980 tenebat
1538 1953 1690 1986 terram,
1734 1946 1882 1991 perinde
1907 1951 1948 1978 ut
1970 1951 2250 1979 consentaneum

1257 2004 1326 2038 est,
1353 1999 1547 2032 barbarum
1565 1998 1728 2038 Graecis,
1756 1998 1939 2042 multaque
1959 1996 2068 2029 iidem
2091 2003 2126 2030 et
2147 2009 2250 2041 prae-

1256 2050 1349 2082 clara
1368 2048 1539 2095 trophaea
1553 2076 1562 2090 ,
1590 2057 1683 2083 terra
1700 2049 1864 2094 marique
1879 2049 2073 2093 pugnando
2085 2075 2095 2089 ,
2121 2054 2252 2082 statue-

1256 2108 1340 2134 runt
1368 2101 1434 2146 ipsi
1453 2101 1666 2141 militantes,
1695 2100 1831 2146 solique
1852 2098 2062 2140 hominum,
2096 2099 2248 2143 gloriam

1256 2153 1387 2186 virtute
1407 2165 1447 2186 ac
1463 2153 1567 2187 rebus
1585 2152 1688 2197 gestis
1705 2159 1865 2196 partam,
1899 2151 2122 2196 superiorem
2148 2150 2249 2184 omni

1256 2204 1390 2237 invidia
1411 2205 1643 2250 reliquerunt.
1703 2204 1753 2237 Ac
1770 2204 1856 2237 tales
1874 2203 2019 2248 quidem
2036 2202 2088 2235 illi
2104 2202 2192 2236 foris
2207 2214 2248 2235 ac

1256 2256 1395 2300 publice
1424 2257 1461 2288 in
1494 2256 1598 2289 rebus
1628 2254 1736 2288 totius
1759 2255 1929 2288 Graeciae
1955 2253 2247 2288 administrandis

1257 2320 1329 2341 sese
1355 2308 1535 2352 gerebant.
1597 2306 1706 2339 Domi
1731 2313 1850 2339 autem
1874 2312 1907 2339 et
1930 2306 1968 2338 in
1992 2305 2052 2345 iis,
2088 2317 2180 2350 quae
2202 2305 2248 2338 ad

1256 2359 1369 2404 ipsam
1386 2359 1565 2393 civitatem
1582 2358 1826 2403 pertinebant,
1853 2357 1969 2391 videte
1987 2369 2132 2402 quaeSO,
2160 2368 2247 2402 qua-

1256 2412 1305 2444 les
1323 2424 1402 2445 cum
1422 2410 1571 2455 publicis
1597 2410 1631 2443 in
1652 2410 1776 2449 rebus,
1813 2416 1888 2442 tum
1913 2408 2061 2453 privatis
2086 2407 2248 2452 gerendis

1256 2475 1328 2497 sese
1346 2462 1586 2507 praebuerint.
1639 2461 1731 2496 Nam
1750 2460 1888 2505 publice
1906 2460 2048 2506 quidem
2073 2458 2245 2499 aedificia,

1257 2521 1363 2560 atque
1383 2520 1592 2547 ornamenta
1613 2513 1696 2546 talia
1713 2525 1752 2545 ac
1770 2518 1869 2545 tanta
1885 2511 2119 2555 templorum,
2154 2516 2188 2542 et
2204 2509 2244 2542 in

1255 2566 1297 2599 iis
1339 2566 1445 2599 etiam
1483 2564 1718 2598 donariorum
1754 2564 1857 2597 nobis
1887 2567 2158 2606 compararunt,
2204 2566 2246 2594 ut

1255 2617 1344 2650 nulli
1375 2623 1599 2661 posterorum
1627 2617 1839 2662 quicquam,
1875 2626 1946 2659 quo
1972 2613 2050 2646 illos
2075 2623 2245 2656 superare

1256 2668 1383 2713 possit,
1419 2667 1581 2701 relictum
1605 2668 1660 2701 sit.
1720 2665 1893 2700 Privatim
1919 2671 2036 2698 autem
2062 2663 2169 2696 iidem
2194 2663 2245 2696 ita

1255 2719 1406 2753 modesti
1430 2732 1469 2753 ac
1492 2726 1729 2763 temperantes
1753 2724 1875 2758 erant,
1916 2716 2034 2762 itaque
2060 2715 2154 2748 intra
2175 2713 2245 2747 rei-
