2294 2975
77 152 149 188 185
202 153 323 188 XXlli.

178 237 208 283 ἓ.
227 240 260 274 1,
301 242 417 274 Omnis·
442 252 536 273 umor·
557 237 654 286 tuns]
680 238 897 281 Exordium,
940 241 1064 275 laudat

75 290 228 324 officium
256 303 295 323 ac
312 291 457 323 litteras.

175 339 204 385 ξ.
223 344 257 377 2.
285 343 472 375 Habuimus
497 339 608 388 enim]
642 341 863 387 Querelass).
943 345 1063 376 Tecum

70 391 440 439 vivere]Exaggeratio
457 404 519 436 per
539 392 845 426 distributionem:
869 394 940 427 Nec
958 394 1061 426 amici

70 443 189 476 levant
212 443 343 476 luctum
355 470 364 483 ,
392 456 456 476 nec
471 444 588 476 forum
601 470 610 482 ,
639 456 702 476 nec
718 444 867 478 litterae.

171 492 202 537 ξ.
218 493 252 527 4.
279 496 346 528 Hic
369 500 405 528 tu
426 508 464 528 ea
479 493 584 537 mem)
610 493 794 538 Epilogus.

67 543 276 591 litter-[⁸⁴5]
306 545 508 585 Cori-ectio,
537 546 579 577 de
596 545 733 579 litteris.

171 594 200 638 ᾗ.
216 594 250 629 5.
282 597 375 636 Quod
395 599 426 630 si
444 599 480 630 id
494 598 689 641 eyissemus]
713 596 919 630 Conclusio:
948 596 1057 629 Dein-

67 656 146 689 ceps
174 658 244 679 una
268 659 388 680 simus.

871 497 988 541 Itaque
1011 497 1061 529 sic

288 731 424 765 Aliud
453 738 763 775 argumentum
777 731 836 778 45).

163 799 403 844 Responsoria
435 807 486 834 est
513 801 557 833 ad
578 802 846 844 praecedentem
866 800 1052 844 epistolam

60 849 221 891 Lucceii,
250 864 268 884 a
286 865 356 897 quo
374 852 542 885 invitatus
567 858 661 890 erat,
688 858 726 884 ut
748 852 785 883 in
809 852 932 884 urbem
961 850 1053 883 redi-

60 908 127 941 ret,
150 902 269 947 ibique
293 909 452 936 uteretur
469 903 722 935 consuetudine
739 903 947 935 amicorum.
983 901 1051 934 Re-

60 954 212 996 spondet
234 960 371 993 autem,
404 966 439 986 se
461 953 540 986 ideo
566 953 715 985 libenter
741 965 812 986 esse
831 953 925 992 ruri,
954 954 1048 997 quod

60 1003 98 1036 in
116 1004 202 1037 urbe
225 1005 321 1037 nulla
341 1004 516 1048 praesidia
535 1003 681 1044 sentiat,
709 1005 836 1050 quibus
861 1004 964 1037 dolor
985 1004 1050 1035 mi-

58 1054 121 1087 nui
144 1055 266 1098 possit.
319 1055 515 1088 Exordium
540 1062 721 1099 sumptum
747 1062 797 1089 est
823 1068 842 1088 a
869 1067 1050 1088 commen-

58 1105 202 1138 datione
228 1106 428 1139 litterarum
453 1106 612 1144 Lucceii,
640 1106 678 1138 in
705 1106 831 1150 quibus
853 1107 973 1139 laudat
999 1106 1049 1138 os-

58 1156 187 1190 ficium.
240 1157 410 1201 Sequitur
433 1156 652 1200 propositiO,
688 1158 785 1200 quod
810 1158 905 1189 nulla
930 1156 1048 1188 videat

57 1207 215 1240 remedia
247 1207 393 1241 doloris.
459 1207 567 1239 Ratio
599 1206 856 1250 propositionis
890 1206 1047 1238 continet

58 1259 260 1303 querelam,
300 1271 391 1303 quae
419 1264 470 1291 est
500 1257 713 1302 ampIIficata
738 1270 802 1301 per
827 1257 1046 1290 distributio-

55 1321 150 1343 nem.
201 1308 383 1349 Primum,
412 1309 508 1354 quod
527 1308 652 1346 amici,
681 1320 834 1353 quorum
860 1314 1045 1341 consuetu-

57 1361 102 1393 do
125 1360 279 1393 iucunda
302 1360 441 1400 suisset,
467 1359 599 1404 partim
624 1358 888 1403 perierintffia),
913 1359 1043 1403 partim

57 1423 93 1444 se
113 1411 360 1456 negligant‘ffi).
388 1410 524 1444 Deinde
533 1409 675 1444 Lucceii
691 1410 945 1444 consuetudine
964 1409 1045 1442 licet

56 1460 148 1495 nihil
175 1474 246 1496 esse
272 1462 423 1505 gratius,
457 1469 576 1495 tamen
602 1473 642 1495 ea
665 1458 835 1495 hactenus
858 1462 930 1494 sato
956 1473 1044 1506 quo-

56 1513 139 1546 dam
164 1525 238 1545 non
261 1513 399 1547 licuisse
417 1513 500 1547 frui.
552 1514 739 1547 Postremo
765 1524 839 1546 non
863 1513 900 1545 in
918 1512 1043 1545 litteris

55 1564 198 1609 quidem
232 1576 304 1597 esse
332 1564 486 1608 positum
519 1565 686 1598 solatium
718 1564 863 1609 aliquod
896 1564 1042 1603 doloris,

53 1627 144 1660 quae
160 1615 277 1659 potius
292 1615 362 1648 iam
381 1616 594 1660 exprobrent
607 1614 700 1649 hanc
716 1615 826 1648 animi
844 1615 1041 1648 mollitiem.

51 1664 93 1699 In
115 1666 203 1699 urbe
228 1678 313 1698 vero
339 1667 558 1700 uberrimam
588 1678 660 1701 esse
696 1667 884 1699 materiam
917 1667 1040 1699 luctus.

52 1716 94 1750 In
117 1716 342 1750 conclusione
366 1717 529 1761 exponit,
558 1719 643 1763 quid
669 1718 891 1750 constituerit
912 1718 1040 1756 facere,

52 1768 216 1801 videlicet
243 1769 338 1813 quod
356 1768 431 1801 ruri
447 1769 532 1801 velit
548 1770 665 1801 vivere
682 1768 775 1801 inter
794 1769 941 1807 litteras,
966 1781 1038 1801 non

52 1826 92 1853 ut
117 1819 259 1852 illarum
292 1819 502 1853 tractatione
534 1820 693 1853 dolorem
720 1820 859 1863 penitus
886 1820 1039 1859 abiiciat,

54 1871 114 1905 sed
139 1870 272 1904 sobriet
292 1868 470 1904 nonnihil.

290 1961 426 1995 Aliud
463 1966 794 2004 argumentum.

161 2029 253 2063 Tota
281 2035 332 2063 est
362 2028 589 2073 responsoria
621 2028 665 2060 ad
698 2027 883 2071 ep1stolam
918 2027 1037 2071 proxi-

48 2092 144 2114 mam
163 2080 321 2120 Lucceii,
349 2080 386 2113 in
409 2093 476 2126 qua
504 2079 657 2112 ostendit
674 2080 827 2123 quadam
853 2090 1037 2111 enumera-

48 2133 166 2172 tione,
198 2133 235 2165 in
260 2138 393 2177 quanto
418 2131 462 2165 sit
487 2131 600 2169 luctu,
637 2142 740 2175 quem
774 2142 889 2175 neque
920 2130 1037 2169 amici,

48 2196 162 2229 neque
187 2184 300 2216 studia
326 2183 516 2215 admodum
540 2183 656 2214 levare
681 2188 839 2224 possunt.
887 2181 1037 2214 Orditur

48 2241 166 2268 autem
193 2248 209 2266 a
228 2233 520 2278 comprobatione
539 2233 755 2271 litterarum,
780 2232 816 2265 in
833 2232 960 2277 quibus
984 2232 1037 2264 in-

48 2285 174 2331 primis
191 2286 313 2318 laudat
330 2285 482 2319 officium
499 2284 535 2317 in
555 2283 784 2317 consolando.
830 2283 1035 2328 Propositio

82 2406 132 2434 42)
151 2405 225 2429 naec
242 2405 308 2428 nota
321 2404 348 2427 et
362 2409 479 2433 sequens
493 2401 520 2425 in
534 2401 618 2426 Editt.
634 2401 719 2431 1545„
740 2400 814 2424 1560.
833 2401 897 2423 sunt
910 2398 1036 2423 omissae.

80 2449 129 2477 43)
148 2448 202 2472 Pro
220 2447 262 2470 his
281 2446 336 2471 Cic.
355 2446 450 2469 verbis
468 2445 496 2469 in
514 2445 611 2468 iisdem
629 2444 645 2467 2
662 2444 745 2467 Editt.
775 2443 835 2467 hnic
853 2444 935 2466 notae
953 2447 1036 2472 prae-

116 2484 171 2507 fixa
189 2484 253 2505 sunt
271 2480 474 2505 antecedentia:
493 2480 569 2509 Quid
581 2480 655 2503 enim
673 2478 757 2502 aliud
773 2478 882 2509 facere.

81 2527 130 2555 44)
148 2527 180 2550 In
199 2525 292 2548 iisdem
310 2525 326 2548 2
339 2524 418 2547 Editt.
437 2522 498 2546 huic
515 2524 596 2546 notae
613 2521 754 2551 adscripta
772 2522 837 2544 suut
857 2521 939 2544 verba
954 2520 1036 2543 ante-

116 2561 190 2585 ced.:
209 2561 264 2584 Hic
281 2561 314 2583 tu
333 2566 365 2582 ea
384 2564 436 2582 me.

82 2601 129 2634 45)
148 2602 206 2626 Hoc
224 2601 413 2631 argumentum
434 2599 461 2622 et
485 2598 536 2622 duo
554 2597 696 2628 sequentia
712 2597 746 2620 ab
762 2595 846 2620 Editt.
864 2595 951 2625 1556„
970 2594 1038 2618 1565

116 2636 235 2661 -1596,
258 2635 428 2658 exhibentur.

82 2679 150 2707 452)
169 2677 316 2709 perierint]
337 2676 403 2700 illae
421 2674 503 2698 Editt.
521 2674 669 2703 perierunt.

84 2723 132 2750 46)
149 2721 306 2752 negligant]
326 2719 366 2742 sic
383 2718 433 2741 Ed.
451 2717 545 2748 1556.;
568 2716 652 2740 Edjtt.
672 2715 761 2747 1565„
780 2715 856 2742 1569.
875 2713 1036 2746 negligent;

117 2756 166 2780 Ed.
186 2755 260 2779 15³2.
280 2753 433 2784 negligunt.

375 152 683 188 ARGUMENTA
708 153 775 187 ET
801 154 1003 189 SCHOLIA
1030 154 1077 189 IN
1103 155 1250 191 EPIST.
1277 156 1390 190 FAM.
1419 155 1503 191 CIC.
1530 157 1618 192 ΠΒ.
1635 158 1677 193 V.
1705 158 1986 194 EP.14.15.16.

2044 161 2114 195 186

1123 248 1172 275 est
1190 242 1230 274 de
1251 242 1496 286 magnitudine
1516 244 1747 287 aegritudinis
1766 245 1887 283 animi,
1907 245 2005 277 cuius
2016 246 2111 278 nulla

1119 294 1274 326 remedia
1294 294 1479 334 videntur,
1508 307 1615 339 quam
1641 295 1792 339 explicat
1810 297 1950 340 querela
1974 296 2112 339 longio-

1117 344 1165 383 ri,
1205 357 1294 389 quae
1331 351 1467 379 constat
1501 346 1749 379 distributione
1780 347 1821 378 de
1855 348 2109 380 consuetudine

1116 395 1333 436 amicorum,
1358 398 1400 430 de
1424 397 1521 436 sorO,
1551 404 1582 430 et
1601 399 1642 430 de
1661 397 1805 436 litteris,
1835 409 1875 430 ex
1892 398 2018 442 quibus
2036 398 2107 430 iam

1114 447 1248 479 nullam
1268 447 1416 492 accipiat
1442 449 1733 482 consolationem.
1799 447 1839 480 ln
1871 446 1936 480 hac
1963 449 2104 493 querela

1114 497 1252 541 elegans
1286 505 1336 531 est
1369 500 1628 543 prosopopoeia
1657 500 1856 532 litterarum
1887 512 1947 532 seu
1971 499 2105 532 studio-

1112 560 1211 587 rum,
1241 561 1330 593 quae
1355 548 1443 582 nillil
1469 551 1696 583 consolentur
1721 550 1880 583 animum
1907 555 2104 594 aegrotum,

1111 600 1170 631 sed
1205 600 1420 643 exprobrent
1451 601 1635 633 consilium
1671 601 1837 634 manendi
1870 601 1906 633 in
1945 614 1983 633 ea
2018 600 2104 639 vita,

1111 662 1200 693 quae
1223 648 1311 683 nihil
1335 651 1403 684 nisi
1429 652 1586 684 miserias
1611 650 1749 685 habeat.
1813 652 2001 685 Conclusio
2031 651 2104 695 pri-

1109 713 1206 733 mum
1238 701 1394 734 continet
1418 702 1712 745 significationem
1737 703 1791 736 sui
1821 703 1978 742 consilii,
2015 702 2100 747 quid

1107 751 1221 783 facere
1247 753 1487 792 constituerit,
1531 753 1692 786 videlicet
1727 755 1821 798 quod
1852 753 1978 786 litteris
2015 753 2100 785 x‘elit

1107 801 1331 842 incumbere,
1375 816 1414 835 ex
1442 804 1568 849 quibus
1594 811 1688 847 petat
1715 802 1803 836 nihil
1837 805 1952 843 aliud,
1989 816 2095 849 quam

1107 852 1262 898 aliquam
1295 854 1511 887 oblivionem
1537 855 1682 888 doloris.
1743 855 1879 887 Deinde
1904 861 2025 887 monet
2054 856 2096 887 de

1105 915 1164 936 sua
1199 917 1276 948 spe,
1312 906 1408 951 quod
1442 907 1601 939 futurum
1635 906 1799 949 deinceps
1831 905 2023 944 existimet,
2059 912 2097 938 ut

1105 967 1173 987 una
1200 967 1270 988 esse
1296 956 1451 1000 possint,
1486 964 1518 990 et
1547 957 1616 990 frui
1647 957 1707 990 illa
1735 956 1987 990 iucundissima
2014 968 2096 988 con-

1104 1006 1300 1040 suetudine.

1350 1091 1486 1124 Aliud
1515 1098 1840 1136 argumentum.

1201 1159 1397 1192 Exordium
1441 1157 1547 1192 habet
1583 1160 1699 1192 locum
1744 1159 2012 1192 benevolentiae
2053 1171 2093 1191 ex

1101 1210 1411 1243 commendatione
1435 1211 1555 1254 scripti
1570 1209 1722 1244 Lucceii.
1777 1210 1944 1255 Sequitur
1961 1222 2092 1253 propo—

1099 1258 1198 1291 sitio:
1227 1258 1325 1292 Nihil
1342 1267 1391 1294 est
1414 1260 1566 1300 mirum,
1593 1261 1622 1294 si
1648 1262 1808 1300 doleam,
1838 1268 1872 1293 et
1888 1261 2012 1305 procul
2030 1261 2089 1292 ab·

1099 1309 1164 1341 sim
1192 1310 1234 1341 ab
1262 1311 1360 1344 urbe.
1427 1311 1557 1343 Addita
1583 1318 1633 1344 est
1662 1312 1857 1344 confutatio
1889 1311 2090 1354 argumenti

1098 1359 1255 1393 Lucceii:
1284 1361 1372 1401 Hoc,
1400 1362 1550 1407 quod⁴³)
1570 1369 1606 1396 tu
1627 1363 1823 1401 existimas,
1851 1374 1925 1395 non
1943 1368 1992 1395 est
2009 1374 2089 1394 cau·

1097 1423 1133 1444 sa
1158 1412 1340 1455 potissima
1367 1413 1528 1446 tristitiae
1552 1426 1591 1446 ac
1615 1414 1758 1447 doloris.
1812 1413 1904 1447 Nam
1931 1413 2010 1446 ideo
2039 1412 2087 1445 sic

1098 1462 1220 1503 doleo,
1256 1465 1352 1509 quod
1376 1465 1511 1497 nullum
1536 1478 1681 1509 prorsus
1702 1465 1899 1498 remedium
1923 1464 2086 1497 tristitiae

1097 1514 1273 1559 reliquum
1306 1528 1379 1549 esse
1414 1516 1573 1555 videam,
1620 1516 1748 1549 sublati
1780 1522 1861 1549 sunt
1891 1514 2085 1548 fidelissimi

1097 1565 1221 1605 amici,
1246 1573 1386 1600 mortua
1412 1574 1461 1600 cst
1486 1567 1555 1600 filia
1582 1567 1725 1600 unicum
1747 1567 1924 1600 solatium.
1977 1566 2083 1599 Nulla

1095 1629 1172 1660 spes
1190 1623 1239 1650 est
1258 1618 1394 1663 reliqua
1415 1619 1456 1650 de
1481 1619 1591 1651 salute
1617 1618 1765 1662 patriae.
1822 1617 1985 1662 Denique
2009 1617 2082 1660 ipsa

1094 1668 1292 1701 litterarum
1314 1669 1418 1701 lectio
1441 1667 1530 1702 nihil
1547 1682 1601 1702 me
1626 1670 1840 1702 consolatur.
1893 1667 2081 1700 Interserta

1095 1726 1144 1752 est
1169 1720 1372 1764 occupatio:
1407 1720 1452 1753 Et
1473 1727 1587 1754 tecum
1613 1721 1764 1754 libenter
1787 1721 1963 1759 viverem,
1998 1719 2027 1752 si
2049 1718 2084 1750 id

1093 1771 1168 1802 fieri
1196 1777 1324 1814 posset.
1393 1772 1581 1805 Conclusio
1611 1769 1717 1805 habet
1740 1773 1882 1804 brevem
1910 1770 2083 1813 significa-

1093 1822 1225 1854 tionem
1251 1834 1397 1855 suorum
1422 1823 1622 1856 studiorum
1653 1829 1686 1856 et
1716 1823 2011 1867 pollicitationem
2040 1821 2082 1853 de

1093 1884 1155 1905 suo
1186 1873 1352 1907 adventu.

1141 1972 1462 2016 Argumentum
1498 1978 1540 2005 et
1574 1970 1750 2005 scholia
1785 1974 1830 2005 in
1857 1973 2031 2017 episto-

1451 2023 1489 2055 la
1501 2035 1536 2055 m
1564 2022 1654 2057 XVI.
1665 2022 1724 2068 ⁴⁸).

1190 2097 1388 2131 Exordium
1412 2098 1552 2131 ducitur
1579 2111 1597 2131 a
1623 2099 1847 2138 difficultate,
1882 2105 1915 2131 et
1940 2097 2078 2132 subiici—

1091 2157 1148 2183 tur
1167 2156 1248 2194 apta
1268 2149 1460 2189 correctio,
1489 2162 1578 2195 quae
1603 2150 1761 2182 continet
1783 2149 2078 2194 propositionem,

1091 2201 1251 2234 videlicet
1271 2201 1367 2246 quod
1386 2201 1580 2244 scripturus
1594 2201 1638 2234 sit
1664 2202 1844 2246 quandam
1867 2201 2079 2233 consolatio-

1089 2265 1182 2286 nem.
1251 2252 1457 2297 Sequuntur
1481 2258 1702 2296 argumenta.
1766 2252 1927 2285 Primum
1955 2264 1974 2283 a
1998 2251 2076 2283 loco

1089 2303 1289 2343 communi,
1317 2304 1358 2336 de
1376 2302 1579 2336 conditione
1594 2302 1832 2336 mortalitatis.
1875 2302 2075 2335 Secundum

1089 2355 1163 2402 214⁹)
1182 2354 1331 2388 miseriis
1353 2354 1586 2398 reipublicae,
1620 2354 1781 2386 videlicet
1804 2354 1893 2386 bene
1919 2366 1997 2386 cum
2022 2351 2076 2385 his

1089 2407 1163 2451 agi,
1191 2405 1252 2451 qui
1269 2405 1470 2450 eripiuntur
1493 2405 1642 2449 publicis
1666 2404 1936 2438 calamitatibus.
1989 2403 2075 2436 Ter—

1119 2541 1167 2569 4⁷)
1187 2539 1258 2570 quod
1274 2539 1318 2567 tu]
1338 2537 1378 2562 sic
1397 2537 1480 2563 Editt.
1499 2537 1591 2566 1556.,
1613 2537 1704 2568 1565.;
1743 2536 1827 2560 mitt.
1848 2536 1935 2567 1569„
1954 2536 2028 2562 1592.
2046 2537 2075 2560 tu

1156 2574 1234 2606 quod.

1120 2625 1168 2653 48)
1187 2624 1278 2653 xvi]
1296 2623 1337 2646 sie
1355 2623 1402 2646 Ed.
1425 2621 1499 2645 ¹560.
1519 2622 1547 2645 et
1564 2620 1613 2645 Ed.
1633 2621 1736 2652 oreu.;

1156 2660 1247 2689 1554..
1277 2658 1366 2687 1556.,
1393 2656 1483 2687 1557.‚
1510 2656 1719 2681 1565—1596.=

1155 2694 1241 2724 1546,
1261 2693 1356 2716 mor:
1375 2690 1440 2718 23.)-

1117 2745 1166 2774 49)
1184 2745 1214 2773 a]
1235 2744 1260 2766 in
1279 2742 1328 2766 Ed.
1349 2741 1422 2765 1546.
1443 2740 1530 2764 deest.

1775 2620 1859 2646 Editt.
1880 2620 1966 2651 1540„
1986 2621 2072 2651 1544,

1754 2655 1844 2681 xvu.
1868 2655 1966 2685 (Editt.
1987 2656 2073 2685 1545„
