2294 2975
2105 54 2117 64 κ

102 132 177 168 235
683 124 804 160 PmL.
838 121 950 156 MEL.
985 119 1185 154 SCRIPTA
1221 119 1557 157 PHILOLOGICA.
2062 125 2136 161 236

101 218 238 249 Deinde
272 214 430 259 sequitur
460 212 676 256 propositio,
710 222 799 255 quae
826 215 872 240 est
901 206 1090 250 applicatio

102 266 355 300 consolationis
374 278 389 295 a
418 277 481 297 suo
510 263 669 305 exemplo
695 272 799 303 supra
828 259 861 289 in
886 257 1090 289 narratione

104 318 293 351 institui..‹=.
340 315 468 360 Estque
486 313 570 346 llaec
591 310 802 355 propositio:
828 308 961 341 Eodem
984 309 1090 339 niodo

105 376 140 401 tu
159 380 300 413 quoque
319 374 350 398 te
369 365 544 398 consolari
567 363 682 395 debes.
744 360 785 392 Et
809 359 904 391 addit
930 358 1091 403 proposi-

107 420 193 452 tioni
212 419 327 451 locum
356 427 578 449 communem
605 414 646 444 dc
673 411 887 444 conscicntia
914 416 1089 442 rectorum

106 470 334 503 ronsiliorum
354 475 385 499 et
405 468 590 499 factorum.
645 462 683 495 ln
709 463 775 494 line
800 462 911 494 desert
938 461 1089 493 osticium

104 535 218 556 suunt.

349 617 485 652 Aliud
512 622 838 661 argumentum.

204 695 386 729 Posterior
417 692 525 726 hahet
555 693 753 736 longiorem
799 691 1090 724 consolationem.

104 748 189 780 Eam
208 746 346 779 orditur
364 758 381 777 a
399 745 605 777 narratione
627 743 764 776 consilii
789 749 822 775 et
840 741 1090 786 praedictionis

103 800 143 831 de
170 797 343 842 praesenti
366 796 458 828 hello
483 795 597 834 civili,
637 794 758 827 addito
785 794 911 831 modo,
954 805 1023 837 quo
1056 804 1090 825 se

104 850 216 893 ipsum
234 848 447 881 consolatur.
484 846 610 879 Postea
631 845 688 877 illa
708 844 826 877 omnia
846 844 1092 876 accommodat

102 901 144 932 ad
167 900 340 937 amicum,
370 910 521 942 eumque
539 896 743 929 consolatur
764 901 973 937 argumento
992 906 1091 938 prae-

102 951 206 994 cipuo
225 962 242 982 a
262 948 473 982 conscientia
495 955 671 980 rectorum
693 946 942 985 consiliorum,
971 945 1090 977 addito

103 1009 187 1034 voto
203 1002 246 1033 de
267 1007 386 1033 mutua
408 999 673 1032 consuetudine.
723 996 762 1030 ln
778 998 846 1030 fine
862 997 973 1029 defert
988 1008 1091 1029 suum

102 1052 268 1086 officium.

353 1141 488 1174 Aliud
513 1145 836 1184 argumentum.

201 1219 369 1255 Narratio
395 1224 465 1257 est,
509 1217 544 1249 in
567 1229 636 1262 qua
664 1222 920 1249 commemorat
946 1215 1090 1248 consilia

102 1274 137 1305 in
153 1273 246 1305 bello
265 1270 508 1313 suscipiendo,
537 1268 664 1313 quibus
681 1267 846 1300 Toranus
869 1279 954 1310 prae
980 1273 1092 1299 caete-

101 1324 149 1357 ris
177 1334 336 1356 assensus
357 1320 474 1353 suerit.
542 1318 649 1351 Addit
676 1324 856 1362 praeterea
897 1317 1091 1350 concessio-

102 1387 182 1407 nem
195 1401 203 1413 ,
229 1386 263 1406 se
281 1372 442 1404 timidum
462 1370 632 1407 extitisse,
661 1382 768 1414 quam
786 1368 999 1402 sententiam
1016 1380 1091 1400 cor-

102 1426 183 1468 rigit
200 1423 328 1456 additis
346 1422 543 1455 rationibus
566 1433 601 1454 se
629 1418 696 1452 hoc
723 1426 883 1463 tempore
907 1417 995 1451 nihil
1018 1431 1091 1451 ma-

102 1477 152 1519 gis
177 1476 312 1508 timere.
372 1473 422 1505 Ex
448 1472 654 1504 narratione
678 1470 785 1503 sumit
808 1470 1089 1513 propositionem

102 1525 389 1559 consolatoriam.
456 1522 561 1554 Ratio
588 1520 842 1565 propositionis
865 1521 969 1553 ducta
997 1527 1047 1553 est
1072 1533 1090 1552 a

103 1577 315 1611 conscientia
340 1580 432 1607 recte
459 1574 653 1610 sactorum,
692 1571 812 1604 addito
837 1577 1047 1615 argumento
1073 1584 1089 1603 a

104 1636 198 1662 voto.
254 1626 291 1659 ln
308 1627 376 1659 {ine
393 1631 443 1658 est
459 1624 607 1668 simplex
625 1622 833 1666 pollicitatio
852 1623 905 1656 sui
924 1623 1040 1655 officii.

321 1728 451 1760 Aliud
481 1732 800 1769 argumentum
817 1725 874 1771 ⁵⁴).

204 1801 451 1836 Consolatoria
477 1808 526 1835 est
551 1801 710 1844 epistola.
780 1800 930 1832 Orditur
956 1812 972 1831 a
997 1811 1091 1831 com—

100 1854 360 1888 memoratione
385 1852 614 1886 eonsiliorum
633 1850 771 1883 Torani
796 1857 828 1883 et
849 1863 993 1884 suorum
1008 1877 1016 1889 ,
1053 1862 1091 1881 ac

101 1911 378 1943 commemorat,
407 1904 588 1949 quomodo
606 1903 711 1935 ambo
731 1902 825 1934 idem
849 1900 1091 1945 praeviderint

100 1958 142 1990 de
169 1955 235 1989 hoc
260 1956 372 1994 bello,
408 1967 447 1987 ac
473 1953 657 1988 senserint.
718 1952 855 1985 Deinde
875 1953 1028 1997 applicat
1047 1952 1090 1983 ad

101 2007 400 2041 consolationem:
442 2005 534 2049 Quia
564 2004 777 2038 conscientia
801 2010 895 2036 recta
923 2014 1089 2047 magnam

100 2060 171 2091 vim
206 2057 314 2091 habet
345 2058 389 2089 ad
421 2056 689 2089 consolandum.
757 2054 880 2088 Cicero
910 2054 1091 2098 spectabat

101 2109 255 2153 opprimi
273 2107 549 2152 rempublicam,
581 2106 783 2151 quicunque
807 2106 982 2144 vinceret,
1010 2105 1092 2137 licet

101 2160 364 2193 conditionibus
382 2170 503 2202 pacem
523 2159 678 2190 facerent
695 2157 885 2190 interdum.

150 2279 473 2321 Argumentum
502 2282 541 2308 et
574 2272 748 2308 scholia
784 2274 827 2306 in
864 2275 1039 2318 episto-

463 2328 505 2360 la
518 2339 550 2359 in
579 2324 684 2359 XXII.

202 2411 416 2451 Consilium,
444 2424 487 2445 ne
508 2410 686 2444 Domitius
705 2410 748 2442 ad
775 2421 871 2442 arma
895 2409 1009 2442 civilia
1038 2422 1091 2443 re-

101 2462 247 2506 dent-⁵⁵).

134 2596 184 2622 54)
203 2595 262 2618 Eoi:
279 2596 470 2625 argumentum
488 2596 587 2619 habent
607 2596 686 2619 Editt.
706 2595 895 2622 1565—1596.

134 2645 184 2672 55)
205 2644 273 2668 Huic
287 2646 448 2675 argumento
463 2646 488 2668 in
501 2646 580 2670 Editt.
599 2647 683 2674 1540..
698 2647 784 2677 ¹544„
803 2647 888 2677 ¹545..
903 2647 989 2679 1554,
1006 2647 1090 2677 1557..

172 2679 248 2702 1560.
269 2680 390 2708 praefixa
407 2681 470 2702 sunt
485 2680 538 2704 Cic.
559 2681 642 2703 verba
661 2679 701 2712 (§.
719 2682 770 2711 1.):
791 2681 856 2706 Non
873 2688 908 2706 ea
925 2688 982 2713 res,
1002 2688 1091 2713 quon-

173 2713 227 2736 iam
247 2713 274 2737 in
293 2714 340 2738 Ed.
365 2714 439 2738 1537.
459 2714 501 2737 his
521 2714 545 2737 iu
566 2715 688 2745 margine
707 2717 748 2739 est
765 2717 926 2747 appositum.

1247 204 1276 248 ξ.
1303 207 1334 238 1.
1370 210 1443 241 Non
1467 221 1505 242 ea
1530 208 1666 256 res⁵⁶)]
1701 207 1901 243 Exordium
1924 208 1968 241 ab
1994 221 2134 243 excusa-

1145 256 1239 287 tione
1257 256 1398 290 silentii.

1248 309 1277 349 ξ.
1295 309 1330 342 2.
1358 310 1444 352 Ego,
1479 312 1508 342 si
1532 315 1562 344 ie
1585 312 1803 355 intelligerem
1813 307 1887 356 ⁵⁷)]
1916 309 2133 353 Propositio,

1144 370 1187 389 ne
1221 358 1339 389 redeat
1373 360 1414 391 ad
1449 360 1579 394 liellum
1609 362 1728 401 civile,
1768 367 2001 406 posteaquam
2025 360 2134 394 semel

1146 407 1271 452 iam53)
1297 420 1395 441 arma
1421 411 1598 445 abiecerit.
1681 415 1727 446 Te
1749 418 1785 446 ut
1806 409 1982 458 nobis⁵⁹)]
2008 410 2134 446 Brevis

1145 459 1352 493 consolatio.

1248 509 1277 552 ᾗ.
1295 510 1329 543 3.
1358 513 1437 554 Eyo,
1465 514 1545 556 quid
1559 511 1766 561 possimwss
1787 512 2043 558 Conclusioffl),
2065 524 2135 558 qua

1144 560 1255 593 desert
1271 573 1373 594 suum
1391 562 1557 596 officium.

1358 628 1505 662 Aliud*
1532 631 1918 676 argumentumffl).

1247 688 1366 720 Potest
1384 694 1417 720 et
1436 686 1522 720 haec
1539 689 1687 733 epistola
1710 691 1835 723 referri
1859 692 1902 723 ad
1926 702 2035 734 genus
2055 702 2135 725 sua-

1143 738 1289 772 sorium.
1353 738 1515 772 Consulit
1542 739 1635 772 enim
1660 740 1841 781 Domitio,
1878 753 1921 775 ne
1944 742 2066 774 redeat
2091 743 2135 775 ad

1147 801 1245 821 arma
1264 789 1378 821 civilia
1391 816 1400 829 ,
1424 803 1501 823 cum
1519 791 1625 823 semel
1643 803 1681 824 ea
1702 792 1880 825 abiecerit.
1937 792 2053 825 Porro
2077 790 2135 826 hie

1144 840 1322 873 Domitius
1339 853 1417 873 cum
1436 841 1613 884 praesidio
1632 842 1764 886 oppido
1775 842 1945 875 Corvinio
1960 850 2136 887 praeerat,

1145 897 1183 924 ut
1195 891 1379 924 Caesarem
1397 891 1433 923 in
1450 890 1585 925 ltaliam
1604 892 1801 937 ingressum
1820 900 1967 933 arceret,
1994 906 2039 928 ne
2055 907 2134 939 per-

1146 949 1261 985 geret,
1289 943 1348 975 sed
1367 942 1614 977 Corvinienses
1634 956 1712 977 eum
1734 944 1890 977 vinctum
1909 944 2053 978 Caesari
2077 947 2135 979 de—

1145 993 1330 1032 diderunt,
1359 994 1419 1038 qui
1437 1001 1556 1037 postea
1584 1007 1663 1027 eum
1688 995 1839 1028 liberum
1863 995 2009 1029 dimisit.
2061 996 2134 1030 Do-

1146 1044 1266 1077 mitius
1300 1051 1415 1076 tamen
1451 1046 1493 1076 ad
1516 1045 1748 1089 Pompeium,
1790 1046 1851 1091 qui
1884 1046 1919 1079 in
1945 1046 2133 1081 Graeciam

1146 1095 1355 1134 transierat,
1388 1095 1504 1128 rediit.
1571 1096 1690 1140 Quare
1714 1109 1792 1128 cum
1817 1097 1887 1128 iam
1913 1098 2024 1130 victus
2046 1105 2136 1132 esset

1145 1146 1358 1190 Pompeius,
1390 1152 1423 1178 et
1447 1146 1505 1178 alii
1529 1146 1564 1178 in
1585 1147 1702 1179 Africa
1727 1147 1857 1180 bellum
1882 1154 2134 1191 restaurarent,

1146 1197 1269 1230 Cicero
1297 1209 1376 1229 eum
1403 1195 1568 1230 hortatur
1595 1196 1659 1230 hac
1683 1198 1850 1242 epistola,
1893 1205 1931 1231 ut
1956 1199 2000 1231 ab
2026 1201 2135 1234 armis

1145 1248 1317 1287 discedat,
1359 1254 1392 1280 et
1414 1249 1531 1292 potius
1558 1260 1634 1281 eam
1661 1249 1902 1281 conditionem
1929 1249 2020 1283 vitae
2046 1252 2135 1285 acci-

1146 1299 1237 1342 piat,
1265 1310 1371 1343 quam
1391 1299 1534 1332 fortuna
1553 1300 1716 1340 offerret,
1744 1312 1850 1345 quam
1866 1307 1905 1333 ut
1921 1313 2135 1347 persequen-

1145 1351 1190 1382 do
1209 1362 1306 1381 arma
1324 1349 1390 1382 sibi
1407 1356 1440 1382 et
1455 1350 1525 1383 suis
1542 1357 1736 1384 extrenmm
1755 1351 1951 1395 periculum
1969 1359 2135 1387 accersat.

1144 1399 1183 1432 ln
1209 1400 1353 1433 exordio
1381 1408 1522 1434 excusat
1541 1402 1742 1441 silentium,
1783 1408 1817 1434 et
1841 1402 2038 1443 rationem,
2073 1416 2135 1437 cur

1145 1463 1238 1484 nunc
1260 1451 1408 1490 scribat,
1445 1453 1608 1485 ostendit.
1677 1452 1814 1484 Deinde
1839 1453 2024 1496 proponit:
2058 1454 2135 1488 Etsi

1145 1514 1242 1534 arma
1271 1502 1418 1545 cepisses
1431 1501 1477 1547 63)
1502 1515 1542 1534 eo
1566 1502 1732 1541 consilio,
1775 1514 1818 1534 ue
1843 1514 2001 1547 unquam
2026 1505 2135 1549 depo-

1145 1565 1265 1593 neres,
1294 1559 1412 1585 tamcn
1429 1550 1594 1586 hortarer
1611 1560 1643 1586 te
1661 1554 1705 1585 ad
1724 1565 1856 1596 pacem.
1906 1553 2026 1597 Quare
2042 1567 2137 1589 nunc

1145 1604 1256 1636 multo
1277 1604 1388 1647 magis
1406 1605 1569 1644 consulo,
1596 1610 1636 1636 ut
1653 1605 1696 1637 ab
1715 1604 1822 1637 armis
1838 1604 2017 1645 discedas,
2044 1619 2135 1651 quae

1145 1667 1186 1687 eo
1206 1654 1352 1688 consilio
1369 1654 1563 1699 cepistissss),
1588 1662 1625 1687 ut
1644 1667 1765 1688 rursus
1783 1655 1992 1699 deponeres,
2019 1657 2048 1690 si
2063 1659 2135 1691 for-

1146 1712 1229 1738 tuna
1260 1706 1300 1738 iis
1326 1706 1540 1749 pertinacius
1559 1706 1801 1739 reluctaretur.
1854 1707 2056 1751 Amplificat
2074 1722 2135 1742 au-

1146 1764 1213 1789 tem
1241 1756 1524 1801 propositionem
1541 1769 1560 1789 a
1578 1756 1726 1796 maiori,
1763 1762 1796 1789 et
1819 1757 1917 1790 addit
1940 1756 2135 1802 patheticas

1145 1808 1398 1841 obtestationes
1416 1814 1708 1851 argumentorum
1726 1808 1815 1841 loco.
1876 1807 1916 1841 lu
1939 1810 2008 1842 fine
2035 1811 2135 1844 addit

1146 1859 1338 1892 clausulam
1352 1885 1360 1897 ,
1389 1858 1425 1890 in
1441 1871 1510 1904 qua
1529 1859 1640 1891 desert
1658 1859 1824 1892 officium.

1388 1933 1522 1967 Aliud
1559 1940 1886 1978 argumentum.

1248 1993 1312 2025 Hic
1329 1992 1509 2026 Domitiiis
1526 2006 1543 2026 a
1555 1994 1864 2033 Corviniensibus‚
1892 1994 2020 2039 quibus
2035 2007 2136 2039 prae-

1145 2051 1239 2083 erat,
1268 2057 1347 2077 cum
1373 2044 1550 2088 praesidio
1575 2046 1711 2079 vinctus
1730 2044 1873 2078 Caesari
1897 2045 2048 2079 traditus
2073 2053 2136 2088 est,

1181 2144 1230 2171 56)
1251 2144 1304 2167 Pro
1323 2144 1365 2167 his
1385 2145 1440 2168 Cic.
1462 2145 1554 2169 verbis
1580 2146 1607 2168 in
1625 2145 1708 2168 Editt.
1724 2145 1816 2174 1540..
1838 2146 1928 2176 1544.,
1950 2146 2042 2177 1554„
2061 2147 2135 2172 1557.

1215 2178 1276 2201 huic
1294 2181 1374 2202 notae
1394 2179 1557 2209 adscriptis,
1577 2180 1660 2204 Editt.
1679 2180 1769 2209 1545„
1795 2180 1868 2203 1560.
1887 2180 1912 2204 h.
1930 2180 1948 2204 1.
1970 2181 2069 2204 hahent
2086 2188 2134 2205 se-

1215 2212 1341 2242 quentia:
1368 2214 1448 2238 Haec
1466 2220 1639 2244 quamquam
1658 2214 1750 2237 nihilo
1770 2214 1892 2238 meliora
1909 2215 1988 2238 sunt.

1178 2255 1226 2283 57)
1246 2255 1275 2278 ln
1289 2256 1371 2280 Editt.
1391 2257 1474 2283 1545..
1496 2257 1568 2280 1560.
1588 2257 1648 2280 huic
1667 2259 1748 2281 uotae
1766 2256 1893 2286 apposita
1911 2258 1976 2280 sunt
1989 2264 2064 2289 seqq.
2078 2259 2134 2284 Cic.

1215 2290 1313 2313 verba:
1341 2292 1396 2315 Sed
1414 2298 1502 2322 quum
1519 2291 1645 2315 consilii.

1178 2332 1227 2360 58)
1247 2333 1331 2355 semet
1352 2333 1420 2362 iam]
1441 2333 1481 2356 sic
1499 2333 1582 2357 Editt.
1603 2333 1810 2364 ¹537—1544.,
1832 2334 1917 2363 1554..
1938 2334 2022 2365 1552,
2044 2336 2136 2368 ¹560.;

1216 2366 1265 2391 Ed.
1289 2367 1363 2392 ¹545.
1384 2368 1437 2390 iani
1455 2367 1549 2390 semel.

1180 2409 1228 2436 59)
1248 2408 1332 2431 Editt.
1350 2409 1434 2439 1545„
1457 2409 1530 2433 156⁰.
1551 2414 1600 2438 pro
1619 2409 1661 2432 liis
1675 2409 1729 2433 Cic.
1749 2410 1842 2434 verbis
1857 2411 1882 2433 h.
1899 2411 1917 2435 1.
1930 2411 2029 2435 hahent
2043 2418 2135 2443 seqq.:

1216 2443 1294 2474 Ego,
1313 2444 1382 2473 quid
1397 2444 1512 2473 possim.

1178 2485 1226 2517 60)
1246 2485 1276 2508 111
1297 2485 1391 2509 iisdem
1409 2486 1426 2509 2
1441 2486 1524 2510 Editt.
1548 2486 1606 2510 huic
1619 2488 1700 2511 notae
1712 2487 1854 2517 adscripta
1864 2488 1928 2510 sunt
1942 2493 2032 2518 seqq.:
2052 2489 2136 2515 Hanc

1212 2526 1304 2544 meam
1321 2521 1509 2544 voluntatem.

1177 2562 1226 2589 61)
1244 2561 1406 2591 Conclusio]
1426 2562 1466 2586 sic
1484 2568 1578 2587 omues
1592 2564 1656 2588 illae
1670 2564 1754 2589 Editt.
1771 2565 1882 2595 praeter
1895 2564 1942 2589 Ed.
1958 2564 2044 2597 1545„
2064 2572 2134 2597 quae

1211 2596 1308 2620 hahet:
1339 2596 1509 2621 Consolatio.

1177 2639 1226 2667 62)
1245 2639 1303 2663 floc
1320 2641 1509 2669 argumentum
1529 2641 1556 2664 et
1575 2641 1627 2665 duo
1647 2641 1791 2672 sequentia
1809 2641 1837 2665 in
1856 2641 1941 2668 Editt.
1955 2642 2047 2674 ¹556„
2068 2643 2135 2668 1565

1213 2674 1330 2698 -1596.
1352 2674 1537 2699 inveniuntur.

1177 2716 1225 2745 6³)
1244 2716 1366 2747 cepisses
1385 2730 1398 2735 -
1419 2730 1434 2735 -
1452 2717 1566 2747 cepisti]
1593 2718 1658 2741 iliae
1676 2717 1759 2743 Editt.
1780 2717 1922 2748 coepisses
1941 2731 1955 2737 -
1974 2731 1989 2737 -
2006 2720 2132 2751 coepisti.
