2351 2990
130 103 206 141 377
258 101 380 140 XXIII.
406 100 593 137 ARGUM.
608 98 673 135 ET
689 96 855 134 SCHOL.
869 95 918 133 IN
944 93 1091 130 EPIST.
1118 90 1232 129 FAM.
1260 91 1344 129 CIC.
1372 92 1460 130 LIB.
1472 94 1513 131 X.
1530 94 1601 130 ΕΡ.
1614 95 1673 131 34.
1684 95 1744 133 35.
1759 96 1846 134 LIB.
1858 98 1914 134 XI.
1931 98 2001 135 ΕΡ.
2016 102 2048 137 1.

2102 102 2176 137 378

1005 232 1215 262 LIBER
1259 232 1309 261 XI.

182 335 509 378 Argumentum
537 336 578 363 et
610 327 786 364 scholia
822 328 868 361 in
904 327 1003 372 epis
1067 334 1128 361 to-

518 382 607 414 lam
634 380 715 427 I.¹).

233 457 403 493 Narratio
432 469 578 496 eorum,
606 467 697 502 quae
721 455 859 489 audivit
886 467 927 488 ex
942 454 1060 487 Hirtio
1084 454 1126 488 de

131 510 310 548 Antonio,
339 516 372 542 et
395 508 480 554 quid
498 509 644 540 tandem
665 508 827 540 futurum
852 506 1102 552 existimetla).

236 559 265 604 ἓ.
284 560 318 594 3.
347 561 435 601 Quid
447 557 545 606 erqo]
576 558 760 602 Expositio
777 558 830 591 sui
850 558 1041 604 consilii2).

237 610 267 655 ἓ.
284 610 318 645 4.
346 612 534 645 saecun-ret
555 607 722 656 fortasse]
749 609 870 649 Ratio,
899 621 960 642 cur
978 620 1053 641 non
1073 620 1127 641 ar-

130 661 198 695 mis
223 662 342 706 potius
365 661 547 696 dimicent.
645 663 715 695 Pro
740 658 873 708 Cassio]
908 659 1125 694 Pollicitatio

133 713 250 748 officii.

360 789 500 823 Aliud
528 793 848 833 argumentum
865 787 909 834 ³).

232 858 272 891 In
305 856 373 891 hoc
412 857 505 891 libro
538 856 767 889 continentur
805 854 975 899 epistolae
1005 852 1124 887 statim

131 916 214 954 post
231 909 456 942 interfectum
474 908 660 941 Caesarem
678 906 830 951 scriptae
842 932 851 946 ,
879 918 958 938 cum
977 911 1125 950 propter

131 967 270 994 motum
297 961 341 994 ab
367 959 525 992 Antonio
561 958 777 991 concitatum
809 956 989 1001 principes
1015 956 1124 989 inter-

130 1012 304 1044 fectorum
330 1011 417 1044 urbe
443 1009 637 1043 cessissent.
691 1009 783 1043 Nam
801 1008 979 1041 Antonius
1001 1006 1122 1040 habita

130 1074 197 1107 pro
214 1062 338 1096 rostris
355 1062 518 1094 oratione
534 1060 571 1093 in
586 1061 710 1094 funere
725 1059 885 1093 Caesaris
896 1086 905 1100 ,
933 1059 982 1092 ita
1001 1071 1123 1092 accen-

131 1113 184 1146 dit
206 1114 318 1158 plebis
336 1113 476 1146 animos
489 1139 498 1152 ,
525 1117 565 1145 ut
580 1111 866 1144 interfectoribus
886 1117 1041 1144 extrema
1058 1110 1124 1142 mi-

130 1171 315 1198 narentur.
391 1163 623 1208 Quapropter
650 1174 773 1196 omnes
810 1162 883 1195 fere
915 1168 1012 1195 metu
1043 1173 1123 1206 per-

132 1215 248 1248 territi
275 1215 442 1248 excedere
470 1214 557 1248 urbe
583 1214 695 1247 coacti
725 1219 819 1247 sunt.
878 1212 1008 1246 Decius
1036 1225 1121 1245 vcro

130 1266 264 1300 Brutus
296 1266 426 1299 mansit
452 1265 611 1304 Romae,
645 1271 752 1309 atque
783 1263 903 1296 omnia
931 1264 1122 1307 explorans

131 1317 334 1351 absentibus
358 1318 400 1349 de
422 1316 581 1349 Antonio
607 1314 766 1359 scripsit,
793 1314 1053 1359 praecipueque
1072 1314 1121 1348 M.

131 1368 265 1408 Bruto,
293 1368 331 1401 C.
353 1367 491 1407 Cassio,
519 1366 580 1412 qui
603 1372 705 1399 erant
730 1366 894 1410 primarii
919 1366 1121 1398 interfecto-

132 1431 198 1452 res.
258 1418 298 1451 ln
326 1417 391 1451 hac
419 1425 535 1451 autern
560 1417 676 1461 prima
703 1417 851 1461 epistola
875 1417 1006 1461 partim
1030 1429 1121 1450 nun-

132 1471 217 1509 tiat,
263 1471 359 1515 quod
385 1470 427 1502 de
451 1468 609 1501 Antonio
640 1469 858 1512 sperandum
882 1468 945 1507 sit,
987 1469 1119 1512 partim

131 1522 275 1559 suadet,
299 1527 339 1553 ut
354 1521 434 1563 fuga
453 1519 518 1553 sibi
536 1520 579 1552 ad
597 1519 803 1563 fugiendam
821 1519 894 1553 eius
912 1519 1119 1552 violentiam

131 1571 302 1604 consulat.
356 1571 540 1615 Principio
567 1576 618 1603 est
637 1571 732 1603 nuda
756 1570 956 1615 propositio
982 1571 1120 1614 primae

129 1622 259 1667 partis,
302 1621 358 1654 cui
385 1622 526 1655 subiicit
557 1621 825 1661 narrationem,
868 1633 936 1667 qua
971 1622 1121 1654 Antonii

128 1679 286 1707 mentem
310 1672 456 1706 indicat.
515 1672 714 1705 Secundam
738 1678 876 1716 partem
902 1673 946 1705 ab
972 1685 1120 1717 occupa-

129 1725 227 1758 tione
252 1723 377 1767 incipit
401 1735 465 1767 per
483 1722 815 1766 interrogationem.
869 1722 1007 1756 Deinde
1036 1736 1119 1757 con-

128 1777 220 1810 futat
243 1775 423 1820 quandam
443 1774 692 1806 obiectionem.
745 1772 784 1806 In
813 1774 881 1806 fine
906 1781 988 1807 sunt
1012 1788 1120 1820 quae-

129 1828 211 1860 dam
236 1825 396 1859 concisae
415 1824 706 1858 narratiunculae
720 1824 763 1857 de
787 1824 895 1858 variis
913 1826 1028 1860 rebus.

381 1919 519 1952 Aliud
547 1924 881 1962 argumentum.

230 1987 419 2021 Interfecto
437 1987 588 2021 Caesare
613 1998 692 2019 cum
709 1986 759 2020 M.
778 1986 912 2020 Brutus
931 1992 965 2019 et
984 1985 1021 2020 C.
1039 1986 1122 2020 Cas-

131 2041 201 2075 sius
222 2046 406 2085 praetores
430 2045 528 2072 metu
558 2037 670 2083 plebis
702 2049 743 2071 ex
767 2038 855 2071 urbe
885 2039 1122 2078 excessissent,

130 2093 174 2126 D.
195 2092 328 2125 Brutus
364 2096 600 2134 cognomento
631 2088 782 2133 Alpinus
812 2089 1036 2135 propinquus
1071 2089 1121 2123 M.

130 2143 234 2177 Bruti
259 2141 375 2175 noluit
391 2141 555 2175 maximis
578 2141 692 2175 turbis
711 2140 880 2174 interesse
890 2140 940 2187 ¹¹),
968 2153 1011 2174 ne
1025 2142 1120 2174 ultro

131 2207 166 2229 se
190 2199 383 2238 exponeret
398 2192 569 2237 periculo.
622 2192 744 2237 Quare
763 2198 802 2225 ut
819 2190 966 2226 honeste
986 2193 1123 2227 abesset

132 2247 175 2279 ab
200 2246 308 2285 urbe,
335 2243 530 2289 postulavit
545 2243 612 2277 sibi
630 2243 772 2277 decerni
797 2244 1033 2288 provmciam.
1084 2243 1122 2277 Id

164 2365 196 2393 1)
214 2363 251 2390 1.]
277 2362 305 2386 iu
324 2361 408 2386 Editt.
434 2361 526 2391 1545„
552 2361 645 2392 1546„
672 2361 765 2393 1601„
798 2361 919 2386 numeris
943 2361 1122 2391 epistolarum

200 2396 389 2428 praecedentis
410 2395 471 2418 libri
490 2396 673 2427 continuatis,
699 2397 766 2420 haec
785 2396 903 2426 epistola
922 2403 1034 2420 numero
1052 2397 1123 2427 214„

201 2438 321 2462 sequens
341 2435 453 2454 numero
472 2429 531 2454 215.
551 2432 605 2455 etc.
623 2430 752 2462 signatae
771 2433 845 2455 suut.

165 2477 178 2501 1
187 2476 291 2534 εἷόἒίὲο
304 2474 495 2505 argumentum
506 2473 605 2497 habent
617 2474 701 2499 Edjtt.
712 2473 916 2506 15³7—1545.,
937 2474 1022 2505 1554„
1039 2473 1123 2504 1557„

164 2553 196 2581 2)
215 2553 290 2576 Haec
308 2551 374 2574 nota
392 2549 420 2573 in
438 2548 522 2573 Editt.
540 2548 625 2580 1545„
646 2550 721 2574 1560.
740 2550 829 2575 deest.

165 2595 195 2626 3)
215 2595 273 2619 noc
290 2594 480 2624 argumentum
499 2592 527 2615 et
545 2591 597 2615 duo
622 2593 766 2623 sequentia
791 2593 820 2618 in
836 2593 921 2620 Editt.
943 2593 1034 2625 ¹556„
1055 2593 1121 2617 1565

196 2629 313 2653 -1596,
336 2627 519 2651 continentur.

167 2673 198 2700 4)
218 2671 341 2695 maximis
360 2669 448 2693 turbis
468 2669 626 2707 interess'eJ-
641 2668 680 2692 sic
697 2669 781 2696 Editt.
803 2671 895 2703 1565„
916 2671 1007 2702 1571„
1029 2670 1120 2700 1596.;

200 2705 248 2729 Ed.
262 2706 337 2730 1556.
360 2705 499 2729 interesse
516 2708 642 2728 mammis
663 2705 760 2729 turbis.

1183 326 1266 372 quia
1291 338 1365 359 non
1384 326 1501 371 potnit
1519 326 1710 372 impetrare
1736 327 1802 361 sibi
1830 334 1862 361 et
1885 328 1982 368 aliis,
2011 329 2112 373 petiit
2128 330 2176 364 le-

1182 377 1362 422 gationem
1387 378 1557 419 liberam,
1601 391 1680 411 cum
1712 391 1785 412 non
1817 386 1935 423 posset
1958 391 2105 414 manere
2140 381 2177 413 in

1181 429 1269 462 urbe
1293 429 1367 463 sine
1389 430 1561 473 periculo.
1617 428 1671 463 De
1696 427 1750 464 his
1768 431 1873 464 rebus
1894 431 1937 463 ad
1954 431 2003 465 M.
2022 431 2175 465 Brutum

1183 487 1216 513 et
1235 480 1272 514 C.
1285 480 1444 514 Cassium
1462 481 1602 522 scribit,
1631 481 1759 527 quibus
1775 482 1879 516 simul
1896 482 2056 526 exponit,
2084 495 2175 528 quae

1181 531 1335 565 audierit
1358 532 1400 565 de
1427 539 1544 565 mente
1570 545 1609 566 ac
1633 533 1816 567 voluntate
1835 532 2004 574 Antonii,
2033 539 2066 567 et
2083 545 2172 579 quae

1180 595 1258 627 spes
1275 583 1412 628 reliqua
1438 583 1482 616 sit
1510 583 1724 617 obtinendae
1748 585 1983 629 reipublicae;
2021 584 2175 630 denique

1181 634 1267 678 quid
1292 634 1365 678 ipse
1383 634 1513 667 iudicet
1530 635 1732 668 faciendum
1752 648 1835 669 esse.
1889 635 2040 669 Orditur
2057 641 2176 669 autem

1181 696 1198 717 a
1216 685 1425 718 narratione
1443 686 1485 718 de
1503 685 1662 719 Antonio
1675 712 1683 726 ,
1711 687 1753 720 de
1771 687 1841 721 suis
1859 687 2091 730 petitionibus
2103 713 2112 727 ,
2140 693 2175 720 et

1180 736 1223 768 de
1248 735 1405 769 maximo
1440 737 1543 777 odio,
1578 737 1615 769 in
1650 750 1721 782 quo
1754 738 1895 783 sinim)
1930 738 2173 772 interfectores

1179 786 1351 821 Caesaris.
1386 787 1524 821 Deinde
1542 788 1683 822 subiicit
1701 801 1805 822 suum
1825 789 2026 830 consilium,
2051 788 2172 822 addita

1180 838 1422 872 confutatione
1446 839 1546 873 istius
1570 840 1783 884 patientiae,
1819 852 1928 885 quare
1953 852 2027 873 non
2054 839 2173 885 potius

1179 889 1287 923 armis
1305 890 1476 923 dimicent
1497 891 1742 925 interfectores
1759 891 1919 924 Caesaris
1932 917 1941 930 ,
1969 897 2002 923 et
2030 891 2064 923 vi
2082 891 2173 924 obti-

1178 947 1309 981 neant,
1338 953 1429 986 quae
1453 943 1592 976 volunt.
1644 941 1742 975 Loco
1769 941 2008 975 conclusionis
2024 942 2173 986 ponitur

1176 991 1292 1025 brevis
1320 992 1545 1036 pollicitatio.
1598 992 1737 1026 Deinde
1763 993 1888 1037 petitio
1912 1005 1974 1027 seu
2001 990 2173 1025 adhorta-

1176 1043 1226 1076 tio
1252 1044 1296 1076 ad
1321 1043 1568 1085 scribendum,
1607 1051 1640 1078 et
1661 1044 1872 1089 significatio
1906 1056 2022 1078 novae
2046 1049 2171 1089 postu-

1176 1094 1331 1129 lationis.

1428 1178 1566 1213 Aliud
1594 1186 1922 1225 argumentum.

1278 1246 1353 1279 Hae
1367 1247 1536 1291 epistolae
1555 1255 1637 1281 sunt
1653 1248 1805 1292 scriptae
1824 1249 1945 1281 statim
1962 1254 2043 1292 post
2061 1247 2172 1282 inter-

1174 1297 1305 1330 fectum
1331 1297 1368 1331 C.
1386 1298 1594 1339 Caesarem,
1622 1306 1655 1332 et
1681 1297 1767 1332 haec
1796 1299 1913 1343 prima
1942 1299 2091 1343 epistola
2120 1306 2174 1334 est

1174 1347 1305 1392 scripta
1323 1360 1418 1381 anno
1440 1351 1475 1384 2.
1494 1349 1699 1394 Olympiad.
1721 1349 1845 1395 1845)
1876 1356 1911 1383 et
1934 1362 2028 1383 anno
2048 1351 2090 1383 ab
2110 1363 2171 1384 ur-

1175 1399 1216 1432 be
1240 1399 1382 1432 condita
1409 1399 1504 1441 710,
1541 1413 1619 1433 cum
1653 1408 1742 1435 essct
1772 1402 1893 1434 consul
1917 1401 1967 1435 M.
1991 1401 2170 1435 Antonius

1175 1457 1208 1483 ct
1226 1450 1266 1484 P.
1283 1450 1492 1491 Dolabella,
1521 1458 1553 1484 et
1570 1452 1707 1486 Hirtius
1727 1459 1760 1485 et
1774 1452 1890 1485 Pansa
1916 1452 1987 1485 iam
2012 1459 2089 1485 tum
2118 1464 2170 1487 es-

1173 1508 1253 1534 sent
1277 1503 1437 1535 consules
1464 1502 1657 1546 designati,
1700 1510 1733 1536 et
1765 1515 1913 1547 magnus
1947 1509 2023 1536 erat
2047 1509 2167 1538 motus

1173 1552 1311 1586 Romae
1335 1553 1405 1586 iam
1432 1553 1617 1587 interfecto
1638 1555 1801 1589 Caesare.
1853 1554 1918 1588 Est
1942 1560 2058 1587 autem
2077 1552 2166 1587 haec

1174 1604 1293 1647 prima
1326 1604 1474 1648 epistola
1512 1605 1649 1649 generis
1690 1605 1925 1640 deliberativi.
2001 1605 2169 1638 Continet

1175 1656 1269 1688 enim
1290 1657 1472 1701 quandam
1492 1657 1790 1690 deliberationem
1808 1657 1901 1690 inter
1925 1655 2140 1691 coniuratos.

1401 1739 1541 1774 Aliud
1569 1742 1941 1789 argumentum⁶).

1276 1808 1366 1842 Sunt
1390 1809 1541 1853 scriptae
1562 1811 1700 1854 priores
1725 1818 1796 1845 tres
1821 1811 1992 1856 epistolae
2017 1824 2092 1846 non
2118 1812 2168 1846 ita

1172 1858 1285 1892 multo
1303 1866 1384 1904 post
1403 1867 1555 1894 mortem
1572 1861 1752 1902 Caesaris,
1781 1875 1861 1896 cum
1878 1862 2012 1897 Brutus
2030 1870 2062 1897 et
2084 1864 2165 1898 Cas-

1173 1909 1264 1950 sius,
1301 1911 1363 1956 qui
1396 1923 1475 1945 cum
1508 1919 1691 1956 praetores
1714 1920 1834 1954 erant,
1866 1920 1963 1947 metu
1987 1914 2098 1958 plebis
2126 1927 2165 1948 ex

1176 1961 1263 1993 urbe
1288 1962 1534 2003 excessissent,
1571 1970 1604 1996 et
1626 1963 1805 1998 Antonius
1836 1965 1959 1997 consul
1984 1966 2164 1999 videretur

1176 2011 1337 2046 Caesaris
1364 2014 1525 2058 exemplo
1551 2026 1783 2059 oppressurus
1812 2022 1975 2049 senatum
2010 2023 2043 2049 et
2073 2028 2166 2049 rem-

1174 2063 1366 2106 publicam.
1421 2064 1541 2109 Quare
1564 2064 1608 2100 D.
1635 2065 1769 2100 Brutus
1794 2078 1956 2112 quoque,
1990 2079 2034 2100 ne
2058 2067 2166 2100 inter-

1176 2121 1265 2148 esset
1281 2115 1393 2149 turbis
1410 2117 1569 2156 urbanis,
1597 2117 1752 2161 primum
1783 2118 1850 2151 sibi
1865 2118 2088 2162 provinciam
2107 2120 2167 2151 de—

1177 2166 1274 2199 cerni
1306 2179 1325 2200 a
1364 2167 1548 2213 consule⁷)
1584 2169 1788 2212 postulavit.
1848 2168 1985 2201 Deinde
2019 2182 2098 2202 cum
2129 2169 2166 2203 id

1174 2216 1368 2262 impetrare
1396 2231 1470 2252 non
1498 2226 1635 2263 posset,
1673 2220 1823 2253 liberam
1853 2220 2067 2263 legationem
2098 2220 2166 2254 sibi

1175 2274 1209 2301 et
1233 2269 1328 2310 aliis,
1366 2270 1428 2316 qui
1457 2283 1534 2304 cum
1561 2271 1718 2315 periculo
1741 2271 1777 2303 in
1804 2271 1890 2304 urbe
1914 2277 2033 2312 erant,
2068 2271 2164 2305 idern

1174 2319 1308 2355 Brutus
1333 2321 1377 2354 ab
1399 2321 1560 2355 Antonio
1584 2322 1743 2366 rogavit,
1779 2327 1812 2354 et
1832 2333 1922 2366 quae
1948 2322 2016 2355 sibi
2039 2322 2162 2356 relicta

1176 2384 1254 2416 spes
1279 2372 1323 2405 sit
1345 2372 1465 2407 Cassio
1483 2380 1517 2406 et
1533 2373 1646 2406 Bruto
1658 2399 1667 2413 ,
1694 2372 1850 2406 ostendit
1865 2372 1902 2405 in
1918 2370 1984 2406 hac
2001 2373 2161 2418 epistola.

1177 2423 1300 2457 Cicero
1325 2424 1361 2456 id
1377 2424 1600 2469 impetravit;
1629 2424 1708 2457 vide
1725 2423 1911 2468 epistolam
1930 2425 1991 2460 21.
2011 2425 2055 2458 ad
2070 2424 2161 2459 Bru-

1208 2543 1256 2570 4³)
1277 2541 1346 2570 sint]
1368 2541 1432 2565 illae
1450 2540 1552 2564 Editt.:
1570 2541 1642 2565 sunt.

1207 2585 1239 2613 5)
1258 2585 1301 2642 011.
1322 2585 1395 2642 Ιίθῗὲ]
1415 2584 1456 2607 sic
1476 2585 1550 2607 recte
1568 2583 1617 2608 Ed.
1633 2583 1725 2613 1556.;
1750 2583 1833 2608 Editt.
1854 2583 1945 2615 1565.‚
1968 2584 2061 2616 1571.,
2085 2584 2160 2610 1596.

1243 2625 1287 2642 ma
1300 2626 1315 2642 e
1386 2636 1392 2641 .

1207 2663 1239 2691 6)
1256 2663 1314 2686 Hoc
1332 2661 1520 2692 argumentum
1540 2658 1664 2683 exhibent
1683 2659 1766 2684 Editt.
1788 2661 1899 2684 1565—
1914 2660 1989 2683 1596.

1207 2704 1238 2734 7)
1257 2704 1384 2733 consule]
1404 2703 1453 2726 Ed.
1475 2702 1551 2728 1571.
1570 2708 1665 2727 errore
1685 2704 1813 2734 typogr.:
1834 2703 1974 2727 consulae.
