2294 2975
100 124 172 159 133
261 123 381 159 xxm.

96 216 173 243 erat
196 210 430 255 Pompeium,
464 209 502 242 in
523 221 593 255 qua
617 221 656 243 re
680 215 939 242 commemorat
962 208 1085 242 Cicero

93 261 250 294 breviter
281 262 417 305 insigne
448 261 648 306 exemplum
681 260 888 294 clementiae
914 260 1085 294 Caesaris.

92 311 230 345 Deinde
248 313 290 346 de
306 325 369 346 suo
386 312 552 353 consilio,
579 325 641 345 cur
656 311 787 356 gratias
807 311 916 355 egerit
930 312 1085 352 Caesari,

93 370 127 396 et
155 376 264 409 quare
295 369 432 396 mutato
465 364 612 397 consilio
646 363 774 396 iterum
804 363 953 408 incipiat
974 363 1085 396 veteri

91 427 192 448 more
208 415 346 455 dicere,
380 415 580 458 significans
603 427 638 448 se
667 412 735 447 hoc
759 415 934 447 facturum
960 421 1082 447 contra

90 465 289 499 institutum
302 492 312 506 ‚
338 467 398 500 sed
417 466 555 499 modice
573 472 606 499 et
622 466 733 509 magis
750 467 915 499 daturum
936 478 1082 510 operam

89 516 214 550 studiis
236 515 497 562 philosophiae.
566 517 753 550 Postremo
781 517 858 550 loco
894 517 1082 551 consilium

89 568 150 600 dat
164 568 309 609 Servio,
337 581 381 601 ne
399 570 545 601 decedat
562 581 601 601 ex
619 568 815 613 provincia.

334 652 472 686 Aliud
503 658 830 696 argumentum.

188 719 385 753 Exordium
419 726 599 764 sumptum
623 727 675 753 est
700 733 740 753 ex
765 721 843 753 loco
868 721 1081 753 benevolen-

86 771 174 812 tiae,
209 772 394 804 continens
422 771 752 815 comprobationem
784 772 982 804 litterarum
1001 771 1081 804 Ser-

85 822 148 862 vii,
176 835 328 868 quarum
348 822 539 869 partcni³⁸)
558 823 698 866 probat,
720 828 857 866 partem
866 821 911 867 3⁸)
931 822 1079 855 revellit.

85 873 255 919 Sequitur
278 873 460 913 narratio,
501 885 569 918 qua
596 874 787 917 respondet
809 873 946 906 duabus
969 872 1080 917 parti-

84 924 150 958 bus
175 924 344 968 epistolae
363 924 488 957 Servii.
540 923 677 956 Deinde
705 924 824 957 addita
850 930 901 957 est
923 923 1078 964 collatio,

85 987 155 1021 qua
175 982 340 1008 extenuat
357 986 545 1008 aerumnas
559 973 749 1015 Achaicas,
784 975 914 1019 partim
934 982 972 1009 ut
995 988 1074 1008 eum

84 1026 304 1066 consoletur,
346 1025 477 1070 partim
501 1033 541 1059 ut
562 1025 659 1059 urbis
683 1026 895 1060 desiderium
927 1026 1077 1060 minuat.

84 1076 322 1110 Collationem
355 1077 515 1122 sequitur
546 1077 740 1117 correctio,
789 1090 881 1123 quae
918 1078 1076 1110 continet

84 1129 265 1174 quandam
281 1129 526 1161 narrationem
545 1130 587 1160 de
606 1128 788 1162 Marcello.
842 1128 978 1162 Ultimo
997 1129 1075 1161 loco

83 1185 135 1213 est
152 1179 414 1212 commendatio
431 1179 563 1219 Servii,
592 1186 625 1212 et
650 1179 766 1212 brevis
790 1180 964 1224 quaedam
991 1192 1076 1213 enu-

82 1230 233 1263 meratio
252 1232 294 1264 de
311 1230 515 1263 conditione
533 1236 644 1263 status
663 1230 891 1274 reipublicae.

297 1311 435 1345 Aliud
461 1311 852 1359 argumentumssss).

185 1379 281 1413 Haec
296 1379 445 1424 epistola
462 1377 571 1413 habet
585 1380 673 1414 duas
687 1386 818 1425 partes.
877 1380 999 1414 Prima
1024 1387 1075 1415 est

82 1431 267 1475 responsio
285 1433 330 1464 ad
348 1432 534 1476 epistolam
553 1431 679 1465 Servii.
738 1431 889 1465 Orditur
912 1438 1029 1466 autem
1054 1445 1073 1465 a

83 1483 378 1527 comprobatione
395 1482 629 1516 excusationis
645 1482 779 1524 Servii,
808 1495 915 1529 quam
941 1484 1073 1528 partim

79 1533 227 1577 accipit,
266 1534 396 1578 partim
425 1533 575 1566 civiliter
607 1533 722 1568 diluit.
783 1534 968 1568 Posterior
991 1547 1073 1579 pars

80 1590 132 1617 est
146 1585 306 1618 narratio
323 1585 423 1625 facti,
451 1586 633 1631 quomodo
651 1585 696 1620 sit
710 1585 892 1620 restitutus
909 1586 958 1621 M.
977 1587 1073 1620 Mar-

80 1635 199 1670 cellus.

129 1739 454 1783 Argumentum
484 1744 525 1770 et
557 1736 735 1772 scholia
772 1739 817 1772 in
854 1739 1023 1785 episto-

499 1789 583 1822 lam
611 1788 655 1823 V.

575 1865 727 1899 Orditur
745 1873 863 1900 autem
882 1879 899 1900 a
919 1880 1072 1902 comme-

78 1918 282 1952 moratione
301 1917 354 1952 sui
373 1917 517 1950 doloris.
572 1917 710 1950 Deinde
733 1919 833 1951 addit
860 1931 895 1952 se
924 1920 1073 1963 scriptu—

79 1982 158 2004 rum
183 1970 213 2003 ei
230 1969 523 2003 consolationem.
576 1968 667 2001 Hinc
685 1969 845 2014 sequitur
861 1971 1071 2014 propositio,

78 2022 164 2055 Post
180 2021 335 2066 primum
354 2025 603 2064 argumentum
621 2020 773 2053 sumitur
788 2032 806 2052 a
826 2021 970 2055 maiori:
995 2022 1073 2055 Ma-

79 2072 156 2106 iora
179 2072 379 2111 amisimus,
421 2084 503 2115 ergo
530 2068 597 2104 hoc
625 2084 767 2117 quoque
793 2072 958 2107 feramus.
1013 2073 1073 2107 Se-

79 2125 234 2158 cundum
251 2137 269 2157 a
288 2130 489 2166 temporum
510 2123 677 2163 miseriis,
706 2123 834 2169 quibus
858 2124 946 2168 eripi
964 2125 1072 2157 solici-

78 2182 132 2209 tas
157 2176 331 2221 quaedam
357 2180 417 2207 est.
471 2174 633 2207 Tertium
658 2175 701 2207 ab
727 2176 894 2219 exemplis
917 2176 1071 2217 urbium,

81 2226 209 2272 quibus
232 2226 363 2271 probat
388 2237 614 2259 communem
639 2226 879 2260 conditionem
911 2228 1071 2260 mortali-

80 2278 162 2311 tatis
181 2290 199 2310 a
215 2277 338 2317 bonis,
366 2288 456 2322 quae
473 2277 695 2321 contigerant
715 2284 830 2312 antea.
892 2278 1068 2323 Quartum

81 2341 101 2362 a
117 2328 297 2363 Ciceronis
314 2328 515 2373 prudentia.
569 2328 744 2373 Quintum
763 2336 813 2363 est
830 2326 953 2369 πάθος
971 2343 990 2363 a
1009 2343 1069 2363 vo-

78 2381 216 2414 luntate
238 2380 343 2414 filiae.
406 2379 452 2412 Et
475 2386 556 2414 sunt
578 2380 747 2426 pleraque
772 2381 892 2414 brevia
916 2387 950 2415 et
970 2387 1069 2415 trun-

79 2438 155 2465 cata
173 2432 331 2464 membra
350 2430 386 2463 in
401 2428 467 2464 liae
484 2431 631 2475 epistola
641 2431 701 2478 4⁰)0

183 1865 433 1900 Consolatoria
459 1872 521 1899 est.

114 2564 164 2593 38)
182 2565 303 2594 partem]
334 2564 374 2588 sie
404 2564 487 2598 fflitt.
513 2566 604 2597 1556„
637 2566 728 2598 1577.;
994 2568 1068 2593 1569.

150 2599 257 2628 partim.

112 2651 160 2678 39]
182 2652 237 2673 Hoc
253 2651 442 2681 argumentum
460 2649 488 2674 in
506 2650 590 2675 Editt.
605 2652 798 2677 1565—1569.
817 2654 965 2678 invenitur.

115 2701 163 2728 40)
182 2701 239 2724 Hoc
269 2701 458 2730 argumentum
486 2701 585 2724 habent
618 2702 703 2728 Editt.
730 2703 949 2735 ¹5³7—1554.‚
983 2704 1069 2735 1552,

151 2735 242 2765 1560„
262 2735 471 2767 1565—1596.,
496 2735 571 2759 1601.

764 2567 848 2591 Editt.
869 2567 942 2592 1565.
953 2584 961 2594 a

434 121 743 158 ARGUMENTA
769 121 834 156 ET
862 121 1065 157 SCHOLIA
1090 122 1138 160 IN
1167 122 1317 160 EPIST.
1344 124 1458 161 FAM.
1486 125 1573 160 CIC.
1600 126 1689 162 LIB.
1707 126 1765 162 lv,
1792 128 1863 164 ΕΡ.
1881 129 1915 165 4.
1935 130 1970 166 5.

2062 133 2134 168 134

1243 209 1273 254 ξ.
1293 210 1326 245 1.
1352 213 1573 258 Posteaquam
1590 211 1695 261 mihi]
1723 212 1904 250 Narratio.

1139 258 1222 308 nus]
1251 262 1468 306 PropositiO.

1242 311 1272 357 3.
1293 316 1329 348 2.
1372 316 1460 355 Quid
1491 320 1559 355 est,
1608 318 1693 361 quod
1706 314 1779 363 '¹¹)]
1821 316 2080 361 Argumentum
2114 333 2132 354 a

1138 375 1280 398 maiorl.

1241 414 1271 459 ᾗ.
1289 416 1324 449 3.
1350 418 1518 450 Auillius
1535 415 1717 464 t·e‘ce7n⁴'·')]
1744 417 1774 450 A
1801 425 2002 463 temporum
2028 421 2132 454 mise-

1136 465 1209 505 ria,
1251 473 1285 499 et
1309 467 1460 500 miseriis
1481 467 1620 501 Tulliae
1645 469 1790 509 futuris,
1833 470 1860 503 si
1888 471 1949 503 tali
1972 477 2132 516 tempore

1137 524 1289 551 lelsset.

1239 567 1270 612 ξ.
1286 567 1321 602 5.
1348 571 1503 614 Denique
1519 568 1669 617 reoli⁴³)]
1698 569 1728 602 A
1746 584 1897 615 persona
1914 573 2107 607 Ciceronis.

1239 618 1269 662 3.
1293 619 1327 653 6.
1371 621 1496 653 Nullus
1521 622 1614 654 dolor
1644 620 1712 668 est]
1751 623 1902 656 Collatio
1929 636 2129 665 causarum,

1135 681 1226 714 quae
1243 670 1403 703 dolorem
1420 670 1608 711 minuunt,
1637 674 1806 717 temporis
1825 681 1858 707 et
1874 675 2035 710 rationis.

1984 220 2060 253 Etsi
2072 231 2133 263 ye-

1355 754 1492 788 Aliud
1527 758 1910 804 argumentum‘ffl).

1236 820 1395 865 Epistola
1417 828 1465 855 est
1483 823 1742 864 consolatoria,
1780 825 1815 857 in
1835 837 1902 871 qua
1923 829 2126 863 consolatur

1133 870 1341 905 Ciceronem
1381 873 1524 916 gravius
1562 874 1740 907 dolentem
1784 878 1826 909 de
1864 884 1978 910 morte
2021 881 2126 921 filiae,

1132 935 1239 968 quam
1260 936 1365 967 supra
1393 924 1430 956 in
1449 927 1484 959 2.
1508 925 1600 958 libro
1627 927 1671 957 ad
1692 926 1871 967 Caelium,
1908 935 1941 960 et
1962 929 1998 962 in
2023 932 2056 965 3.
2081 935 2124 966 ad

1129 974 1287 1018 Appium
1309 974 1517 1008 Dolabellae
1541 976 1700 1021 nupsisse
1720 978 1851 1013 scribit.
1921 978 1984 1013 Est
2005 989 2124 1017 autem

1130 1032 1272 1059 mortua
1295 1026 1476 1060 Ciceronis
1501 1027 1591 1068 filia,
1625 1040 1705 1061 cum
1728 1029 1858 1064 Caesar
1881 1028 1918 1062 in
1943 1030 2124 1077 Hispaniis

1130 1082 1253 1110 contra
1263 1077 1428 1122 Pompeii
1446 1078 1576 1112 liberos
1594 1087 1779 1123 pugnaret.
1827 1081 2023 1116 Exordium
2041 1098 2125 1119 con-

1129 1127 1281 1161 sumitur
1304 1129 1342 1161 in
1367 1130 1505 1163 duobus
1526 1130 1624 1164 locis.
1693 1131 1835 1166 Primus
1858 1132 1956 1167 locus
1979 1135 2123 1171 brevem

1130 1179 1311 1223 querelam
1345 1180 1521 1221 continet,
1565 1193 1601 1214 se
1630 1182 1786 1224 graviter
1815 1183 1935 1217 dolere
1968 1186 2010 1219 de
2041 1200 2124 1223 casu

1128 1229 1220 1262 filiae
1232 1230 1425 1265 Ciceronis.
1478 1232 1660 1265 Secundus
1678 1231 1784 1267 habet
1801 1236 1977 1268 rationem
1997 1239 2121 1274 officii:

1128 1278 1210 1313 ideo
1228 1286 1261 1313 te
1277 1282 1461 1322 consolor,
1487 1284 1584 1328 quod
1602 1283 1795 1318 existimem
1818 1292 1850 1319 te
1866 1287 1977 1320 nimio
1998 1289 2122 1325 dolore

1127 1330 1337 1375 impeditum
1355 1331 1444 1366 nihil
1462 1335 1617 1378 cogitare
1635 1347 1736 1378 posse
1748 1363 1757 1377 ‚
1785 1339 1880 1382 quod
1899 1345 1931 1372 te
1953 1340 2121 1378 sublevet.

1127 1381 1296 1428 Sequitur
1317 1384 1518 1428 propositio
1545 1385 1770 1430 principalis:
1807 1387 1889 1422 Non
1915 1390 2019 1425 debes
2045 1398 2121 1426 tan-

1127 1439 1250 1478 topere
1283 1436 1503 1469 commoveri
1536 1437 1729 1470 domestico
1765 1451 1859 1474 casu.
1928 1440 2121 1478 Adduntur

1127 1485 1265 1530 aliquot
1294 1493 1516 1530 argumenta.
1584 1488 1747 1522 Primum
1780 1491 1925 1525 ductum
1960 1495 2066 1541 est45)
2099 1509 2120 1529 a

1126 1537 1273 1570 maiori:
1312 1536 1435 1582 Longe
1461 1538 1627 1583 graviora
1648 1541 1740 1573 mala
1765 1541 1905 1585 publica
1932 1546 2121 1587 pertulisti.

1126 1587 1249 1633 Turpe
1266 1588 1374 1632 igitur
1391 1596 1442 1624 est
1457 1596 1490 1624 te
1508 1587 1602 1624 hunc
1619 1592 1851 1626 domesticum
1869 1594 2029 1629 dolorem
2046 1610 2121 1632 non

1126 1641 1282 1683 perferre
1316 1653 1429 1685 posse.
1500 1641 1701 1676 Secundum
1736 1652 1985 1688 argumentum
2019 1655 2069 1682 est
2100 1662 2121 1683 a

1127 1703 1277 1734 persona
1295 1692 1403 1726 filiae:
1432 1690 1530 1727 Nihil
1547 1694 1632 1726 mali
1650 1694 1777 1728 accidit
1791 1696 1882 1730 filiae
1900 1703 1999 1739 tuae,
2029 1712 2119 1745 quae

1126 1748 1177 1774 tot
1192 1742 1428 1778 incommodis
1447 1750 1566 1788 erepta
1585 1752 1635 1778 est
1652 1758 1715 1790 per
1732 1753 1905 1788 mortem,
1939 1761 2022 1793 ergo
2046 1764 2119 1784 non

1125 1793 1230 1827 debes
1254 1800 1327 1827 tam
1350 1795 1504 1839 graviter
1528 1797 1620 1829 serre
1644 1797 1717 1831 eius
1738 1805 1904 1833 mortem.
1957 1800 2120 1836 Tertium

1126 1852 1374 1888 argumentum
1389 1853 1440 1880 est
1457 1859 1474 1879 a
1492 1847 1631 1891 publica
1652 1850 1891 1892 praesentium
1916 1857 2117 1896 temporum

1126 1896 1338 1931 calamitate.
1403 1898 1579 1942 Quartum
1606 1900 1649 1932 ab
1677 1901 1862 1944 exemplis;
1903 1908 2024 1948 estque
2051 1903 2118 1938 hoc

1126 1954 1374 1990 argumentum
1412 1949 1618 1992 graxissime
1651 1951 1862 1994 cogitatum:
1909 1956 2004 1997 quod
2039 1969 2117 1989 cum

1125 1999 1344 2041 respublicae
1362 2000 1450 2032 lnene
1471 2001 1699 2040 constitutae,
1730 2003 1856 2046 quibus
1873 2001 1963 2036 nihil
1988 2005 2024 2037 in
2050 2004 2116 2040 hac

1125 2048 1195 2080 vita
1229 2050 1445 2093 praeclarius
1476 2057 1547 2090 est,
1595 2059 1767 2096 perpetuo
1801 2065 1875 2086 non
1907 2056 2116 2098 consistunt,

1125 2099 1205 2132 ideo
1222 2100 1340 2134 minus
1358 2113 1460 2145 aegre
1482 2102 1667 2135 serendum
1687 2116 1759 2136 esse
1782 2103 1965 2139 imbecillis
1991 2120 2117 2152 corpo—

1124 2151 1172 2184 ris
1197 2152 1383 2199 casum‘ffl).
1450 2153 1624 2198 Quintum
1648 2162 1896 2197 argumentum
1922 2168 1940 2188 a
1964 2170 2115 2201 persona

1125 2202 1323 2237 Ciceronis:
1366 2201 1464 2238 Nihil
1489 2204 1600 2248 magis
1626 2211 1659 2238 te
1686 2205 1872 2249 indignum
1901 2214 1968 2248 est,
2008 2223 2114 2255 quam

1123 2251 1217 2287 hunc
1240 2256 1400 2288 dolorem
1426 2268 1499 2288 non
1526 2268 1627 2300 posse
1651 2269 1830 2301 superare.
1884 2258 2027 2293 Sextum
2053 2260 2116 2294 ha-

1123 2306 1180 2338 bet
1213 2306 1438 2340 collationem
1476 2320 1681 2347 causarum,
1724 2320 1813 2353 quae
1851 2309 2012 2344 dolorem
2049 2313 2115 2346 mi-

1158 2421 1205 2448 41)
1226 2420 1279 2443 Pro
1305 2418 1346 2442 his
1375 2418 1430 2444 Cic.
1455 2418 1546 2441 verbis
1570 2418 1596 2441 in
1623 2417 1707 2442 Editt.
1731 2418 1827 2450 1545„
1854 2419 1929 2444 1560.
1954 2421 2015 2447 huic
2032 2424 2114 2448 notae

1191 2454 1331 2483 adscripta
1350 2456 1413 2476 sunt
1435 2454 1533 2476 verba:
1562 2453 1664 2483 Coyita
1684 2454 1921 2483 quemadmodum.

1155 2498 1204 2525 42)
1228 2496 1347 2520 Eaedem
1374 2496 1389 2520 2
1408 2495 1492 2519 Editt.
1511 2495 1536 2519 h.
1555 2494 1572 2518 l.
1597 2495 1696 2518 liabent
1716 2495 1770 2519 Cic.
1797 2497 1897 2520 verba:

1190 2538 1262 2556 enum

1156 2574 1202 2605 43)
1222 2574 1340 2598 Eaedem
1358 2573 1375 2597 2
1393 2572 1477 2597 Editt.
1496 2572 1521 2596 h.
1541 2571 1560 2595 1.
1579 2571 1693 2595 habent:
1718 2572 1819 2598 Nolite
1837 2574 1980 2599 oblivisci,

1155 2620 1203 2643 44]
1225 2619 1281 2641 Hoc
1299 2617 1490 2646 argumentum
1509 2615 1537 2638 et
1555 2615 1606 2638 duo
1626 2615 1769 2644 sequentia
1789 2616 1822 2639 ab
1836 2616 1920 2642 Editt.
1937 2618 2026 2649 1556„
2047 2619 2113 2644 1565

1189 2652 1305 2674 -1596.
1327 2650 1495 2673 exhibentur.

1154 2695 1201 2722 45)
1222 2695 1328 2717 ductum
1340 2694 1397 2721 est]
1412 2693 1451 2715 sic
1463 2692 1545 2715 Editt.
1558 2691 1762 2722 1565—1577.;
1781 2692 1830 2716 Ed.
1844 2693 1918 2717 1556.
1933 2696 1976 2717 est
1989 2694 2108 2721 ductum.

1156 2737 1205 2767 46)
1223 2737 1329 2765 casum]
1349 2735 1388 2759 sic
1405 2734 1489 2761 Editt.
1511 2733 1722 2802 15351-15774
1746 2734 1796 2760 Ed.
1816 2735 1892 2760 1556.
1911 2737 2025 2761 tantum.

1936 2499 2057 2529 Quoties
2081 2501 2112 2526 in
