2351 2990
124 138 221 173 1061

114 224 186 258 Sed
207 223 370 258 stabilior
397 230 449 258 est
469 223 635 262 fortuna,
671 233 763 267 quae
787 221 926 254 ratione
949 226 1110 265 paratur,

114 288 224 321 quarn
245 287 336 320 quae
355 288 439 309 casu
454 275 615 308 offertur.
667 273 718 306 Ac
735 273 873 306 facilius
891 278 943 306 est
961 273 1108 305 adversa

112 326 345 371 propulsare,
385 338 493 373 quam
515 325 670 358 retinere
699 337 754 359 res
776 325 960 358 secundas.
1020 323 1110 356 Pro-

111 378 230 411 fuerat
245 384 364 411 autem
381 384 416 411 et
432 383 536 410 antea
554 376 792 422 Mitylenaeos
809 388 883 409 non
907 374 1021 419 magis
1044 372 1109 408 ho-

110 435 261 463 noratos
278 441 351 464 esse
369 441 478 475 quam
494 434 652 462 caeteros
667 429 794 468 socios,
822 428 919 473 quod
932 426 961 461 si
975 426 1108 459 factum

112 486 223 521 esset,
249 492 325 514 non
346 493 388 514 eo
411 480 629 525 petulantiae
653 479 918 525 processissent.
970 478 1108 513 Natura

111 531 208 565 enim
222 532 281 572 fit,
307 538 347 566 ut
368 529 534 565 homines
557 538 790 565 contemnant
813 543 893 571 eos,
932 530 995 576 qui
1017 540 1109 562 non-

109 581 203 617 nihil
226 583 376 624 cedunt,
412 590 447 616 et
471 590 554 617 sunt
577 583 843 621 submissiores;
886 581 1109 615 admirentur

109 647 197 669 vero
219 632 311 667 nihil
335 635 509 669 cedentes.
569 635 674 670 Nunc
695 635 803 679 igitur
833 646 900 679 pro
931 632 1109 677 magnitu-

110 686 193 720 dine
211 686 352 720 sceleris
368 687 590 731 plectantur,
616 700 681 720 nec
698 687 735 718 in
753 698 884 730 paucos
900 686 1001 729 culpa
1025 695 1108 716 con-

108 737 246 771 feratur
272 738 436 772 absoluto
470 738 618 784 populo.
688 737 817 771 Cuncti
849 736 943 770 enim
974 734 1108 781 pariter

108 801 176 823 nos
192 789 414 831 invaserunt,
440 790 570 835 quibus
585 789 741 823 licuisset
755 801 851 822 nunc
866 788 905 821 in
919 788 1007 822 urbe
1023 799 1108 826 esse,

107 840 139 875 si
153 847 360 875 nostrarum
376 842 535 886 partium
556 841 724 881 fuissent,
757 842 818 874 sed
842 839 948 874 simul
975 839 1110 872 defece-

108 899 214 933 runt,
243 898 277 925 et
299 905 364 937 per
386 904 519 937 paucos
541 905 597 926 res
625 899 703 925 acta
727 898 796 932 est,
831 891 914 937 quia
940 891 976 924 id
998 890 1108 924 tutius

110 956 184 978 esse
211 950 442 989 putaverunt.
504 943 718 989 Exemplum
742 943 850 977 etiam
875 942 1108 976 considerate.

107 995 201 1031 Nam
234 994 262 1029 si
295 995 452 1028 viderint
484 995 572 1029 socii
605 996 746 1028 easdem
783 1007 855 1028 esse
887 1006 1022 1039 poenas
1046 1005 1108 1027 sua

106 1052 233 1092 sponte
251 1046 512 1088 deficientium,
548 1053 581 1080 et
600 1047 775 1087 aliorum,
808 1046 871 1092 qui
896 1045 1009 1078 coacti
1033 1044 1111 1078 diu-

107 1098 282 1132 turnitate
304 1098 533 1133 obsidionum
559 1098 778 1131 deditionem
806 1097 960 1137 faciunt,
1001 1108 1108 1129 nemo

108 1150 264 1195 perferet
278 1150 436 1195 pericula
455 1149 493 1182 in
511 1150 710 1189 obsidione,
735 1149 817 1195 quia
836 1155 898 1182 aut
915 1146 1006 1181 nihil
1023 1147 1110 1180 mali

109 1201 264 1242 accidet,
299 1202 330 1236 si
352 1202 411 1235 illa
437 1213 520 1246 pars
544 1201 611 1235 erit
634 1200 781 1240 victrix,
815 1206 876 1233 aut
898 1212 1046 1244 parum,
1081 1199 1110 1233 si

105 1266 170 1288 vos
195 1253 363 1287 viceritis.
428 1252 481 1286 Ita
505 1253 638 1298 ubique
664 1258 769 1285 erunt
791 1251 828 1283 in
853 1251 1012 1295 periculo
1036 1250 1108 1283 vita

106 1311 232 1339 nostra
249 1311 284 1337 et
300 1316 356 1338 res
373 1310 536 1343 nostrae,
565 1310 599 1337 et
620 1303 649 1336 si
671 1304 762 1336 forte
784 1303 1025 1346 receperimus
1050 1314 1110 1334 ur-

107 1357 191 1390 bem
208 1355 264 1396 vi,
293 1368 384 1401 quae
402 1355 598 1395 defecerat,
629 1360 752 1388 nostra
775 1354 860 1387 urbs
885 1353 1003 1386 nullos
1027 1353 1110 1385 inde

107 1408 243 1442 reditus
269 1405 434 1445 habebit;
474 1406 503 1440 si
533 1418 609 1439 non
636 1404 896 1450 receperimus,
937 1404 1017 1449 plus
1043 1403 1110 1437 erit

104 1458 285 1499 hosfium,
319 1464 353 1492 et
372 1470 439 1491 nos
465 1457 627 1502 occupati
651 1457 783 1490 erimus
808 1468 904 1489 novo
928 1456 1023 1488 bello
1049 1456 1110 1488 ad-

104 1523 228 1545 versus
245 1509 381 1551 socios,
408 1522 488 1543 cum
515 1510 726 1543 deberemus
749 1508 887 1553 priores
910 1505 1030 1541 hostes
1056 1519 1111 1540 re-

104 1563 276 1610 primere.

211 1614 295 1649 Non
313 1612 422 1657 igitur
440 1624 519 1657 spes
537 1611 747 1645 ostendatur
762 1609 867 1644 sociis
884 1609 1010 1642 veniae
1028 1621 1112 1642 con-

107 1666 310 1713 sequendae
328 1664 445 1698 verbis
471 1669 532 1697 aut
556 1662 720 1708 pecunia.
781 1661 865 1695 Non
889 1661 985 1694 enim
1007 1661 1110 1694 inviti

106 1718 212 1752 nobis
227 1722 449 1756 nocuerunt,
477 1716 537 1749 sed
561 1714 711 1748 scientes
735 1712 894 1746 insidiati
917 1719 1011 1746 sunt.
1072 1711 1111 1744 Id

106 1782 194 1804 vero
212 1769 359 1813 dignum
379 1773 430 1801 est
448 1766 551 1799 venia
563 1793 572 1806 ‚
601 1766 698 1811 quod
714 1777 788 1798 non
804 1770 930 1809 sponte
947 1765 996 1798 fit.
1034 1763 1111 1808 Ego

107 1822 218 1867 igitur
236 1827 270 1854 et
286 1819 389 1852 initio
409 1818 568 1863 pugnavi
584 1823 617 1850 et
642 1829 765 1850 rursus
785 1828 928 1860 pugn0‚
963 1828 1007 1848 ne
1034 1828 1112 1848 mu-

107 1879 204 1907 tetur
225 1873 428 1910 decretum,
455 1882 520 1903 nec
544 1869 693 1914 peccetis
716 1868 831 1901 tribus
858 1867 983 1908 rebus,
1020 1879 1111 1912 quae

107 1931 192 1960 sunt
207 1923 357 1957 minime
373 1922 476 1955 utiles
492 1920 671 1965 imperiis,
698 1919 944 1953 misericordia
957 1945 967 1959 ,
994 1919 1111 1952 dulce-

109 1977 194 2010 dine
226 1975 452 2013 orationum,
496 1979 530 2006 et
554 1971 789 2016 indulgentia.
855 1970 948 2004 Nam
974 1970 1111 2003 miseri-

110 2027 233 2062 cordia
251 2039 334 2071 erga
351 2025 482 2060 similes
500 2025 674 2058 utendum
695 2029 765 2063 est,
794 2022 856 2068 qui
872 2021 1027 2055 vicissim
1045 2022 1111 2054 mi-

110 2078 307 2116 sericordia
338 2078 584 2116 afficerentur,
626 2087 701 2108 non
734 2075 902 2108 adversus
930 2086 1010 2113 eos,
1050 2073 1111 2119 qui

110 2144 193 2176 erga
209 2143 277 2164 nos
294 2141 369 2162 non
388 2134 572 2162 uterentur
596 2125 862 2165 misericordia,
896 2131 930 2158 et
954 2137 1111 2158 necessa-

109 2184 166 2218 rio
183 2193 324 2226 semper
341 2187 456 2214 essent
477 2178 599 2214 hostili
624 2191 707 2222 erga
732 2190 798 2211 nos
823 2176 957 2210 animo.
1019 2176 1110 2210 Ora-

109 2242 206 2270 tores
221 2245 308 2267 vero
326 2237 498 2277 poterunt
512 2231 549 2264 in
565 2230 643 2264 aliis
662 2228 892 2263 inferioribus
912 2227 1024 2262 causis
1048 2240 1110 2260 vo-

108 2285 241 2332 luptati
257 2283 430 2319 inservire
441 2310 450 2323 ,
474 2295 549 2315 non
566 2283 604 2315 in
620 2295 658 2315 re
676 2287 774 2314 tanta
786 2308 795 2321 ,
823 2280 860 2312 in
877 2291 947 2325 qua
963 2280 1108 2313 brevem

108 2339 332 2383 voluptatem
356 2340 564 2380 sequeretur
587 2334 710 2378 ingens
734 2332 1008 2370 detrimentum;
1048 2332 1109 2365 sed

108 2391 172 2425 ubi
189 2401 257 2435 pro
276 2389 367 2421 bene
391 2386 492 2420 dictis
509 2386 679 2419 beneficia
705 2384 893 2429 recipiant.
944 2382 1109 2416 Lenitate

110 2454 196 2477 vero
214 2441 387 2475 utendum
408 2444 459 2472 est
476 2450 559 2482 erga
576 2437 770 2476 sanabiles,
800 2435 861 2482 qui
887 2441 1010 2479 postea
1035 2447 1109 2467 ma-

109 2495 161 2539 gis
179 2491 351 2536 morigeri
369 2496 492 2530 erunt,
520 2501 594 2522 non
611 2501 692 2534 erga
712 2487 878 2534 aequales
893 2493 927 2520 et
942 2485 1107 2520 hostilem

108 2547 271 2580 animum
289 2543 495 2576 retinentes.

212 2595 378 2641 Denique
411 2600 450 2627 ut
480 2605 657 2627 summam
683 2591 841 2626 breviter
873 2590 1107 2635 complectar:

108 2649 148 2684 Si
176 2661 294 2682 meam
325 2646 538 2680 sententiam
567 2644 787 2690 sequemini,
822 2643 914 2677 iusta
939 2643 1109 2675 adversus

108 2701 347 2746 Mitylenaeos
373 2704 407 2731 et
430 2697 530 2731 utilia
556 2695 703 2730 facietis.
764 2695 833 2729 Sed
857 2695 886 2728 si
912 2694 1015 2727 aliter
1039 2699 1108 2727 sta-

108 2752 227 2793 tuetis,
254 2764 319 2785 nec
337 2750 431 2795 apud
447 2749 527 2782 illos
543 2748 694 2793 gratiam
713 2746 860 2787 inibitis,
889 2753 923 2780 et
939 2759 1002 2780 vos
1019 2744 1108 2778 iuste

371 135 476 171 XLII.
530 132 930 171 INTERPRETATIO
956 131 1254 168 ORATIONUM
1279 132 1343 167 EX
1370 132 1662 167 THUCYDIDIS
1689 133 1835 169 LIBRO
1858 134 1915 169 111.

2064 136 2162 173 1062

1163 217 1251 253 haec
1263 219 1552 264 patiostendetis.
1593 219 1631 253 Si
1647 219 1741 252 enim
1758 220 1847 255 iuste
1863 222 2079 261 defecerunt,
2097 235 2160 257 vos

1162 283 1238 304 non
1255 271 1345 305 iuste
1363 270 1558 316 imperatis.
1591 271 1653 305 Sin
1670 277 1788 305 autem
1805 285 1879 305 non
1898 273 1987 306 iuste
2007 273 2160 317 impera-

1163 323 1227 363 tis,
1255 329 1289 355 et
1310 328 1431 355 tamen
1449 324 1601 357 retInere
1624 323 1816 367 imperium
1841 324 1966 364 vultis,
1999 337 2040 357 eo
2062 337 2160 358 seve—

1161 373 1236 407 rius
1250 373 1425 418 puniendi
1447 382 1530 409 sunt
1552 374 1715 408 utilitatis
1739 386 1841 409 causa
1855 401 1864 415 ‚
1898 381 1959 409 aut
1983 382 2075 409 certe
2100 377 2160 410 de·

1163 425 1286 470 ponite
1309 425 1523 470 imperium,
1557 438 1623 459 nec
1645 426 1803 471 pericula
1828 426 2026 473 imperii‘fl)
2052 440 2158 462 causa

1161 476 1340 521 suscipite.

1264 528 1318 561 Sit
1332 528 1441 572 igitur
1458 529 1655 574 aequalitas
1676 529 1713 562 in
1729 541 1844 573 poena
1856 556 1866 569 ‚
1893 541 1957 562 nec
1975 529 2019 563 sit
2040 529 2161 563 minor

1162 580 1368 613 animorum
1384 586 1584 614 vestrorum
1603 581 1726 620 dolor,
1751 592 1969 626 quamquam
1990 581 2162 621 evasistis,

1162 643 1270 677 quarn
1287 631 1409 664 odium
1426 631 1493 665 fuit
1510 631 1547 664 in
1564 632 1649 676 ipsis
1660 658 1669 672 ,
1697 644 1776 665 cum
1793 644 1922 666 nocere
1937 633 2039 667 vobis
2055 645 2160 677 cupe-

1161 689 1263 723 rent,
1292 689 1326 716 et
1345 683 1518 727 cogitate,
1546 695 1638 729 quae
1661 683 1790 716 facturi
1812 685 1973 724 fuerant,
2006 684 2035 718 si
2058 684 2160 718 vicis-

1161 740 1260 775 sent,
1302 746 1382 767 cum
1412 734 1556 779 quidem
1582 734 1651 779 ipsi
1675 734 1813 779 priores
1838 735 2007 769 iniuriam
2031 736 2160 770 intule-

1161 786 1246 820 rint.
1299 785 1372 831 Qui
1387 785 1482 818 enim
1507 798 1581 819 non
1606 785 1692 819 laesi
1716 786 1885 819 iniuriam
1910 787 2088 827 inferunt,
2121 785 2161 820 hi

1162 838 1312 882 perdere
1330 843 1507 870 conantur
1524 843 1720 871 metuentes
1739 837 1956 881 periculum,
1989 838 2018 871 si
2039 836 2160 872 'hostes

1161 901 1237 922 non
1251 901 1397 933 prorsus
1420 889 1618 922 deleantur.
1671 888 1763 922 Nam
1788 889 1916 923 iniuste
1939 889 2054 923 laesus
2080 902 2160 922 cum

1163 940 1294 981 evasit,
1320 941 1360 974 fit
1376 938 1622 974 vehementior
1639 937 1770 981 hostis,
1799 953 1907 986 quam
1928 940 1991 974 ubi
2015 947 2161 974 mutuae

1161 993 1307 1026 fuerunt
1329 992 1496 1026 iniuriae.
1549 992 1602 1026 Ne
1619 991 1728 1036 igitur
1745 1005 1808 1026 vos
1825 992 1921 1037 ipsos
1938 992 2099 1037 prodite,
2128 999 2162 1026 et

1164 1056 1273 1089 quarn
1292 1044 1454 1088 proxime
1477 1044 1632 1077 accedite
1656 1050 1775 1076 mente
1801 1045 1846 1076 ad
1871 1055 1932 1084 ea,
1967 1056 2058 1089 quae
2080 1055 2162 1088 pas-

1163 1095 1237 1129 suri
1252 1095 1410 1129 fueratis.
1464 1096 1516 1129 Ac
1536 1095 1627 1129 sicut
1651 1095 1816 1129 omnibus
1840 1095 1986 1128 caeteris
2009 1095 2162 1140 negotiis

1163 1145 1255 1180 hanc
1272 1159 1393 1180 curam
1413 1147 1677 1191 anteposuistis‚
1703 1153 1743 1179 ut
1759 1159 1819 1181 eos
1835 1147 1944 1181 armis
1958 1158 2081 1181 rursus
2099 1147 2162 1180 do-

1163 1197 1328 1239 maretis,
1364 1198 1411 1231 ita
1436 1210 1531 1231 nunc
1554 1211 1674 1232 severe
1699 1198 1846 1242 punite,
1886 1193 2164 1231 nec‘oblivisca-

1163 1249 1276 1289 mini,
1310 1249 1436 1295 quoin
1451 1249 1610 1294 periculo
1629 1262 1692 1283 vos
1717 1250 1873 1290 fueritis,
1904 1256 1937 1283 et
1960 1250 2163 1294 exemplum

1165 1301 1339 1334 ostendite
1360 1301 1506 1335 caeteris
1522 1301 1639 1341 sociis,
1668 1301 1794 1334 ultimo
1813 1301 1988 1346 supplicio
2008 1301 2163 1334 afficien-

1164 1353 1228 1385 dos
1246 1364 1318 1385 esse
1338 1364 1484 1393 omnes,
1512 1352 1573 1398 qui
1599 1353 1779 1387 deficiunt.
1837 1352 1915 1395 Hoc
1937 1353 1966 1386 si
1987 1364 2163 1397 cognove-

1164 1403 1258 1443 rint,
1293 1403 1413 1436 minus
1438 1404 1634 1448 impedient
1659 1416 1722 1437 vos
1745 1403 1925 1438 sociorum
1948 1404 2163 1439 defectiones

1165 1454 1202 1487 in
1217 1454 1455 1498 reprimendis
1472 1454 1779 1489 Lacedaemoniis.

1192 1548 1364 1583 Concio
1399 1548 1611 1589 Diodoti,
1656 1549 1893 1582 contraria
1926 1546 2140 1594 pulcher-

1226 1600 1340 1633 rima
1368 1601 1627 1645 disputatio
1657 1602 1706 1633 de
1734 1613 1903 1635 summo
1930 1601 2031 1634 iure
2060 1607 2103 1633 et

1512 1651 1743 1699 ἐπιεικείᾳ
1758 1652 1818 1699 ³⁵).

1267 1719 1343 1754 Nec
1366 1732 1492 1753 accuso
1518 1732 1599 1760 eos,
1641 1721 1703 1766 qui
1737 1720 1866 1754 iterum
1897 1721 2098 1754 retulerunt
2122 1722 2165 1754 de

1165 1770 1410 1816 Mitylenaeis,
1438 1784 1503 1804 nec
1519 1772 1627 1804 laudo
1646 1772 1745 1811 illos,
1772 1772 1833 1817 qui
1851 1773 1893 1804 de
1919 1773 2025 1806 rebus
2052 1772 2165 1805 maxi-

1165 1822 1232 1856 mis
1247 1823 1438 1856 deliberari
1454 1823 1595 1867 saepius
1613 1829 1746 1857 vetant.
1796 1823 1970 1857 Existimo
1989 1823 2083 1857 enim
2100 1821 2165 1858 has

1165 1875 1254 1908 duas
1279 1887 1335 1908 res
1362 1875 1515 1908 maxime
1537 1875 1736 1908 contrarias
1762 1886 1834 1908 esse
1859 1875 2028 1915 consilio,
2068 1875 2164 1909 festi-

1165 1926 1327 1959 nantiam
1348 1933 1381 1959 et
1397 1927 1507 1967 iram,
1536 1938 1690 1972 quorum
1718 1926 1870 1959 alterum
1894 1933 1945 1960 est
1968 1926 2043 1960 sine
2069 1927 2164 1971 cogi·

1164 1978 1321 2019 tatione,
1351 1979 1502 2011 alterum
1530 1976 1637 2011 habet
1661 1984 1821 2011 errantes
1846 1978 2001 2022 impetus
2026 1984 2059 2010 et
2085 1979 2165 2012 bre-

1164 2042 1243 2062 vem
1264 2030 1529 2074 cogitationem.
1583 2029 1628 2063 Et
1646 2029 1707 2075 qui
1728 2029 1911 2062 contendit
1927 2029 1965 2062 in
1981 2029 2166 2070 *delibera-

1164 2081 1322 2115 tionibus
1340 2094 1415 2114 non
1434 2083 1668 2115 conserendas
1684 2094 1756 2115 csse
1781 2081 1974 2114 sententias
1998 2081 2163 2121 dicendo,

1164 2139 1226 2166 aut
1240 2134 1367 2167 stultus
1383 2140 1452 2173 est,
1481 2140 1542 2167 aut
1562 2133 1731 2178 privatim
1754 2132 1821 2166 sibi
1845 2139 1956 2167 cavet.
2017 2133 2165 2173 Stultus,

1163 2184 1193 2218 si
1223 2185 1293 2218 alio
1325 2186 1433 2218 modo
1460 2198 1567 2231 quam
1594 2184 1785 2218 collatione
1808 2184 2020 2228 opinionum
2047 2184 2165 2218 existi-

1163 2242 1239 2269 mat
1255 2236 1410 2270 inveniri
1426 2249 1547 2281 posse,
1576 2237 1662 2282 quid
1679 2236 1880 2280 eligendum
1906 2235 1969 2275 sit,
2007 2248 2085 2268 cum
2109 2236 2164 2268 fu-

1163 2294 1243 2321 tura
1259 2289 1330 2321 sint
1354 2288 1502 2322 incerta.
1562 2288 1738 2321 Privatim
1763 2299 1848 2320 vero
1875 2287 1943 2320 sibi
1967 2293 2086 2327 cavet,
2120 2286 2163 2327 si,

1164 2352 1243 2372 cum
1258 2340 1377 2384 turpia
1392 2341 1606 2384 persuadere
1624 2339 1731 2379 volet,
1757 2338 1935 2371 existimat
1952 2338 1994 2370 de
2009 2349 2046 2371 re
2064 2338 2163 2382 turpi

1162 2403 1237 2423 non
1261 2404 1363 2436 posse
1388 2389 1536 2425 honeste
1561 2391 1647 2429 dici;
1689 2390 1942 2424 calumniando
1967 2401 2053 2422 vero
2078 2401 2162 2422 con-

1160 2443 1377 2476 tradicturos
1394 2449 1428 2475 et
1445 2443 1702 2486 suffragaturos
1717 2442 1949 2475 deterrendos
1968 2453 2052 2475 esse.
2079 2441 2163 2474 Plu-

1162 2495 1294 2528 rimum
1310 2501 1430 2527 autem
1448 2495 1540 2527 valet
1558 2495 1616 2527 illa
1639 2493 1862 2533 criminatio,
1891 2493 2045 2526 obiicere
2069 2492 2161 2533 aliis,

1162 2548 1260 2592 quod
1285 2546 1434 2590 pecunia
1462 2546 1621 2591 corrupti
1642 2546 1724 2579 sint.
1793 2545 1830 2578 Si
1855 2545 1951 2577 enim
1978 2544 2159 2588 imperitia

1161 2604 1301 2631 tantum
1328 2598 1558 2638 obiiceretur,
1600 2610 1675 2630 non
1698 2597 1844 2631 vincens
1867 2596 2080 2635 discederet,
2120 2601 2160 2628 ut

1194 2718 1242 2745 34)
1261 2715 1384 2746 imperii]
1405 2715 1452 2739 Ed.
1470 2715 1545 2740 1562.
1564 2716 1707 2745 corrupte:
1736 2720 1812 2745 mper
1834 2714 1860 2737 ii.

1193 2757 1241 2790 35)
1263 2758 1383 2789 Thucyd.
1403 2758 1449 2790 111,
1468 2757 1542 2827 4263
1550 2757 1592 2807 ἒξ.
