2351 2990
91 137 111 172 1·
118 133 191 172 1'09
333 135 439 172 XLII.

89 223 229 259 lissetis.
264 222 311 257 Et
329 223 358 258 si
374 224 452 269 quis
468 236 562 264 non,
590 229 765 269 quantum
783 237 872 269 opus
890 230 959 264 cst,
987 224 1092 257 intel-

88 276 189 320 ligit,
211 268 264 309 illi
279 275 577 319 significabimus,
602 273 857 317 Athenienses,
893 276 954 322 qui
980 277 1092 321 impe-

89 327 185 361 rium
201 327 406 372 possident,
431 333 465 361 et
480 333 603 361 nostra
620 333 654 361 et
675 328 856 362 maiorum
881 334 1091 362 nostrorum

89 379 287 419 memoria,
321 379 519 413 maximum
545 379 639 413 inter
664 392 789 414 omnes
814 380 990 420 Graecos,
1026 378 1091 414 hos

89 442 175 475 ergo
193 430 373 476 ingressos
389 431 426 463 in
444 431 621 473 Siciliam,
648 432 806 477 primum
825 439 865 466 ut
887 430 999 472 hanc,
1032 433 1091 465 de·

87 481 172 516 inde
203 482 233 517 si
264 495 319 516 res
349 484 589 525 successisset,
630 497 715 517 mox
737 484 1029 529 Peloponnesum
1058 489 1092 517 et

88 533 278 568 Graeciam
302 546 447 568 omnem
470 536 675 581 redigerent
697 535 735 569 in
759 536 987 576 servitutem,
1028 548 1092 569 vos

90 586 243 627 vicistis,
268 593 436 631 superata
464 600 589 622 eorum
615 588 742 629 classe,
776 600 846 634 qua
874 589 1093 621 domuerunt

91 637 226 672 omnia.
286 636 443 672 Eosdem
469 646 503 673 et
523 652 638 680 nunc,
671 647 710 674 ut
736 640 896 681 videtur,
932 639 1091 673 vincetis.

87 688 224 723 Omnes
241 689 338 723 enim
364 688 547 732 homines,
582 698 774 737 postquam
796 691 1010 725 mutilantur
1033 690 1091 723 illa

87 753 146 781 re,
190 753 259 787 qua
295 741 464 776 videntur
496 744 726 783 antecellere,
775 743 923 788 reliquis
956 742 1092 776 viribus

88 798 215 837 postea
251 793 370 828 minus
401 796 603 836 confidunt,
646 802 708 829 aut
739 795 768 829 si
802 795 919 840 primo
950 800 1093 839 praeter

89 844 301 889 opinionem
324 846 543 880 frustrentur
566 860 627 892 spe
659 859 722 881 sua
752 848 795 880 de
828 847 887 880 illa
917 859 977 887 re,
1021 858 1092 891 qua

88 896 245 930 maxime
275 897 524 939 confidebant,
575 904 698 944 postea
731 898 974 942 languidiores
1003 898 1093 931 fiunt

89 959 199 994 quam
216 960 283 992 pro
300 948 448 984 viribus.
502 948 600 983 Idem
617 963 713 984 nunc
735 957 1015 984 consentaneum
1042 956 1094 983 est

88 999 250 1032 accidere
272 998 564 1036 Atheniensibus.
634 1002 746 1036 Vobis
770 1015 878 1043 vero,
923 1002 985 1048 qui
1009 1007 1091 1034 ante

88 1051 142 1084 rei
159 1051 298 1085 navalis
317 1065 421 1086 usum
441 1055 518 1088 ausi
539 1053 654 1088 fuistis
679 1066 860 1099 pugnare,
889 1054 1093 1097 geminatur

87 1115 186 1147 spes,
213 1109 406 1149 postquam
426 1111 460 1138 et
476 1105 578 1149 prior
594 1107 755 1149 potentia
774 1107 924 1139 adaucta
953 1111 1003 1139 est
1016 1131 1024 1144 ,
1060 1111 1094 1137 et

88 1155 233 1189 accessit
269 1155 393 1199 opinio
429 1157 579 1201 peritiae
609 1157 710 1199 inde,
750 1158 848 1203 quod
879 1155 1095 1191 fortissimos

87 1218 161 1241 esse
180 1213 365 1252 oporteat,
394 1208 456 1254 qui
473 1208 687 1244 fortissimos
708 1209 891 1249 vicerunt,
919 1215 959 1242 ut
982 1207 1094 1253 pluri-

86 1271 187 1292 mum
205 1271 291 1292 vero
316 1271 396 1304 spes
416 1261 571 1294 maxima
598 1262 746 1305 praebet
770 1261 964 1294 maximam
983 1261 1094 1293 auda-

88 1310 181 1343 ciam
209 1317 244 1344 et
268 1311 594 1355 promptitudinem
621 1314 666 1345 ad
690 1313 949 1346 invadendum.
1012 1310 1095 1343 Imi-

86 1362 177 1395 tatio
201 1369 398 1407 apparatus
415 1362 575 1408 ipsorum
596 1376 662 1409 pro
680 1370 803 1398 nostra
823 1362 1095 1401 consuetudine,

86 1413 160 1447 iam
185 1413 291 1447 nobis
315 1420 367 1448 est
389 1415 520 1449 usitata
544 1423 578 1450 et
603 1416 811 1457 familiaris,
847 1422 881 1450 et
904 1416 949 1448 ad
971 1426 1094 1460 quem-

87 1478 228 1512 cunque
244 1478 311 1500 nos
329 1468 695 1502 accommodabimus.
754 1468 862 1513 Apud
877 1465 998 1500 hostes
1014 1478 1094 1499 cum

87 1530 220 1563 magna
254 1518 449 1552 multitudo
478 1520 763 1564 legionariorum
797 1520 865 1553 erit
895 1519 933 1551 in
966 1517 1095 1551 tabulis

86 1577 231 1616 praeter
245 1570 417 1605 usitatum
438 1572 622 1613 ordinem,
645 1579 680 1605 et
694 1584 825 1616 magna
848 1570 972 1604 itidem
989 1569 1096 1613 sagit-

89 1623 268 1657 tariorum
286 1623 510 1658 terrestrium
523 1652 532 1665 ,
566 1631 606 1658 ut
623 1624 672 1658 sic
688 1624 823 1664 dicam,
856 1635 901 1656 ne
925 1627 1097 1667 poterunt

92 1675 239 1721 quidem
274 1672 313 1708 hi
334 1675 460 1716 ,locum
493 1674 644 1717 habere,
685 1677 781 1710 unde
814 1675 981 1708 emittant
1015 1673 1096 1706 tela.

90 1726 287 1773 Quomodo
305 1739 390 1772 ergo
410 1735 472 1762 aut
488 1741 563 1762 non
580 1728 777 1763 turbabunt
796 1740 918 1767 naves,
945 1732 1096 1760 autnon

91 1779 187 1813 inter
202 1790 276 1814 sese
294 1780 623 1822 tumultuabuntur,
647 1794 724 1814 011111
745 1792 820 1813 11011
836 1784 1007 1824 poterunt
1023 1789 1097 1811 sese

92 1831 260 1876 expedire
296 1844 360 1865 suo
397 1839 517 1877 gestu,
559 1833 649 1867 sicut
683 1829 970 1867 consueverunt?
1024 1829 1098 1863 Nec

91 1883 324 1917 multitudine
341 1884 490 1918 navium
510 1885 741 1919 iuvabuntur.
796 1883 833 1917 Si
849 1884 928 1929 quis
953 1894 1039 1915 vero
1064 1887 1097 1914 et

92 1933 162 1968 hoc
178 1935 326 1976 metuit,
354 1938 452 1982 quod
469 1949 535 1971 nos
555 1950 629 1970 11011
654 1935 905 1970 dimicabimus
929 1933 1009 1979 pari
1032 1945 1098 1966 nu-

90 2000 211 2029 mero,
241 1987 270 2022 is
287 1987 442 2022 vicissim
459 1988 607 2033 cogitet,
640 1989 770 2022 multas
787 2000 896 2021 naves
914 1987 952 2019 in
970 1985 1097 2030 exiguo

91 2039 208 2084 spatio
227 2039 370 2074 damnis
392 2052 434 2074 ex
455 2041 633 2075 destinato
658 2039 853 2074 inferendis
879 2039 998 2072 minus
1022 2038 1099 2070 ido-

92 2103 198 2132 neas,
241 2091 459 2136 accipiendis
487 2092 767 2138 opportuniores
794 2103 887 2130 esse;
929 2090 1099 2123 facillime

94 2143 190 2177 enim
209 2155 229 2176 a
247 2149 372 2178 nostro
392 2151 570 2190 apparatu
586 2145 786 2179 laedentur.

194 2246 385 2281 Postremo
413 2247 534 2281 audite
559 2253 594 2281 et
617 2245 705 2288 hoc,
748 2246 847 2292 quod
874 2244 1099 2279 verissimum

93 2305 147 2334 est
159 2325 168 2339 ,
195 2304 231 2332 et
248 2299 347 2344 quod
364 2304 533 2343 putamus
552 2311 618 2334 nos
635 2305 732 2332 certo
753 2297 974 2343 cognovisse.
1010 2295 1101 2331 Cum

95 2357 312 2396 superentur
328 2351 508 2384 malorum
524 2350 794 2396 magnitudine,
823 2355 858 2383 et
877 2349 951 2382 vim
973 2349 1023 2383 eis
1052 2349 1102 2381 af-

94 2404 188 2437 ferat
202 2414 372 2448 praesens
389 2402 535 2448 inopia,
570 2404 616 2436 ad
640 2401 929 2449 desperationem
956 2400 1103 2434 adducti

94 2461 190 2491 sunt.
244 2454 329 2490 Non
345 2466 429 2499 ergo
446 2455 575 2489 fiducia
593 2455 726 2489 virium
749 2454 882 2499 magis,
916 2465 1026 2500 quam
1053 2458 1103 2486 te—

95 2507 262 2541 meritate
278 2507 446 2541 fortunae
466 2507 698 2553 pugnabunt,
726 2512 902 2554 quantum
919 2510 1103 2551 poterunt,

94 2566 136 2594 ut
151 2560 209 2594 vel
226 2559 262 2593 vi
279 2566 554 2605 perrumpentes
571 2559 758 2605 aufugiant
778 2558 951 2599 navibus,
986 2557 1043 2590 vel
1065 2556 1103 2590 in

96 2618 194 2645 terra
208 2618 292 2658 post
306 2609 396 2645 haec
412 2611 603 2648 discessum
618 2618 747 2657 parent
757 2638 767 2653 ‚
802 2622 933 2655 nempe
950 2621 1026 2643 non
1039 2606 1103 2643 ha-

96 2663 209 2698 bituri
226 2664 384 2699 deterius
400 2677 509 2711 quam
526 2677 623 2699 nunc
637 2661 784 2699 habent.
825 2664 1007 2697 Adversus
1024 2667 1104 2695 tan-

95 2721 172 2749 tam
190 2716 438 2751 confusionem
458 2724 492 2751 et
509 2718 694 2751 fortunam
705 2743 715 2758 ‚
744 2728 836 2763 quae
851 2727 887 2750 se
904 2715 981 2760 ipsa
998 2713 1103 2747 nobis

95 2768 226 2814 tradit,
252 2769 414 2804 virorum
426 2797 434 2810 ,
464 2769 527 2816 qui
545 2775 628 2804 sunt
645 2768 749 2804 nobis
767 2766 1023 2807 inimicissimi,
1051 2765 1104 2799 di·
1126 2785 1134 2808 ι

490 135 892 172 INTERPRE-TATIO
919 135 1217 172 ORATIONUM
1244 136 1307 172 EX
1334 137 1630 173 THUCYDIDIS
1658 138 1806 175 LIBRO
1834 140 1910 176 vll.

2050 143 2148 177 1110

1146 224 1317 259 micemus
1330 225 1426 265 irati,
1451 231 1559 271 atque
1575 227 1744 260 adversus
1763 225 1893 268 hostes,
1917 229 1979 274 qui
1997 229 2147 274 dignum

1144 277 1315 310 ducerent
1332 277 1461 321 punire
1480 289 1560 318 eos,
1589 278 1651 324 qui
1667 278 1802 311 bellum
1824 279 2044 320 intulerunt,
2080 294 2145 326 pu-

1144 334 1260 362 temus
1290 329 1523 363 iustissimum
1551 342 1623 363 esse
1647 330 1788 374 explere
1812 330 1944 364 iratum
1969 333 2146 375 animum,

1145 381 1315 426 quodque
1337 381 1441 415 nobis
1464 381 1629 415 innatum
1655 388 1725 423 est,
1767 388 1895 427 atque,
1937 390 1976 417 ut
2003 384 2147 426 dicitur,

1145 431 1390 466 dulcissimum
1417 439 1485 473 est,
1527 431 1646 468 hostes
1674 433 1816 478 punire.
1885 434 1992 480 Quod
2025 443 2146 470 autem

1144 489 1228 517 sunt
1242 483 1499 525 inimicissimi,
1528 497 1653 519 omnes
1667 485 1775 519 scitis.
1827 484 1921 519 Nam
1947 488 1991 520 ad
2016 500 2082 521 nos
2108 489 2147 521 in

1145 535 1353 569 servitutem
1380 536 1593 581 redigendos
1615 535 1683 570 huc
1709 538 1946 578 traiecerunt,
1990 541 2088 585 quod
2116 540 2146 573 si

1145 588 1391 631 processisset,
1425 600 1465 621 ea
1490 589 1673 629 fecissent,
1709 601 1800 635 quae
1825 589 2021 624 maximum
2046 591 2148 625 dolo—

1145 651 1221 671 rem
1240 639 1326 673 viris
1344 640 1562 673 attulissent:
1592 641 1724 674 liberos
1749 647 1892 675 nostros
1918 648 1952 674 et
1977 643 2145 687 coniuges

1146 690 1347 725 affecissent
1371 697 1528 724 extrema
1560 692 1805 729 deformitate;
1849 693 1928 726 urbi
1958 693 2148 739 imposuis-

1145 747 1223 775 sent
1247 743 1526 787 appellationem
1553 743 1809 789 turpissimam.
1876 744 2031 790 Propter
2060 744 2150 780 haec

1145 805 1221 826 11011
1242 794 1454 838 frangamur
1479 795 1651 836 mollitie,
1693 808 1758 829 nec
1779 796 1918 829 lucrum
1945 810 2016 831 esse
2040 799 2148 831 ‹luca-

1145 857 1246 885 mus,
1279 846 1309 879 si
1334 846 1409 880 sine
1432 847 1592 891 periculo
1614 854 1738 881 nostro
1765 849 1913 887 abeant,
1955 850 2051 894 quod
2078 850 2148 890 fiet,

1146 896 1286 931 etiamsi
1311 897 1473 932 vicerint.
1538 899 1575 932 Si
1600 911 1684 932 vero
1710 899 1744 932 id
1775 899 1996 934 effecerimus
2020 913 2149 934 conve-

1146 949 1307 989 nienter,
1336 951 1433 995 quod
1452 950 1637 992 volumus,
1671 950 1751 985 illos
1778 952 1983 995 puniendo,
2020 959 2054 986 et
2077 959 2149 986 tra-

1147 1001 1266 1034 dendo
1285 1002 1351 1034 toti
1368 1002 1521 1042 Siciliae,
1551 1015 1621 1048 qua
1640 1002 1711 1036 iam
1728 1003 1799 1036 frui
1818 1003 2029 1048 poterimus,
2052 1004 2149 1049 prio-

1146 1065 1223 1086 rem
1250 1053 1452 1087 libertatem
1478 1054 1693 1088 firmiorem:
1730 1053 1921 1100 pulchrum
1946 1056 2050 1090 nobis
2075 1068 2150 1090 cer-

1146 1111 1268 1137 tamen
1291 1105 1409 1140 fuerit.
1475 1105 1521 1138 Et
1554 1107 1737 1140 rarissima
1769 1113 1852 1140 sunt
1881 1107 1965 1140 talia
1997 1108 2150 1152 proelia,

1147 1168 1239 1202 quae
1258 1157 1449 1190 minimum
1468 1165 1643 1198 noceant,
1670 1158 1698 1192 si
1717 1165 1864 1192 eventus
1889 1171 1963 1192 non
1988 1160 2033 1193 sit
2054 1160 2150 1199 felix,

1148 1214 1181 1241 et
1199 1220 1290 1254 quae
1307 1209 1460 1242 multum
1480 1209 1633 1243 afferant
1650 1211 1852 1251 commodi,
1887 1211 1915 1244 si
1932 1217 2079 1246 eventus
2096 1223 2151 1244 re-

1148 1261 1334 1304 spondeat.

1227 1363 1391 1398 Oratio
1416 1364 1572 1399 Niciae
1608 1367 1661 1398 ad
1688 1364 2072 1414 Athenienses⁶⁸).

1252 1439 1380 1475 Adhuc
1401 1442 1546 1487 quidem
1572 1444 1790 1487 sperandum
1815 1451 1867 1479 est
1892 1458 1958 1491 pro
1983 1458 2022 1479 re
2048 1460 2152 1491 prae-

1149 1494 1259 1531 senti;
1303 1505 1344 1526 ex
1367 1493 1565 1528 maioribus
1587 1495 1682 1527 enim
1708 1495 1894 1540 periculis,
1930 1510 2038 1543 quam
2065 1497 2153 1534 haec

1149 1551 1251 1586 sunt,
1280 1545 1392 1590 aliqui
1412 1552 1614 1580 evaserunt.
1665 1546 1738 1580 Nec
1761 1560 2029 1584 succenseamus
2048 1552 2153 1586 nobis

1149 1596 1235 1640 ipsis
1260 1597 1315 1630 vel
1341 1604 1491 1642 propter
1515 1598 1712 1639 iacturam,
1752 1612 1859 1645 quam
1886 1601 2053 1642 fecimus,
2096 1604 2153 1636 vel

1150 1655 1299 1692 propter
1325 1648 1487 1683 miserias
1513 1656 1738 1694 praesentes,
1782 1664 1873 1697 quae
1901 1660 1984 1687 sunt
2010 1661 2154 1698 praeter

1150 1700 1363 1745 dignitatem
1380 1707 1556 1736 nostram.
1608 1702 1685 1745 Ego
1704 1714 1783 1736 cum
1800 1705 1900 1737 nullo
1918 1712 2076 1739 vestrum
2095 1718 2154 1739 ro-

1150 1752 1290 1786 bustior
1313 1752 1401 1793 sim,
1442 1753 1569 1788 videtis
1598 1753 1714 1794 enim,
1758 1767 1867 1800 quam
1890 1757 1984 1789 male
2008 1757 2154 1792 affectus

1151 1803 1218 1838 sim
1238 1816 1258 1836 a
1278 1805 1428 1845 morbo,
1460 1818 1524 1839 nec
1548 1805 1699 1840 inferior
1725 1805 1799 1839 ullo
1825 1807 1993 1841 felicitate
2017 1808 2055 1841 in
2080 1809 2154 1842 vita

1150 1855 1310 1900 privata,
1338 1857 1483 1890 fortuna
1504 1857 1542 1890 in
1558 1858 1664 1892 rebus
1681 1857 1806 1902 gestis,
1833 1865 1956 1892 tamen
1973 1860 2008 1893 in
2026 1861 2154 1894 eodem

1150 1907 1311 1952 periculo
1331 1920 1412 1942 cum
1428 1909 1559 1944 infimis
1576 1908 1728 1950 haereo,
1764 1922 1845 1944 cum
1872 1911 2017 1957 quidem
2040 1913 2156 1946 multa

1150 1959 1316 2004 religiose
1331 1960 1476 1994 fecerim
1495 1973 1577 2006 erga
1597 1962 1712 2002 Deos,
1741 1962 1853 1995 multa
1880 1975 1962 2008 erga
1988 1962 2155 1999 homines

1151 2011 1242 2046 iuste
1253 2038 1262 2052 ,
1291 2018 1325 2046 et
1340 2025 1416 2046 non
1430 2013 1537 2058 digna
1554 2014 1637 2048 odio
1649 2042 1658 2056 ‚
1686 2025 1753 2058 pro
1777 2013 1906 2060 quibus
1922 2016 2059 2050 meritis
2075 2028 2156 2062 spes

1152 2076 1232 2098 mea
1255 2063 1323 2098 fuit
1349 2066 1465 2099 audax
1490 2066 1621 2107 futuri,
1662 2067 1723 2100 sed
1748 2078 1805 2099 me
1829 2067 2050 2102 calamitates
2075 2080 2155 2113 gra-

1152 2116 1271 2150 viores
1296 2129 1405 2163 quam
1427 2130 1494 2162 pro
1520 2119 1657 2153 meritis
1690 2124 1908 2154 terruerunt.
1977 2119 2157 2154 Poterunt

1153 2177 1275 2203 tamen
1299 2175 1334 2203 et
1359 2168 1447 2204 haec
1471 2171 1633 2205 celeriter
1656 2170 1876 2204 laxationem
1903 2170 2061 2217 aliquam
2092 2170 2157 2205 ha-

1153 2223 1256 2260 bere;
1283 2233 1368 2255 nam
1386 2228 1421 2255 et
1438 2220 1600 2258 hostibus
1618 2221 1703 2258 satis
1722 2220 1906 2268 hucusque
1930 2223 2075 2257 fortuna
2102 2223 2156 2256 in-

1154 2273 1282 2315 dulsit,
1309 2280 1343 2307 et
1361 2274 1390 2308 si
1407 2274 1463 2308 cui
1481 2274 1644 2309 Deorum
1664 2273 1770 2308 invisi
1794 2271 1863 2307 hoc
1884 2275 2024 2309 bellum*
2041 2275 2157 2308 movi-

1155 2339 1254 2367 mus,
1283 2326 1368 2360 satis
1385 2327 1504 2371 puniti
1526 2339 1660 2362 sumus.
1719 2325 1924 2360 Intulerunt
1944 2333 1979 2360 et
2000 2327 2062 2360 alii
2083 2327 2158 2361 bel-

1154 2379 1230 2412 lum
1246 2377 1343 2419 aliis,
1372 2391 1524 2425 cumque
1540 2379 1693 2423 egissent
1708 2390 1809 2412 more
1825 2375 2015 2413 hominum
2027 2406 2036 2421 ,
2062 2378 2158 2424 passi

1155 2437 1239 2464 sunt
1262 2435 1383 2465 tamen
1407 2430 1620 2466 tolerabilia.
1683 2430 1862 2464 Convenit
1884 2442 1968 2475 ergo
1991 2437 2025 2465 et
2045 2443 2111 2465 nos
2136 2443 2158 2464 a

1155 2483 1234 2518 Diis
1251 2493 1394 2526 sperare
1411 2482 1576 2522 mitiora;
1599 2482 1780 2528 digniores
1796 2482 1893 2517 enim
1908 2482 2157 2517 misericordia

1155 2546 1278 2570 sumus
1295 2547 1403 2582 quam
1421 2535 1570 2569 invidia.
1632 2534 1723 2569 Cum
1740 2547 1825 2569 vero
1842 2547 1906 2570 vos
1924 2535 2020 2581 ipsos
2040 2535 2156 2568 intue-

1156 2588 1266 2628 mini,
1295 2587 1417 2633 quales
1433 2587 1563 2621 milites
1581 2593 1615 2621 et
1629 2599 1738 2633 quarn
1754 2587 1859 2622 multi
1882 2587 1957 2621 acie
1981 2587 2156 2621 instructa

1156 2639 1399 2686 processeritis
1416 2640 1585 2674 adversus
1609 2637 1748 2680 hostes,
1782 2652 1858 2674 non
1884 2639 2035 2673 nimium
2060 2639 2157 2673 fran-

1191 2779 1241 2808 68)
1261 2778 1381 2810 Thucyd.
1394 2776 1456 2807 vu,
1474 2776 1517 2802 77.
1728 2809 1731 2812 ,

1659 2811 1708 2845 70
1719 2809 1738 2827 ἐξ
