2351 2990
159 106 235 143 557
287 105 409 143 ΧΧΙΙΙ.
453 106 764 142 ARGUMENTA
785 105 850 141 ET
873 106 1076 142 SCHOLIA
1098 107 1146 144 IN
1168 103 1316 143 EPIST.
1337 106 1450 144 FAM.
1469 109 1553 146 CIC.
1571 110 1657 146 LIB.
1677 113 1765 148 XVI.
1795 114 1866 150 ΕΡ.
1884 117 2066 154 21—27.
2126 118 2200 153 558

1210 193 1339 238 cupiat.
1396 195 1435 229 In
1461 198 1528 230 fine
1553 198 1722 233 admonet
1745 201 1901 236 breviter
1921 205 1963 237 de
1981 205 2140 238 Antonio
2165 212 2198 239 et

157 201 225 228 tae.
295 193 510 240 Apparetffl)
538 199 656 226 autem
679 191 771 227 hanc
793 200 826 227 et
851 201 1056 240 sequentem
1083 195 1156 240 epi·

1207 245 1250 278 de
1268 246 1346 281 aliis
1369 248 1595 294 quibusdam.

157 245 284 279 stolam
307 247 475 289 scriptam
504 256 576 277 esse
602 245 788 279 interfecto
812 245 883 279 iam
910 246 1079 287 Caesare,
1120 254 1154 281 et

156 297 315 330 Antonio
333 297 462 330 bellum
481 302 604 339 contra
625 296 869 331 interfectores
888 297 1048 332 Caesaris
1076 311 1152 331 mo-

156 355 271 382 vente.
314 348 410 381 Vixit
426 353 542 384 autem
566 353 650 381 tunc
668 348 792 382 Cicero
810 348 846 381 in
866 349 1033 393 praediis,
1055 351 1149 384 unde

153 398 217 434 has
232 400 366 433 litteras
382 400 424 432 ad
443 399 615 432 Tironem
635 399 672 433 in
697 401 784 434 urbe
807 407 968 445 agentern
998 402 1148 446 scripsit.

151 450 258 485 Initio
285 451 379 484 enim
405 448 570 483 hortatur
596 451 640 483 ad
670 452 926 487 consessionem
953 453 1064 486 debiti
1092 466 1147 487 ex-

152 503 389 548 torquendam
406 514 423 534 a
443 503 599 547 quodam
619 503 799 544 debitore,
827 505 924 539 cuius
941 518 1072 538 nomen
1090 503 1146 538 hic

150 567 223 587 non
242 554 416 587 adiectum
436 559 498 588 est.
550 553 689 588 Deinde
716 563 911 590 narrantur
936 557 1003 590 alia
1029 557 1145 590 brevi-

149 612 203 638 ter
221 611 255 639 et
271 606 430 639 obscure.

1305 346 1634 392 Argumentum
1664 351 1892 396 epistolae
1920 355 2095 401 XXV.⁵²).

1302 422 1500 459 Exordium
1520 427 1563 460 ab
1582 428 1807 462 excusatione
1825 430 1989 471 Tironis,
2017 445 2124 478 quam
2144 434 2191 467 ita

1200 473 1275 506 vult
1290 476 1470 520 accipere,
1497 490 1542 511 ne
1561 477 1709 523 posthac
1728 481 1851 514 eadem
1876 489 2008 516 utatur.
2068 484 2192 530 Sequi—

1200 530 1257 557 tur
1276 524 1480 561 adhortatio
1496 531 1540 563 ad
1558 531 1796 566 scribendum.

1322 626 1649 672 Argumentum
1685 631 1915 676 epistolae
1944 634 2065 670 XXVI.

403 698 537 731 Aliud
566 707 893 742 argumentum.
1298 702 1465 737 Eiusdem
1499 713 1551 740 est
1585 709 1785 751 argumenti
1821 708 1906 743 haec
1941 725 2082 758 quoque
2118 714 2189 758 epi—

1195 752 1297 787 stola.
1375 755 1538 790 Primum
1580 759 1676 791 enim
1713 759 1943 804 reprehendit
1979 764 2188 798 diuturnum

1194 803 1442 852 silentiumffi).
1503 807 1643 842 Deinde
1669 811 1858 852 admonet,
1895 820 1933 846 ut
1961 827 2099 860 semper
2126 816 2188 848 ali-

1194 854 1279 899 quid
1312 857 1463 898 scribat,
1503 859 1640 894 etiamsi
1677 861 1857 895 interdum
1895 865 2035 899 videtur
2068 868 2186 901 deesse

1192 914 1455 949 argumentum.

248 773 420 807 Petitoria
448 779 499 806 est
523 779 557 806 et
574 773 807 808 nuntiator-ia.
861 775 1022 807 Primum
1040 774 1141 818 petit,

146 831 185 858 ut
220 825 391 869 professio
426 826 597 869 pecuniae
634 826 852 859 conficiatur.
927 825 1066 858 Deinde
1103 826 1138 858 in

144 876 411 910 narrationibus
431 882 555 909 monet
581 877 623 909 de
649 876 781 915 Balbo,
825 883 859 909 et
888 878 930 909 de
960 889 1024 910 suo
1056 890 1138 910 con-

146 927 236 962 silio.

388 1009 525 1043 Aliud
559 1017 889 1053 argumentum.
1435 992 1576 1027 AhUd
1605 1004 1935 1040 argumentum·

1295 1055 1464 1093 Narratio
1490 1061 1532 1094 de
1556 1063 1771 1107 negligentia
1796 1065 1941 1100 Tironis
1967 1067 2003 1100 in
2029 1069 2183 1102 scriben-

1188 1107 1240 1140 dis
1259 1108 1406 1151 litteris‚
1434 1124 1526 1156 quae
1545 1125 1564 1145 a
1589 1115 1731 1148 nemine
1758 1117 1869 1161 possit
1893 1120 2062 1154 excusari.
2123 1121 2183 1154 Se-

1186 1158 1308 1204 quitur
1324 1162 1448 1205 petitio
1461 1189 1470 1203 ,
1498 1170 1538 1197 ut
1555 1165 1760 1210 saepissime
1783 1168 1925 1204 scribat.

242 1087 433 1128 Narratio,
465 1087 502 1119 in
525 1098 594 1132 qua
620 1088 791 1121 admonet
812 1088 968 1121 breviter
992 1090 1034 1122 de
1064 1090 1134 1122 exi-

140 1139 252 1183 genda
278 1139 441 1183 pecunia.
507 1138 646 1171 Deinde
671 1139 845 1182 significat
869 1152 969 1173 suam
994 1148 1133 1174 senten-

136 1193 222 1225 tiam
241 1193 283 1224 de
294 1191 466 1230 Antonio,
493 1191 591 1223 cuius
609 1190 816 1231 amicitiam,
844 1191 872 1223 si
892 1191 1040 1225 omnino
1057 1205 1130 1225 non

138 1243 250 1288 possit
270 1241 421 1283 habere,
462 1248 584 1274 tamen
610 1241 655 1274 ob
679 1253 758 1275 eam
781 1254 924 1275 causam
947 1255 1021 1276 non
1047 1245 1130 1277 velit

1297 1263 1619 1306 Argumentum
1654 1268 1897 1313 epistolam
1926 1271 2064 1307 XXVII.

135 1296 335 1339 desperare.

1285 1336 1417 1372 Narrat
1433 1340 1502 1382 ⁴³⁶),
1550 1342 1635 1388 quid
1670 1345 1713 1378 de
1748 1347 1951 1382 consulibus
1987 1349 2177 1394 designatis

263 1404 588 1447 Argumentum
615 1400 842 1445 epistolae
870 1400 993 1437 XXIV.
1182 1387 1324 1423 semiflt·

235 1478 465 1513 Mandatoria
490 1477 637 1522 epistola
653 1476 712 1523 52).
1400 1467 1432 1500 A
1442 1466 1471 1499 11
1481 1478 1503 1500 u
1514 1469 1536 1501 d
1565 1481 1582 1501 a
1596 1482 1613 1502 r
1622 1483 1643 1514 g
1653 1483 1677 1504 u
1688 1485 1722 1505 m
1734 1485 1751 1506 e
1760 1485 1784 1506 n
1793 1479 1837 1507 tu
1846 1487 1881 1507 m
1898 1475 1956 1521 5⁷).

1282 1531 1459 1568 Laudatio
1493 1543 1545 1570 est
1579 1539 1687 1572 studii
1723 1552 1763 1573 ac
1798 1542 2001 1586 diligentiae
2027 1544 2172 1581 Tironis

1177 1583 1299 1615 sedulo
1321 1590 1354 1617 et
1379 1586 1521 1630 copiose
1545 1590 1732 1625 scribentis
1743 1592 1813 1638 ⁵⁷2)
1833 1595 1877 1626 ad
1898 1594 1942 1639 Q.
1962 1595 2169 1630 CIceronem

1177 1633 1218 1666 de
1238 1635 1359 1674 rebus,
1388 1650 1478 1681 quae
1497 1638 1533 1671 in
1549 1641 1635 1674 urhe
1651 1650 1830 1685 gerantur.
1883 1645 2033 1680 Videtur
2051 1654 2169 1682 autem

1176 1685 1387 1729 quibusdam
1417 1686 1509 1722 hanc
1537 1692 1722 1735 epistolam
1751 1696 1918 1740 scriptam
1951 1710 2024 1731 esse
2050 1699 2167 1732 Hirtio

1174 1742 1207 1767 et
1232 1736 1348 1770 Pansa
1374 1741 1576 1776 consulibus
1601 1744 1792 1788 designatis
1818 1754 1941 1781 contra
1965 1749 2165 1784 Antonium

1172 1787 1281 1821 armis
1318 1799 1594 1836 prosequentem
1630 1795 1874 1832 interfectores
1908 1799 2086 1841 Caesaris,
2131 1809 2165 1835 et

1172 1849 1212 1870 eo
1241 1840 1466 1874 referendum
1495 1856 1568 1877 esse
1592 1843 1678 1886 hoc,
1706 1848 1803 1892 quod
1826 1848 1948 1883 Cicero
1972 1852 2162 1896 praecipue

1169 1888 1289 1922 laudat
1310 1890 1346 1922 in
1364 1891 1499 1926 Tirone
1517 1895 1686 1939 scriptum
1708 1899 1750 1931 de
1775 1900 1976 1935 consulibus
2000 1904 2166 1947 designa—t

1168 1940 1222 1973 tis.
1289 1941 1422 1975 Verum
1455 1942 1560 1979 huius
1583 1948 1808 1982 coniecturae
1833 1951 1937 1985 fidem
1966 1954 2079 1987 elevat
2107 1954 2159 1988 in-

1166 1991 1271 2035 digna
1314 1993 1420 2037 plane
1464 1995 1693 2040 reprehensio
1733 2000 2000 2045 designatorum
2033 2017 2159 2039 consu-

1164 2043 1238 2075 lum
1267 2043 1374 2076 Hirtii
1403 2052 1436 2078 et
1463 2047 1612 2083 Pansae.
1679 2050 1771 2084 Nam
1799 2059 1949 2099 uterque
1976 2056 2060 2090 satis
2089 2058 2157 2090 cla-

1163 2106 1223 2128 rus
1249 2094 1316 2127 suit
1342 2096 1532 2133 virtutibus
1557 2106 1591 2133 et
1613 2113 1735 2135 amore
1761 2115 1842 2148 erga
1860 2106 2033 2149 patriam,
2059 2110 2155 2153 qnod

349 1569 485 1604 Aliud
520 1575 831 1613 argumentum
846 1569 905 1616 53).

230 1640 285 1673 Ab
304 1638 537 1683 occupatione
555 1637 699 1681 incipit,
728 1644 761 1670 et
786 1637 959 1679 ostendit,
988 1645 1121 1684 quanta

128 1705 212 1727 cura
230 1690 357 1725 Tironi
375 1702 437 1723 sua
457 1689 599 1733 negotia
623 1690 792 1722 mandata
820 1689 915 1724 velit.
968 1689 1119 1736 Reliqua

125 1751 207 1779 sunt
225 1741 458 1777 nuntiator-ia.

372 1832 507 1867 Aliud
543 1836 872 1875 argumentum.

223 1908 453 1944 Mandatoria
486 1913 536 1941 est
563 1913 597 1939 et
619 1906 853 1940 nuntiatoria.
915 1906 1111 1943 Exordium

118 1962 271 1998 sumitur
305 1962 349 1994 ab
383 1959 568 1993 occasione
603 1957 792 1992 scribendi.
858 1956 1029 1992 Narratio
1063 1967 1114 1994 est

116 2017 160 2048 de
178 2013 348 2058 pensione
373 2010 629 2056 extorquenda.
687 2009 815 2042 Postea
842 2021 905 2053 per
929 2012 1109 2055 quandam

116 2065 365 2100 transitionem
394 2068 516 2095 monet
547 2062 590 2094 de
626 2060 776 2104 publicis
810 2061 961 2103 negotiis
998 2068 1032 2095 et
1067 2064 1110 2096 de

115 2129 179 2151 suo
209 2114 369 2150 consilio.
428 2112 468 2146 In
494 2114 563 2146 fine
590 2118 641 2145 est
666 2112 784 2146 brevis
815 2109 1031 2147 adhortatio.

355 2205 406 2239 Al
416 2205 460 2239 iu
469 2206 492 2238 d
520 2217 539 2238 a
550 2217 568 2238 Ι·
577 2217 598 2249 g
607 2217 632 2238 U
641 2217 675 2238 m
686 2217 703 2238 C
713 2217 736 2238 Π
747 2210 761 2239 t
770 2218 793 2239 U
802 2218 850 2240 m·
1192 2226 1240 2258 54)
1261 2227 1347 2251 Huius
1368 2227 1503 2258 epistolae
1522 2232 1549 2254 et
1575 2234 1714 2263 sequentis
1738 2238 1901 2267 argumenta
1924 2238 1949 2262 h.
1967 2239 1984 2264 1.
2010 2240 2098 2265 allata
2122 2242 2149 2266 in

1227 2262 1311 2285 Editt.
1325 2263 1409 2293 1556„
1430 2264 1617 2290 1565—1596.
1638 2268 1783 2299 leguntur;
1810 2271 1836 2294 in
1850 2272 1933 2297 Editt.
1947 2273 2150 2307 1537—1554.‚

1228 2296 1322 2327 1557„
1343 2297 1435 2329 1560.,
1458 2299 1532 2323 1601.
1558 2307 1644 2331 neque
1667 2306 1830 2333 argumenta
1857 2313 1943 2337 neque
1961 2309 2067 2333 scholia
2089 2312 2148 2334 Me-

1224 2331 1362 2354 lantnonis
1382 2331 1409 2355 in
1428 2333 1477 2356 has
1497 2334 1513 2357 2
1532 2335 1666 2364 epistolas
1686 2339 1870 2367 reperiuntur.

1187 2372 1236 2401 55)
1256 2373 1412 2398 diuturnum
1431 2375 1586 2406 silentium]
1606 2379 1648 2403 sio
1667 2380 1750 2406 Editt.
1774 2382 1860 2413 1565„
1880 2382 1966 2414 1571„
1988 2385 2078 2417 1596.;
2098 2387 2147 2412 Ed.

1223 2408 1297 2431 1556.
1318 2408 1456 2432 silentium
1475 2410 1640 2437 diuturnum.

1185 2448 1234 2477 56)
1254 2448 1323 2472 nuic
1343 2450 1404 2473 voci
1430 2450 1457 2474 in
1476 2452 1559 2477 Editt.
1579 2455 1646 2478 15⁴0
1662 2468 1693 2472 —
1710 2457 1803 2488 1545„
1834 2458 1922 2489 1554„
1952 2460 2042 2492 1552,
2070 2463 2144 2488 1560.

1219 2484 1342 2513 praefixa
1366 2486 1430 2507 sunt
1451 2485 1507 2511 cic.
1533 2489 1617 2512 verba
1642 2490 1683 2518 (S.
1709 2492 1762 2519 1.):
1800 2492 1958 2524 mirificam
1984 2497 2054 2520 milti
2078 2499 2142 2525 (Ed.

1219 2518 1305 2541 Oreu.
1327 2518 1395 2547 mi),
1416 2519 1510 2548 quihus
1529 2522 1579 2545 hoc
1598 2527 1789 2554 argumentum
1808 2526 1836 2550 in
1855 2528 1903 2551 Ed.
1925 2529 1999 2553 1537.
2020 2530 2046 2554 in
2065 2538 2140 2556 mar—

1216 2553 1279 2582 gine
1298 2553 1452 2581 appositum
1472 2556 1521 2578 est.

1180 2594 1228 2622 57)
1250 2595 1306 2618 Hoc
1314 2598 1513 2651 targumentum
1533 2600 1560 2621 et
1577 2605 1695 2629 sequens
1710 2600 1735 2624 in
1752 2602 1833 2628 Editt.
1849 2604 1938 2637 1556.,
1960 2607 2138 2632 1565-15156.

1215 2632 1310 2652 exstan
1328 2646 1332 2651 .

1177 2671 1427 2700 57³)st'1'flwntfs]
1453 2672 1493 2697 sic
1517 2676 1594 2699 recte
1619 2676 1666 2702 Ed.
1693 2678 1785 2709 1556.;
1821 2680 1904 2705 Editt.
1928 2682 2018 2713 1565.‚
2047 2683 2131 2715 1571„

1213 2706 1287 2729 1596.
1307 2706 1467 2732 scribendis.

213 2282 408 2317 Exordium
427 2282 471 2315 ab
489 2281 672 2315 occasione
690 2282 879 2316 scribendi,
935 2281 1104 2328 Sequitur

110 2335 269 2370 narratio
287 2335 329 2368 de
354 2334 396 2367 iis
423 2333 547 2372 rebus,
583 2346 670 2378 quas
696 2345 761 2378 per
787 2333 961 2366 Tironem
984 2334 1102 2367 curari

136 2493 185 2520 51)
203 2488 340 2520 Apparet]
358 2487 407 2512 Ed.
425 2485 499 2510 1571.
519 2491 616 2509 errore
635 2486 765 2516 typogr.:
791 2486 960 2516 Apparetae.

135 2551 182 2582 52)
202 2549 270 2573 Huic
288 2548 449 2578 argumento
477 2545 504 2569 in
524 2545 607 2569 Editt.
628 2545 721 2585 {540.,
750 2545 842 2585 15453.
873 2546 948 2584 1550.
966 2547 1096 2587 *praefixa

170 2587 235 2608 suut
254 2583 309 2607 Cic.
329 2583 416 2606 verba
435 2579 474 2612 (ξ.
492 2581 546 2607 ¹.):
574 2580 641 2604 Etst
658 2586 758 2610 mane,
791 2580 886 2609 quibus
907 2587 932 2603 ln
952 2581 1001 2606 Ed.
1018 2582 1093 2606 1537.

167 2619 195 2643 iu
213 2617 338 2648 margine
357 2615 523 2645 adscriptum
543 2615 601 2644 est3
627 2614 653 2637 in
673 2615 738 2637 cett.
756 2614 841 2638 Editt.
864 2614 954 2638 deest.

127 2677 175 2706 53)
194 2677 252 2700 Hoc
268 2675 460 2706 argumentum
479 2674 505 2697 et
523 2672 576 2697 duo
595 2671 738 2702 sequentia
755 2673 790 2696 ab
808 2671 891 2697 Editt,
909 2673 1001 2706 1556.‚
1024 2674 1091 2699 1565

163 2710 280 2735 -1596.
295 2709 463 2734 exhibentur.
