2351 2990
94 95 171 131 913

143 183 277 223 Sumit,
299 188 330 217 et
346 184 499 217 immittit
513 184 649 217 miseris
661 189 851 230 pestemque
862 185 1062 233 famemque.

141 235 265 268 Strata
282 235 394 268 iacent
408 236 504 268 varia
520 237 700 269 morientia
717 248 856 279 corpora
872 238 974 278 clude,

139 286 210 318 Aut
226 286 344 319 cecidit
354 285 490 329 fuyiens
506 288 663 320 victorem
680 290 852 322 exercitus
867 289 1005 330 hostem,

141 336 300 370 Avulsive
316 337 384 370 solo
400 342 597 380 meryzmtur
614 339 650 371 in
668 351 810 384 aequore
824 343 927 381 muri,

142 388 313 422 Fluctibus
327 393 386 422 aut
401 390 522 422 mediis
537 391 764 431 poenasdabe't
773 392 1020 436 obrectupuppe's
1031 391 1088 438 ¹¹).

195 447 302 492 Quod
333 447 361 481 si
394 448 566 481 dissoluto
592 455 708 482 metro
736 451 950 484 sententiam
974 452 1087 485 consi-

90 498 279 538 derabitis,
308 511 382 531 non
398 497 464 533 hos
483 499 630 533 Hesiodi
648 513 770 535 versus
788 515 880 542 esse,
906 504 966 536 sed
982 504 1087 547 plane

90 550 275 583 oraculum
295 550 337 583 de
352 549 605 585 Demosthenis
629 553 786 587 consiliis
809 554 1086 588 arbitrabimini.

87 600 182 636 Nam
201 607 235 634 et
251 601 396 635 classem
416 608 450 635 et
466 604 646 647 pedestres
665 604 785 648 copias
810 611 843 638 et
865 606 971 639 urbes
996 606 1086 638 vidi-

86 665 168 686 mus
186 650 293 686 huius
311 654 467 688 consiliis
485 655 645 688 funditus
661 656 795 689 deletas
814 669 900 691 esse.
938 658 1006 691 Sed
1024 670 1086 690 ne—

85 704 221 737 minem
239 710 327 748 puto
344 717 506 751 unquam
524 706 630 740 fuisse
647 713 720 739 tam
741 707 945 752 improbum
970 708 1085 753 impo-

86 761 240 796 storem,
282 762 322 789 ut
345 754 402 790 hic
423 763 494 797 est,
538 758 599 803 qui
624 758 663 803 (o
688 758 749 791 Dii
783 765 889 804 atque
920 758 1085 794 homines

85 819 171 840 vera
203 808 327 841 audire
359 808 557 854 cupientes)
587 810 695 843 audet
727 811 905 844 affirmare
942 812 1084 845 intuens

85 858 204 892 vultus
228 865 385 900 vestros,
421 861 519 905 quod
541 858 708 893 Thebani
731 862 937 896 societatem
963 863 1084 897 nobis-

86 922 167 944 cum
200 910 367 950 fecerint,
402 923 477 944 non
509 912 623 945 coacti
652 913 836 956 praesenti
860 914 1020 958 periculo
1043 928 1083 947 ac

82 967 202 1002 metu,
228 974 302 995 non
320 962 465 996 adducti
484 969 621 997 vestrae
637 964 778 999 virtutis
802 966 994 1010 opinione,
1022 967 1082 1001 sed

82 1019 233 1058 propter
247 1012 501 1048 Demosthenis
525 1015 719 1050 orationes.
771 1016 882 1063 Atqui
905 1030 1010 1063 saepe
1035 1019 1082 1051 le-

83 1064 245 1109 gationes
268 1071 350 1098 ante
375 1063 471 1099 hunc
496 1068 541 1099 ad
560 1065 704 1102 Thebas
727 1068 856 1102 missae
881 1076 984 1109 sunt,
1018 1068 1082 1103 ho-

82 1115 198 1150 mines
216 1117 410 1151 familiares
426 1117 500 1152 istis
518 1124 551 1151 et
565 1119 682 1153 amici.
721 1119 865 1153 Primus
881 1121 949 1154 fuit
966 1120 1081 1154 Thra-

82 1168 229 1213 sybulus
245 1181 377 1213 magna
393 1169 450 1201 vir
474 1170 666 1203 autoritate
689 1172 784 1215 apud
802 1170 1015 1212 Thebanos,
1042 1179 1082 1206 ut

79 1231 190 1252 nemo
215 1220 323 1258 alius;
357 1221 485 1253 deinde
508 1218 637 1265 hospes
662 1221 919 1256 Thebanorum
939 1222 1080 1257 Thraso

81 1276 116 1304 et
138 1269 340 1304 Leodamas
366 1283 441 1304 non
467 1272 586 1305 minus
610 1273 782 1318 eloquens
813 1287 922 1319 quam
946 1275 1080 1308 Demo-

80 1319 243 1364 sthenes,
270 1328 305 1355 et
322 1335 403 1356 meo
420 1323 554 1357 iudicio
568 1324 709 1358 dulcior
734 1331 877 1366 orator,
905 1331 939 1359 et
954 1325 1081 1360 Archi-

79 1373 205 1407 demus
223 1380 358 1419 quanta
377 1375 580 1419 eloquentia
600 1382 634 1409 et
649 1388 758 1422 quam
784 1377 896 1410 multa
920 1378 1079 1421 pericula

78 1436 266 1470 perpessus
281 1423 540 1459 Thebanorum
558 1438 661 1461 causa
680 1429 776 1472 apud
789 1440 874 1469 nos,
901 1435 936 1462 et
956 1436 1081 1463 orator

79 1474 323 1521 Aristophon,
341 1489 448 1523 quem
466 1477 528 1510 diu
546 1479 715 1523 suspicati
728 1492 850 1514 sumus
867 1493 945 1513 cum
964 1481 1080 1515 Boeo-

78 1527 137 1562 tiis
154 1529 325 1562 adversus
339 1541 405 1563 nos
421 1529 551 1562 sentire
563 1557 572 1570 ‚
601 1536 635 1563 et
649 1537 772 1564 orator
788 1531 996 1576 Pyrander,
1019 1533 1081 1578 qui

81 1577 199 1614 adhuc
214 1586 267 1614 est
290 1587 486 1625 superstes:
516 1593 671 1626 quorum
696 1594 803 1615 nemo
829 1595 989 1629 unquam
1016 1597 1080 1629 po-

81 1631 151 1665 tuit
169 1643 228 1665 eos
246 1632 293 1664 ad
310 1632 516 1665 societatem
540 1639 694 1667 vestram
712 1632 934 1678 pertrahere.
988 1636 1080 1670 Cau-

79 1694 157 1717 sam
173 1684 315 1717 tametsi
329 1684 420 1724 scio,
448 1690 571 1717 tamen
593 1692 741 1730 propter
764 1685 908 1720 illorum
934 1688 1079 1721 calami-

76 1740 166 1768 tates
185 1746 260 1767 non
278 1747 356 1769 sum
379 1736 551 1769 dicturus.
616 1736 684 1770 Sed
710 1738 857 1782 opinor,
887 1745 1077 1785 postquam

76 1784 266 1831 Philippus
283 1786 453 1821 Nicaeam
474 1787 559 1832 ipsis
576 1789 781 1833 ademptam
800 1790 949 1823 tradidit
967 1789 1079 1826 Thes-

78 1838 181 1878 salis,
224 1844 257 1871 et
279 1839 433 1879 bellum,
474 1840 571 1885 quod
600 1840 699 1884 prius
724 1853 765 1874 ex
785 1840 936 1875 Boeotia
963 1849 1078 1878 trans-

78 1889 210 1923 tulerat
226 1902 267 1923 eo
280 1917 289 1930 ,
308 1902 430 1924 rursus
448 1891 568 1924 intulit
584 1892 753 1926 adversus
772 1890 934 1934 Thebas,
950 1901 984 1927 et
1000 1901 1078 1928 tan-

79 1941 161 1974 dem
188 1948 329 1986 captam
354 1941 518 1976 Elateam
543 1944 673 1976 muniit
698 1951 732 1977 et
757 1945 977 1988 praesidium
1012 1946 1077 1980 im-

76 1992 215 2038 posuit:
243 1991 302 2026 hic
316 1994 461 2028 demum
478 1994 515 2027 in
537 2001 637 2028 tanto
660 1996 865 2030 discrimine
880 1995 1077 2032 Athenien-

76 2056 131 2078 ses
155 2045 437 2087 accersiverunt,
473 2052 507 2079 et
533 2059 617 2087 vos,
653 2048 879 2092 expeditione
903 2057 1076 2095 suscepta,

77 2094 221 2130 Thebas
239 2109 318 2130 cum
342 2098 508 2132 omnibus
535 2099 645 2143 copiis
670 2100 892 2145 equestribus
915 2108 949 2134 et
970 2103 1076 2146 pede-

77 2147 209 2182 stribus
240 2149 371 2182 armati
401 2150 566 2191 venistis,
603 2151 813 2198 priusquam
837 2165 946 2186 unam
971 2154 1075 2198 sylla-

76 2199 161 2232 bam
185 2199 446 2236 Demosthenes
472 2203 515 2235 de
541 2202 709 2236 societate
732 2203 939 2248 scripsisset.
998 2206 1075 2239 Hoc

75 2251 295 2296 periculum,
328 2250 386 2286 hic
411 2260 549 2295 terror,
583 2266 662 2288 cum
685 2261 803 2289 vestro
828 2257 959 2290 auxilio
986 2270 1074 2302 opus

76 2300 271 2344 haberent,
307 2305 455 2339 adduxit
488 2307 532 2339 ad
566 2319 629 2341 vos
653 2305 866 2348 Thebanos,
902 2321 977 2343 non
1004 2309 1074 2343 De—

75 2353 294 2391 mosthenes.

180 2406 227 2440 At
242 2419 261 2440 a
279 2406 521 2442 Demosthene
541 2410 654 2445 tribus
677 2411 714 2444 in
735 2412 840 2445 rebus
865 2411 1073 2456 gravissime

76 2457 164 2492 laesi
181 2459 274 2492 estis.
327 2459 492 2493 Primum
513 2463 630 2507 quod,
661 2476 739 2497 cum
758 2462 947 2508 Philippus
965 2465 1074 2498 simu-

74 2508 165 2543 laret
180 2511 312 2543 bellum
331 2512 500 2547 adversus
517 2526 600 2555 vos,
626 2527 665 2548 re
680 2515 756 2560 ipsa
774 2528 859 2549 vero
884 2516 997 2560 magis
1021 2517 1074 2549 in-

110 2587 158 2615 11)
178 2587 291 2611 Hesiod.
312 2587 380 2617 Opp.
407 2589 433 2612 et
457 2588 524 2612 Dies
548 2589 600 2613 240
617 2604 652 2608 —
669 2590 730 2616 243.
755 2591 816 2616 246.
840 2591 901 2617 247.
928 2592 977 2616 Ed,
997 2592 1073 2616 Dab-

143 2627 201 2646 ner.
222 2635 256 2639 —
293 2622 327 2646 ui
345 2629 447 2646 versus
466 2629 482 2647 a
501 2625 564 2649 Mel.
585 2625 632 2650 lat.
660 2626 758 2649 redditi
783 2627 912 2657 leguntur
936 2627 1020 2650 etiam
1044 2627 1073 2651 in

142 2657 205 2682 Mel.
226 2657 294 2687 Opp.
313 2657 396 2682 Basil.
417 2659 446 2681 T.
465 2658 498 2682 V.
520 2666 545 2688 p.
565 2659 617 2684 334
635 2667 692 2691 sq.,
712 2661 739 2684 in
758 2662 821 2685 Mel.
840 2661 1008 2692 Epigrannn.
1030 2663 1072 2688 ed,

141 2691 270 2749 Viuqznt.
304 2690 410 2724 (¹563.)
438 2693 486 2718 fol.
514 2694 535 2717 N
562 2692 615 2725 21),
650 2697 677 2719 et
710 2696 737 2719 in
768 2696 818 2720 hoc
845 2696 926 2727 Corp.
955 2697 1014 2722 Res.
1036 2697 1072 2723 X.

141 2731 166 2754 p.
185 2733 219 2749 oo
239 2745 245 2751 .

74 2765 254 2797 MELANTH.
273 2767 380 2799 OPER.
412 2768 496 2800 VOL.
515 2770 620 2802 XVII.

284 94 473 132 XXXVIII.
517 95 745 133 INTERPR.
772 97 1035 134 ORATIOMS
1062 99 1307 136 AESCHIMS
1336 100 1534 137 CONTRA
1563 101 1952 138 CTESIPHONTEM.

2067 105 2143 141 914

1142 187 1250 221 festus
1282 194 1372 222 esset
1404 186 1606 229 Thebanis,
1645 195 1684 221 ut
1715 189 1827 223 exitus
1855 191 2028 231 ostendit,
2063 194 2140 234 (sed

1144 238 1229 283 quid
1247 240 1374 273 attinet
1392 240 1493 284 plura
1515 239 1674 285 ‹licere‘?)
1709 241 1900 275 occultavit
1922 241 1991 276 hoc
2007 243 2142 278 Demo-

1142 288 1303 331 sthenes,
1331 298 1365 324 et
1379 292 1514 335 fingens
1531 290 1724 326 Thebanos
1750 298 1899 336 propter
1921 307 2021 328 suam
2046 296 2140 340 lega-

1142 341 1297 383 tIOnem,
1331 355 1405 375 non
1429 350 1578 387 propter
1602 343 1886 387 magnitudinem
1912 347 2061 389 periculi
2085 360 2142 381 so-

1142 392 1305 426 cietatem
1324 394 1507 428 vobiscum
1524 396 1680 429 facturos
1697 408 1782 436 esse,
1799 397 1973 440 persuasit
1990 399 2140 443 populo,

1142 457 1185 477 ne
1201 446 1242 477 de
1262 445 1527 480 conditionibus
1542 447 1694 480 foederis
1714 448 1944 487 deliberaret;
1973 451 2033 482 sed
2052 463 2139 495 qua-

1141 497 1315 542 lecunque
1332 498 1456 531 foedus
1480 498 1636 537 fecisset,
1665 500 1936 543 comprobaret,
1962 498 2029 534 hoc
2055 514 2139 534 con-

1140 548 1219 581 silio
1237 554 1350 581 totam
1367 548 1557 582 Boeotiam
1576 550 1735 593 prodidit
1751 548 1953 593 Thebanis,
1981 552 2138 587 scribens

1140 599 1176 632 in
1196 600 1360 640 decreto,
1387 600 1416 633 si
1441 613 1533 645 quae
1559 601 1684 635 civitas
1709 614 1727 634 a
1754 600 1937 637 Thebanis
1961 604 2139 645 deficeret,

1138 648 1374 685 Athenienses
1390 649 1572 686 Thebanis
1589 652 1828 697 opitulaturos
1848 667 1933 689 esse.
1978 655 2042 689 His
2061 669 2140 689 ver-

1138 702 1192 736 bis
1209 714 1288 735 cum
1309 703 1396 736 falsa
1413 715 1474 747 spe
1492 703 1645 737 retinere
1662 717 1721 738 eos
1737 705 1772 737 in
1791 706 1858 739 fide
1875 706 1998 747 vellet,
2027 707 2140 752 magi5

1139 754 1368 787 abalienavit.
1421 754 1546 800 Neque
1566 755 1660 788 enim
1678 755 1820 789 Boeotii
1844 757 1882 789 in
1906 759 2063 793 adversis
2084 772 2140 792 re-

1137 807 1202 839 bus
1219 817 1440 850 magnopere
1452 805 1704 841 Demosthenis
1722 808 1897 852 promissa
1917 811 2138 853 spectabant,

1137 858 1197 891 sed
1235 858 1349 891 multo
1386 857 1498 901 magis
1526 865 1675 903 propter
1704 860 1943 893 calamitatem
1973 861 2137 907 indigna-

1135 909 1280 942 bantur.

1238 960 1400 993 Alterum
1413 966 1475 1001 est,
1491 962 1588 1006 quod
1605 962 1692 995 duas
1711 967 1830 1006 partes
1849 969 2057 1008 sumptuum
2074 977 2137 998 vo-

1135 1011 1189 1045 bis
1207 1011 1379 1056 imposuit
1392 1038 1401 1052 ,
1430 1012 1492 1057 qui
1508 1012 1649 1056 longius
1666 1024 1684 1045 a
1704 1013 1864 1058 periculo
1883 1015 2050 1057 abel-atis,
2067 1022 2137 1050 ter-

1136 1063 1222 1096 tiam
1249 1069 1389 1108 partem
1415 1061 1618 1105 Thebanis,
1657 1071 1846 1109 corruptus
1869 1067 1914 1100 ab
1938 1066 2006 1101 illis
2031 1080 2138 1112 pecu-

1135 1114 1208 1149 nia.
1266 1114 1313 1148 Et
1345 1115 1588 1160 principatum
1622 1116 1674 1148 rei
1707 1116 1912 1151 maritimae
1934 1119 2017 1152 fecit
2040 1132 2138 1153 com-

1136 1179 1281 1200 munem
1296 1193 1305 1206 ,
1339 1166 1388 1199 ita
1414 1173 1454 1200 ut
1476 1173 1593 1201 vestro
1620 1174 1756 1201 tantum
1779 1176 1925 1214 sumptu
1945 1171 2137 1205 sustinere-

1135 1224 1211 1256 tur3
1239 1217 1480 1262 principatum
1498 1231 1584 1252 vero
1610 1219 1647 1252 iu
1672 1226 1766 1253 terra
1790 1220 1997 1255 universum
2021 1229 2138 1257 trans-

1135 1269 1216 1302 tulit
1231 1271 1276 1302 ad
1296 1267 1509 1309 Thebanos,
1537 1271 1626 1303 adeo
1645 1277 1683 1304 ut
1707 1278 1831 1306 noster
1855 1273 1926 1306 dux
1943 1272 2136 1309 Stratocles

1134 1326 1216 1364 post
1232 1321 1361 1354 saetam
1380 1334 1537 1365 pugnam
1554 1334 1629 1355 non
1646 1330 1766 1366 posset
1783 1324 1825 1357 de
1840 1324 1996 1359 militum
2021 1327 2136 1360 salute

1135 1372 1323 1406 consilium
1343 1384 1480 1416 capere.
1534 1373 1652 1420 Atque
1669 1372 1756 1408 haec
1774 1387 1849 1408 non
1871 1388 1936 1420 ego
1959 1389 2051 1411 unus
2077 1390 2134 1412 ac-

1135 1435 1218 1457 cuso
1250 1424 1450 1458 tacentibus
1477 1424 1575 1466 aliis,
1621 1426 1682 1459 sed
1716 1425 1986 1471 reprehendunt
2008 1430 2134 1463 eadem

1135 1487 1271 1509 omnes.
1324 1474 1371 1508 Et
1390 1488 1451 1509 vos
1468 1476 1582 1517 scitis,
1609 1489 1674 1510 nec
1698 1483 1818 1512 tamen
1843 1479 2058 1520 irascimini;
2086 1481 2136 1516 sic

1135 1527 1230 1560 enim
1256 1526 1374 1560 affecti
1397 1527 1479 1561 estis
1506 1539 1587 1572 erga
1607 1528 1910 1572 Demosthenem,
1949 1533 2135 1567 consuevi-

1133 1578 1195 1612 stis
1211 1578 1282 1611 iam
1300 1578 1374 1612 eius
1391 1579 1518 1612 delicta
1535 1580 1680 1621 audire,
1708 1587 1742 1614 et
1762 1584 1981 1616 consuetudo
2004 1585 2136 1618 exemit

1134 1630 1424 1664 admirationem.
1478 1631 1547 1664 Sed
1563 1629 1630 1665 hoc
1651 1644 1726 1666 non
1751 1635 1920 1668 convenit
1942 1636 2040 1677 fiori,
2074 1649 2135 1670 ve-

1134 1694 1214 1715 rum
1233 1679 1453 1715 stomachari
1467 1695 1543 1723 vos,
1559 1695 1599 1716 ac
1614 1696 1749 1728 poenas
1767 1698 1907 1720 smnere
1918 1688 1960 1721 de
1971 1700 2012 1721 eo
2024 1700 2132 1733 opor-

1133 1739 1199 1774 tet,
1225 1732 1254 1767 si
1271 1733 1437 1778 deinceps
1452 1734 1559 1768 vultis
1575 1737 1834 1780 rempublicam
1852 1739 1987 1771 salvam
2008 1752 2094 1774 esse.

1236 1784 1398 1818 Alterum
1416 1785 1590 1829 flagitium
1609 1787 1752 1821 admisit
1767 1789 1880 1822 multo
1891 1790 2019 1831 maius,
2036 1792 2134 1836 quod

1133 1836 1364 1870 autoritatem
1391 1843 1534 1871 senatus
1557 1844 1591 1871 et
1614 1838 1816 1873 libertatem
1841 1847 2003 1875 nostram
2027 1843 2133 1877 nobis

1131 1885 1222 1920 nihil
1237 1888 1307 1921 tale
1325 1888 1557 1933 opinantibus
1574 1890 1733 1924 funditus
1751 1892 1897 1933 evertit,
1926 1899 1960 1926 et
1975 1894 2019 1926 ad
2037 1892 2132 1929 The-

1131 1940 1244 1973 banos
1266 1940 1467 1981 transtulit,
1493 1941 1676 1976 colludens
1701 1955 1780 1976 cum
1805 1943 2042 1979 Boeotiorum
2066 1947 2132 1980 du-

1132 1991 1246 2029 cibus;
1283 1998 1390 2037 atque
1423 2004 1465 2025 eo
1498 1993 1647 2027 consilio
1677 1999 1815 2028 tantam
1842 1996 1909 2030 sibi
1930 1998 2130 2041 potentiam

1131 2043 1385 2084 circumdedit,
1419 2050 1459 2077 ut
1485 2046 1632 2078 auderet
1647 2045 1852 2088 circumire,
1888 2060 1928 2081 ac
1953 2061 2020 2093 pro
2048 2062 2132 2083 con-

1131 2095 1233 2128 cione
1252 2095 1406 2135 iactare,
1433 2108 1468 2129 se
1486 2109 1701 2143 quocunque
1722 2099 1845 2140 vellet,
1872 2101 2030 2144 legatum
2053 2101 2130 2135 sine

1130 2146 1255 2180 vestris
1287 2147 1466 2181 mandatis
1499 2149 1745 2192 profecturum
1781 2163 1867 2185 esse.
1925 2151 1971 2185 Et
1994 2153 2024 2187 si
2050 2154 2130 2199 quis

1129 2198 1389 2243 imperatorum
1424 2200 1682 2234 adversabatur
1704 2202 1756 2242 ei,
1792 2204 1979 2248 redegerat
2004 2217 2130 2240 omnes

1128 2250 1357 2294 magistratus
1379 2251 1416 2283 in
1443 2257 1580 2285 tantam
1610 2253 1837 2295 servitutem,
1873 2262 1913 2288 ut
1949 2257 2130 2290 contradi-

1129 2314 1207 2335 cere
1226 2301 1258 2335 ei
1273 2314 1380 2336 nemo
1396 2304 1562 2342 auderet;
1597 2310 1632 2337 et
1659 2305 1892 2349 praedicabat
1918 2319 1954 2340 se
1977 2308 2129 2353 scriptu-

1127 2366 1208 2387 rum
1224 2354 1473 2398 rogationem,
1504 2362 1543 2388 ut
1565 2363 1767 2400 suggestum
1792 2370 1872 2391 cum
1897 2360 2020 2394 castris
2044 2373 2129 2394 con-

1127 2406 1308 2446 tenderet,
1336 2407 1420 2452 quia
1437 2406 1592 2441 maiores
1616 2408 1786 2443 utilitates
1810 2410 1984 2445 attulisset
2006 2412 2129 2457 reipu-

1126 2457 1238 2491 blicae
1255 2470 1320 2502 per
1335 2465 1536 2503 suggestum
1556 2471 1662 2505 quam
1683 2466 1809 2496 castra.
1858 2460 1905 2495 Et
1921 2474 2001 2496 cum
2021 2477 2128 2509 pecu-

1126 2509 1186 2542 nia
1205 2511 1400 2544 conductos
1418 2508 1646 2545 contraheret
1663 2512 1811 2554 milites,
1840 2520 1875 2547 et
1891 2514 1994 2559 plura
2013 2528 2127 2550 vacua

1127 2561 1276 2594 nomina
1307 2561 1400 2596 inter
1428 2563 1638 2606 peregrinos
1670 2564 1801 2599 milites
1830 2565 2050 2607 institueret,
2086 2573 2127 2601 ut

1126 2613 1320 2647 militarem
1346 2614 1535 2658 pecuniam
1553 2615 1754 2657 furaretur,
1784 2623 1818 2650 et
1837 2630 1986 2662 magnas
2004 2619 2126 2663 copias

1127 2665 1251 2699 missas
1284 2664 1598 2710 Amphissensibus
1633 2669 1795 2702 mercede
1829 2669 1982 2710 locaret,
2026 2677 2124 2715 post-

1127 2729 1235 2763 quam
1255 2724 1396 2752 nostras
1411 2718 1505 2752 vires
1521 2719 1702 2760 distraxit,
1730 2721 1855 2754 urbem
1874 2728 2033 2755 nostram
2056 2723 2124 2756 im-

1507 2768 1556 2804 58
