2294 2975
82 122 152 159 291
654 111 776 148 PHIL.
813 109 924 145 MEL.
957 106 1158 143 SCRIPTA
1185 105 1520 142 PHILOLOGICA.

328 203 465 237 Aliud
493 205 817 245 argumentum.

187 272 390 315 Propositio
423 271 465 303 de
490 270 562 302 eius
590 268 762 303 adventu,
807 273 896 308 quae
922 261 1070 303 figurata

89 330 139 357 est
156 323 336 356 sententiis
355 318 649 366 philosophorum
668 313 814 347 Diodori
834 319 867 345 et
882 309 1074 355 Chrysippi

90 375 132 407 de
163 374 306 412 suturis,
344 384 495 418 quorum
520 370 606 401 alter
631 366 810 399 Diodorus
832 362 1073 396 necessitatem

92 425 267 458 tribuebat
284 424 424 457 suturis:
462 419 678 463 Chrysippus
696 427 780 448 vero
803 414 981 447 diversum
998 423 1075 445 sen-

94 476 184 508 tiens
219 475 416 507 affirmabat
448 472 563 502 sutura
587 480 658 501 esse
683 466 862 511 possibilia
885 471 918 497 et
941 462 1077 495 contin—

94 526 208 569 gentia
222 552 230 564 ‚
259 536 330 557 non
348 529 462 555 autem
482 519 689 552 necessaria.

286 621 470 657 Scholia
500 621 542 653 in
570 618 809 665 epistolam
836 616 879 651 V.

197 696 225 740 ξ.
248 699 279 730 1.
308 698 401 732 Dle'ln'
424 708 498 729 vero
523 697 566 728 ad
586 690 724 739 Nonas]
759 689 974 724 Brevissima
1000 699 1081 720 nar—

95 749 185 782 ratio
202 755 269 787 est,
295 760 401 792 quam
418 747 577 791 sequitur
595 743 790 782 excusatio,
826 753 887 774 cur
913 741 957 772 ad
976 739 1083 772 Pom-

96 800 213 843 peium
232 801 409 843 profectus
426 798 488 836 sit,
524 803 557 829 et
572 801 694 840 postea
711 794 753 826 ab
771 790 933 837 armis³⁵)
959 790 1084 823 disces-

96 857 190 884 serit.

201 899 230 944 §-
248 901 282 934 3.
310 900 403 934 Mihi
427 895 542 944 si³ff)]
570 892 758 941 πάθω-37).

396 978 789 1025 Argiiment11m33).

201 1050 368 1085 'Narratio
393 1055 462 1088 est,
490 1048 526 1080 in
551 1058 619 1092 qua
648 1046 804 1089 disputat
829 1042 985 1075 breviter
1009 1053 1087 1073 cum

100 1104 262 1135 Varrone
287 1103 328 1134 de
353 1098 535 1132 honestate
561 1097 715 1136 consilii,
744 1095 840 1140 quod
860 1094 965 1125 ambo
989 1097 1091 1124 erant

102 1153 286 1196 secuti3321)
306 1151 408 1184 ossii-ii
427 1162 527 1182 causa
546 1147 776 1191 Pompeium,
805 1151 838 1178 et
854 1145 951 1190 quod
968 1148 1089 1187 postca

101 1207 287 1249 desperata
313 1201 461 1235 victoria
485 1200 528 1231 ab
554 1199 662 1232 armis
689 1197 931 1230 discesserant.
984 1192 1091 1226 Ordi-

103 1264 161 1289 tur
192 1261 309 1287 autem
338 1252 522 1297 epistolam
547 1262 565 1282 a
589 1247 882 1293 comprobatione
908 1243 1091 1288 temporis,

106 1320 175 1352 quo
201 1304 390 1338 convenire
414 1301 600 1335 debebant.
667 1299 804 1332 Deinde
826 1297 930 1341 ponit
952 1306 1092 1327 excusa-

105 1359 237 1391 tionem
254 1356 354 1394 sacti,
382 1354 477 1399 quod
496 1353 537 1384 ab
557 1350 664 1383 armis
683 1348 897 1387 discesserit,
933 1352 967 1378 et
989 1344 1093 1378 simul

106 1409 224 1447 addit,
252 1407 295 1439 ob
313 1404 404 1438 hanc
421 1404 533 1438 solam
551 1414 625 1434 rem
643 1414 678 1434 se
696 1401 787 1444 apud
807 1399 937 1431 multos
960 1408 1031 1429 esse
1056 1395 1093 1427 in

107 1471 236 1502 magno
262 1457 356 1491 odio.
425 1454 462 1487 In
499 1455 565 1486 fine
592 1453 761 1484 admonet
780 1449 937 1483 breviter
961 1448 1002 1480 de
1030 1458 1093 1480 suo

108 1512 273 1543 adventu.

351 1578 485 1612 Aliud
513 1579 841 1619 argumentum.

211 1646 440 1682 Excusatoria
457 1652 507 1678 est
524 1645 597 1677 eius
615 1643 715 1681 facti,
744 1641 837 1686 quod
863 1638 1018 1683 primum
1046 1648 1096 1669 se-

112 1708 211 1734 cutus
235 1700 278 1733 sit
294 1697 526 1741 Pompeium,
559 1701 679 1738 postea
706 1705 743 1725 re
766 1693 949 1734 desperata
974 1688 1017 1720 ab
1043 1699 1097 1719 ar-

112 1753 178 1785 mis
197 1752 232 1783 in
250 1757 408 1792 tempore
426 1746 632 1780 discesserit.
693 1742 843 1776 Orditur
867 1739 1052 1784 epistolam
1079 1749 1098 1770 a

114 1801 404 1845 comprobatione
429 1797 618 1841 temporis,
647 1807 717 1840 quo
742 1790 952 1826 conventuri
975 1795 1099 1822 essent.

112 1855 238 1887 Postea
276 1851 374 1883 addit
409 1848 690 1885 excusationem,
740 1855 850 1889 quare
885 1847 1023 1876 secutus
1057 1839 1101 1872 sit

112 1903 323 1947 Pompeium
343 1908 376 1933 et
397 1901 546 1933 eundem
567 1904 687 1942 postea
711 1893 917 1928 deseruerit.
970 1890 1010 1924 In
1032 1891 1100 1923 fine

115 1961 164 1988 est
183 1953 379 1986 admonitio
396 1952 437 1984 de
455 1962 518 1984 suo
537 1950 702 1981 adventu.

365 2033 502 2067 Aliud
530 2035 854 2074 argumentum.

216 2102 420 2147 PropositIO
433 2128 441 2141 ,
469 2112 504 2134 se
522 2098 668 2132 omnino
686 2097 839 2141 probare
861 2094 955 2128 diem
974 2094 1105 2126 adven-

118 2165 173 2191 tus
189 2155 417 2189 constitutum
442 2164 461 2184 a
480 2150 655 2182 Varrone.
713 2147 800 2180 Post
822 2144 1104 2190 propositionem

119 2207 264 2252 ponitur
290 2204 447 2238 defensio
473 2201 572 2239 facti,
608 2210 718 2244 qnare
741 2197 834 2229 victo
852 2197 1026 2240 Pompeio
1047 2208 1106 2228 vo-

120 2258 224 2291 luerit
253 2269 330 2290 cum
357 2255 434 2287 aliis
459 2251 670 2298 quibusdam
695 2248 799 2281 bonis
823 2247 908 2281 viriS
932 2258 1107 2280 renovare

120 2309 250 2341 bellum
278 2313 400 2339 contra
426 2305 635 2341 Caesarem,
677 2298 866 2333 subiiciens
898 2297 1108 2338 defensioni,

158 2425 206 2450 35)
226 2423 325 2451 armis]
345 2422 392 2445 Ed.
414 2420 486 2445 156⁰.
506 2418 649 2448 corrupte:
675 2414 762 2440 annis.

158 2467 208 2493 36)
228 2466 280 2488 Pro
301 2464 342 2487 his
356 2464 412 2487 Cic.
431 2461 523 2484 verbis
543 2461 569 2483 in
586 2458 765 2483 Edunt-345...
785 2455 860 2479 ¹560.
881 2453 942 2478 huic
959 2456 1041 2478 notae
1059 2453 1110 2477 ad-

195 2499 298 2528 scripta
317 2499 380 2520 sunt
399 2495 603 2525 praecedentia:
629 2493 684 2518 ,sea
702 2491 778 2515 nihil
795 2491 890 2514 minus
907 2488 981 2519 fero.

159 2544 207 2570 37)
228 2538 331 2567 πάθος]
350 2538 433 2562 Editt.
454 2538 545 2568 1545.‚
566 2536 639 2560 ¹560.
660 2535 771 2559 Pathos.

161 2586 210 2612 38)
232 2584 287 2606 linc
308 2582 495 2611 argumentum
516 2581 543 2602 et
561 2579 613 2602 duo
632 2576 774 2608 sequentia
792 2575 820 2600 in
833 2574 918 2600 Editt.
934 2573 1026 2605 1556„
1046 2572 1113 2597 1565

196 2617 310 2640 -15945,
334 2616 452 2638 exstant.

163 2662 232 2687 38³)
255 2657 354 2685 secuti]
378 2656 418 2681 sie
441 2656 516 2680 recte
535 2655 618 2680 Editt.
640 2654 730 2686 1565„
759 2653 852 2684 1569„
878 2651 968 2684 15923
1010 2650 1038 2676 in
1061 2651 1113 2677 Ed.

197 2694 271 2718 1556.
290 2692 382 2716 omiss.

2033 102 2109 140 292

1123 206 1159 226 se
1176 198 1401 225 contemnere
1426 203 1548 225 omnes
1574 190 1726 224 invidos.
1785 189 1870 223 Vice
1893 188 2022 234 epilogi
2047 201 2109 233 po—

1123 244 1220 277 nitur
1237 243 1447 286 significatio
1465 242 1519 276 sui
1539 242 1675 275 itineris
1694 247 1728 274 et
1745 241 1929 274 adventus.

1305 341 1491 376 Scholia
1528 343 1573 375 in
1608 342 1850 387 epistolam
1878 339 1938 376 VI.

1232 416 1262 462 ᾗ.
1283 419 1315 454 1.
1345 421 1508 453 Caninius
1525 416 1656 465 noster]
1684 417 1864 451 Narratio.

1234 468 1263 512 §-
1279 471 1314 504 2.
1343 470 1435 510 Quod
1452 481 1508 513 eyo
1523 481 1583 502 cur
1608 466 1792 514 nolim³⁹)]
1819 465 2028 505 Excusatio,
2055 475 2117 497 cur

1131 531 1166 553 se
1184 519 1354 563 adiungat
1372 519 1610 559 Caesarianis,
1637 531 1743 564 quam
1763 518 1922 564 sequitur
1939 517 2118 560 vitupera—

1132 570 1181 602 tio
1203 570 1517 613 Pompeianorum.

1237 619 1266 664 ξ.
1291 619 1325 654 5.
1368 622 1449 660 Qm's
1472 622 1562 653 em’m
1581 618 1659 666 hoe]
1694 620 1882 653 Praedicat
1907 617 2042 656 studia,
2081 615 2118 648 in

1135 670 1262 715 quibus
1278 671 1327 703 ait
1343 669 1490 703 honeste
1507 671 1666 703 consumi
1686 671 1795 703 otium
1809 697 1817 710 ‚
1844 676 2032 714 postquam
2049 667 2121 699 sor-

1136 728 1220 754 tuna
1237 733 1302 755 nos
1318 721 1510 754 removerit
1535 733 1553 753 a
1573 721 1828 764 gubernatione
1845 719 2070 765 reipublicae.

1436 803 1827 849 Argumentum‘ffl).

1241 870 1444 903 Admodum
1462 871 1601 913 elegans
1620 876 1670 903 est
1688 870 1834 914 epistola
1846 896 1856 909 ,
1884 868 1920 901 in
1938 879 2006 914 qua
2027 867 2125 911 prin-

1141 921 1233 965 cipio
1250 927 1373 954 narrat
1391 922 1433 953 de
1452 922 1606 954 adventu
1623 921 1799 960 Caesaris,
1835 920 1895 965 qui
1912 918 2124 962 Pompeium

1141 972 1212 1004 iam
1237 972 1363 1004 vicerit
1375 971 1433 1018 ⁴¹).
1499 971 1636 1004 Deinde
1662 971 1814 1004 instituit
1837 983 1969 1003 novam
1994 968 2126 1002 oratio-

1142 1034 1242 1062 nem,
1276 1023 1312 1054 in
1337 1034 1406 1066 qua
1432 1023 1578 1066 exponit
1600 1034 1700 1056 suam
1716 1022 1948 1061 sententiam,
1976 1026 2009 1053 et
2024 1031 2127 1053 suum

1142 1074 1272 1105 sactum
1289 1073 1464 1112 defendit,
1492 1085 1554 1105 cur
1570 1079 1651 1116 post
1672 1074 1804 1106 victum
1822 1071 2034 1116 Pompeium
2053 1081 2128 1102 ma-

1142 1124 1247 1157 luerit
1263 1124 1409 1167 supplex
1427 1123 1613 1167 confugere
1631 1124 1675 1155 ad
1691 1123 1876 1156 Caesarem
1890 1149 1899 1162 ,
1927 1133 2034 1167 quam
2056 1120 2129 1153 bel-

1142 1175 1216 1207 lum
1242 1174 1406 1218 persequi
1427 1186 1507 1207 cum
1528 1174 1687 1219 reliquiis
1711 1173 1924 1217 Pompeiani
1947 1171 2130 1205 exercitus.

1143 1225 1238 1258 Haec
1256 1231 1373 1257 autem
1392 1237 1432 1257 eo
1449 1224 1594 1257 consilio
1611 1224 1785 1268 disputat,
1812 1230 1850 1257 ut
1859 1223 2059 1256 Varronem
2076 1221 2130 1254 in-

1144 1276 1232 1308 vitet
1256 1276 1301 1308 ad
1323 1276 1471 1308 eandem
1495 1275 1735 1308 conditionem
1760 1275 2012 1319 accipiendam.
2061 1272 2132 1305 Po-

1145 1333 1276 1360 stremo
1295 1326 1393 1358 addit
1413 1326 1713 1366 consolationem,
1741 1327 1836 1371 quod
1856 1325 1919 1359 etsi
1941 1335 2047 1358 nemo
2067 1323 2131 1356 bo-

1145 1389 1211 1410 nus
1243 1377 1298 1409 vir
1324 1377 1421 1409 illam
1445 1377 1659 1420 reipublicae
1684 1377 1989 1420 perturbationem
2017 1386 2131 1419 aequo

1147 1428 1266 1460 animo
1285 1428 1376 1460 serre
1393 1427 1521 1471 possit,
1547 1433 1667 1460 tamen
1684 1426 1813 1460 habere
1835 1433 1869 1460 et
1891 1439 1925 1461 se
1950 1432 1984 1459 et
2000 1426 2134 1458 Varro-

1146 1491 1227 1511 nem
1245 1478 1444 1511 litterarum
1462 1478 1591 1517 studia,
1618 1478 1744 1522 quibus
1761 1478 1871 1510 lenire
1889 1477 2026 1522 possint
2039 1475 2135 1509 hunc

1148 1536 1285 1562 tantum
1305 1529 1477 1562 dolorem.
1530 1528 1620 1561 Sunt
1635 1541 1717 1572 ergo
1735 1526 1801 1560 hae
1819 1535 1936 1572 partes
1953 1528 2134 1571 epistolae.

1148 1580 1342 1613 Exordium
1362 1579 1513 1612 sumitur
1531 1579 1574 1611 ab
1592 1579 1775 1612 occasione
1792 1579 1980 1612 scribendi.
2013 1577 2136 1623 Sequi-

1151 1639 1208 1664 tur
1225 1631 1342 1663 brevis
1358 1630 1518 1662 narratio
1540 1631 1582 1662 de
1605 1631 1759 1662 adventu
1777 1630 1947 1663 Caesaris.
1997 1629 2135 1662 Deinde

1151 1689 1200 1715 est
1216 1681 1406 1721 excusatio,
1434 1692 1495 1713 cur
1511 1693 1546 1713 se
1562 1680 1762 1713 adiunxerit
1776 1680 2008 1721 Caesarianis,
2036 1678 2139 1726 quasi

1151 1733 1300 1766 diceret:
1341 1732 1423 1765 Non
1446 1731 1602 1775 poenitet
1624 1744 1681 1764 me
1708 1729 1813 1765 huius
1843 1731 2000 1771 consilii,
2041 1731 2138 1776 quod

1152 1796 1207 1817 me
1222 1796 1301 1816 cum
1320 1783 1469 1815 Caesare
1486 1782 1653 1815 coniunxi
1667 1789 1747 1826 post
1764 1782 1895 1816 victum
1912 1782 2137 1826 Pompeium.

1153 1834 1259 1867 Ratio
1292 1833 1547 1877 propositionis
1570 1845 1630 1866 seu
1655 1833 1887 1867 excusationis
1918 1839 2055 1878 sumpta
2087 1838 2139 1866 cst

1155 1887 1198 1918 ab
1222 1883 1392 1925 honesto,
1437 1884 1537 1929 quasi
1559 1885 1706 1917 diceret:
1747 1883 1822 1917 Etsi
1848 1882 1936 1917 mihi
1965 1884 2139 1930 quaedam

1154 1937 1298 1970 serenda
1314 1942 1415 1975 sunt,
1441 1941 1560 1967 tamen
1576 1947 1681 1967 nemo
1704 1947 1759 1967 me
1784 1935 1894 1979 cogit,
1929 1942 1969 1968 ut
1995 1945 2034 1968 ea
2058 1947 2141 1979 pro-

1155 1989 1249 2027 bem,
1277 1999 1367 2032 quae
1384 1983 1473 2019 mihi
1489 1998 1562 2018 non
1579 1986 1745 2019 videntur
1761 1987 1964 2029 probanda,
1992 1986 2028 2019 id
2044 1987 2141 2031 quod

1155 2039 1262 2072 fiebat
1283 2039 1319 2070 in
1345 2037 1466 2071 castris
1488 2037 1581 2081 apud
1597 2036 1820 2080 Pompeium.
1874 2036 2041 2082 Sequitur
2066 2049 2142 2070 cor—

1156 2089 1280 2129 rectio,
1305 2101 1395 2134 quae
1412 2087 1568 2121 continet
1583 2087 1820 2121 defensionem
1835 2087 2010 2122 Caesaris:
2040 2088 2141 2134 Quae

1158 2139 1327 2174 hactenus
1350 2151 1369 2172 a
1393 2139 1540 2172 Caesare
1564 2144 1647 2171 sunt
1668 2145 1764 2179 acta,
1803 2150 1877 2171 non
1908 2152 2051 2183 possum
2076 2138 2143 2172 im-

1158 2192 1322 2237 probare.
1371 2190 1487 2235 Atque
1502 2187 1558 2222 hic
1575 2189 1726 2222 instituit
1749 2189 1974 2223 collationem
1998 2203 2039 2224 ex
2061 2202 2143 2223 con-

1159 2243 1237 2277 silio
1262 2241 1420 2275 Caesaris
1451 2246 1484 2273 et
1507 2239 1689 2284 Pompeii,
1733 2252 1772 2273 ac
1803 2241 1976 2285 Pompeio
2008 2241 2144 2281 tribuit,

1161 2295 1256 2340 quod
1276 2304 1374 2325 arma
1390 2298 1520 2324 temere
1538 2290 1679 2334 ceperit.
1734 2291 1919 2326 Caesarem
1943 2299 2061 2326 autem
2087 2304 2144 2325 ex-

1162 2350 1278 2384 cusat,
1305 2349 1345 2376 ut
1362 2342 1422 2388 qui
1439 2348 1578 2375 coactus
1597 2342 1642 2374 sit
1657 2341 1726 2374 vim
1745 2355 1762 2374 a
1781 2355 1816 2376 se
1833 2343 2018 2387 depellere.
2052 2343 2144 2377 Con-

1160 2397 1229 2430 fert
1253 2394 1358 2428 etiam
1383 2392 1569 2433 victorias,
1606 2394 1701 2438 quod
1726 2393 1956 2438 Pompeiani,
1995 2393 2082 2427 sicut
2107 2392 2144 2425 in

1196 2528 1244 2556 ³9)
1264 2527 1316 2551 Pro
1339 2525 1381 2550 his
1406 2524 1461 2549 Cic.
1486 2523 1579 2547 verbis
1603 2523 1629 2547 in
1654 2524 1737 2548 Editt.
1758 2524 1848 2554 1545.‚
1881 2524 1954 2549 1560.
1979 2523 2042 2548 huic
2065 2527 2146 2550 notae

1232 2561 1352 2593 praefixa
1371 2560 1435 2584 sunt
1453 2558 1657 2582 antecedentia:
1683 2559 1760 2589 Quid
1777 2559 1851 2583 enim
1868 2559 1927 2583 ille.

1200 2605 1248 2634 40)
1266 2605 1324 2628 Hoc
1341 2603 1530 2640 argumentum
1548 2602 1575 2625 et
1594 2601 1646 2625 duo
1663 2601 1805 2632 sequentia
1822 2601 1856 2625 ab
1873 2600 1956 2624 Editt.
1976 2601 2062 2634 1556„
2082 2602 2149 2626 1565

1233 2637 1350 2662 —1596.
1368 2637 1537 2660 exhibentur.

1198 2681 1246 2714 41)
1264 2679 1377 2710 vicerit]
1393 2678 1432 2703 sic
1448 2678 1497 2703 Ed.
1513 2678 1604 2709 1556.;
1628 2677 1712 2702 Editt.
1729 2676 1814 2708 1⁵⁶5„
1833 2676 1920 2709 1569„
1940 2678 2014 2704 1592.
2033 2678 2146 2703 vicerat.
