2351 2990
205 123 280 158 915

207 216 369 254 paratam
393 209 426 241 in
447 216 641 243 extremum
662 210 850 243 discrimen
869 209 1034 249 adduxit,
1050 222 1105 241 me
1125 221 1199 242 sae-

207 273 252 304 pe
287 261 525 299 reclamante,
568 268 599 293 et
636 263 729 294 urbs
764 263 944 294 fortunam
972 261 1195 305 deplorante.

209 311 304 356 Quid
324 311 417 344 enim
443 313 537 345 aliud
564 312 788 344 arbitr-:uuini
813 310 1018 355 Philippum
1044 324 1084 344 eo
1113 317 1199 343 tcm-

209 374 296 407 pore
312 369 470 407 optasse,
499 363 564 396 nisi
584 370 618 395 ut
638 375 795 396 seorsum
812 363 1017 405 confligeret
1042 376 1120 395 cum
1143 373 1200 394 ur-

209 414 310 447 banis
335 414 463 458 copiis,
500 421 532 446 et
558 426 716 447 scorsum
743 427 821 446 cum
850 414 1070 447 mercenario
1105 425 1202 446 exer-

210 465 280 497 citu
299 465 503 503 dimicaret,
539 472 570 497 et
591 465 746 498 Graecos
764 477 861 509 spem
886 466 1008 499 salutis
1035 464 1202 497 abiicien-

210 522 260 550 tes
280 523 312 549 et
331 523 382 549 tot
399 516 555 549 cladibus
573 517 702 549 fractos
723 517 954 560 opprimeret.

314 592 513 624 Tantarum
534 591 775 624 calamitatum
793 604 870 624 cum
887 592 931 625 sit
950 598 1054 624 autor
1073 591 1204 623 Demo-

210 641 370 681 sthenes,
412 649 555 675 nonest
580 649 786 681 contentus,
828 644 922 688 quod
955 640 1022 675 hoc
1059 642 1204 686 impune

212 695 310 733 tulit,
345 695 404 727 sed
424 694 565 737 indigue
590 706 625 726 se
652 693 763 737 accipi
784 700 903 737 putat,
938 694 966 726 si
988 706 1062 726 non
1087 694 1205 726 decer-

212 752 318 778 natur
334 745 399 778 sibi
416 757 547 777 corona
568 757 694 781 aurea;
723 757 786 777 nec
817 751 1003 778 contentus
1030 751 1081 778 est
1104 756 1205 788 prae-

212 797 337 835 conio,
374 797 469 841 quod
495 808 614 828 coram
641 796 741 829 vobis
766 796 841 828 fieri
864 796 970 834 solet;
1005 795 1206 828 renuntiari

213 860 384 880 coronam
415 847 631 892 inspectante
658 854 730 879 tota
758 847 906 880 Graecia
934 848 1101 891 postulat.
1154 845 1205 879 Ita

213 911 322 943 prava
348 898 488 941 ingenia
514 898 694 931 licentiam
719 899 845 942 adepta
870 899 1071 932 civitatibus
1096 897 1207 930 maxi·

212 962 353 983 marum
371 950 612 982 calamitatum
633 962 757 983 causae
773 956 866 983 sunt.

315 1025 479 1058 Tertium
513 1026 624 1058 scelus
655 1032 725 1064 est,
767 1027 862 1071 quod
885 1025 1070 1070 superiora
1103 1025 1207 1069 longe

217 1075 337 1110 vincit.
403 1076 494 1110 Nam
529 1089 606 1109 cum
640 1074 828 1120 Philippus
860 1089 933 1110 non
964 1082 1209 1110 contemneret

214 1126 390 1166 Graecos,
431 1139 546 1172 neque
580 1127 671 1161 vires
699 1140 822 1161 eorum
849 1128 1049 1172 ignoraret;
1092 1140 1208 1173 neque

215 1178 309 1211 enim
343 1185 415 1211 tam
445 1179 654 1222 imprudens
683 1186 777 1218 erat,
813 1186 852 1212 ut
878 1180 915 1212 in
939 1180 1044 1213 unius
1068 1191 1208 1223 pugnae

215 1229 407 1263 discrimen
426 1242 549 1263 omnes
559 1242 643 1274 opes
660 1237 695 1263 et
710 1231 858 1263 salutem
879 1243 978 1265 suam
999 1230 1207 1263 coniiceret:

216 1293 338 1325 pacem
356 1281 542 1314 nobiscum
562 1282 677 1314 facere
707 1282 891 1325 cupiebat,
927 1289 962 1315 et
984 1282 1119 1325 legatos
1144 1281 1210 1314 rni-

215 1344 318 1366 surus
335 1339 430 1372 erat,
465 1339 499 1365 et
514 1331 771 1365 Thebanorum
797 1333 975 1377 principes
996 1333 1081 1366 belli
1105 1345 1210 1366 even-

216 1390 292 1416 tum
312 1384 536 1424 metuebant,
564 1397 680 1429 neque
700 1384 842 1418 iniuria.
897 1385 987 1419 Nam
1014 1385 1210 1417 admonue-

217 1441 273 1467 rat
295 1447 374 1474 eos,
410 1447 484 1468 non
506 1435 569 1468 iste
596 1442 719 1468 orator
743 1435 929 1479 imperitus
950 1435 1001 1467 rei
1033 1434 1209 1473 militaris,

218 1492 252 1519 et
277 1487 436 1519 desertor
459 1486 665 1529 signorum,
694 1487 753 1520 sed
769 1484 951 1519 Phocense
976 1486 1108 1519 bellum
1132 1491 1208 1517 toto

218 1544 353 1581 gestum
386 1538 559 1570 decennio
591 1544 803 1581 perpetuum
838 1538 1090 1570 documentum
1122 1542 1209 1569 erat.

218 1588 320 1633 Quae
338 1601 416 1621 cum
435 1589 482 1621 ita
500 1601 534 1622 se
558 1587 748 1628 haberent,
782 1589 935 1622 sentiens
951 1585 1210 1621 Demosthenes

219 1646 252 1672 et
278 1639 459 1683 suspicans
484 1640 661 1683 principes
681 1637 959 1679 Thebanorum,
993 1652 1027 1673 se
1054 1651 1128 1671 non
1150 1640 1211 1671 ad-

218 1688 332 1723 hibito
349 1693 392 1723 ad
409 1691 613 1724 societatem
632 1691 704 1724 eius
723 1691 881 1730 consilii,
909 1703 1031 1734 pacem
1054 1692 1210 1723 facturos

219 1754 312 1781 esse,
345 1749 378 1774 et
403 1754 530 1775 aurum
558 1749 764 1786 accepturos
786 1754 876 1776 esse:
912 1754 992 1774 cum
1019 1742 1211 1774 arbitrare—

219 1799 277 1826 tur
293 1793 358 1826 sibi
381 1794 473 1825 fame
497 1795 718 1837 pereundum
747 1806 838 1833 esse,
873 1793 984 1827 sicubi
1011 1793 1211 1826 excludere-

221 1851 277 1877 tur
294 1845 338 1876 ab
356 1845 474 1889 aliqua
492 1845 710 1888 corruptela,
735 1845 888 1889 prosiliit
903 1845 940 1877 in
956 1845 1109 1877 mediam
1129 1856 1211 1877 con-

220 1896 379 1935 cionem,
407 1907 486 1928 culn
506 1908 612 1929 nemo
631 1897 848 1929 mentionem
874 1897 983 1929 ullam
1008 1896 1145 1929 fecisset
1169 1896 1212 1928 de

220 1959 306 1990 pace
324 1960 402 1980 cum
421 1945 609 1991 Philippo,
638 1954 698 1980 aut
714 1948 874 1980 facienda
899 1954 959 1980 aut
983 1959 1058 1980 non
1081 1947 1212 1980 facien-

220 1999 282 2035 da;
308 1999 369 2032 sed
388 1996 455 2031 hoc
470 1999 610 2032 decreto
627 1999 855 2032 subindicans
873 1997 1129 2031 Thebanorum
1149 1998 1212 2031 du—

221 2049 336 2089 cibus,
363 2056 402 2083 ut
417 2050 554 2083 lucrum
579 2063 695 2083 secum
721 2051 959 2094 partirentur,
988 2050 1129 2083 iurabat
1145 2049 1213 2082 Mi-

221 2113 367 2134 nervam
386 2100 511 2147 (quam
530 2108 629 2145 putat
648 2100 801 2134 aPhidia
821 2102 1029 2134 fabricatam
1050 2114 1122 2135 esse
1139 2113 1212 2133 non

223 2153 267 2185 ob
288 2152 396 2191 aliud,
413 2153 480 2185 nisi
499 2160 537 2185 ut
552 2154 625 2186 eius
642 2153 788 2186 nomine
806 2154 850 2185 ad
866 2153 1057 2185 fallendum
1070 2166 1108 2185 ac
1120 2153 1213 2197 peie—

219 2205 372 2237 randum
397 2204 579 2245 abutatur)
607 2205 643 2237 in
668 2216 843 2237 carcerem
871 2205 1098 2248 abripiendos
1128 2216 1213 2243 esse,

222 2256 283 2301 qui
301 2262 483 2289 censerent
499 2268 619 2300 pacem
639 2268 717 2288 cum
728 2254 895 2300 Philippo
914 2256 1109 2288 faciendam
1128 2268 1213 2288 esse.

223 2307 296 2339 Hac
313 2307 348 2339 in
372 2319 408 2339 re
436 2307 592 2341 imitatus
619 2314 669 2340 est
686 2307 827 2341 Cleonis
850 2307 942 2341 illius
964 2307 1213 2345 temeritatem,

225 2359 286 2403 qui
320 2358 448 2391 dicitur
479 2359 515 2391 in
546 2359 658 2397 bello,
696 2359 791 2404 quod
817 2372 895 2391 cnm
920 2358 1213 2391 Lacedaemoniis

223 2409 413 2451 gessimus,
441 2410 522 2455 qnia
543 2408 727 2454 prohibuit
743 2423 863 2454 pacem
889 2411 973 2443 dare
1001 2410 1214 2454 petentibus,

223 2460 401 2493 civitatem
432 2468 592 2495 nostram
626 2462 802 2496 evertisse.
869 2462 1064 2507 Postquam
1096 2467 1212 2494 autem

223 2510 388 2545 Thebani
405 2513 508 2546 duces
525 2526 597 2545 non
617 2520 698 2546 sunt
721 2513 872 2553 assensi,
908 2514 967 2547 sed
992 2519 1126 2546 vestros
1149 2513 1215 2545 mi-

223 2563 300 2596 lites
320 2563 400 2595 inde
418 2564 641 2603 remiserunt,
658 2571 697 2598 ut
717 2566 758 2597 de
775 2577 860 2608 pace
872 2564 1127 2604 deliberaretis,
1151 2564 1214 2597 iste

223 2615 329 2659 plane
347 2615 464 2647 surere
489 2616 623 2658 coepit,
660 2623 692 2648 et
717 2628 923 2660 progressus
945 2617 980 2649 in
1006 2616 1213 2649 concionem

220 2666 362 2699 vocavit
388 2665 467 2699 illos
495 2666 663 2699 Graeciae
692 2668 909 2711 proditores;
955 2674 989 2701 et
1025 2680 1104 2700 cum
1141 2667 1214 2711 ipse

222 2730 408 2763 nunquam
427 2718 519 2752 ullos
543 2716 660 2752 hostes
687 2719 867 2763 adspicere
891 2732 996 2754 ausus
1016 2719 1079 2759 sit,
1116 2718 1215 2753 iussit

777 124 898 159 PHIL.
934 123 1046 158 MEL.
1081 121 1283 157 SCRIPTA
1318 121 1653 157 PHILOLOGICA.

2173 121 2249 156 916

1255 220 1318 241 vos
1336 209 1478 241 decreto
1496 209 1587 241 sacto
1605 209 1738 251 legatos
1754 206 1896 241 Thebas
1915 207 2054 240 mittere
2066 234 2074 247 ‚
2103 207 2162 252 qui
2184 219 2248 251 po-

1254 260 1447 299 stularent,
1481 266 1520 293 ut
1544 259 1575 305 9)
1600 260 1730 293 nostris
1756 259 1866 303 copiis
1890 259 2077 292 transitum
2102 258 2248 302 praebe-

1255 317 1333 343 rent
1351 317 1474 343 contra
1492 308 1697 355 Philippum
1716 310 1937 354 profecturis.
1981 309 2031 342 lbi
2049 310 2131 355 qnia
2150 321 2250 342 vere-

1255 362 1385 395 bantur
1410 359 1667 395 Thebanorum
1692 363 1816 402 duces,
1853 374 1895 394 ne
1920 373 1957 394 re
1981 372 2063 394 vera
2089 360 2250 405 prodito-

1257 426 1310 447 res
1328 413 1555 452 viderentur,
1585 419 1789 446 averterunt
1809 425 1825 445 a
1845 425 1930 457 pace
1956 412 2113 452 animos,
2142 423 2249 457 seque

1257 466 1298 496 ad
1318 464 1493 508 proelium
1512 470 1823 508 comparaverunt.

1359 515 1425 547 Hic
1451 515 1652 548 meminisse
1679 515 1845 548 convenit
1869 515 2047 548 bonorum
2076 514 2250 555 virorum,

1258 578 1347 611 quos
1364 579 1442 599 cum
1458 566 1520 599 iste
1539 566 1575 598 in
1601 566 1825 599 manifestum
1850 566 2046 610 periculum
2071 577 2187 611 neque
2209 565 2252 598 li-

1259 623 1333 649 tato
1352 630 1466 662 neque
1486 617 1668 661 auspicato
1688 617 1907 656 adduxisset,
1936 629 2039 650 ausus
2057 623 2107 650 est
2127 622 2252 661 postea

1258 669 1399 701 funebri
1420 668 1582 701 oratione
1600 668 1765 707 laudare,
1782 680 1862 701 eum
1881 668 1916 700 in
1933 666 2159 711 sepulchrum
2176 667 2252 701 istis

1259 720 1441 762 fugacibus
1459 720 1607 763 pedibus
1626 726 1657 751 et
1673 719 1855 762 signorum
1874 719 2113 752 desertoribus
2132 731 2253 752 ascen-

1261 771 1378 804 disset.
1415 770 1447 803 Ο
1469 769 1650 803 hominem
1673 772 1714 803 ad
1734 783 1789 803 res
1814 771 1986 813 gerendas
2012 769 2159 802 minime
2184 769 2252 803 uti-

1260 822 1350 862 lem,
1386 828 1524 855 tantum
1558 828 1706 865 propter
1738 821 1998 866 impudentiam
2033 821 2069 853 in
2101 821 2251 854 dicendo

1261 873 1530 906 admirandum!
1559 872 1685 905 Statim
1705 873 1799 906 enim
1819 872 1963 906 audebis
1987 872 2104 905 dicere
2129 872 2167 904 in
2188 869 2254 904 ho-

1261 936 1340 957 rum
1360 925 1476 958 vultus
1495 925 1655 964 intuens,
1690 925 1786 969 quod
1809 930 1841 957 te
1865 930 2011 968 propter
2033 929 2171 956 tantam
2195 935 2255 956 ur-

1261 975 1314 1009 bis
1332 976 1467 1008 cladem
1485 975 1651 1009 coronari
1669 976 1802 1008 deceat.
1857 975 1904 1008 At
1920 975 1948 1008 si
1965 986 2029 1008 vos
2047 975 2111 1008 ista
2136 974 2255 1007 dicen-

1264 1033 1332 1060 tem
1360 1027 1498 1067 seretis‚
1534 1038 1681 1071 prorsus
1704 1027 1883 1059 videbitur
1900 1025 2075 1059 memoria
2090 1025 2254 1059 interitus

1262 1084 1314 1111 tot
1330 1077 1457 1111 civium
1468 1078 1677 1121 simulapud
1687 1090 1749 1111 vos
1768 1084 1908 1110 mortua
1926 1089 2009 1111 esse.
2032 1077 2172 1121 Fingite
2189 1088 2253 1110 vos

1263 1129 1442 1173 paulisper
1458 1141 1531 1162 non
1547 1127 1604 1162 hic
1619 1129 1656 1161 in
1672 1129 1817 1169 iudicio,
1836 1129 1896 1162 sed
1913 1128 1950 1161 in
1965 1126 2105 1161 theatro
2122 1129 2256 1168 sedere,

1263 1187 1295 1213 et
1315 1181 1466 1224 cogitate
1490 1193 1552 1214 vos
1576 1180 1696 1213 videre
1720 1181 1955 1224 prodeuntem
1978 1191 2191 1223 praeconem
2221 1185 2257 1212 et

1262 1232 1451 1265 facientem
1485 1244 1525 1264 ex
1555 1232 1696 1264 decreto
1729 1231 1981 1275 praeconium,
2025 1236 2059 1263 et
2080 1236 2254 1274 reputate,

1262 1289 1383 1316 utrum
1401 1282 1542 1326 cognati
1562 1294 1704 1321 eorum,
1734 1281 1794 1326 qui
1812 1282 1849 1314 in
1876 1281 2013 1325 proelio
2039 1281 2254 1321 ceciderunt,

1262 1333 1375 1377 magis
1390 1331 1647 1377 lachrymaturi
1664 1333 1733 1366 sint
1748 1339 1895 1377 propter
1915 1331 2115 1375 tragoedias
2126 1357 2136 1372 ‚
2162 1343 2254 1376 quae

1263 1391 1383 1428 postea
1409 1384 1673 1423 recitabuntur,
1702 1396 1747 1416 an
1773 1390 1920 1427 propter
1944 1383 2042 1416 urbis
2067 1383 2255 1426 ingratitu-

1263 1436 1395 1474 dinem,
1449 1435 1537 1479 Quis
1555 1435 1649 1467 enim
1669 1447 1743 1467 non
1758 1435 1895 1474 doleat,
1919 1433 2127 1478 praesertim
2143 1430 2254 1465 homo

1263 1487 1420 1520 Graecus
1436 1492 1469 1518 et
1483 1485 1677 1518 liberaliter
1692 1485 1873 1519 institutus
1885 1511 1893 1524 ,
1911 1484 1940 1518 si
1958 1484 2086 1528 cogitet
2103 1484 2140 1516 in
2157 1481 2255 1517 thea—

1264 1544 1319 1570 tro
1344 1538 1546 1582 qnondam,
1581 1549 1659 1569 cum
1686 1537 1770 1569 urbs
1786 1536 1914 1569 rectius
1931 1535 2255 1575 administraretur,

1264 1594 1297 1621 et
1311 1586 1458 1621 haberet
1474 1587 1638 1621 meliores
1655 1588 1908 1632 gubernatores
1919 1613 1927 1625 ‚
1946 1598 2158 1631 praeconem
2172 1597 2255 1630 pro-

1263 1639 1402 1673 duxisse
1420 1637 1602 1683 orphanos
1617 1651 1759 1679 eorum,
1785 1638 1846 1684 qui
1864 1650 1929 1682 pro
1946 1637 2125 1682 republica
2143 1637 2255 1670 vitam

1265 1690 1484 1724 amiserant?
1521 1690 1567 1722 Hi
1599 1690 1693 1723 enim
1726 1689 1857 1722 armati
1889 1689 2168 1722 ostendebantur
2192 1700 2255 1732 po-

1265 1742 1370 1786 pulo,
1413 1748 1448 1774 et
1476 1741 1779 1785 pronuntiabatur
1802 1738 2093 1785 pulcherrimum
2109 1751 2257 1784 praeco—

1265 1794 1362 1826 nium
1376 1820 1385 1833 ,
1414 1794 1581 1838 quodque
1599 1792 1752 1825 maxime
1770 1793 1861 1826 cives
1879 1793 1923 1824 ad
1942 1791 2108 1825 virtutem
2135 1802 2257 1824 accen-

1265 1845 1388 1884 debat,
1430 1844 1562 1877 scilicet
1588 1845 1685 1889 quod
1715 1841 1780 1877 hos
1808 1844 2065 1883 adolescentes,
2100 1853 2253 1887 quorum

1265 1902 1383 1941 patres
1400 1895 1467 1928 viri
1484 1896 1593 1928 sortes
1619 1895 1655 1927 in
1678 1895 1751 1928 acie
1774 1894 1996 1934 cecidissent,
2023 1895 2067 1926 ad
2089 1893 2256 1937 puberta-

1267 1954 1335 1981 tem
1355 1959 1466 1992 usque
1488 1946 1615 1980 aluerit
1632 1947 1803 1990 populus,
1837 1957 1931 1979 nunc
1957 1951 2075 1978 autem
2104 1945 2257 1980 donatos

1265 1997 1320 2032 his
1337 1998 1463 2038 armis,
1492 1999 1588 2043 quod
1613 1999 1766 2031 faustum
1791 1997 1941 2041 felixque
1966 2003 2073 2036 esset,
2108 1997 2256 2030 domum

1267 2050 1460 2083 dimitteret
1478 2050 1522 2081 ad
1537 2062 1616 2082 suas
1635 2061 1690 2082 res
1716 2048 1956 2093 possidendas.
2010 2047 2087 2080 Hoc
2110 2059 2256 2091 praeco-

1267 2102 1327 2134 nio
1347 2101 1438 2134 facto
1456 2101 1676 2133 vocabantur
1693 2102 1735 2132 ad
1754 2112 1959 2143 supremum
1980 2099 2097 2132 locum
2119 2110 2257 2133 conses-

1267 2166 1336 2187 sus.
1388 2153 1505 2197 Atque
1524 2150 1729 2184 huiusmodi
1745 2150 1977 2195 praeconium
1998 2151 2179 2196 quondam
2196 2151 2256 2184 fie-

1267 2206 1344 2242 bat;
1387 2216 1480 2236 nunc
1506 2204 1609 2246 longe
1637 2202 1731 2235 aliud
1757 2203 1826 2236 liet.
1897 2202 2032 2234 Praeco
2058 2213 2158 2241 eum,
2194 2202 2256 2247 qui

1268 2255 1386 2300 pueris
1410 2255 1572 2288 orbitatis
1597 2266 1698 2286 causa
1727 2260 1795 2293 est,
1830 2254 2013 2297 producet.
2073 2252 2170 2297 Quid
2194 2265 2256 2286 au-

1268 2315 1336 2340 tem
1365 2306 1457 2339 dicet
1481 2312 1542 2339 aut
1565 2305 1836 2349 pronuntiabis?
1868 2305 1959 2338 Nam
1984 2304 2047 2337 etsi
2074 2305 2256 2338 decretum

1269 2356 1507 2402 Ctesiphontis
1528 2356 1706 2396 recitabit,
1734 2369 1806 2389 non
1832 2362 1951 2389 tamen
1974 2355 2106 2400 poterit
2126 2356 2257 2390 veritas

1268 2411 1320 2443 rei
1339 2409 1563 2453 turpissimae
1582 2408 1816 2448 dissimulari,
1845 2408 1904 2441 sed
1922 2408 2039 2451 palam
2061 2407 2255 2441 reclamare

1268 2461 1346 2494 voci
1370 2459 1555 2505 praeconis
1579 2460 1776 2499 ridebitur,
1814 2460 1910 2504 quod
1935 2456 2028 2491 hunc
2055 2459 2191 2498 virum,
2226 2458 2256 2492 si

1269 2520 1388 2546 tamen
1405 2512 1458 2544 vir
1475 2518 1525 2544 est
1548 2512 1800 2555 appellandus,
1829 2516 1976 2543 coronet
2000 2509 2122 2542 civitas
2145 2510 2255 2543 virtu-

1269 2565 1311 2598 tis
1344 2576 1467 2603 causa,
1502 2576 1580 2595 cum
1607 2563 1651 2595 sit
1674 2562 1862 2607 pessimus;
1896 2561 2115 2594 fortitudinis
2138 2573 2255 2603 causa,

1269 2629 1346 2650 cum
1367 2615 1411 2649 sit
1429 2614 1675 2657 ignavissimus
1694 2620 1727 2647 et
1742 2615 1901 2648 desertor
1924 2612 2103 2646 ordinum.

1307 2735 1350 2765 12)
1371 2735 1415 2762 ut]
1436 2734 1461 2757 in
1481 2733 1529 2756 Ed.
1552 2732 1625 2758 ¹562.
1645 2731 1773 2756 omissum
1793 2732 1844 2755 est.
