2294 2975
383 205 517 239 Aliud
552 203 931 250 argixilient11¹11⁷³).

269 281 425 325 Epistola
449 282 579 326 partim
605 288 653 315 est
681 281 795 313 iocosa
807 279 871 323 ⁷²),
899 279 1030 323 partim
1047 279 1148 313 seria.

167 331 304 364 locatur
324 333 416 365 enim
435 333 588 376 primum
606 344 683 364 cum
703 330 868 374 Papirio,
893 336 1031 374 sumpta
1051 343 1149 363 occa-

166 382 264 415 sione
290 395 330 415 ex
355 383 446 416 illius
479 383 614 415 litteris.
679 380 817 413 Deinde
850 382 1076 414 commendat
1099 380 1149 414 M.

166 432 329 466 Fabium.
389 433 475 467 Sunt
498 433 615 477 itaque
631 431 720 463 duae
737 431 971 465 narrationes.
1028 431 1148 464 Altera

167 482 270 516 babet
289 484 382 516 iocos
399 485 440 515 de.
459 483 596 515 ratione
619 481 891 515 :ulministrandi
913 482 1015 522 belli,
1042 494 1148 527 quam

166 534 328 577 Papirius
352 532 625 577 praescripserat
642 532 816 566 Ciceroni.
867 533 988 565 Altera
1014 538 1151 566 constat

167 583 490 623 rounnendatioue,
535 595 603 628 qua
634 584 860 616 commendat
888 583 918 616 ei
942 583 1046 616 amici
1070 595 1150 616 cau-

165 647 238 667 sam
256 634 485 677 periclitantis
502 634 543 666 de
559 635 629 667 suis
645 634 758 668 bonis.
817 634 903 667 Post
926 635 1151 667 commenda-

168 684 300 717 tionem
318 685 477 729 sequitur
500 685 697 728 propositio
721 697 782 718 seu
807 684 931 728 petitio
955 696 973 717 a
997 685 1149 730 quadam

167 735 400 768 obtestatione
413 761 422 775 ,
449 741 487 768 ut
505 735 690 778 diligenter
706 735 849 767 adiuvet
866 735 1028 769 Fabium.
1081 735 1151 768 Ra-

168 785 278 818 tiones
303 786 392 819 duae
414 792 531 818 sunta
550 786 713 818 facultate
739 785 900 818 videlicet
924 792 958 818 et
981 786 1024 818 ab
1049 784 1151 818 inho—

168 842 278 869 neste.
351 835 539 869 Conclusio
573 834 679 869 habet
709 836 986 880 praecisionem,
1032 843 1152 882 estque

167 886 328 931 repetitio
349 886 614 931 propositionis.

411 978 546 1013 Aliud
574 985 900 1023 argumentum.

275 1056 367 1089 Duas
393 1054 497 1088 habet
521 1062 637 1100 partes
663 1053 749 1088 baec
765 1055 932 1099 ⁴epistola.
986 1053 1026 1086 In
1044 1054 1151 1086 altera

172 1108 266 1139 iocus
292 1108 436 1149 ponitur
464 1108 505 1139 de
531 1106 656 1139 litteris
682 1106 801 1145 Paeti,
846 1106 882 1138 in
913 1104 1039 1150 quibus
1072 1116 1154 1148 pro-

172 1158 361 1200 pemodum
384 1157 520 1189 infinita
541 1157 728 1199 collegerat
752 1157 909 1200 exempla
935 1156 977 1188 de
1000 1167 1038 1188 re
1062 1155 1154 1187 mili-

172 1209 255 1245 tari,
287 1208 384 1241 cuius
408 1214 527 1240 tamen
550 1213 625 1240 erat
651 1207 754 1250 plane
776 1206 972 1250 imperitus.
1032 1205 1153 1238 Altera

173 1270 252 1301 pars
271 1256 376 1291 habet
397 1259 541 1291 brevem
565 1258 807 1290 narrationem
831 1258 874 1290 de
889 1257 1020 1297 Fabio,
1049 1268 1154 1301 quem

173 1308 266 1352 cupit
283 1309 429 1353 Papirio
446 1320 516 1342 esse
536 1308 934 1342 commendatissimum.

391 1406 527 1440 Aliud
554 1407 940 1453 arg11mentum⁷⁵).

275 1484 369 1516 Haec
392 1482 539 1526 epistola
564 1482 693 1525 scripta
724 1487 774 1514 est
803 1492 820 1513 a
844 1480 1035 1519 Cicerone,
1077 1491 1155 1512 cum

176 1541 260 1569 esset
278 1535 313 1567 in
332 1532 529 1577 provincia.
581 1531 621 1564 In
638 1532 756 1576 priore
775 1537 890 1563 autem
913 1537 1013 1574 parte
1030 1529 1158 1573 epiSto-

178 1588 229 1619 lae
247 1592 296 1619 est
313 1583 471 1616 narratio
490 1584 619 1616 iocosa.
670 1581 810 1614 locatur
833 1581 926 1613 enim
949 1593 1026 1613 cum
1047 1580 1157 1613 Paeto

178 1638 218 1669 de
242 1635 380 1668 ratione
404 1634 461 1666 illa
489 1632 759 1666 administrandi
781 1632 886 1671 belli,
928 1643 1033 1676 quam
1058 1642 1159 1674 prae-

178 1687 364 1730 scripserat
376 1684 549 1717 Ciceroni.
584 1682 623 1716 In
640 1684 789 1716 secunda
812 1688 911 1725 parte
927 1688 975 1714 est
995 1681 1061 1714 alia
1079 1693 1160 1713 nar-

179 1737 288 1776 ratio,
329 1736 365 1767 in
397 1748 465 1779 qua
494 1735 718 1767 commendat
750 1734 781 1765 ei
808 1744 947 1766 causam
978 1731 1159 1765 cuiusdam

180 1788 281 1821 amici
300 1785 529 1831 periclitantis
545 1786 586 1818 de
604 1785 674 1818 suis
691 1784 805 1817 bonis.

214 1923 261 1950 73)
281 1922 337 1945 Hoc
361 1922 550 1951 argumentum
577 1920 605 1943 et
628 1924 746 1949 sequens
772 1917 799 1941 in
824 1916 906 1941 Editt.
931 1916 1022 1947 1556„
1050 1916 1162 1940 1565-

249 1956 323 1980 1596.
342 1954 525 1978 inveniuntur.

215 2006 261 2037 74)
281 2008 322 2029 est
341 2005 447 2034 iocosa]
467 2004 508 2029 sic
526 2003 609 2028 Editt.
631 2003 716 2034 1565„
738 2002 823 2032 1569„
844 2001 934 2033 15923
957 2002 1006 2025 Ed.
1028 2001 1101 2025 1556.
1119 2001 1162 2025 io-

247 2046 313 2064 cosa
331 2041 384 2065 est.

217 2091 263 2120 75)
284 2091 340 2117 Hoc
358 2091 548 2122 argumentum
565 2088 592 2114 in
612 2088 694 2113 Editt.
711 2087 899 2112 1565-1596.
919 2088 1017 2112 exstat.

738 118 858 154 PHlL.
893 117 1004 153 MEL.
1045 116 1244 153 SCRIPTA
1277 116 1610 152 PHILOLOGICA.

2111 117 2183 153 324

1253 202 1574 247 Argumentum
1610 208 1649 235 et
1682 199 1859 235 scholia
1887 201 1932 235 in
1961 203 2135 247 episto—

1576 253 1588 285 l
1598 265 1615 285 a
1628 265 1661 285 m
1690 251 1811 287 XXVI.

1304 319 1472 353 Narratio
1484 319 1530 366 76)
1547 321 1589 353 de
1604 332 1666 354 sua
1685 331 1792 353 coena
1804 346 1813 360 ,
1841 332 1947 365 quam
1962 332 2042 353 cum
2063 320 2184 354 amicis

1203 369 1413 414 quibusdam
1447 371 1652 414 sumpserit;
1706 371 1790 404 item
1816 371 1857 403 de
1882 370 1973 403 vitae
1997 383 2080 404 suae
2103 383 2184 404 eou-

1202 421 1405 460 suetudine,
1432 433 1499 466 qua
1518 427 1638 454 utatur
1654 421 1690 454 in
1709 421 1886 466 republica
1902 433 2066 465 oppressa
2075 421 2134 467 77).

1304 469 1333 514 ἓ.
1352 473 1387 505 2.
1421 472 1513 513 Quod
1538 474 1574 505 in
1597 473 1720 513 solum,
1748 478 1782 507 ut
1805 470 1949 519 dicitur]
1978 471 2048 506 Alii
2068 472 2185 506 sinum

1202 518 1388 567 legu11t⁷³).

1422 594 1554 629 Aliud
1581 603 1889 640 argumentum
1906 597 1963 643 ⁷⁰).

1291 662 1494 696 Admodum
1514 663 1653 707 elegans
1670 670 1703 696 et
1717 665 1826 698 faceta
1844 671 1894 698 est
1910 664 2070 709 epistola,
2096 676 2186 709 quae

1204 720 1341 747 constat
1374 713 1540 746 continua
1575 714 1793 749 narratione.
1856 715 2019 748 Primum
2046 716 2089 748 de
2124 727 2186 747 sua

1206 777 1314 797 coena
1349 766 1443 808 apud
1478 764 1730 804 Volumnium,
1782 765 1901 798 addita
1934 766 2186 803 confutatione,

1206 816 1301 860 quod
1337 814 1486 848 libenter
1520 814 1658 848 intersit
1692 815 1863 848 conviviis
1897 816 2112 855 amicorum,
2156 821 2189 847 et

1207 867 1303 911 quod
1326 865 1432 898 suerit
1453 877 1535 899 usus
1557 866 1678 898 eadem
1698 878 1818 900 mensa
1838 878 1916 899 cum
1933 866 2061 910 insigni
2077 878 2189 898 mere-

1207 917 1329 949 tricula
1342 943 1351 956 ,
1386 917 1481 961 quod
1499 916 1645 949 minime
1664 917 1809 949 decebat
1828 914 2010 950 hominem
2033 914 2188 961 philoso-

1206 965 1316 1011 phum
1340 973 1374 999 et
1395 967 1590 1010 politicum.
1656 966 1793 1000 Deinde
1825 967 1980 1001 breviter
2001 973 2123 1001 monet
2146 967 2189 1000 de

1209 1017 1300 1050 vitae
1323 1029 1406 1051 suae
1425 1016 1689 1051 consuetudine.

1456 1092 1592 1125 Aliud
1620 1099 1943 1136 argumentum.

1308 1158 1476 1192 Narratio
1502 1165 1553 1193 est
1580 1159 1696 1193 iocosa
1724 1161 1766 1192 de
1791 1158 1968 1193 convivio.
2027 1159 2190 1194 Primum

1209 1210 1361 1242 ostendit
1381 1210 1541 1243 ordinem
1566 1217 1600 1243 et
1621 1223 1809 1244 numerum
1828 1209 2069 1244 convivarum.
2122 1211 2191 1244 De<

1208 1260 1289 1293 inde
1308 1260 1406 1293 addit
1425 1261 1703 1301 excusationem,
1730 1273 1765 1294 se
1787 1267 1906 1293 tamen
1931 1260 1967 1293 in
1992 1260 2117 1294 litteris
2140 1261 2191 1294 vi-

1209 1322 1310 1349 vere,
1348 1311 1485 1344 etiamsi
1516 1311 1694 1344 interdum
1725 1324 1802 1344 cum
1827 1310 1948 1344 amicis
1973 1311 2191 1345 convivetur.

1208 1361 1394 1394 Postremo
1413 1362 1589 1402 confutat,
1617 1363 1713 1407 quod
1731 1361 1837 1395 obiici
1852 1367 1992 1406 poterat
2013 1363 2055 1395 de
2079 1363 2191 1407 turpi-

1209 1411 1331 1444 tudine
1357 1423 1397 1444 ac
1418 1412 1563 1445 libidine
1589 1424 1630 1445 ex
1652 1412 1851 1456 praesentia
1880 1412 2086 1446 meretricis.
2152 1413 2193 1446 ln

1210 1462 1349 1506 epilogo
1373 1469 1630 1495 commemorat
1652 1475 1688 1496 se
1710 1462 1877 1496 delectari
1901 1463 2090 1504 conviviis,
2131 1465 2192 1498 ubi

1210 1512 1306 1546 iocos
1324 1518 1357 1545 et
1374 1512 1463 1545 seria
1482 1525 1561 1546 cum
1579 1513 1700 1547 amicis
1718 1513 1897 1558 loquatur.

1449 1587 1587 1621 Aliud
1624 1593 1950 1632 argumentum.

1311 1653 1443 1687 Narrat
1459 1655 1502 1686 de
1516 1666 1623 1687 coena
1647 1656 1800 1699 quadam
1812 1681 1821 1694 ,
1848 1667 1956 1699 quam
1974 1667 2051 1688 eum
2070 1657 2190 1691 amicis

1211 1704 1417 1747 sumpserit,
1445 1710 1478 1736 et
1493 1704 1667 1750 reliquam
1683 1705 1775 1738 vitae
1792 1717 1874 1738 suae
1891 1706 2191 1747 consuetudinem,

1214 1767 1282 1799 qua
1299 1755 1336 1786 in
1352 1754 1530 1798 republica
1549 1767 1715 1800 oppressa
1733 1761 1871 1796 utatur,
1897 1756 2050 1800 exponit.

1247 1854 1296 1882 76)
1316 1854 1386 1878 Huic
1404 1854 1464 1878 voci
1482 1854 1508 1877 in
1528 1854 1609 1879 Editt.
1631 1855 1719 1884 1540„
1745 1855 1835 1884 ¹544„
1862 1855 1952 1885 1554„
1976 1856 2047 1881 1557.
2072 1861 2192 1888 praefixa

1283 1890 1347 1912 sunt
1366 1888 1421 1913 cic.
1440 1889 1524 1913 verba
1542 1887 1583 1920 (ᾗ.
1601 1890 1655 1917 1.]:
1679 1889 1875 1914 Accubueram
1891 1890 1964 1913 Ιιονα
1983 1897 2068 1916 notia.

1248 1930 1294 1962 77)
1315 1932 1372 1988 1¹13?
1390 1932 1578 1988 ati-gumeutum
1595 1931 1891 1962 Editt.1537—-1545.‚
1912 1931 1998 1963 1554„
2016 1934 2100 1966 1557„
2121 1937 2192 1962 1560.

1284 1972 1344 1989 exn
1364 1972 1396 1988 en
1414 1983 1419 1988 .

1247 2006 1295 2039 78)
1315 2008 1389 2032 Haec
1407 2008 1472 2031 nota
1489 2006 1516 2030 in
1534 2006 1617 2031 Editt.
1635 2007 1727 2038 1545„
1751 2007 1824 2031 1560.
1843 2007 1928 2032 deest.

1249 2049 1295 2081 79)
1316 2050 1373 2073 Hoc
1390 2051 1578 2080 argumentum
1594 2051 1620 2074 et
1645 2050 1696 2074 duo
1714 2049 1854 2081 sequentia
1872 2050 1898 2074 in
1916 2051 1998 2077 Editt.
2017 2053 2106 2086 1556.,
2127 2056 2193 2080 1565

1285 2084 1402 2110 —1596.
1421 2085 1538 2109 exstant.
