<?xml version="1.0" encoding="UTF-8"?>
<!DOCTYPE html PUBLIC "-//W3C//DTD XHTML 1.0 Transitional//EN"
    "http://www.w3.org/TR/xhtml1/DTD/xhtml1-transitional.dtd">
<html xmlns="http://www.w3.org/1999/xhtml" xml:lang="en" lang="en">
 <head>
  <title>
</title>
<meta http-equiv="Content-Type" content="text/html;charset=utf-8" />
  <meta name='ocr-system' content='tesseract 3.04.00' />
  <meta name='ocr-capabilities' content='ocr_page ocr_carea ocr_par ocr_line ocrx_word'/>
</head>
<body>
  <div class='ocr_page' id='page_1' title='image "./operaquaesupersu17melauoft/operaquaesupersu17melauoft_0540.png"; bbox 0 0 2351 2990; ppageno 0'>
   <div class='ocr_carea' id='block_1_1' title="bbox 140 121 237 158">
    <p class='ocr_par' dir='ltr' id='par_1_1' title="bbox 140 121 237 158">
     <span class='ocr_line' id='line_1_1' title="bbox 140 121 237 158; baseline -0.021 0"><span class='ocrx_word' id='word_1_1' title='bbox 140 121 237 158; x_wconf 86' lang='lat'>1055</span> 
     </span>
    </p>
   </div>
   <div class='ocr_carea' id='block_1_2' title="bbox 135 207 1132 1537">
    <p class='ocr_par' dir='ltr' id='par_1_2' title="bbox 136 207 1129 908">
     <span class='ocr_line' id='line_1_2' title="bbox 140 207 1127 252; baseline -0.005 -10"><span class='ocrx_word' id='word_1_2' title='bbox 140 209 193 242; x_wconf 87' lang='lat' dir='ltr'>cio</span> <span class='ocrx_word' id='word_1_3' title='bbox 211 221 246 242; x_wconf 68' lang='lat' dir='ltr'>se</span> <span class='ocrx_word' id='word_1_4' title='bbox 266 207 365 239; x_wconf 67' lang='lat' dir='ltr'>xobis</span> <span class='ocrx_word' id='word_1_5' title='bbox 384 207 537 252; x_wconf 86' lang='lat' dir='ltr'>impares</span> <span class='ocrx_word' id='word_1_6' title='bbox 553 219 625 240; x_wconf 84' lang='lat' dir='ltr'>esse</span> <span class='ocrx_word' id='word_1_7' title='bbox 643 212 822 244; x_wconf 86' lang='lat' dir='ltr'>statuunt,</span> <span class='ocrx_word' id='word_1_8' title='bbox 850 217 1039 238; x_wconf 84' lang='lat' dir='ltr'>numerum</span> <span class='ocrx_word' id='word_1_9' title='bbox 1066 216 1127 237; x_wconf 89' lang='lat' dir='ltr'>na-</span> 
     </span>
     <span class='ocr_line' id='line_1_3' title="bbox 137 256 1129 304; baseline -0.002 -12"><span class='ocrx_word' id='word_1_10' title='bbox 137 260 233 292; x_wconf 76' lang='lat' dir='ltr'>vium</span> <span class='ocrx_word' id='word_1_11' title='bbox 268 265 460 297; x_wconf 80' lang='lat' dir='ltr'>auxerunt,</span> <span class='ocrx_word' id='word_1_12' title='bbox 495 270 585 304; x_wconf 79' lang='lat' dir='ltr'>quae</span> <span class='ocrx_word' id='word_1_13' title='bbox 617 264 735 290; x_wconf 86' lang='lat' dir='ltr'>tamen</span> <span class='ocrx_word' id='word_1_14' title='bbox 758 256 977 291; x_wconf 80' lang='lat' dir='ltr'>dissimiliter</span> <span class='ocrx_word' id='word_1_15' title='bbox 1000 256 1129 290; x_wconf 87' lang='lat' dir='ltr'>instru-</span> 
     </span>
     <span class='ocr_line' id='line_1_4' title="bbox 137 307 1125 354; baseline -0.004 -10"><span class='ocrx_word' id='word_1_16' title='bbox 137 318 211 344; x_wconf 88' lang='lat' dir='ltr'>ctae</span> <span class='ocrx_word' id='word_1_17' title='bbox 228 316 322 344; x_wconf 89' lang='lat' dir='ltr'>sunt.</span> <span class='ocrx_word' id='word_1_18' title='bbox 377 309 512 343; x_wconf 80' lang='lat' dir='ltr'>Deinde</span> <span class='ocrx_word' id='word_1_19' title='bbox 530 310 608 341; x_wconf 83' lang='lat' dir='ltr'>ideo</span> <span class='ocrx_word' id='word_1_20' title='bbox 633 308 835 348; x_wconf 83' lang='lat' dir='ltr'>confidunt,</span> <span class='ocrx_word' id='word_1_21' title='bbox 863 308 946 354; x_wconf 88' lang='lat' dir='ltr'>quia</span> <span class='ocrx_word' id='word_1_22' title='bbox 970 307 1007 340; x_wconf 88' lang='lat' dir='ltr'>in</span> <span class='ocrx_word' id='word_1_23' title='bbox 1032 314 1125 340; x_wconf 81' lang='lat' dir='ltr'>terra</span> 
     </span>
     <span class='ocr_line' id='line_1_5' title="bbox 137 358 1128 407; baseline -0.004 -12"><span class='ocrx_word' id='word_1_24' title='bbox 137 361 301 407; x_wconf 76' lang='lat' dir='ltr'>peritiam</span> <span class='ocrx_word' id='word_1_25' title='bbox 320 358 470 401; x_wconf 82' lang='lat' dir='ltr'>liabent,</span> <span class='ocrx_word' id='word_1_26' title='bbox 506 367 537 393; x_wconf 82' lang='lat' dir='ltr'>et</span> <span class='ocrx_word' id='word_1_27' title='bbox 554 371 657 403; x_wconf 85' lang='lat' dir='ltr'>saepe</span> <span class='ocrx_word' id='word_1_28' title='bbox 674 359 840 400; x_wconf 72' lang='lat' dir='ltr'>vincunt,</span> <span class='ocrx_word' id='word_1_29' title='bbox 876 371 990 405; x_wconf 93' lang='lat' dir='ltr'>eoque</span> <span class='ocrx_word' id='word_1_30' title='bbox 1013 358 1128 392; x_wconf 85' lang='lat' dir='ltr'>existi-</span> 
     </span>
     <span class='ocr_line' id='line_1_6' title="bbox 138 410 1128 451; baseline -0.004 -5"><span class='ocrx_word' id='word_1_31' title='bbox 138 420 237 446; x_wconf 88' lang='lat' dir='ltr'>mant</span> <span class='ocrx_word' id='word_1_32' title='bbox 259 412 325 446; x_wconf 87' lang='lat' dir='ltr'>sibi</span> <span class='ocrx_word' id='word_1_33' title='bbox 350 412 539 445; x_wconf 72' lang='lat' dir='ltr'>conxenire</span> <span class='ocrx_word' id='word_1_34' title='bbox 562 410 743 445; x_wconf 86' lang='lat' dir='ltr'>animosos</span> <span class='ocrx_word' id='word_1_35' title='bbox 767 423 859 451; x_wconf 88' lang='lat' dir='ltr'>esse,</span> <span class='ocrx_word' id='word_1_36' title='bbox 894 418 928 444; x_wconf 87' lang='lat' dir='ltr'>et</span> <span class='ocrx_word' id='word_1_37' title='bbox 951 410 1128 443; x_wconf 85' lang='lat' dir='ltr'>arbitran-</span> 
     </span>
     <span class='ocr_line' id='line_1_7' title="bbox 138 462 1128 508; baseline -0.003 -10"><span class='ocrx_word' id='word_1_38' title='bbox 138 471 196 498; x_wconf 90' lang='lat' dir='ltr'>tur</span> <span class='ocrx_word' id='word_1_39' title='bbox 213 464 376 498; x_wconf 74' lang='lat' dir='ltr'>similiter</span> <span class='ocrx_word' id='word_1_40' title='bbox 394 477 429 497; x_wconf 67' lang='lat' dir='ltr'>st·</span> <span class='ocrx_word' id='word_1_41' title='bbox 446 463 683 508; x_wconf 77' lang='lat' dir='ltr'>proeliaturus</span> <span class='ocrx_word' id='word_1_42' title='bbox 700 475 772 496; x_wconf 85' lang='lat' dir='ltr'>esse</span> <span class='ocrx_word' id='word_1_43' title='bbox 797 463 834 495; x_wconf 90' lang='lat' dir='ltr'>in</span> <span class='ocrx_word' id='word_1_44' title='bbox 853 462 1041 496; x_wconf 83' lang='lat' dir='ltr'>navalibus</span> <span class='ocrx_word' id='word_1_45' title='bbox 1065 474 1128 506; x_wconf 93' lang='lat' dir='ltr'>pu-</span> 
     </span>
     <span class='ocr_line' id='line_1_8' title="bbox 137 512 1127 560; baseline -0.003 -11"><span class='ocrx_word' id='word_1_46' title='bbox 137 515 232 560; x_wconf 81' lang='lat' dir='ltr'>gnis.</span> <span class='ocrx_word' id='word_1_47' title='bbox 266 515 353 549; x_wconf 83' lang='lat' dir='ltr'>sicut</span> <span class='ocrx_word' id='word_1_48' title='bbox 381 514 416 547; x_wconf 91' lang='lat' dir='ltr'>in</span> <span class='ocrx_word' id='word_1_49' title='bbox 442 521 534 547; x_wconf 85' lang='lat' dir='ltr'>terra</span> <span class='ocrx_word' id='word_1_50' title='bbox 567 513 749 548; x_wconf 89' lang='lat' dir='ltr'>dimicant.</span> <span class='ocrx_word' id='word_1_51' title='bbox 809 514 883 548; x_wconf 84' lang='lat' dir='ltr'>Nos</span> <span class='ocrx_word' id='word_1_52' title='bbox 907 526 992 547; x_wconf 87' lang='lat' dir='ltr'>vero</span> <span class='ocrx_word' id='word_1_53' title='bbox 1017 512 1127 557; x_wconf 82' lang='lat' dir='ltr'>magis</span> 
     </span>
     <span class='ocr_line' id='line_1_9' title="bbox 137 563 1129 611; baseline -0.004 -11"><span class='ocrx_word' id='word_1_54' title='bbox 137 567 313 600; x_wconf 79' lang='lat' dir='ltr'>confidere</span> <span class='ocrx_word' id='word_1_55' title='bbox 332 566 449 598; x_wconf 73' lang='lat' dir='ltr'>navali</span> <span class='ocrx_word' id='word_1_56' title='bbox 467 565 612 599; x_wconf 87' lang='lat' dir='ltr'>scientia</span> <span class='ocrx_word' id='word_1_57' title='bbox 631 564 761 598; x_wconf 91' lang='lat' dir='ltr'>iustum</span> <span class='ocrx_word' id='word_1_58' title='bbox 779 572 849 606; x_wconf 85' lang='lat' dir='ltr'>est,</span> <span class='ocrx_word' id='word_1_59' title='bbox 876 565 1052 611; x_wconf 88' lang='lat' dir='ltr'>siquidem</span> <span class='ocrx_word' id='word_1_60' title='bbox 1077 563 1129 597; x_wconf 88' lang='lat' dir='ltr'>illi</span> 
     </span>
     <span class='ocr_line' id='line_1_10' title="bbox 137 616 1128 663; baseline -0.003 -12"><span class='ocrx_word' id='word_1_61' title='bbox 137 617 291 663; x_wconf 74' lang='lat' dir='ltr'>pedestri</span> <span class='ocrx_word' id='word_1_62' title='bbox 309 618 504 651; x_wconf 84' lang='lat' dir='ltr'>confidunt.</span> <span class='ocrx_word' id='word_1_63' title='bbox 556 616 637 651; x_wconf 75' lang='lat' dir='ltr'>Non</span> <span class='ocrx_word' id='word_1_64' title='bbox 664 616 758 649; x_wconf 93' lang='lat' dir='ltr'>enim</span> <span class='ocrx_word' id='word_1_65' title='bbox 782 617 998 651; x_wconf 89' lang='lat' dir='ltr'>antecellunt</span> <span class='ocrx_word' id='word_1_66' title='bbox 1021 617 1128 650; x_wconf 88' lang='lat' dir='ltr'>auda-</span> 
     </span>
     <span class='ocr_line' id='line_1_11' title="bbox 138 668 1128 714; baseline -0.003 -11"><span class='ocrx_word' id='word_1_67' title='bbox 138 670 208 703; x_wconf 85' lang='lat' dir='ltr'>cia:</span> <span class='ocrx_word' id='word_1_68' title='bbox 244 669 303 702; x_wconf 79' lang='lat' dir='ltr'>sed</span> <span class='ocrx_word' id='word_1_69' title='bbox 321 668 463 714; x_wconf 87' lang='lat' dir='ltr'>utrique</span> <span class='ocrx_word' id='word_1_70' title='bbox 479 668 514 701; x_wconf 89' lang='lat' dir='ltr'>in</span> <span class='ocrx_word' id='word_1_71' title='bbox 533 680 574 701; x_wconf 86' lang='lat' dir='ltr'>eo</span> <span class='ocrx_word' id='word_1_72' title='bbox 593 680 714 702; x_wconf 89' lang='lat' dir='ltr'>sumus</span> <span class='ocrx_word' id='word_1_73' title='bbox 740 669 967 708; x_wconf 71' lang='lat' dir='ltr'>audaciores,</span> <span class='ocrx_word' id='word_1_74' title='bbox 999 668 1035 701; x_wconf 91' lang='lat' dir='ltr'>in</span> <span class='ocrx_word' id='word_1_75' title='bbox 1057 679 1128 714; x_wconf 91' lang='lat' dir='ltr'>quo</span> 
     </span>
     <span class='ocr_line' id='line_1_12' title="bbox 139 719 1127 765; baseline -0.002 -12"><span class='ocrx_word' id='word_1_76' title='bbox 139 719 324 765; x_wconf 73' lang='lat' dir='ltr'>peritiores</span> <span class='ocrx_word' id='word_1_77' title='bbox 345 733 478 754; x_wconf 87' lang='lat' dir='ltr'>sumus.</span> <span class='ocrx_word' id='word_1_78' title='bbox 530 720 719 753; x_wconf 82' lang='lat' dir='ltr'>Praeterea</span> <span class='ocrx_word' id='word_1_79' title='bbox 735 719 1025 760; x_wconf 85' lang='lat' dir='ltr'>Lacedaemonii,</span> <span class='ocrx_word' id='word_1_80' title='bbox 1048 732 1127 752; x_wconf 89' lang='lat' dir='ltr'>cum</span> 
     </span>
     <span class='ocr_line' id='line_1_13' title="bbox 137 771 1129 816; baseline -0.003 -11"><span class='ocrx_word' id='word_1_81' title='bbox 137 772 207 806; x_wconf 91' lang='lat' dir='ltr'>sint</span> <span class='ocrx_word' id='word_1_82' title='bbox 225 772 330 805; x_wconf 83' lang='lat' dir='ltr'>duces</span> <span class='ocrx_word' id='word_1_83' title='bbox 354 771 533 805; x_wconf 88' lang='lat' dir='ltr'>sociorum</span> <span class='ocrx_word' id='word_1_84' title='bbox 557 778 706 816; x_wconf 90' lang='lat' dir='ltr'>propter</span> <span class='ocrx_word' id='word_1_85' title='bbox 722 784 821 805; x_wconf 88' lang='lat' dir='ltr'>suam</span> <span class='ocrx_word' id='word_1_86' title='bbox 839 771 1011 816; x_wconf 78' lang='lat' dir='ltr'>gloriam,</span> <span class='ocrx_word' id='word_1_87' title='bbox 1040 771 1129 803; x_wconf 91' lang='lat' dir='ltr'>mul-</span> 
     </span>
     <span class='ocr_line' id='line_1_14' title="bbox 136 820 1129 869; baseline -0.002 -13"><span class='ocrx_word' id='word_1_88' title='bbox 136 830 190 856; x_wconf 92' lang='lat' dir='ltr'>tos</span> <span class='ocrx_word' id='word_1_89' title='bbox 210 820 357 856; x_wconf 85' lang='lat' dir='ltr'>trahunt</span> <span class='ocrx_word' id='word_1_90' title='bbox 380 823 416 856; x_wconf 92' lang='lat' dir='ltr'>in</span> <span class='ocrx_word' id='word_1_91' title='bbox 438 822 634 868; x_wconf 86' lang='lat' dir='ltr'>periculum</span> <span class='ocrx_word' id='word_1_92' title='bbox 663 823 813 864; x_wconf 80' lang='lat' dir='ltr'>invitos,</span> <span class='ocrx_word' id='word_1_93' title='bbox 842 823 903 869; x_wconf 89' lang='lat' dir='ltr'>qui</span> <span class='ocrx_word' id='word_1_94' title='bbox 926 823 1025 868; x_wconf 90' lang='lat' dir='ltr'>prius</span> <span class='ocrx_word' id='word_1_95' title='bbox 1046 822 1129 855; x_wconf 75' lang='lat' dir='ltr'>victi</span> 
     </span>
     <span class='ocr_line' id='line_1_15' title="bbox 137 873 716 908; baseline 0.002 -1"><span class='ocrx_word' id='word_1_96' title='bbox 137 887 209 908; x_wconf 90' lang='lat' dir='ltr'>nou</span> <span class='ocrx_word' id='word_1_97' title='bbox 229 886 350 908; x_wconf 85' lang='lat' dir='ltr'>rursus</span> <span class='ocrx_word' id='word_1_98' title='bbox 367 873 570 908; x_wconf 78' lang='lat' dir='ltr'>dimicaturi</span> <span class='ocrx_word' id='word_1_99' title='bbox 591 880 716 908; x_wconf 87' lang='lat' dir='ltr'>essent.</span> 
     </span>
    </p>

    <p class='ocr_par' dir='ltr' id='par_1_3' title="bbox 135 924 1131 1217">
     <span class='ocr_line' id='line_1_16' title="bbox 239 924 1127 970; baseline -0.001 -11"><span class='ocrx_word' id='word_1_100' title='bbox 239 925 290 960; x_wconf 74' lang='lat' dir='ltr'>Ne</span> <span class='ocrx_word' id='word_1_101' title='bbox 310 926 418 970; x_wconf 84' lang='lat' dir='ltr'>igitur</span> <span class='ocrx_word' id='word_1_102' title='bbox 443 938 566 959; x_wconf 88' lang='lat' dir='ltr'>eorum</span> <span class='ocrx_word' id='word_1_103' title='bbox 592 925 778 958; x_wconf 87' lang='lat' dir='ltr'>audaciam</span> <span class='ocrx_word' id='word_1_104' title='bbox 803 924 1021 965; x_wconf 86' lang='lat' dir='ltr'>formidetis,</span> <span class='ocrx_word' id='word_1_105' title='bbox 1048 937 1127 958; x_wconf 82' lang='lat' dir='ltr'>cum</span> 
     </span>
     <span class='ocr_line' id='line_1_17' title="bbox 137 976 1129 1022; baseline -0.001 -12"><span class='ocrx_word' id='word_1_106' title='bbox 137 976 281 1022; x_wconf 87' lang='lat' dir='ltr'>quidem</span> <span class='ocrx_word' id='word_1_107' title='bbox 310 977 376 1021; x_wconf 89' lang='lat' dir='ltr'>ipsi</span> <span class='ocrx_word' id='word_1_108' title='bbox 394 990 457 1011; x_wconf 75' lang='lat' dir='ltr'>vos</span> <span class='ocrx_word' id='word_1_109' title='bbox 481 976 593 1020; x_wconf 83' lang='lat' dir='ltr'>magis</span> <span class='ocrx_word' id='word_1_110' title='bbox 618 978 787 1017; x_wconf 76' lang='lat' dir='ltr'>timeant,</span> <span class='ocrx_word' id='word_1_111' title='bbox 813 983 847 1010; x_wconf 89' lang='lat' dir='ltr'>et</span> <span class='ocrx_word' id='word_1_112' title='bbox 867 989 1008 1011; x_wconf 82' lang='lat' dir='ltr'>causam</span> <span class='ocrx_word' id='word_1_113' title='bbox 1024 976 1129 1009; x_wconf 89' lang='lat' dir='ltr'>timo-</span> 
     </span>
     <span class='ocr_line' id='line_1_18' title="bbox 137 1026 1131 1073; baseline 0 -12"><span class='ocrx_word' id='word_1_114' title='bbox 137 1028 185 1061; x_wconf 86' lang='lat' dir='ltr'>ris</span> <span class='ocrx_word' id='word_1_115' title='bbox 202 1029 481 1072; x_wconf 70' lang='lat' dir='ltr'>probabiliorem</span> <span class='ocrx_word' id='word_1_116' title='bbox 506 1026 658 1067; x_wconf 87' lang='lat' dir='ltr'>habent,</span> <span class='ocrx_word' id='word_1_117' title='bbox 687 1028 769 1073; x_wconf 87' lang='lat' dir='ltr'>quia</span> <span class='ocrx_word' id='word_1_118' title='bbox 795 1028 894 1072; x_wconf 91' lang='lat' dir='ltr'>prius</span> <span class='ocrx_word' id='word_1_119' title='bbox 918 1027 1069 1067; x_wconf 78' lang='lat' dir='ltr'>vicistis,</span> <span class='ocrx_word' id='word_1_120' title='bbox 1097 1034 1131 1061; x_wconf 87' lang='lat' dir='ltr'>et</span> 
     </span>
     <span class='ocr_line' id='line_1_19' title="bbox 137 1079 1129 1125; baseline -0.002 -12"><span class='ocrx_word' id='word_1_121' title='bbox 137 1079 221 1125; x_wconf 84' lang='lat' dir='ltr'>quia</span> <span class='ocrx_word' id='word_1_122' title='bbox 245 1080 448 1113; x_wconf 84' lang='lat' dir='ltr'>existimant</span> <span class='ocrx_word' id='word_1_123' title='bbox 471 1092 537 1113; x_wconf 92' lang='lat' dir='ltr'>nos</span> <span class='ocrx_word' id='word_1_124' title='bbox 563 1091 636 1113; x_wconf 93' lang='lat' dir='ltr'>non</span> <span class='ocrx_word' id='word_1_125' title='bbox 663 1079 897 1113; x_wconf 90' lang='lat' dir='ltr'>dimicaturos</span> <span class='ocrx_word' id='word_1_126' title='bbox 922 1092 1016 1119; x_wconf 86' lang='lat' dir='ltr'>esse,</span> <span class='ocrx_word' id='word_1_127' title='bbox 1060 1079 1129 1112; x_wconf 89' lang='lat' dir='ltr'>nisi</span> 
     </span>
     <span class='ocr_line' id='line_1_20' title="bbox 135 1128 1129 1177; baseline -0.002 -12"><span class='ocrx_word' id='word_1_128' title='bbox 135 1143 234 1175; x_wconf 83' lang='lat' dir='ltr'>spem</span> <span class='ocrx_word' id='word_1_129' title='bbox 250 1128 475 1172; x_wconf 74' lang='lat' dir='ltr'>haberemus,</span> <span class='ocrx_word' id='word_1_130' title='bbox 502 1143 567 1165; x_wconf 87' lang='lat' dir='ltr'>nos</span> <span class='ocrx_word' id='word_1_131' title='bbox 583 1131 730 1175; x_wconf 85' lang='lat' dir='ltr'>dignum</span> <span class='ocrx_word' id='word_1_132' title='bbox 748 1130 883 1177; x_wconf 91' lang='lat' dir='ltr'>aliquid</span> <span class='ocrx_word' id='word_1_133' title='bbox 901 1131 1005 1165; x_wconf 90' lang='lat' dir='ltr'>nobis</span> <span class='ocrx_word' id='word_1_134' title='bbox 1020 1131 1129 1164; x_wconf 81' lang='lat' dir='ltr'>sactu-</span> 
     </span>
     <span class='ocr_line' id='line_1_21' title="bbox 135 1193 300 1217; baseline 0 -1"><span class='ocrx_word' id='word_1_135' title='bbox 135 1193 195 1216; x_wconf 88' lang='lat' dir='ltr'>ros</span> <span class='ocrx_word' id='word_1_136' title='bbox 216 1194 300 1217; x_wconf 88' lang='lat' dir='ltr'>esse.</span> 
     </span>
    </p>

    <p class='ocr_par' dir='ltr' id='par_1_4' title="bbox 138 1232 1132 1537">
     <span class='ocr_line' id='line_1_22' title="bbox 240 1232 1131 1279; baseline 0 -13"><span class='ocrx_word' id='word_1_137' title='bbox 240 1233 387 1273; x_wconf 86' lang='lat' dir='ltr'>Hostes,</span> <span class='ocrx_word' id='word_1_138' title='bbox 417 1233 477 1279; x_wconf 88' lang='lat' dir='ltr'>qui</span> <span class='ocrx_word' id='word_1_139' title='bbox 500 1233 728 1266; x_wconf 86' lang='lat' dir='ltr'>multitudine</span> <span class='ocrx_word' id='word_1_140' title='bbox 756 1233 991 1273; x_wconf 89' lang='lat' dir='ltr'>antecellunt,</span> <span class='ocrx_word' id='word_1_141' title='bbox 1019 1232 1131 1276; x_wconf 81' lang='lat' dir='ltr'>magis</span> 
     </span>
     <span class='ocr_line' id='line_1_23' title="bbox 141 1284 1131 1330; baseline 0.001 -13"><span class='ocrx_word' id='word_1_142' title='bbox 141 1284 276 1318; x_wconf 67' lang='lat' dir='ltr'>viribus</span> <span class='ocrx_word' id='word_1_143' title='bbox 300 1297 407 1330; x_wconf 79' lang='lat' dir='ltr'>quam</span> <span class='ocrx_word' id='word_1_144' title='bbox 433 1284 581 1319; x_wconf 88' lang='lat' dir='ltr'>consilio</span> <span class='ocrx_word' id='word_1_145' title='bbox 610 1285 690 1318; x_wconf 86' lang='lat' dir='ltr'>srcti</span> <span class='ocrx_word' id='word_1_146' title='bbox 713 1296 869 1329; x_wconf 88' lang='lat' dir='ltr'>pugnam</span> <span class='ocrx_word' id='word_1_147' title='bbox 895 1284 1000 1318; x_wconf 90' lang='lat' dir='ltr'>cient.</span> <span class='ocrx_word' id='word_1_148' title='bbox 1068 1284 1131 1318; x_wconf 89' lang='lat' dir='ltr'>His</span> 
     </span>
     <span class='ocr_line' id='line_1_24' title="bbox 138 1333 1131 1382; baseline -0.001 -13"><span class='ocrx_word' id='word_1_149' title='bbox 138 1348 244 1376; x_wconf 78' lang='lat' dir='ltr'>vero,</span> <span class='ocrx_word' id='word_1_150' title='bbox 269 1336 330 1382; x_wconf 87' lang='lat' dir='ltr'>qui</span> <span class='ocrx_word' id='word_1_151' title='bbox 356 1336 468 1370; x_wconf 92' lang='lat' dir='ltr'>multo</span> <span class='ocrx_word' id='word_1_152' title='bbox 496 1337 672 1369; x_wconf 86' lang='lat' dir='ltr'>minorem</span> <span class='ocrx_word' id='word_1_153' title='bbox 701 1336 893 1369; x_wconf 88' lang='lat' dir='ltr'>exercitum</span> <span class='ocrx_word' id='word_1_154' title='bbox 917 1333 1070 1375; x_wconf 89' lang='lat' dir='ltr'>habent,</span> <span class='ocrx_word' id='word_1_155' title='bbox 1098 1342 1131 1368; x_wconf 88' lang='lat' dir='ltr'>et</span> 
     </span>
     <span class='ocr_line' id='line_1_25' title="bbox 138 1387 1129 1432; baseline -0.002 -12"><span class='ocrx_word' id='word_1_156' title='bbox 138 1399 211 1420; x_wconf 89' lang='lat' dir='ltr'>non</span> <span class='ocrx_word' id='word_1_157' title='bbox 237 1387 350 1421; x_wconf 84' lang='lat' dir='ltr'>coacti</span> <span class='ocrx_word' id='word_1_158' title='bbox 374 1400 534 1432; x_wconf 86' lang='lat' dir='ltr'>pugnare</span> <span class='ocrx_word' id='word_1_159' title='bbox 551 1415 560 1428; x_wconf 94' lang='lat'>,</span> <span class='ocrx_word' id='word_1_160' title='bbox 599 1394 718 1421; x_wconf 89' lang='lat' dir='ltr'>tamen</span> <span class='ocrx_word' id='word_1_161' title='bbox 745 1399 819 1420; x_wconf 91' lang='lat' dir='ltr'>non</span> <span class='ocrx_word' id='word_1_162' title='bbox 844 1388 1043 1420; x_wconf 88' lang='lat' dir='ltr'>detrectant</span> <span class='ocrx_word' id='word_1_163' title='bbox 1065 1398 1129 1430; x_wconf 91' lang='lat' dir='ltr'>pu-</span> 
     </span>
     <span class='ocr_line' id='line_1_26' title="bbox 139 1437 1131 1484; baseline -0.003 -12"><span class='ocrx_word' id='word_1_164' title='bbox 139 1451 267 1484; x_wconf 86' lang='lat' dir='ltr'>gnam,</span> <span class='ocrx_word' id='word_1_165' title='bbox 309 1438 469 1473; x_wconf 87' lang='lat' dir='ltr'>animum</span> <span class='ocrx_word' id='word_1_166' title='bbox 500 1439 599 1472; x_wconf 82' lang='lat' dir='ltr'>addit</span> <span class='ocrx_word' id='word_1_167' title='bbox 623 1438 836 1473; x_wconf 90' lang='lat' dir='ltr'>conscientia</span> <span class='ocrx_word' id='word_1_168' title='bbox 862 1437 1009 1482; x_wconf 83' lang='lat' dir='ltr'>peritiae</span> <span class='ocrx_word' id='word_1_169' title='bbox 1036 1449 1131 1477; x_wconf 87' lang='lat' dir='ltr'>suae,</span> 
     </span>
     <span class='ocr_line' id='line_1_27' title="bbox 139 1488 1132 1537; baseline -0.004 -13"><span class='ocrx_word' id='word_1_170' title='bbox 139 1491 235 1536; x_wconf 87' lang='lat' dir='ltr'>quod</span> <span class='ocrx_word' id='word_1_171' title='bbox 253 1497 458 1535; x_wconf 85' lang='lat' dir='ltr'>reputantes</span> <span class='ocrx_word' id='word_1_172' title='bbox 476 1491 532 1525; x_wconf 90' lang='lat' dir='ltr'>isti</span> <span class='ocrx_word' id='word_1_173' title='bbox 550 1497 697 1535; x_wconf 88' lang='lat' dir='ltr'>propter</span> <span class='ocrx_word' id='word_1_174' title='bbox 713 1488 805 1523; x_wconf 84' lang='lat' dir='ltr'>hanc</span> <span class='ocrx_word' id='word_1_175' title='bbox 828 1489 1051 1537; x_wconf 86' lang='lat' dir='ltr'>inopinatam</span> <span class='ocrx_word' id='word_1_176' title='bbox 1069 1500 1132 1532; x_wconf 89' lang='lat' dir='ltr'>pu-</span> 
     </span>
    </p>
   </div>
   <div class='ocr_carea' id='block_1_3' title="bbox 713 117 1595 158">
    <p class='ocr_par' dir='ltr' id='par_1_5' title="bbox 713 117 1595 158">
     <span class='ocr_line' id='line_1_28' title="bbox 713 117 1595 158; baseline 0.002 -3"><span class='ocrx_word' id='word_1_177' title='bbox 713 119 835 155; x_wconf 84' lang='lat' dir='ltr'>PHlL.</span> <span class='ocrx_word' id='word_1_178' title='bbox 871 119 984 154; x_wconf 80' lang='lat' dir='ltr'>MEL.</span> <span class='ocrx_word' id='word_1_179' title='bbox 1020 117 1223 154; x_wconf 81' lang='lat' dir='ltr'>SCRIPTA</span> <span class='ocrx_word' id='word_1_180' title='bbox 1256 118 1595 158; x_wconf 76' lang='lat' dir='ltr'>PHILOLOGICA.</span> 
     </span>
    </p>
   </div>
   <div class='ocr_carea' id='block_1_4' title="bbox 2071 118 2170 156">
    <p class='ocr_par' dir='ltr' id='par_1_6' title="bbox 2071 118 2170 156">
     <span class='ocr_line' id='line_1_29' title="bbox 2071 118 2170 156; baseline -0.01 0"><span class='ocrx_word' id='word_1_181' title='bbox 2071 118 2170 156; x_wconf 82' lang='lat'><strong>1056</strong></span> 
     </span>
    </p>
   </div>
   <div class='ocr_carea' id='block_1_5' title="bbox 1181 205 2179 1523">
    <p class='ocr_par' dir='ltr' id='par_1_7' title="bbox 1181 205 2170 406">
     <span class='ocr_line' id='line_1_30' title="bbox 1183 205 2166 252; baseline 0.002 -15"><span class='ocrx_word' id='word_1_182' title='bbox 1183 217 1288 249; x_wconf 81' lang='lat' dir='ltr'>gnam</span> <span class='ocrx_word' id='word_1_183' title='bbox 1305 205 1416 248; x_wconf 82' lang='lat' dir='ltr'>magis</span> <span class='ocrx_word' id='word_1_184' title='bbox 1430 216 1496 240; x_wconf 91' lang='lat' dir='ltr'>nos</span> <span class='ocrx_word' id='word_1_185' title='bbox 1513 212 1690 247; x_wconf 88' lang='lat' dir='ltr'>metuent,</span> <span class='ocrx_word' id='word_1_186' title='bbox 1717 218 1824 252; x_wconf 85' lang='lat' dir='ltr'>quam</span> <span class='ocrx_word' id='word_1_187' title='bbox 1849 212 1996 251; x_wconf 87' lang='lat' dir='ltr'>propter</span> <span class='ocrx_word' id='word_1_188' title='bbox 2018 206 2166 241; x_wconf 84' lang='lat' dir='ltr'>navium</span> 
     </span>
     <span class='ocr_line' id='line_1_31' title="bbox 1181 255 2167 303; baseline 0.001 -14"><span class='ocrx_word' id='word_1_189' title='bbox 1181 255 1465 301; x_wconf 87' lang='lat' dir='ltr'>proportionem.</span> <span class='ocrx_word' id='word_1_190' title='bbox 1493 256 1597 290; x_wconf 90' lang='lat' dir='ltr'>Multi</span> <span class='ocrx_word' id='word_1_191' title='bbox 1609 257 1702 292; x_wconf 89' lang='lat' dir='ltr'>enim</span> <span class='ocrx_word' id='word_1_192' title='bbox 1712 257 1832 303; x_wconf 84' lang='lat' dir='ltr'>magni</span> <span class='ocrx_word' id='word_1_193' title='bbox 1842 258 2014 291; x_wconf 81' lang='lat' dir='ltr'>exercitus</span> <span class='ocrx_word' id='word_1_194' title='bbox 2024 269 2041 290; x_wconf 90' lang='lat' dir='ltr'>a</span> <span class='ocrx_word' id='word_1_195' title='bbox 2050 257 2167 291; x_wconf 91' lang='lat' dir='ltr'>mino-</span> 
     </span>
     <span class='ocr_line' id='line_1_32' title="bbox 1182 307 2168 354; baseline 0 -13"><span class='ocrx_word' id='word_1_196' title='bbox 1182 308 1291 347; x_wconf 88' lang='lat' dir='ltr'>ribus,</span> <span class='ocrx_word' id='word_1_197' title='bbox 1308 307 1394 341; x_wconf 86' lang='lat' dir='ltr'>alias</span> <span class='ocrx_word' id='word_1_198' title='bbox 1407 313 1555 351; x_wconf 89' lang='lat' dir='ltr'>propter</span> <span class='ocrx_word' id='word_1_199' title='bbox 1570 308 1798 353; x_wconf 82' lang='lat' dir='ltr'>imperitiam,</span> <span class='ocrx_word' id='word_1_200' title='bbox 1817 309 1903 343; x_wconf 87' lang='lat' dir='ltr'>alias</span> <span class='ocrx_word' id='word_1_201' title='bbox 1911 315 2059 354; x_wconf 87' lang='lat' dir='ltr'>propter</span> <span class='ocrx_word' id='word_1_202' title='bbox 2073 308 2168 343; x_wconf 87' lang='lat' dir='ltr'>timi-</span> 
     </span>
     <span class='ocr_line' id='line_1_33' title="bbox 1181 358 2170 406; baseline 0.003 -14"><span class='ocrx_word' id='word_1_203' title='bbox 1181 359 1327 392; x_wconf 90' lang='lat' dir='ltr'>ditatem</span> <span class='ocrx_word' id='word_1_204' title='bbox 1337 358 1443 392; x_wconf 87' lang='lat' dir='ltr'>deleti</span> <span class='ocrx_word' id='word_1_205' title='bbox 1451 365 1545 399; x_wconf 90' lang='lat' dir='ltr'>sunt,</span> <span class='ocrx_word' id='word_1_206' title='bbox 1554 371 1706 404; x_wconf 90' lang='lat' dir='ltr'>quorum</span> <span class='ocrx_word' id='word_1_207' title='bbox 1717 367 1834 395; x_wconf 91' lang='lat' dir='ltr'>utrum</span> <span class='ocrx_word' id='word_1_208' title='bbox 1840 372 1908 406; x_wconf 87' lang='lat' dir='ltr'>que</span> <span class='ocrx_word' id='word_1_209' title='bbox 1919 372 1937 394; x_wconf 90' lang='lat' dir='ltr'>a</span> <span class='ocrx_word' id='word_1_210' title='bbox 1948 360 2048 394; x_wconf 86' lang='lat' dir='ltr'>vobis</span> <span class='ocrx_word' id='word_1_211' title='bbox 2059 361 2170 395; x_wconf 86' lang='lat' dir='ltr'>abest.</span> 
     </span>
    </p>

    <p class='ocr_par' dir='ltr' id='par_1_8' title="bbox 1181 410 2177 1123">
     <span class='ocr_line' id='line_1_34' title="bbox 1283 410 2167 456; baseline -0.001 -11"><span class='ocrx_word' id='word_1_212' title='bbox 1283 410 1356 445; x_wconf 90' lang='lat' dir='ltr'>Nec</span> <span class='ocrx_word' id='word_1_213' title='bbox 1370 422 1456 443; x_wconf 90' lang='lat' dir='ltr'>vero</span> <span class='ocrx_word' id='word_1_214' title='bbox 1472 410 1693 444; x_wconf 87' lang='lat' dir='ltr'>committam</span> <span class='ocrx_word' id='word_1_215' title='bbox 1705 437 1715 451; x_wconf 88' lang='lat'><em>‚</em></span> <span class='ocrx_word' id='word_1_216' title='bbox 1743 419 1783 446; x_wconf 89' lang='lat' dir='ltr'>ut</span> <span class='ocrx_word' id='word_1_217' title='bbox 1796 412 1834 445; x_wconf 91' lang='lat' dir='ltr'>in</span> <span class='ocrx_word' id='word_1_218' title='bbox 1852 418 2002 456; x_wconf 84' lang='lat' dir='ltr'>angusto</span> <span class='ocrx_word' id='word_1_219' title='bbox 2018 411 2099 446; x_wconf 87' lang='lat' dir='ltr'>sinu</span> <span class='ocrx_word' id='word_1_220' title='bbox 2114 411 2167 445; x_wconf 88' lang='lat' dir='ltr'>di-</span> 
     </span>
     <span class='ocr_line' id='line_1_35' title="bbox 1181 461 2169 507; baseline 0.003 -13"><span class='ocrx_word' id='word_1_221' title='bbox 1181 461 1372 502; x_wconf 90' lang='lat' dir='ltr'>micemus,</span> <span class='ocrx_word' id='word_1_222' title='bbox 1417 461 1500 507; x_wconf 84' lang='lat' dir='ltr'>quia</span> <span class='ocrx_word' id='word_1_223' title='bbox 1524 462 1706 506; x_wconf 84' lang='lat' dir='ltr'>angustiae</span> <span class='ocrx_word' id='word_1_224' title='bbox 1729 463 1833 498; x_wconf 86' lang='lat' dir='ltr'>nobis</span> <span class='ocrx_word' id='word_1_225' title='bbox 1862 475 1936 497; x_wconf 91' lang='lat' dir='ltr'>non</span> <span class='ocrx_word' id='word_1_226' title='bbox 1959 469 2042 497; x_wconf 87' lang='lat' dir='ltr'>sunt</span> <span class='ocrx_word' id='word_1_227' title='bbox 2065 462 2169 497; x_wconf 83' lang='lat' dir='ltr'>utiles</span> 
     </span>
     <span class='ocr_line' id='line_1_36' title="bbox 1183 512 2169 557; baseline 0.003 -12"><span class='ocrx_word' id='word_1_228' title='bbox 1183 513 1351 547; x_wconf 88' lang='lat' dir='ltr'>adversus</span> <span class='ocrx_word' id='word_1_229' title='bbox 1374 512 1577 557; x_wconf 83' lang='lat' dir='ltr'>imperitam</span> <span class='ocrx_word' id='word_1_230' title='bbox 1604 513 1887 555; x_wconf 83' lang='lat' dir='ltr'>multitudinem,</span> <span class='ocrx_word' id='word_1_231' title='bbox 1920 527 1999 549; x_wconf 90' lang='lat' dir='ltr'>cum</span> <span class='ocrx_word' id='word_1_232' title='bbox 2023 521 2169 548; x_wconf 79' lang='lat' dir='ltr'>nostrae</span> 
     </span>
     <span class='ocr_line' id='line_1_37' title="bbox 1183 564 2170 610; baseline 0.001 -12"><span class='ocrx_word' id='word_1_233' title='bbox 1183 576 1290 598; x_wconf 89' lang='lat' dir='ltr'>naves</span> <span class='ocrx_word' id='word_1_234' title='bbox 1322 564 1392 598; x_wconf 91' lang='lat' dir='ltr'>sint</span> <span class='ocrx_word' id='word_1_235' title='bbox 1419 564 1666 608; x_wconf 87' lang='lat' dir='ltr'>expeditiores.</span> <span class='ocrx_word' id='word_1_236' title='bbox 1733 565 1825 599; x_wconf 83' lang='lat' dir='ltr'>Nam</span> <span class='ocrx_word' id='word_1_237' title='bbox 1856 566 1892 599; x_wconf 89' lang='lat' dir='ltr'>in</span> <span class='ocrx_word' id='word_1_238' title='bbox 1916 567 1993 600; x_wconf 92' lang='lat' dir='ltr'>loco</span> <span class='ocrx_word' id='word_1_239' title='bbox 2019 571 2170 610; x_wconf 85' lang='lat' dir='ltr'>angusto</span> 
     </span>
     <span class='ocr_line' id='line_1_38' title="bbox 1181 615 2173 664; baseline 0.001 -15"><span class='ocrx_word' id='word_1_240' title='bbox 1181 628 1296 661; x_wconf 89' lang='lat' dir='ltr'>neque</span> <span class='ocrx_word' id='word_1_241' title='bbox 1322 621 1529 660; x_wconf 88' lang='lat' dir='ltr'>prospectus</span> <span class='ocrx_word' id='word_1_242' title='bbox 1546 622 1597 650; x_wconf 89' lang='lat' dir='ltr'>est</span> <span class='ocrx_word' id='word_1_243' title='bbox 1615 617 1659 649; x_wconf 84' lang='lat' dir='ltr'>ad</span> <span class='ocrx_word' id='word_1_244' title='bbox 1679 615 1941 658; x_wconf 87' lang='lat' dir='ltr'>invadendum,</span> <span class='ocrx_word' id='word_1_245' title='bbox 1974 630 2090 664; x_wconf 88' lang='lat' dir='ltr'>neque</span> <span class='ocrx_word' id='word_1_246' title='bbox 2117 628 2173 650; x_wconf 91' lang='lat' dir='ltr'>re-</span> 
     </span>
     <span class='ocr_line' id='line_1_39' title="bbox 1183 667 2172 713; baseline 0.001 -12"><span class='ocrx_word' id='word_1_247' title='bbox 1183 674 1303 712; x_wconf 84' lang='lat' dir='ltr'>ceptus</span> <span class='ocrx_word' id='word_1_248' title='bbox 1328 673 1443 712; x_wconf 90' lang='lat' dir='ltr'>patet,</span> <span class='ocrx_word' id='word_1_249' title='bbox 1478 673 1513 700; x_wconf 91' lang='lat' dir='ltr'>et</span> <span class='ocrx_word' id='word_1_250' title='bbox 1535 667 1632 701; x_wconf 89' lang='lat' dir='ltr'>nulla</span> <span class='ocrx_word' id='word_1_251' title='bbox 1656 673 1740 701; x_wconf 86' lang='lat' dir='ltr'>sunt</span> <span class='ocrx_word' id='word_1_252' title='bbox 1763 668 1911 713; x_wconf 84' lang='lat' dir='ltr'>effugia,</span> <span class='ocrx_word' id='word_1_253' title='bbox 1944 669 2062 702; x_wconf 90' lang='lat' dir='ltr'>nullae</span> <span class='ocrx_word' id='word_1_254' title='bbox 2087 680 2172 702; x_wconf 90' lang='lat' dir='ltr'>con-</span> 
     </span>
     <span class='ocr_line' id='line_1_40' title="bbox 1183 718 2173 764; baseline 0.001 -13"><span class='ocrx_word' id='word_1_255' title='bbox 1183 719 1383 758; x_wconf 82' lang='lat' dir='ltr'>versiones,</span> <span class='ocrx_word' id='word_1_256' title='bbox 1410 731 1501 764; x_wconf 89' lang='lat' dir='ltr'>quae</span> <span class='ocrx_word' id='word_1_257' title='bbox 1527 725 1602 752; x_wconf 90' lang='lat' dir='ltr'>arte</span> <span class='ocrx_word' id='word_1_258' title='bbox 1625 725 1814 763; x_wconf 86' lang='lat' dir='ltr'>reguntur;</span> <span class='ocrx_word' id='word_1_259' title='bbox 1848 720 1908 754; x_wconf 89' lang='lat' dir='ltr'>sed</span> <span class='ocrx_word' id='word_1_260' title='bbox 1931 719 1970 753; x_wconf 85' lang='lat' dir='ltr'>fit</span> <span class='ocrx_word' id='word_1_261' title='bbox 1991 731 2033 753; x_wconf 86' lang='lat' dir='ltr'>ex</span> <span class='ocrx_word' id='word_1_262' title='bbox 2052 718 2173 753; x_wconf 85' lang='lat' dir='ltr'>navali</span> 
     </span>
     <span class='ocr_line' id='line_1_41' title="bbox 1182 769 2172 816; baseline 0.002 -13"><span class='ocrx_word' id='word_1_263' title='bbox 1182 782 1301 815; x_wconf 81' lang='lat' dir='ltr'>pugna</span> <span class='ocrx_word' id='word_1_264' title='bbox 1338 769 1509 815; x_wconf 87' lang='lat' dir='ltr'>pedestris</span> <span class='ocrx_word' id='word_1_265' title='bbox 1525 796 1534 810; x_wconf 94' lang='lat'>,</span> <span class='ocrx_word' id='word_1_266' title='bbox 1577 782 1646 816; x_wconf 90' lang='lat' dir='ltr'>qua</span> <span class='ocrx_word' id='word_1_267' title='bbox 1682 770 1719 804; x_wconf 92' lang='lat' dir='ltr'>in</span> <span class='ocrx_word' id='word_1_268' title='bbox 1754 782 1792 804; x_wconf 92' lang='lat' dir='ltr'>re</span> <span class='ocrx_word' id='word_1_269' title='bbox 1826 770 2017 805; x_wconf 91' lang='lat' dir='ltr'>multitudo</span> <span class='ocrx_word' id='word_1_270' title='bbox 2051 770 2172 805; x_wconf 87' lang='lat' dir='ltr'>vincit.</span> 
     </span>
     <span class='ocr_line' id='line_1_42' title="bbox 1181 819 2174 867; baseline 0 -13"><span class='ocrx_word' id='word_1_271' title='bbox 1181 822 1316 856; x_wconf 89' lang='lat' dir='ltr'>Verum</span> <span class='ocrx_word' id='word_1_272' title='bbox 1338 819 1443 862; x_wconf 86' lang='lat' dir='ltr'>haec,</span> <span class='ocrx_word' id='word_1_273' title='bbox 1471 828 1645 867; x_wconf 88' lang='lat' dir='ltr'>quantum</span> <span class='ocrx_word' id='word_1_274' title='bbox 1671 828 1819 866; x_wconf 89' lang='lat' dir='ltr'>potero,</span> <span class='ocrx_word' id='word_1_275' title='bbox 1847 823 2000 863; x_wconf 86' lang='lat' dir='ltr'>curabo,</span> <span class='ocrx_word' id='word_1_276' title='bbox 2026 834 2090 856; x_wconf 92' lang='lat' dir='ltr'>vos</span> <span class='ocrx_word' id='word_1_277' title='bbox 2116 833 2174 855; x_wconf 88' lang='lat' dir='ltr'>or·</span> 
     </span>
     <span class='ocr_line' id='line_1_43' title="bbox 1182 873 2176 918; baseline -0.001 -11"><span class='ocrx_word' id='word_1_278' title='bbox 1182 875 1303 907; x_wconf 89' lang='lat' dir='ltr'>dinem</span> <span class='ocrx_word' id='word_1_279' title='bbox 1322 880 1476 907; x_wconf 89' lang='lat' dir='ltr'>vestrum</span> <span class='ocrx_word' id='word_1_280' title='bbox 1501 873 1672 914; x_wconf 90' lang='lat' dir='ltr'>retinete,</span> <span class='ocrx_word' id='word_1_281' title='bbox 1701 880 1735 907; x_wconf 91' lang='lat' dir='ltr'>et</span> <span class='ocrx_word' id='word_1_282' title='bbox 1760 874 1920 907; x_wconf 85' lang='lat' dir='ltr'>celeriter</span> <span class='ocrx_word' id='word_1_283' title='bbox 1938 874 2041 907; x_wconf 88' lang='lat' dir='ltr'>facite</span> <span class='ocrx_word' id='word_1_284' title='bbox 2063 873 2176 918; x_wconf 88' lang='lat' dir='ltr'>impe·</span> 
     </span>
     <span class='ocr_line' id='line_1_44' title="bbox 1182 924 2176 970; baseline -0.003 -10"><span class='ocrx_word' id='word_1_285' title='bbox 1182 932 1279 965; x_wconf 86' lang='lat' dir='ltr'>rata,</span> <span class='ocrx_word' id='word_1_286' title='bbox 1314 937 1392 958; x_wconf 91' lang='lat' dir='ltr'>cum</span> <span class='ocrx_word' id='word_1_287' title='bbox 1420 924 1563 970; x_wconf 87' lang='lat' dir='ltr'>quidem</span> <span class='ocrx_word' id='word_1_288' title='bbox 1591 924 1730 959; x_wconf 85' lang='lat' dir='ltr'>invasio</span> <span class='ocrx_word' id='word_1_289' title='bbox 1750 925 1810 959; x_wconf 87' lang='lat' dir='ltr'>fiat</span> <span class='ocrx_word' id='word_1_290' title='bbox 1832 938 1874 959; x_wconf 85' lang='lat' dir='ltr'>ex</span> <span class='ocrx_word' id='word_1_291' title='bbox 1896 925 2085 958; x_wconf 87' lang='lat' dir='ltr'>intervallo</span> <span class='ocrx_word' id='word_1_292' title='bbox 2104 924 2176 958; x_wconf 86' lang='lat' dir='ltr'>exi-</span> 
     </span>
     <span class='ocr_line' id='line_1_45' title="bbox 1184 976 2173 1022; baseline -0.002 -11"><span class='ocrx_word' id='word_1_293' title='bbox 1184 990 1274 1022; x_wconf 83' lang='lat' dir='ltr'>guo,</span> <span class='ocrx_word' id='word_1_294' title='bbox 1311 982 1345 1009; x_wconf 88' lang='lat' dir='ltr'>et</span> <span class='ocrx_word' id='word_1_295' title='bbox 1370 976 1406 1008; x_wconf 86' lang='lat' dir='ltr'>in</span> <span class='ocrx_word' id='word_1_296' title='bbox 1430 976 1508 1020; x_wconf 85' lang='lat' dir='ltr'>ipso</span> <span class='ocrx_word' id='word_1_297' title='bbox 1528 988 1718 1020; x_wconf 85' lang='lat' dir='ltr'>congressu</span> <span class='ocrx_word' id='word_1_298' title='bbox 1745 977 1908 1010; x_wconf 89' lang='lat' dir='ltr'>ordinem</span> <span class='ocrx_word' id='word_1_299' title='bbox 1934 982 1968 1010; x_wconf 89' lang='lat' dir='ltr'>et</span> <span class='ocrx_word' id='word_1_300' title='bbox 1993 976 2173 1011; x_wconf 87' lang='lat' dir='ltr'>silentium</span> 
     </span>
     <span class='ocr_line' id='line_1_46' title="bbox 1183 1025 2177 1073; baseline -0.002 -11"><span class='ocrx_word' id='word_1_301' title='bbox 1183 1027 1375 1067; x_wconf 88' lang='lat' dir='ltr'>tueamini,</span> <span class='ocrx_word' id='word_1_302' title='bbox 1403 1034 1442 1061; x_wconf 91' lang='lat' dir='ltr'>ut</span> <span class='ocrx_word' id='word_1_303' title='bbox 1457 1025 1544 1061; x_wconf 90' lang='lat' dir='ltr'>haec</span> <span class='ocrx_word' id='word_1_304' title='bbox 1561 1027 1597 1060; x_wconf 91' lang='lat' dir='ltr'>in</span> <span class='ocrx_word' id='word_1_305' title='bbox 1617 1028 1751 1063; x_wconf 88' lang='lat' dir='ltr'>bellicis</span> <span class='ocrx_word' id='word_1_306' title='bbox 1771 1029 1894 1069; x_wconf 88' lang='lat' dir='ltr'>rebus,</span> <span class='ocrx_word' id='word_1_307' title='bbox 1921 1028 2113 1073; x_wconf 88' lang='lat' dir='ltr'>praecipue</span> <span class='ocrx_word' id='word_1_308' title='bbox 2139 1028 2177 1060; x_wconf 85' lang='lat' dir='ltr'>iu</span> 
     </span>
     <span class='ocr_line' id='line_1_47' title="bbox 1184 1078 1690 1123; baseline 0 -10"><span class='ocrx_word' id='word_1_309' title='bbox 1184 1080 1303 1113; x_wconf 71' lang='lat' dir='ltr'>navali</span> <span class='ocrx_word' id='word_1_310' title='bbox 1320 1078 1457 1123; x_wconf 88' lang='lat' dir='ltr'>proelio</span> <span class='ocrx_word' id='word_1_311' title='bbox 1475 1080 1690 1114; x_wconf 87' lang='lat' dir='ltr'>conducunt.</span> 
     </span>
    </p>

    <p class='ocr_par' dir='ltr' id='par_1_9' title="bbox 1184 1129 2179 1523">
     <span class='ocr_line' id='line_1_48' title="bbox 1298 1129 2176 1175; baseline 0 -13"><span class='ocrx_word' id='word_1_312' title='bbox 1298 1131 1372 1163; x_wconf 90' lang='lat' dir='ltr'>Hos</span> <span class='ocrx_word' id='word_1_313' title='bbox 1397 1130 1504 1174; x_wconf 84' lang='lat' dir='ltr'>igitur</span> <span class='ocrx_word' id='word_1_314' title='bbox 1529 1131 1754 1175; x_wconf 88' lang='lat' dir='ltr'>propulsate,</span> <span class='ocrx_word' id='word_1_315' title='bbox 1780 1137 1820 1165; x_wconf 88' lang='lat' dir='ltr'>ut</span> <span class='ocrx_word' id='word_1_316' title='bbox 1844 1130 1992 1175; x_wconf 82' lang='lat' dir='ltr'>dignum</span> <span class='ocrx_word' id='word_1_317' title='bbox 2010 1137 2061 1164; x_wconf 85' lang='lat' dir='ltr'>est</span> <span class='ocrx_word' id='word_1_318' title='bbox 2080 1129 2176 1175; x_wconf 89' lang='lat' dir='ltr'>prio-</span> 
     </span>
     <span class='ocr_line' id='line_1_49' title="bbox 1184 1181 2177 1227; baseline 0 -13"><span class='ocrx_word' id='word_1_319' title='bbox 1184 1182 1282 1215; x_wconf 90' lang='lat' dir='ltr'>ribus</span> <span class='ocrx_word' id='word_1_320' title='bbox 1301 1181 1401 1215; x_wconf 87' lang='lat' dir='ltr'>sactis</span> <span class='ocrx_word' id='word_1_321' title='bbox 1418 1182 1554 1216; x_wconf 89' lang='lat' dir='ltr'>vestris.</span> <span class='ocrx_word' id='word_1_322' title='bbox 1607 1181 1670 1216; x_wconf 87' lang='lat' dir='ltr'>Est</span> <span class='ocrx_word' id='word_1_323' title='bbox 1685 1182 1779 1216; x_wconf 90' lang='lat' dir='ltr'>enim</span> <span class='ocrx_word' id='word_1_324' title='bbox 1799 1183 1841 1216; x_wconf 89' lang='lat' dir='ltr'>de</span> <span class='ocrx_word' id='word_1_325' title='bbox 1859 1195 1897 1216; x_wconf 90' lang='lat' dir='ltr'>re</span> <span class='ocrx_word' id='word_1_326' title='bbox 1919 1194 2048 1227; x_wconf 82' lang='lat' dir='ltr'>magna</span> <span class='ocrx_word' id='word_1_327' title='bbox 2065 1187 2177 1215; x_wconf 87' lang='lat' dir='ltr'>certa-</span> 
     </span>
     <span class='ocr_line' id='line_1_50' title="bbox 1184 1232 2177 1278; baseline 0.001 -13"><span class='ocrx_word' id='word_1_328' title='bbox 1184 1245 1288 1274; x_wconf 89' lang='lat' dir='ltr'>men,</span> <span class='ocrx_word' id='word_1_329' title='bbox 1316 1232 1479 1266; x_wconf 86' lang='lat' dir='ltr'>videlicet</span> <span class='ocrx_word' id='word_1_330' title='bbox 1502 1239 1622 1266; x_wconf 89' lang='lat' dir='ltr'>utrum</span> <span class='ocrx_word' id='word_1_331' title='bbox 1647 1246 1745 1278; x_wconf 88' lang='lat' dir='ltr'>spem</span> <span class='ocrx_word' id='word_1_332' title='bbox 1772 1234 1914 1278; x_wconf 86' lang='lat' dir='ltr'>imperii</span> <span class='ocrx_word' id='word_1_333' title='bbox 1936 1234 1974 1267; x_wconf 89' lang='lat' dir='ltr'>in</span> <span class='ocrx_word' id='word_1_334' title='bbox 1999 1233 2093 1267; x_wconf 84' lang='lat' dir='ltr'>mari</span> <span class='ocrx_word' id='word_1_335' title='bbox 2110 1233 2177 1267; x_wconf 87' lang='lat' dir='ltr'>Pe-</span> 
     </span>
     <span class='ocr_line' id='line_1_51' title="bbox 1184 1282 2179 1329; baseline 0.001 -12"><span class='ocrx_word' id='word_1_336' title='bbox 1184 1284 1377 1329; x_wconf 89' lang='lat' dir='ltr'>loponesiis</span> <span class='ocrx_word' id='word_1_337' title='bbox 1395 1284 1572 1328; x_wconf 89' lang='lat' dir='ltr'>eripiatis,</span> <span class='ocrx_word' id='word_1_338' title='bbox 1597 1296 1643 1317; x_wconf 89' lang='lat' dir='ltr'>an</span> <span class='ocrx_word' id='word_1_339' title='bbox 1658 1297 1743 1318; x_wconf 87' lang='lat' dir='ltr'>vero</span> <span class='ocrx_word' id='word_1_340' title='bbox 1760 1285 1992 1329; x_wconf 86' lang='lat' dir='ltr'>permittatis,</span> <span class='ocrx_word' id='word_1_341' title='bbox 2015 1290 2055 1318; x_wconf 88' lang='lat' dir='ltr'>ut</span> <span class='ocrx_word' id='word_1_342' title='bbox 2070 1282 2179 1318; x_wconf 84' lang='lat' dir='ltr'>Athe-</span> 
     </span>
     <span class='ocr_line' id='line_1_52' title="bbox 1185 1335 2176 1371; baseline 0 -3"><span class='ocrx_word' id='word_1_343' title='bbox 1185 1337 1324 1370; x_wconf 90' lang='lat' dir='ltr'>nienses</span> <span class='ocrx_word' id='word_1_344' title='bbox 1342 1336 1378 1367; x_wconf 90' lang='lat' dir='ltr'>in</span> <span class='ocrx_word' id='word_1_345' title='bbox 1397 1335 1490 1367; x_wconf 91' lang='lat' dir='ltr'>mari</span> <span class='ocrx_word' id='word_1_346' title='bbox 1507 1336 1696 1370; x_wconf 89' lang='lat' dir='ltr'>videantur</span> <span class='ocrx_word' id='word_1_347' title='bbox 1711 1336 1909 1371; x_wconf 86' lang='lat' dir='ltr'>inferiores.</span> <span class='ocrx_word' id='word_1_348' title='bbox 1962 1335 2052 1370; x_wconf 90' lang='lat' dir='ltr'>Illud</span> <span class='ocrx_word' id='word_1_349' title='bbox 2069 1335 2176 1369; x_wconf 85' lang='lat' dir='ltr'>etiam</span> 
     </span>
     <span class='ocr_line' id='line_1_53' title="bbox 1186 1386 2179 1432; baseline 0.002 -13"><span class='ocrx_word' id='word_1_350' title='bbox 1186 1387 1285 1421; x_wconf 75' lang='lat' dir='ltr'>vobis</span> <span class='ocrx_word' id='word_1_351' title='bbox 1308 1387 1344 1419; x_wconf 91' lang='lat' dir='ltr'>in</span> <span class='ocrx_word' id='word_1_352' title='bbox 1368 1386 1581 1419; x_wconf 88' lang='lat' dir='ltr'>memoriam</span> <span class='ocrx_word' id='word_1_353' title='bbox 1606 1387 1749 1431; x_wconf 80' lang='lat' dir='ltr'>redigo,</span> <span class='ocrx_word' id='word_1_354' title='bbox 1785 1389 1881 1432; x_wconf 90' lang='lat' dir='ltr'>quod</span> <span class='ocrx_word' id='word_1_355' title='bbox 1908 1387 2011 1421; x_wconf 89' lang='lat' dir='ltr'>multi</span> <span class='ocrx_word' id='word_1_356' title='bbox 2036 1399 2054 1420; x_wconf 90' lang='lat' dir='ltr'>a</span> <span class='ocrx_word' id='word_1_357' title='bbox 2077 1388 2179 1421; x_wconf 85' lang='lat' dir='ltr'>vobis</span> 
     </span>
     <span class='ocr_line' id='line_1_54' title="bbox 1187 1437 2178 1483; baseline 0.002 -13"><span class='ocrx_word' id='word_1_358' title='bbox 1187 1445 1289 1471; x_wconf 88' lang='lat' dir='ltr'>antea</span> <span class='ocrx_word' id='word_1_359' title='bbox 1313 1437 1397 1470; x_wconf 88' lang='lat' dir='ltr'>victi</span> <span class='ocrx_word' id='word_1_360' title='bbox 1422 1444 1516 1471; x_wconf 90' lang='lat' dir='ltr'>sunt.</span> <span class='ocrx_word' id='word_1_361' title='bbox 1569 1437 1713 1471; x_wconf 88' lang='lat' dir='ltr'>Talium</span> <span class='ocrx_word' id='word_1_362' title='bbox 1740 1438 1850 1471; x_wconf 85' lang='lat' dir='ltr'>animi</span> <span class='ocrx_word' id='word_1_363' title='bbox 1874 1445 1996 1483; x_wconf 82' lang='lat' dir='ltr'>postea</span> <span class='ocrx_word' id='word_1_364' title='bbox 2023 1438 2060 1471; x_wconf 91' lang='lat' dir='ltr'>in</span> <span class='ocrx_word' id='word_1_365' title='bbox 2086 1439 2178 1483; x_wconf 89' lang='lat' dir='ltr'>peri-</span> 
     </span>
     <span class='ocr_line' id='line_1_55' title="bbox 1187 1488 1595 1523; baseline 0.002 -1"><span class='ocrx_word' id='word_1_366' title='bbox 1187 1490 1265 1523; x_wconf 90' lang='lat' dir='ltr'>culo</span> <span class='ocrx_word' id='word_1_367' title='bbox 1283 1495 1366 1523; x_wconf 89' lang='lat' dir='ltr'>sunt</span> <span class='ocrx_word' id='word_1_368' title='bbox 1385 1488 1595 1523; x_wconf 86' lang='lat' dir='ltr'>timidiores.</span> 
     </span>
    </p>
   </div>
   <div class='ocr_carea' id='block_1_6' title="bbox 354 1740 1959 1841">
    <p class='ocr_par' dir='ltr' id='par_1_10' title="bbox 354 1740 1959 1841">
     <span class='ocr_line' id='line_1_56' title="bbox 546 1740 1788 1780; baseline 0 -2"><span class='ocrx_word' id='word_1_369' title='bbox 546 1740 910 1780; x_wconf 84' lang='lat' dir='ltr'><strong>ORATIONES</strong></span> <span class='ocrx_word' id='word_1_370' title='bbox 953 1742 1167 1779; x_wconf 82' lang='lat' dir='ltr'>TERTII</span> <span class='ocrx_word' id='word_1_371' title='bbox 1208 1742 1376 1779; x_wconf 89' lang='lat' dir='ltr'>LIBRI</span> <span class='ocrx_word' id='word_1_372' title='bbox 1417 1740 1788 1779; x_wconf 82' lang='lat' dir='ltr'><strong>THUCYDIDIS</strong></span> 
     </span>
     <span class='ocr_line' id='line_1_57' title="bbox 354 1807 1959 1841; baseline -0.001 -2"><span class='ocrx_word' id='word_1_373' title='bbox 354 1808 647 1839; x_wconf 73' lang='lat' dir='ltr'>coNVERsAE</span> <span class='ocrx_word' id='word_1_374' title='bbox 676 1809 726 1839; x_wconf 81' lang='lat' dir='ltr'>IN</span> <span class='ocrx_word' id='word_1_375' title='bbox 754 1809 978 1841; x_wconf 80' lang='lat' dir='ltr'><strong>LATINUM</strong></span> <span class='ocrx_word' id='word_1_376' title='bbox 1008 1810 1277 1840; x_wconf 85' lang='lat' dir='ltr'><strong>SERMONEM</strong></span> <span class='ocrx_word' id='word_1_377' title='bbox 1307 1811 1329 1838; x_wconf 84' lang='lat' dir='ltr'>A</span> <span class='ocrx_word' id='word_1_378' title='bbox 1362 1809 1585 1840; x_wconf 74' lang='lat' dir='ltr'>Pfflmrro</span> <span class='ocrx_word' id='word_1_379' title='bbox 1613 1807 1959 1840; x_wconf 80' lang='lat' dir='ltr'>MELANTHONE.</span> 
     </span>
    </p>
   </div>
   <div class='ocr_carea' id='block_1_7' title="bbox 305 1893 966 1942">
    <p class='ocr_par' dir='ltr' id='par_1_11' title="bbox 305 1893 966 1942">
     <span class='ocr_line' id='line_1_58' title="bbox 305 1893 966 1942; baseline 0.003 -15"><span class='ocrx_word' id='word_1_380' title='bbox 305 1893 468 1928; x_wconf 83' lang='lat' dir='ltr'>Oratio</span> <span class='ocrx_word' id='word_1_381' title='bbox 502 1894 889 1940; x_wconf 88' lang='lat' dir='ltr'>Mit&#39;ylenaeorum</span> <span class='ocrx_word' id='word_1_382' title='bbox 905 1895 966 1942; x_wconf 70' lang='lat'>⁸2).</span> 
     </span>
    </p>
   </div>
   <div class='ocr_carea' id='block_1_8' title="bbox 140 1963 1138 2676">
    <p class='ocr_par' dir='ltr' id='par_1_12' title="bbox 140 1963 1138 2676">
     <span class='ocr_line' id='line_1_59' title="bbox 243 1963 1134 2008; baseline 0 -12"><span class='ocrx_word' id='word_1_383' title='bbox 243 1963 439 2008; x_wconf 82' lang='lat' dir='ltr'>Receptum</span> <span class='ocrx_word' id='word_1_384' title='bbox 456 1963 602 1997; x_wconf 88' lang='lat' dir='ltr'>Graecis</span> <span class='ocrx_word' id='word_1_385' title='bbox 617 1976 755 1997; x_wconf 92' lang='lat' dir='ltr'>morem</span> <span class='ocrx_word' id='word_1_386' title='bbox 772 1964 956 2005; x_wconf 88' lang='lat' dir='ltr'>novimus,</span> <span class='ocrx_word' id='word_1_387' title='bbox 983 1963 1050 1997; x_wconf 89' lang='lat' dir='ltr'>viri</span> <span class='ocrx_word' id='word_1_388' title='bbox 1069 1963 1134 1997; x_wconf 90' lang='lat' dir='ltr'>Pe-</span> 
     </span>
     <span class='ocr_line' id='line_1_60' title="bbox 140 2014 1134 2061; baseline -0.001 -13"><span class='ocrx_word' id='word_1_389' title='bbox 140 2015 342 2059; x_wconf 90' lang='lat' dir='ltr'>loponnesii</span> <span class='ocrx_word' id='word_1_390' title='bbox 367 2021 401 2048; x_wconf 87' lang='lat' dir='ltr'>et</span> <span class='ocrx_word' id='word_1_391' title='bbox 424 2014 523 2049; x_wconf 85' lang='lat' dir='ltr'>socii.</span> <span class='ocrx_word' id='word_1_392' title='bbox 576 2014 668 2049; x_wconf 89' lang='lat' dir='ltr'>Nam</span> <span class='ocrx_word' id='word_1_393' title='bbox 694 2016 756 2061; x_wconf 92' lang='lat' dir='ltr'>qui</span> <span class='ocrx_word' id='word_1_394' title='bbox 772 2015 950 2061; x_wconf 88' lang='lat' dir='ltr'>recipiunt</span> <span class='ocrx_word' id='word_1_395' title='bbox 971 2015 1134 2049; x_wconf 85' lang='lat' dir='ltr'>deficien-</span> 
     </span>
     <span class='ocr_line' id='line_1_61' title="bbox 141 2066 1134 2113; baseline -0.001 -13"><span class='ocrx_word' id='word_1_396' title='bbox 141 2073 193 2100; x_wconf 88' lang='lat' dir='ltr'>tes</span> <span class='ocrx_word' id='word_1_397' title='bbox 218 2066 255 2099; x_wconf 90' lang='lat' dir='ltr'>in</span> <span class='ocrx_word' id='word_1_398' title='bbox 278 2066 400 2106; x_wconf 87' lang='lat' dir='ltr'>bellis,</span> <span class='ocrx_word' id='word_1_399' title='bbox 428 2073 462 2099; x_wconf 92' lang='lat' dir='ltr'>et</span> <span class='ocrx_word' id='word_1_400' title='bbox 484 2066 641 2110; x_wconf 89' lang='lat' dir='ltr'>priorem</span> <span class='ocrx_word' id='word_1_401' title='bbox 658 2067 862 2101; x_wconf 86' lang='lat' dir='ltr'>societatem</span> <span class='ocrx_word' id='word_1_402' title='bbox 882 2067 1134 2113; x_wconf 87' lang='lat' dir='ltr'>relinquentes,</span> 
     </span>
     <span class='ocr_line' id='line_1_62' title="bbox 140 2115 1134 2163; baseline 0.002 -13"><span class='ocrx_word' id='word_1_403' title='bbox 140 2118 314 2162; x_wconf 83' lang='lat' dir='ltr'>tantisper</span> <span class='ocrx_word' id='word_1_404' title='bbox 343 2115 409 2151; x_wconf 88' lang='lat' dir='ltr'>hos</span> <span class='ocrx_word' id='word_1_405' title='bbox 439 2117 744 2162; x_wconf 90' lang='lat' dir='ltr'>complectuntur,</span> <span class='ocrx_word' id='word_1_406' title='bbox 785 2120 870 2152; x_wconf 90' lang='lat' dir='ltr'>dum</span> <span class='ocrx_word' id='word_1_407' title='bbox 895 2119 944 2153; x_wconf 90' lang='lat' dir='ltr'>eis</span> <span class='ocrx_word' id='word_1_408' title='bbox 972 2125 1134 2163; x_wconf 89' lang='lat' dir='ltr'>prosunt.</span> 
     </span>
     <span class='ocr_line' id='line_1_63' title="bbox 140 2168 1134 2214; baseline 0 -12"><span class='ocrx_word' id='word_1_409' title='bbox 140 2168 209 2202; x_wconf 91' lang='lat' dir='ltr'>Sed</span> <span class='ocrx_word' id='word_1_410' title='bbox 235 2181 314 2203; x_wconf 86' lang='lat' dir='ltr'>cum</span> <span class='ocrx_word' id='word_1_411' title='bbox 338 2169 500 2214; x_wconf 90' lang='lat' dir='ltr'>priorum</span> <span class='ocrx_word' id='word_1_412' title='bbox 526 2169 723 2203; x_wconf 86' lang='lat' dir='ltr'>amicorum</span> <span class='ocrx_word' id='word_1_413' title='bbox 748 2170 950 2214; x_wconf 88' lang='lat' dir='ltr'>proditores</span> <span class='ocrx_word' id='word_1_414' title='bbox 968 2183 1040 2204; x_wconf 87' lang='lat' dir='ltr'>esse</span> <span class='ocrx_word' id='word_1_415' title='bbox 1060 2169 1134 2202; x_wconf 86' lang='lat' dir='ltr'>ani-</span> 
     </span>
     <span class='ocr_line' id='line_1_64' title="bbox 142 2221 1133 2267; baseline 0.001 -14"><span class='ocrx_word' id='word_1_416' title='bbox 142 2221 392 2261; x_wconf 74' lang='lat' dir='ltr'>madvertunt,</span> <span class='ocrx_word' id='word_1_417' title='bbox 427 2221 540 2254; x_wconf 90' lang='lat' dir='ltr'>malos</span> <span class='ocrx_word' id='word_1_418' title='bbox 576 2233 649 2255; x_wconf 90' lang='lat' dir='ltr'>esse</span> <span class='ocrx_word' id='word_1_419' title='bbox 676 2222 821 2256; x_wconf 87' lang='lat' dir='ltr'>ducunt.</span> <span class='ocrx_word' id='word_1_420' title='bbox 875 2221 971 2255; x_wconf 86' lang='lat' dir='ltr'>Haec</span> <span class='ocrx_word' id='word_1_421' title='bbox 1009 2222 1133 2267; x_wconf 90' lang='lat' dir='ltr'>opinio</span> 
     </span>
     <span class='ocr_line' id='line_1_65' title="bbox 143 2271 1133 2318; baseline 0.002 -14"><span class='ocrx_word' id='word_1_422' title='bbox 143 2271 233 2305; x_wconf 88' lang='lat' dir='ltr'>iusta</span> <span class='ocrx_word' id='word_1_423' title='bbox 258 2278 328 2312; x_wconf 86' lang='lat' dir='ltr'>est,</span> <span class='ocrx_word' id='word_1_424' title='bbox 362 2271 391 2305; x_wconf 89' lang='lat' dir='ltr'>si</span> <span class='ocrx_word' id='word_1_425' title='bbox 413 2273 612 2306; x_wconf 87' lang='lat' dir='ltr'>desertores</span> <span class='ocrx_word' id='word_1_426' title='bbox 641 2278 675 2305; x_wconf 90' lang='lat' dir='ltr'>et</span> <span class='ocrx_word' id='word_1_427' title='bbox 697 2272 783 2306; x_wconf 89' lang='lat' dir='ltr'>socii</span> <span class='ocrx_word' id='word_1_428' title='bbox 809 2285 912 2318; x_wconf 90' lang='lat' dir='ltr'>pares</span> <span class='ocrx_word' id='word_1_429' title='bbox 937 2273 1028 2314; x_wconf 90' lang='lat' dir='ltr'>sint,</span> <span class='ocrx_word' id='word_1_430' title='bbox 1061 2280 1133 2306; x_wconf 87' lang='lat' dir='ltr'>tam</span> 
     </span>
     <span class='ocr_line' id='line_1_66' title="bbox 142 2323 1135 2369; baseline 0.003 -14"><span class='ocrx_word' id='word_1_431' title='bbox 142 2323 272 2357; x_wconf 90' lang='lat' dir='ltr'>animis</span> <span class='ocrx_word' id='word_1_432' title='bbox 295 2330 328 2356; x_wconf 91' lang='lat' dir='ltr'>et</span> <span class='ocrx_word' id='word_1_433' title='bbox 352 2323 554 2363; x_wconf 87' lang='lat' dir='ltr'>voluntate,</span> <span class='ocrx_word' id='word_1_434' title='bbox 596 2336 703 2369; x_wconf 90' lang='lat' dir='ltr'>quam</span> <span class='ocrx_word' id='word_1_435' title='bbox 733 2331 909 2369; x_wconf 85' lang='lat' dir='ltr'>apparatu</span> <span class='ocrx_word' id='word_1_436' title='bbox 939 2331 972 2358; x_wconf 90' lang='lat' dir='ltr'>et</span> <span class='ocrx_word' id='word_1_437' title='bbox 1000 2325 1135 2359; x_wconf 87' lang='lat' dir='ltr'>viribus</span> 
     </span>
     <span class='ocr_line' id='line_1_67' title="bbox 143 2374 1135 2415; baseline 0.005 -10"><span class='ocrx_word' id='word_1_438' title='bbox 143 2374 187 2405; x_wconf 87' lang='lat' dir='ltr'>ad</span> <span class='ocrx_word' id='word_1_439' title='bbox 209 2380 331 2408; x_wconf 83' lang='lat' dir='ltr'>mutua</span> <span class='ocrx_word' id='word_1_440' title='bbox 355 2374 507 2415; x_wconf 85' lang='lat' dir='ltr'>auxilia,</span> <span class='ocrx_word' id='word_1_441' title='bbox 536 2381 570 2408; x_wconf 93' lang='lat' dir='ltr'>et</span> <span class='ocrx_word' id='word_1_442' title='bbox 591 2375 619 2409; x_wconf 91' lang='lat' dir='ltr'>si</span> <span class='ocrx_word' id='word_1_443' title='bbox 643 2375 740 2408; x_wconf 86' lang='lat' dir='ltr'>nulla</span> <span class='ocrx_word' id='word_1_444' title='bbox 764 2376 808 2410; x_wconf 88' lang='lat' dir='ltr'>sit</span> <span class='ocrx_word' id='word_1_445' title='bbox 832 2376 921 2410; x_wconf 83' lang='lat' dir='ltr'>iusta</span> <span class='ocrx_word' id='word_1_446' title='bbox 947 2388 1051 2411; x_wconf 87' lang='lat' dir='ltr'>causa</span> <span class='ocrx_word' id='word_1_447' title='bbox 1076 2378 1135 2410; x_wconf 90' lang='lat' dir='ltr'>de-</span> 
     </span>
     <span class='ocr_line' id='line_1_68' title="bbox 142 2425 1135 2471; baseline 0.006 -15"><span class='ocrx_word' id='word_1_448' title='bbox 142 2425 322 2458; x_wconf 83' lang='lat' dir='ltr'>fectionis:</span> <span class='ocrx_word' id='word_1_449' title='bbox 351 2426 447 2471; x_wconf 90' lang='lat' dir='ltr'>quod</span> <span class='ocrx_word' id='word_1_450' title='bbox 470 2425 562 2459; x_wconf 89' lang='lat' dir='ltr'>inter</span> <span class='ocrx_word' id='word_1_451' title='bbox 578 2438 643 2461; x_wconf 90' lang='lat' dir='ltr'>nos</span> <span class='ocrx_word' id='word_1_452' title='bbox 661 2433 694 2460; x_wconf 89' lang='lat' dir='ltr'>et</span> <span class='ocrx_word' id='word_1_453' title='bbox 712 2425 946 2462; x_wconf 86' lang='lat' dir='ltr'>Athenienses</span> <span class='ocrx_word' id='word_1_454' title='bbox 960 2440 1034 2461; x_wconf 91' lang='lat' dir='ltr'>non</span> <span class='ocrx_word' id='word_1_455' title='bbox 1058 2428 1135 2462; x_wconf 88' lang='lat' dir='ltr'>fuit.</span> 
     </span>
     <span class='ocr_line' id='line_1_69' title="bbox 143 2475 1135 2524; baseline 0.003 -14"><span class='ocrx_word' id='word_1_456' title='bbox 143 2475 198 2510; x_wconf 85' lang='lat' dir='ltr'>Ne</span> <span class='ocrx_word' id='word_1_457' title='bbox 214 2476 269 2509; x_wconf 90' lang='lat' dir='ltr'>cui</span> <span class='ocrx_word' id='word_1_458' title='bbox 286 2488 370 2509; x_wconf 67' lang='lat' dir='ltr'>vero</span> <span class='ocrx_word' id='word_1_459' title='bbox 393 2477 578 2511; x_wconf 80' lang='lat' dir='ltr'>videamur</span> <span class='ocrx_word' id='word_1_460' title='bbox 601 2478 796 2513; x_wconf 89' lang='lat' dir='ltr'>deteriores</span> <span class='ocrx_word' id='word_1_461' title='bbox 818 2491 912 2520; x_wconf 84' lang='lat' dir='ltr'>esse,</span> <span class='ocrx_word' id='word_1_462' title='bbox 939 2479 968 2514; x_wconf 90' lang='lat' dir='ltr'>si</span> <span class='ocrx_word' id='word_1_463' title='bbox 991 2479 1027 2512; x_wconf 91' lang='lat' dir='ltr'>in</span> <span class='ocrx_word' id='word_1_464' title='bbox 1050 2491 1135 2524; x_wconf 79' lang='lat' dir='ltr'>pace</span> 
     </span>
     <span class='ocr_line' id='line_1_70' title="bbox 143 2524 1136 2573; baseline 0.004 -13"><span class='ocrx_word' id='word_1_465' title='bbox 143 2524 333 2567; x_wconf 89' lang='lat' dir='ltr'>honorati,</span> <span class='ocrx_word' id='word_1_466' title='bbox 357 2528 400 2560; x_wconf 87' lang='lat' dir='ltr'>ab</span> <span class='ocrx_word' id='word_1_467' title='bbox 419 2528 467 2562; x_wconf 90' lang='lat' dir='ltr'>eis</span> <span class='ocrx_word' id='word_1_468' title='bbox 486 2528 523 2561; x_wconf 89' lang='lat' dir='ltr'>in</span> <span class='ocrx_word' id='word_1_469' title='bbox 547 2529 713 2573; x_wconf 89' lang='lat' dir='ltr'>periculis</span> <span class='ocrx_word' id='word_1_470' title='bbox 737 2530 968 2571; x_wconf 88' lang='lat' dir='ltr'>discedimus,</span> <span class='ocrx_word' id='word_1_471' title='bbox 996 2538 1136 2565; x_wconf 88' lang='lat' dir='ltr'>excuset</span> 
     </span>
     <span class='ocr_line' id='line_1_71' title="bbox 146 2578 1138 2626; baseline 0.004 -14"><span class='ocrx_word' id='word_1_472' title='bbox 146 2590 213 2612; x_wconf 87' lang='lat' dir='ltr'>nos</span> <span class='ocrx_word' id='word_1_473' title='bbox 237 2578 295 2611; x_wconf 81' lang='lat' dir='ltr'>illa</span> <span class='ocrx_word' id='word_1_474' title='bbox 322 2578 518 2623; x_wconf 84' lang='lat' dir='ltr'>imparitas.</span> <span class='ocrx_word' id='word_1_475' title='bbox 584 2580 636 2614; x_wconf 94' lang='lat' dir='ltr'>De</span> <span class='ocrx_word' id='word_1_476' title='bbox 661 2581 737 2615; x_wconf 91' lang='lat' dir='ltr'>iure</span> <span class='ocrx_word' id='word_1_477' title='bbox 763 2582 871 2626; x_wconf 82' lang='lat' dir='ltr'>igitur</span> <span class='ocrx_word' id='word_1_478' title='bbox 895 2589 929 2616; x_wconf 89' lang='lat' dir='ltr'>et</span> <span class='ocrx_word' id='word_1_479' title='bbox 951 2579 1138 2616; x_wconf 85' lang='lat' dir='ltr'>honestate</span> 
     </span>
     <span class='ocr_line' id='line_1_72' title="bbox 143 2629 1137 2676; baseline 0.005 -14"><span class='ocrx_word' id='word_1_480' title='bbox 143 2629 300 2673; x_wconf 90' lang='lat' dir='ltr'>primum</span> <span class='ocrx_word' id='word_1_481' title='bbox 313 2656 321 2668; x_wconf 94' lang='lat'>,</span> <span class='ocrx_word' id='word_1_482' title='bbox 338 2630 492 2663; x_wconf 84' lang='lat' dir='ltr'>maxime</span> <span class='ocrx_word' id='word_1_483' title='bbox 509 2643 586 2664; x_wconf 89' lang='lat' dir='ltr'>cum</span> <span class='ocrx_word' id='word_1_484' title='bbox 604 2639 767 2676; x_wconf 86' lang='lat' dir='ltr'>petamus</span> <span class='ocrx_word' id='word_1_485' title='bbox 785 2634 987 2668; x_wconf 90' lang='lat' dir='ltr'>societatem</span> <span class='ocrx_word' id='word_1_486' title='bbox 1000 2661 1009 2674; x_wconf 96' lang='lat'>,</span> <span class='ocrx_word' id='word_1_487' title='bbox 1032 2634 1137 2667; x_wconf 86' lang='lat' dir='ltr'>verba</span> 
     </span>
    </p>
   </div>
   <div class='ocr_carea' id='block_1_9' title="bbox 180 2730 552 2761">
    <p class='ocr_par' dir='ltr' id='par_1_13' title="bbox 180 2730 552 2761">
     <span class='ocr_line' id='line_1_73' title="bbox 180 2730 552 2761; baseline -0.003 -6"><span class='ocrx_word' id='word_1_488' title='bbox 180 2730 230 2759; x_wconf 69' lang='lat'>32)</span> <span class='ocrx_word' id='word_1_489' title='bbox 250 2731 367 2761; x_wconf 62' lang='lat' dir='ltr'>Thucy-d.</span> <span class='ocrx_word' id='word_1_490' title='bbox 383 2731 427 2759; x_wconf 81' lang='lat'>111.</span> <span class='ocrx_word' id='word_1_491' title='bbox 447 2731 552 2756; x_wconf 71' lang='lat'>9—14.</span> 
     </span>
    </p>
   </div>
   <div class='ocr_carea' id='block_1_10' title="bbox 1187 1893 2183 2764">
    <p class='ocr_par' dir='ltr' id='par_1_14' title="bbox 1187 1893 2183 2764">
     <span class='ocr_line' id='line_1_74' title="bbox 1187 1893 2180 1940; baseline -0.002 -11"><span class='ocrx_word' id='word_1_492' title='bbox 1187 1896 1366 1930; x_wconf 78' lang='lat' dir='ltr'>faciemus.</span> <span class='ocrx_word' id='word_1_493' title='bbox 1425 1895 1563 1929; x_wconf 87' lang='lat' dir='ltr'>Scimus</span> <span class='ocrx_word' id='word_1_494' title='bbox 1589 1895 1704 1936; x_wconf 89' lang='lat' dir='ltr'>enim,</span> <span class='ocrx_word' id='word_1_495' title='bbox 1739 1906 1854 1940; x_wconf 90' lang='lat' dir='ltr'>neque</span> <span class='ocrx_word' id='word_1_496' title='bbox 1880 1893 2028 1938; x_wconf 83' lang='lat' dir='ltr'>privatis</span> <span class='ocrx_word' id='word_1_497' title='bbox 2059 1894 2180 1928; x_wconf 87' lang='lat' dir='ltr'>amici-</span> 
     </span>
     <span class='ocr_line' id='line_1_75' title="bbox 1188 1945 2182 1993; baseline 0 -12"><span class='ocrx_word' id='word_1_498' title='bbox 1188 1948 1273 1981; x_wconf 83' lang='lat' dir='ltr'>tiam</span> <span class='ocrx_word' id='word_1_499' title='bbox 1299 1947 1460 1981; x_wconf 86' lang='lat' dir='ltr'>stabilem</span> <span class='ocrx_word' id='word_1_500' title='bbox 1485 1959 1578 1987; x_wconf 85' lang='lat' dir='ltr'>esse,</span> <span class='ocrx_word' id='word_1_501' title='bbox 1604 1959 1719 1993; x_wconf 93' lang='lat' dir='ltr'>neque</span> <span class='ocrx_word' id='word_1_502' title='bbox 1742 1946 1946 1980; x_wconf 92' lang='lat' dir='ltr'>societatem</span> <span class='ocrx_word' id='word_1_503' title='bbox 1967 1945 2182 1986; x_wconf 84' lang='lat' dir='ltr'>civitatibus,</span> 
     </span>
     <span class='ocr_line' id='line_1_76' title="bbox 1187 1996 2181 2043; baseline -0.001 -11"><span class='ocrx_word' id='word_1_504' title='bbox 1187 1999 1255 2033; x_wconf 89' lang='lat' dir='ltr'>nisi</span> <span class='ocrx_word' id='word_1_505' title='bbox 1274 2001 1335 2032; x_wconf 88' lang='lat' dir='ltr'>fiat</span> <span class='ocrx_word' id='word_1_506' title='bbox 1358 2011 1437 2032; x_wconf 88' lang='lat' dir='ltr'>cum</span> <span class='ocrx_word' id='word_1_507' title='bbox 1463 1998 1633 2043; x_wconf 91' lang='lat' dir='ltr'>opinione</span> <span class='ocrx_word' id='word_1_508' title='bbox 1658 1996 1816 2037; x_wconf 85' lang='lat' dir='ltr'>virtutis,</span> <span class='ocrx_word' id='word_1_509' title='bbox 1849 2003 1882 2030; x_wconf 90' lang='lat' dir='ltr'>et</span> <span class='ocrx_word' id='word_1_510' title='bbox 1909 1996 1945 2029; x_wconf 91' lang='lat' dir='ltr'>in</span> <span class='ocrx_word' id='word_1_511' title='bbox 1963 1997 2111 2032; x_wconf 87' lang='lat' dir='ltr'>caeteris</span> <span class='ocrx_word' id='word_1_512' title='bbox 2126 2009 2181 2031; x_wconf 89' lang='lat' dir='ltr'>re-</span> 
     </span>
     <span class='ocr_line' id='line_1_77' title="bbox 1188 2048 2181 2095; baseline -0.001 -12"><span class='ocrx_word' id='word_1_513' title='bbox 1188 2052 1272 2090; x_wconf 89' lang='lat' dir='ltr'>bus,</span> <span class='ocrx_word' id='word_1_514' title='bbox 1307 2050 1375 2084; x_wconf 87' lang='lat' dir='ltr'>nisi</span> <span class='ocrx_word' id='word_1_515' title='bbox 1401 2050 1472 2084; x_wconf 88' lang='lat' dir='ltr'>sint</span> <span class='ocrx_word' id='word_1_516' title='bbox 1493 2050 1638 2085; x_wconf 86' lang='lat' dir='ltr'>similes.</span> <span class='ocrx_word' id='word_1_517' title='bbox 1698 2048 1959 2083; x_wconf 87' lang='lat' dir='ltr'>Dissidentibus</span> <span class='ocrx_word' id='word_1_518' title='bbox 1983 2048 2077 2082; x_wconf 90' lang='lat' dir='ltr'>enim</span> <span class='ocrx_word' id='word_1_519' title='bbox 2105 2049 2181 2095; x_wconf 91' lang='lat' dir='ltr'>opi-</span> 
     </span>
     <span class='ocr_line' id='line_1_78' title="bbox 1188 2099 2071 2144; baseline 0 -9"><span class='ocrx_word' id='word_1_520' title='bbox 1188 2102 1356 2135; x_wconf 87' lang='lat' dir='ltr'>nionibus</span> <span class='ocrx_word' id='word_1_521' title='bbox 1373 2108 1407 2135; x_wconf 92' lang='lat' dir='ltr'>et</span> <span class='ocrx_word' id='word_1_522' title='bbox 1422 2102 1663 2135; x_wconf 87' lang='lat' dir='ltr'>voluntatibus</span> <span class='ocrx_word' id='word_1_523' title='bbox 1682 2102 1771 2135; x_wconf 84' lang='lat' dir='ltr'>fiunt</span> <span class='ocrx_word' id='word_1_524' title='bbox 1790 2112 1898 2144; x_wconf 89' lang='lat' dir='ltr'>opera</span> <span class='ocrx_word' id='word_1_525' title='bbox 1919 2099 2071 2135; x_wconf 84' lang='lat' dir='ltr'>diversa.</span> 
     </span>
     <span class='ocr_line' id='line_1_79' title="bbox 1292 2149 2179 2199; baseline -0.003 -11"><span class='ocrx_word' id='word_1_526' title='bbox 1292 2153 1404 2188; x_wconf 85' lang='lat' dir='ltr'>Nobis</span> <span class='ocrx_word' id='word_1_527' title='bbox 1429 2153 1574 2199; x_wconf 88' lang='lat' dir='ltr'>quidem</span> <span class='ocrx_word' id='word_1_528' title='bbox 1597 2153 1664 2187; x_wconf 88' lang='lat' dir='ltr'>fuit</span> <span class='ocrx_word' id='word_1_529' title='bbox 1691 2163 1771 2187; x_wconf 87' lang='lat' dir='ltr'>cum</span> <span class='ocrx_word' id='word_1_530' title='bbox 1787 2149 2064 2186; x_wconf 86' lang='lat' dir='ltr'>Atheniensibus</span> <span class='ocrx_word' id='word_1_531' title='bbox 2084 2151 2179 2185; x_wconf 88' lang='lat' dir='ltr'>bona</span> 
     </span>
     <span class='ocr_line' id='line_1_80' title="bbox 1187 2203 2183 2249; baseline -0.001 -11"><span class='ocrx_word' id='word_1_532' title='bbox 1187 2205 1255 2238; x_wconf 85' lang='lat' dir='ltr'>fide</span> <span class='ocrx_word' id='word_1_533' title='bbox 1272 2210 1453 2238; x_wconf 88' lang='lat' dir='ltr'>contracta</span> <span class='ocrx_word' id='word_1_534' title='bbox 1470 2204 1629 2239; x_wconf 89' lang='lat' dir='ltr'>societas.</span> <span class='ocrx_word' id='word_1_535' title='bbox 1683 2204 1773 2238; x_wconf 92' lang='lat' dir='ltr'>Cum</span> <span class='ocrx_word' id='word_1_536' title='bbox 1792 2203 1888 2237; x_wconf 88' lang='lat' dir='ltr'>enim</span> <span class='ocrx_word' id='word_1_537' title='bbox 1913 2215 1976 2238; x_wconf 90' lang='lat' dir='ltr'>vos</span> <span class='ocrx_word' id='word_1_538' title='bbox 1998 2203 2183 2249; x_wconf 87' lang='lat' dir='ltr'>relinque-</span> 
     </span>
     <span class='ocr_line' id='line_1_81' title="bbox 1188 2254 2180 2300; baseline 0 -11"><span class='ocrx_word' id='word_1_539' title='bbox 1188 2256 1272 2290; x_wconf 88' lang='lat' dir='ltr'>retis</span> <span class='ocrx_word' id='word_1_540' title='bbox 1298 2269 1372 2290; x_wconf 90' lang='lat' dir='ltr'>rem</span> <span class='ocrx_word' id='word_1_541' title='bbox 1396 2256 1616 2289; x_wconf 75' lang='lat' dir='ltr'>maritImam</span> <span class='ocrx_word' id='word_1_542' title='bbox 1643 2262 1724 2300; x_wconf 87' lang='lat' dir='ltr'>post</span> <span class='ocrx_word' id='word_1_543' title='bbox 1747 2254 1927 2288; x_wconf 88' lang='lat' dir='ltr'>Medicum</span> <span class='ocrx_word' id='word_1_544' title='bbox 1952 2254 2083 2288; x_wconf 90' lang='lat' dir='ltr'>bellum</span> <span class='ocrx_word' id='word_1_545' title='bbox 2101 2280 2110 2294; x_wconf 96' lang='lat'>‚</span> <span class='ocrx_word' id='word_1_546' title='bbox 2146 2261 2180 2289; x_wconf 89' lang='lat' dir='ltr'>et</span> 
     </span>
     <span class='ocr_line' id='line_1_82' title="bbox 1188 2305 2181 2353; baseline -0.003 -12"><span class='ocrx_word' id='word_1_547' title='bbox 1188 2315 1376 2341; x_wconf 88' lang='lat' dir='ltr'>manerent</span> <span class='ocrx_word' id='word_1_548' title='bbox 1392 2308 1443 2340; x_wconf 91' lang='lat' dir='ltr'>illi</span> <span class='ocrx_word' id='word_1_549' title='bbox 1460 2308 1504 2340; x_wconf 90' lang='lat' dir='ltr'>ad</span> <span class='ocrx_word' id='word_1_550' title='bbox 1520 2307 1603 2341; x_wconf 87' lang='lat' dir='ltr'>belli</span> <span class='ocrx_word' id='word_1_551' title='bbox 1625 2307 1794 2353; x_wconf 89' lang='lat' dir='ltr'>reliquias</span> <span class='ocrx_word' id='word_1_552' title='bbox 1807 2333 1816 2347; x_wconf 90' lang='lat'>‚</span> <span class='ocrx_word' id='word_1_553' title='bbox 1843 2306 2048 2341; x_wconf 85' lang='lat' dir='ltr'>societatem</span> <span class='ocrx_word' id='word_1_554' title='bbox 2075 2305 2181 2339; x_wconf 85' lang='lat' dir='ltr'>inivi-</span> 
     </span>
     <span class='ocr_line' id='line_1_83' title="bbox 1189 2357 2180 2404; baseline 0 -12"><span class='ocrx_word' id='word_1_555' title='bbox 1189 2372 1287 2400; x_wconf 86' lang='lat' dir='ltr'>mus,</span> <span class='ocrx_word' id='word_1_556' title='bbox 1314 2372 1388 2393; x_wconf 89' lang='lat' dir='ltr'>non</span> <span class='ocrx_word' id='word_1_557' title='bbox 1410 2365 1450 2393; x_wconf 91' lang='lat' dir='ltr'>ut</span> <span class='ocrx_word' id='word_1_558' title='bbox 1473 2359 1712 2404; x_wconf 83' lang='lat' dir='ltr'>redigeremus</span> <span class='ocrx_word' id='word_1_559' title='bbox 1736 2359 1773 2392; x_wconf 91' lang='lat' dir='ltr'>in</span> <span class='ocrx_word' id='word_1_560' title='bbox 1791 2357 1997 2392; x_wconf 86' lang='lat' dir='ltr'>servitutem</span> <span class='ocrx_word' id='word_1_561' title='bbox 2011 2357 2180 2398; x_wconf 84' lang='lat' dir='ltr'>Graecos,</span> 
     </span>
     <span class='ocr_line' id='line_1_84' title="bbox 1188 2408 2179 2446; baseline -0.003 -1"><span class='ocrx_word' id='word_1_562' title='bbox 1188 2412 1249 2446; x_wconf 90' lang='lat' dir='ltr'>sed</span> <span class='ocrx_word' id='word_1_563' title='bbox 1281 2417 1320 2445; x_wconf 92' lang='lat' dir='ltr'>ut</span> <span class='ocrx_word' id='word_1_564' title='bbox 1344 2410 1531 2446; x_wconf 87' lang='lat' dir='ltr'>Graeciam</span> <span class='ocrx_word' id='word_1_565' title='bbox 1563 2422 1582 2443; x_wconf 86' lang='lat' dir='ltr'>a</span> <span class='ocrx_word' id='word_1_566' title='bbox 1606 2410 1720 2445; x_wconf 89' lang='lat' dir='ltr'>Medis</span> <span class='ocrx_word' id='word_1_567' title='bbox 1754 2410 1998 2444; x_wconf 90' lang='lat' dir='ltr'>liberaremus.</span> <span class='ocrx_word' id='word_1_568' title='bbox 2058 2408 2112 2443; x_wconf 83' lang='lat' dir='ltr'>Ex</span> <span class='ocrx_word' id='word_1_569' title='bbox 2137 2420 2179 2442; x_wconf 87' lang='lat' dir='ltr'>eo</span> 
     </span>
     <span class='ocr_line' id='line_1_85' title="bbox 1190 2459 2180 2508; baseline -0.004 -12"><span class='ocrx_word' id='word_1_570' title='bbox 1190 2469 1370 2507; x_wconf 89' lang='lat' dir='ltr'>tempore,</span> <span class='ocrx_word' id='word_1_571' title='bbox 1398 2463 1511 2496; x_wconf 85' lang='lat' dir='ltr'>donec</span> <span class='ocrx_word' id='word_1_572' title='bbox 1527 2473 1569 2495; x_wconf 86' lang='lat' dir='ltr'>ex</span> <span class='ocrx_word' id='word_1_573' title='bbox 1586 2474 1700 2508; x_wconf 88' lang='lat' dir='ltr'>aequo</span> <span class='ocrx_word' id='word_1_574' title='bbox 1716 2475 1772 2497; x_wconf 91' lang='lat' dir='ltr'>res</span> <span class='ocrx_word' id='word_1_575' title='bbox 1796 2472 2004 2495; x_wconf 90' lang='lat' dir='ltr'>communes</span> <span class='ocrx_word' id='word_1_576' title='bbox 2028 2459 2180 2494; x_wconf 87' lang='lat' dir='ltr'>admini-</span> 
     </span>
     <span class='ocr_line' id='line_1_86' title="bbox 1189 2512 2178 2559; baseline -0.004 -11"><span class='ocrx_word' id='word_1_577' title='bbox 1189 2521 1368 2556; x_wconf 87' lang='lat' dir='ltr'>strarunt,</span> <span class='ocrx_word' id='word_1_578' title='bbox 1391 2513 1531 2559; x_wconf 92' lang='lat' dir='ltr'>sequuti</span> <span class='ocrx_word' id='word_1_579' title='bbox 1549 2526 1670 2548; x_wconf 88' lang='lat' dir='ltr'>sumus</span> <span class='ocrx_word' id='word_1_580' title='bbox 1689 2526 1749 2548; x_wconf 91' lang='lat' dir='ltr'>eos</span> <span class='ocrx_word' id='word_1_581' title='bbox 1766 2512 1910 2558; x_wconf 87' lang='lat' dir='ltr'>cupide;</span> <span class='ocrx_word' id='word_1_582' title='bbox 1938 2518 1975 2546; x_wconf 86' lang='lat' dir='ltr'>at</span> <span class='ocrx_word' id='word_1_583' title='bbox 1988 2518 2178 2557; x_wconf 88' lang='lat' dir='ltr'>postquam</span> 
     </span>
     <span class='ocr_line' id='line_1_87' title="bbox 1193 2562 2181 2601; baseline -0.002 -3"><span class='ocrx_word' id='word_1_584' title='bbox 1193 2566 1347 2601; x_wconf 81' lang='lat' dir='ltr'>vidimus</span> <span class='ocrx_word' id='word_1_585' title='bbox 1365 2578 1424 2600; x_wconf 91' lang='lat' dir='ltr'>eos</span> <span class='ocrx_word' id='word_1_586' title='bbox 1446 2564 1576 2599; x_wconf 84' lang='lat' dir='ltr'>omisso</span> <span class='ocrx_word' id='word_1_587' title='bbox 1595 2565 1702 2599; x_wconf 91' lang='lat' dir='ltr'>Medo</span> <span class='ocrx_word' id='word_1_588' title='bbox 1720 2564 1924 2600; x_wconf 85' lang='lat' dir='ltr'>servitutem</span> <span class='ocrx_word' id='word_1_589' title='bbox 1942 2563 2046 2598; x_wconf 90' lang='lat' dir='ltr'>sociis</span> <span class='ocrx_word' id='word_1_590' title='bbox 2066 2562 2181 2596; x_wconf 87' lang='lat' dir='ltr'>inten-</span> 
     </span>
     <span class='ocr_line' id='line_1_88' title="bbox 1193 2614 2180 2659; baseline -0.003 -9"><span class='ocrx_word' id='word_1_591' title='bbox 1193 2624 1288 2659; x_wconf 89' lang='lat' dir='ltr'>tare,</span> <span class='ocrx_word' id='word_1_592' title='bbox 1316 2630 1390 2652; x_wconf 91' lang='lat' dir='ltr'>non</span> <span class='ocrx_word' id='word_1_593' title='bbox 1405 2616 1537 2651; x_wconf 85' lang='lat' dir='ltr'>suimus</span> <span class='ocrx_word' id='word_1_594' title='bbox 1554 2616 1629 2650; x_wconf 89' lang='lat' dir='ltr'>sine</span> <span class='ocrx_word' id='word_1_595' title='bbox 1645 2623 1754 2651; x_wconf 90' lang='lat' dir='ltr'>metu.</span> <span class='ocrx_word' id='word_1_596' title='bbox 1807 2614 1858 2648; x_wconf 85' lang='lat' dir='ltr'>Ita</span> <span class='ocrx_word' id='word_1_597' title='bbox 1875 2627 1953 2649; x_wconf 91' lang='lat' dir='ltr'>cum</span> <span class='ocrx_word' id='word_1_598' title='bbox 1972 2626 2045 2647; x_wconf 88' lang='lat' dir='ltr'>non</span> <span class='ocrx_word' id='word_1_599' title='bbox 2062 2626 2180 2658; x_wconf 88' lang='lat' dir='ltr'>posse-</span> 
     </span>
     <span class='ocr_line' id='line_1_89' title="bbox 1192 2665 2180 2715; baseline -0.003 -13"><span class='ocrx_word' id='word_1_600' title='bbox 1192 2682 1270 2703; x_wconf 87' lang='lat' dir='ltr'>mus</span> <span class='ocrx_word' id='word_1_601' title='bbox 1285 2669 1495 2715; x_wconf 88' lang='lat' dir='ltr'>propulsare</span> <span class='ocrx_word' id='word_1_602' title='bbox 1511 2668 1602 2708; x_wconf 86' lang='lat' dir='ltr'>vim,</span> <span class='ocrx_word' id='word_1_603' title='bbox 1631 2680 1672 2702; x_wconf 89' lang='lat' dir='ltr'>eo</span> <span class='ocrx_word' id='word_1_604' title='bbox 1693 2668 1789 2714; x_wconf 88' lang='lat' dir='ltr'>quod</span> <span class='ocrx_word' id='word_1_605' title='bbox 1814 2667 1858 2699; x_wconf 87' lang='lat' dir='ltr'>ad</span> <span class='ocrx_word' id='word_1_606' title='bbox 1884 2665 2180 2699; x_wconf 90' lang='lat' dir='ltr'>deliberationem</span> 
     </span>
     <span class='ocr_line' id='line_1_90' title="bbox 1193 2717 2178 2764; baseline -0.005 -10"><span class='ocrx_word' id='word_1_607' title='bbox 1193 2733 1417 2755; x_wconf 85' lang='lat' dir='ltr'>communem</span> <span class='ocrx_word' id='word_1_608' title='bbox 1437 2721 1627 2753; x_wconf 76' lang='lat' dir='ltr'>convenire</span> <span class='ocrx_word' id='word_1_609' title='bbox 1645 2732 1716 2753; x_wconf 90' lang='lat' dir='ltr'>non</span> <span class='ocrx_word' id='word_1_610' title='bbox 1735 2730 1935 2764; x_wconf 87' lang='lat' dir='ltr'>possemus,</span> <span class='ocrx_word' id='word_1_611' title='bbox 1970 2729 2048 2750; x_wconf 89' lang='lat' dir='ltr'>cum</span> <span class='ocrx_word' id='word_1_612' title='bbox 2077 2717 2178 2751; x_wconf 90' lang='lat' dir='ltr'>multi</span> 
     </span>
    </p>
   </div>
  </div>
 </body>
</html>
