2351 2990
165 123 236 156 ὣς
734 109 852 144 riui„
888 106 996 140 met.
1032 103 1231 138 SCRtP'rA
1267 99 1600 135 rutiloLOGICA.

404 201 536 234 Aliud
567 202 892 241 argumentum.

263 270 456 305 Exordium
487 268 639 302 sumitur
671 266 713 296 al»
746 262 928 295 occasione
958 256 1146 292 scribendi,

161 324 328 369 Sequitur
347 319 522 354 excusatio
537 345 544 354 ,
573 329 680 361 quare
700 316 741 346 de
760 313 850 345 lnel'io
870 309 958 343 nihil
978 309 1083 342 etiam
1103 308 1147 340 ad

162 382 321 409 senatum
348 369 616 415 scripserit¹²³¹).
671 365 839 409 Epilogus
871 361 978 395 habet
1004 361 1147 392 brevem

163 425 416 470 expositionem
438 431 583 462 magnai·
603 429 684 450 suae
705 414 907 457 diligentiae
934 412 970 445 in
995 410 1149 455 gerendo

166 477 232 511 lioc
251 476 342 509 bello
364 468 673 518 periculosissimo.

217 578 537 620 Argumentum
573 575 613 601 et
648 565 822 601 scholia
858 566 901 598 in
929 563 1102 608 episto—

578 620 664 652 lam
694 617 751 651 IV.

275 699 427 745 Exponit
445 697 601 742 primum
617 693 681 727 hac
701 693 844 737 epistola
864 705 918 725 res
932 704 948 723 a
967 704 1002 724 se
1022 690 1057 722 in
1076 688 1157 722 Cili-

173 758 224 789 cia
244 760 355 797 gestas
381 757 412 783 et
439 749 630 781 consertas:
673 745 753 777 iude
780 744 865 788 petit
888 756 905 774 a
935 742 1087 780 Catone,
1120 744 1159 772 ut

172 808 380 844 dignitatem
398 800 507 845 ipsius
526 799 558 830 in
576 803 698 831 senatu
714 802 853 828 tueatur
873 800 906 826 et
923 798 1025 824 ornet
1039 790 1095 837 13).

212 844 218 850 ⁸
275 854 304 894 ξ.
331 855 363 887 1.
410 854 550 885 Summa
578 854 636 882 ioca
665 843 868 891 ‹mmm-itas]
911 842 1107 876 Exordium
1141 851 1160 872 a

177 894 289 942 causi}
306 901 493 938 scribendi.

280 956 310 995 ξ.
331 956 387 988 11.
415 955 514 986 June
531 951 624 983 velim
641 950 689 981 sic·
706 948 765 981 tibi
781 942 1003 991 Jwrsmcdeus]
1032 941 1161 976 Petilio

177 1023 238 1044 scu
256 996 468 1052 propositio:
499 1001 598 1038 Peto,
628 1005 662 1031 ut
682 998 887 1039 dignitatem
909 1007 1023 1027 meam
1045 1001 1164 1026 tueare

180 1069 211 1094 vt
231 1070 368 1102 augeas.
451 1055 500 1086 Tu
520 1053 602 1084 [dem
620 1046 785 1095 me‘ln'¹²)]
810 1045 1041 1079 Enumeratio
1060 1045 1166 1077 bene-

182 1112 341 1145 tia-iorum
361 1103 506 1139 Catonis
524 1114 604 1145 erga
623 1112 669 1133 se.

395 1187 529 1222 Aliud
559 1188 876 1227 argumentum
890 1180 946 1226 15).

287 1260 335 1293 [i
358 1259 485 1300 longa,
511 1255 559 1287 ita
580 1251 723 1286 illustris
749 1256 799 1284 est
824 1247 910 1282 haec
934 1247 1101 1291 epistola,
1134 1245 1171 1277 in

189 1326 257 1360 qua
276 1312 397 1345 Cicero
416 1320 434 1340 a
453 1307 587 1339 Catone
612 1314 762 1346 magnae
784 1299 992 1344 prudentiae
1016 1304 1049 1330 et
1073 1303 1173 1329 auto-

188 1364 300 1399 rimis
320 1362 396 1393 x‘iro
413 1358 519 1403 petit,
553 1362 593 1389 ut
608 1367 671 1388 suo
689 1351 855 1394 suffragio
872 1362 946 1382 non
965 1348 1174 1391 dedignetur

189 1419 367 1449 dei-retum
402 1409 469 1444 sibi
503 1421 521 1440 a
554 1412 679 1441 senatu
709 1405 753 1436 ob
784 1414 838 1434 res
864 1406 976 1444 gestas
1000 1397 1174 1431 honorem

191 1465 435 1509 comprobare.
495 1459 558 1491 Lst
582 1456 687 1499 igitur
711 1453 858 1497 epistola
885 1449 1021 1494 generis
1047 1449 1176 1481 delibe-

193 1517 309 1551 rativi.
361 1510 557 1547 Exordium
576 1511 712 1540 constat
728 1502 910 1535 occasione
929 1499 1117 1538 scribendi,
1144 1504 1177 1530 et

193 1568 300 1602 liz-‚liet
318 1563 492 1607 egregiam
512 1557 747 1603 captationem
765 1551 1030 1586 benevolentiae
1054 1563 1071 1582 a
1097 1562 1179 1582 con-

196 1619 329 1653 ditione
349 1624 520 1660 personae
540 1607 695 1642 Catonis.
748 1604 914 1649 Sequitur
930 1603 1035 1644 longa
1057 1612 1179 1633 narra-

196 1672 245 1704 tio
258 1696 265 1708 ,
295 1680 363 1713 qna
381 1662 545 1708 exponit,
574 1672 663 1704 quac
680 1657 749 1690 sint
766 1656 800 1688 iu
813 1654 932 1687 Cilicia
951 1660 1058 1697 gesta.
1091 1651 1178 1684 Eam

196 1723 275 1754 ideo
296 1716 440 1751 exordio
460 1712 624 1749 suluieeit,
652 1716 685 1741 ut
708 1706 892 1739 commode
910 1705 952 1737 ad
969 1702 1182 1748 propositio-

197 1784 276 1805 nem
305 1767 517 1813 perveniret.
574 1759 803 1804 Expositione
828 1768 946 1789 rerum
969 1767 988 1787 a
1012 1766 1047 1787 se
1073 1759 1183 1797 gesta-

199 1835 278 1856 rum
305 1817 457 1853 ostendit
478 1827 512 1848 se
536 1825 609 1846 non
641 1809 836 1843 immeritos
859 1805 1013 1840 honores
1038 1804 1184 1837 ambire.

202 1874 321 1917 ltaque
344 1869 529 1911 diligenter
555 1866 812 1896 commemorat
830 1865 863 1891 et
879 1857 1088 1902 praecipue,
1116 1867 1183 1900 qua

205 1921 388 1969 prud-‘ntia
408 1925 441 1951 et
461 1913 704 1950 moderatione
720 1909 956 1955 provinciales
980 1908 1016 1939 in
1042 1907 1108 1939 fide
1133 1918 1186 1938 re-

954 1957 1043 1991 Huic
1066 1969 1189 1989 narra-

205 2026 292 2059 tioni
313 2023 465 2056 subiecta
491 2024 540 2051 est
564 2014 759 2060 propositio
782 2009 965 2056 petitoria,
999 2008 1096 2041 cuius
1118 2007 1189 2051 pri-

207 2089 261 2111 ma
283 2075 372 2108 ratio
393 2071 531 2105 ducitur
549 2068 591 2099 al)
613 2065 778 2098 honesto:
807 2062 952 2105 Semper
976 2072 1031 2092 me
1057 2057 1191 2091 ornasti

208 2136 239 2161 et
259 2123 441 2162 adiuvisti,
470 2132 552 2163 ergo
571 2117 618 2150 tui
639 2114 742 2148 officii
760 2119 810 2146 est
825 2113 918 2144 idem
939 2122 1031 2143 nunc
1050 2121 1191 2155 quoque

452 2171 491 2204 In
508 2168 733 2202 antecedente
751 2165 810 2196 diu
828 2167 1082 2200 commoratur,
1110 2160 1192 2205 quia

1020 2211 1108 2244 item
1130 2222 1194 2254 per

212 2277 479 2318 occupationem
501 2271 690 2315 amplificat
706 2279 803 2301 suam
824 2265 1055 2319 Ῑ)(·[Ξίἰυιιθξη,.
1069 2273 1195 2318 nempe

215 2319 308 2375 quod
334 2337 515 2371 nunquam
539 2319 734 2354 immeritos
758 2315 911 2350 honores
934 2319 1090 2358 petierit,
1125 2325 1196 2344 imo

203 1973 349 2008 tinuerit
366 1977 399 2004 et
415 1968 624 2003 seditionem
642 1960 899 2006 eoizipresserit.

209 2184 398 2224 praestare.
876 2215 895 2220 ⁴.
925 2213 932 2219 ·

211 2232 395 2262 enumerat
411 2223 505 2256 varia
526 2218 670 2253 Catonis
689 2228 767 2259 erga
789 2227 823 2247 se
843 2216 967 2246 ollicia.

255 2447 317 2475 12⁵)
339 2441 493 2471 scripserit]
514 2440 576 2462 illae
597 2437 695 2460 Edam:
725 2433 848 2462 scripsit.

256 2490 300 2515 13)
322 2487 377 2509 Hoc
396 2486 600 2510 arzimieutmn,
634 2480 689 2502 (Ἲς.
720 2476 813 2499 verbis
833 2477 946 2512 siintnta
967 2472 1018 2495 tua
1038 2471 1200 2511 quam-{tf}

289 2518 469 2551 praepositis.
500 2520 601 2538 tautum
629 2514 654 2536 iu
683 2512 764 2535 tjditt.
788 2510 860 2532 1540.
873 2508 992 2547 ..t-334..
1016 2506 1105 2529 1501..
1128 2505 1200 2527 1001.

290 2554 443 2578 invenitur.
465 2551 489 2572 in
510 2550 628 2571 ceteris.
649 2547 727 2569 (tiam
749 2545 773 2567 in
794 2543 841 2566 Ed.
864 2541 936 2565 1037.
958 2540 1049 2562 deest.

259 2598 304 2623 1⁴]
326 2596 378 2619 Pro
399 2594 437 2616 iiis
457 2592 510 2616 Cir.
531 2591 623 2613 verbis
645 2590 668 2611 in
682 2588 764 2611 t-Iditt.
780 2585 864 2611 15⁴5„
886 2583 959 2606 1560.
974 2582 1033 2604 huie
1052 2583 1133 2604 notae
1153 2580 1203 2603 ad-

291 2631 392 2659 scripta
413 2631 475 2650 sunt
494 2623 694 2648 anteced-entia:
721 2621 757 2645 Te
776 2620 894 2649 denique
914 2616 1034 2640 memini.

259 2675 305 2702 15)
324 2673 380 2696 Hoc
397 2670 583 2694 argumentum
610 2668 635 2688 et
662 2667 775 2694 quatuor
801 2660 943 2691 sequentia
961 2660 994 2682 ab
1015 2658 1096 2681 Editt.
1120 2656 1204 2687 1556„

294 2703 482 2731 1565—1596.
501 2701 666 2725 exhibentur.

1209 591 1474 639 philosophiae,
1501 593 1538 626 in
1557 605 1625 638 qna
1644 593 1725 626 sacit
1741 593 2052 638 prosopopoeiam.

1210 646 1304 689 gitur
1334 644 1428 677 enim
1461 642 1688 689 philosophia
1712 644 1749 676 id
1774 651 1892 688 petere
1916 656 1935 677 a
1961 644 2114 684 Catone,
2156 650 2194 676 ut

1211 696 1417 729 Ciceronem
1439 701 1552 728 ornet.

1212 748 1343 780 nudam
1362 746 1610 790 repetitionem
1629 744 1895 789 propositionis.

1217 943 1320 976 tibus.

1217 1006 1296 1026 rum
1316 1004 1334 1025 a
1352 1005 1386 1026 se
1405 993 1441 1024 in
1458 992 1653 1036 provincia.

1220 1056 1310 1090 qnae
1334 1043 1421 1088 petit
1444 1055 1462 1075 a
1479 1043 1632 1082 Catone,
1668 1048 1706 1075 ut
1728 1043 1837 1086 ipsius
1862 1042 2070 1086 dignitatem
2095 1042 2132 1074 in
2152 1055 2203 1075 se-

1221 1102 1308 1128 natu
1332 1100 1472 1128 tueatur
1501 1100 1535 1126 et
1558 1100 1678 1133 ornet,
1721 1091 1788 1126 hoc
1811 1099 1883 1133 est,
1923 1093 2088 1136 impetret
2110 1104 2130 1126 a
2152 1105 2204 1126 se-

1222 1153 1308 1179 natu
1324 1145 1616 1189 supplicationem
1634 1151 1667 1176 et
1683 1141 1916 1187 triumphum.

2108 99 2183 137 524

1198 187 1303 220 etiam
1320 198 1379 221 eos
1395 198 1496 230 saepe
1521 186 1756 226 recusaverit,
1790 197 1885 219 nunc
1907 197 2049 231 qnoque
2077 185 2111 218 id
2133 187 2182 219 sa-

1198 250 1275 271 cere
1294 237 1403 271 videri
1420 239 1556 271 delicat.

1599 238 1758 270 Secunda
1774 236 1866 270 ratio
1885 248 1904 268 a
1926 236 2076 270 meritis:
2103 236 2183 269 Mea

1200 289 1377 334 aequitate
1406 295 1440 322 et
1471 289 1716 322 moderatione
1747 288 1783 321 in
1814 288 1969 331 regenda
2001 287 2184 332 provincia

1201 346 1407 374 consecutus
1429 352 1506 373 sum
1526 337 1700 380 honores,
1728 351 1810 383 ergo
1827 339 1945 379 decet,
1972 344 2012 372 ut
2035 344 2096 371 tuo
2119 338 2189 372 suf-

1202 391 1314 434 fragio
1333 402 1387 423 me
1404 390 1560 425 adiuves.

1621 391 1686 424 ltic
1703 391 1912 423 antecedens
1932 401 2189 423 commemora·-

1206 442 1301 475 tione
1326 453 1470 474 suarum
1490 453 1610 474 rerum
1634 442 1762 474 iterum
1787 441 1926 485 longius
1952 440 2117 484 exponit,
2156 446 2190 473 et

1206 493 1332 526 deinde
1350 504 1411 536 per
1430 492 1685 536 praecisionem
1705 504 1779 525 rem
1799 493 1844 525 ad
1862 492 2014 525 aliorum
2034 491 2191 524 testimo-

1207 544 1265 577 nia
1286 543 1446 576 remittit.

1499 542 1621 576 Tertia
1639 543 1731 576 ratio
1755 555 1773 575 a
1797 542 2044 576 communibus
2068 541 2193 576 studiis

2111 593 2195 626 Fin-

1605 694 1775 738 Epilogus
1797 694 1913 728 brevis
1939 701 1989 729 est
2012 695 2194 728 continens

1460 821 1594 854 Aliud
1629 826 1955 865 argumentum.

1316 890 1439 934 Longa
1457 896 1508 924 est
1524 889 1684 934 epistola,
1710 902 1799 935 quae
1817 896 1954 924 constat
1969 889 2105 923 duabus
2122 901 2203 934 par-

1372 942 1492 974 Altera
1510 939 1617 974 habet
1633 941 1939 974 enumerationem
1956 952 2075 974 rerum
2092 947 2202 984 gesta-

1706 991 1827 1024 Altera
1852 989 1959 1024 habet
1982 991 2203 1035 petitionem,

1969 1142 2064 1176 Haec
2080 1143 2204 1187 petitio

1224 1195 1398 1230 rhetorice
1430 1202 1481 1228 est
1515 1195 1727 1238 amplificata
1753 1195 1909 1238 primum
1938 1195 2206 1234 enumeratione

1224 1247 1474 1281 beneficiorum
1502 1246 1645 1279 Catonis
1671 1257 1751 1289 erga
1775 1257 1810 1278 se
1821 1244 1886 1291 l⁶),
1918 1245 2038 1277 addita
2062 1257 2210 1289 occupa-

1227 1300 1324 1332 tione
1355 1309 1438 1331 suae
1463 1296 1662 1341 petitionis,
1704 1308 1814 1340 quare
1838 1302 2025 1339 tantopere
2052 1302 2210 1340 expectet

1227 1348 1291 1382 lios
1314 1346 1469 1381 honores
1492 1353 1595 1380 antea
1626 1345 1873 1390 neglect0s¹⁷);
1911 1346 2038 1379 deinde
2070 1347 2210 1391 praedi-

1229 1400 1366 1432 catione
1384 1410 1468 1432 suae
1489 1397 1676 1442 aequitatis
1697 1404 1731 1429 et
1754 1397 2012 1437 continentiae,
2045 1409 2134 1441 quae
2159 1398 2212 1431 in·

1230 1452 1321 1483 dicet
1342 1462 1414 1482 esse
1440 1448 1640 1482 firmissima
1657 1447 1852 1491 praesidia;
1886 1453 2067 1490 postremo
2092 1448 2213 1480 lauda-

1231 1502 1326 1533 tione
1345 1498 1544 1533 studiorum
1562 1495 1827 1541 philosophiae,
1854 1496 1892 1528 in
1917 1496 2044 1541 quibus
2065 1502 2214 1542 uterque

1233 1563 1358 1595 magna
1376 1549 1540 1582 felicitate
1557 1555 1591 1581 et
1608 1548 1711 1581 laude
1729 1553 1886 1581 versatus
1903 1546 1959 1580 sit.
2019 1545 2215 1580 Exordium

1233 1602 1383 1636 sumitur
1399 1613 1416 1633 a
1433 1612 1535 1633 causa
1554 1598 1740 1633 scribendi.
1792 1597 1960 1632 Narratio
1985 1598 2143 1631 continet
2163 1595 2216 1630 hi-

1234 1653 1380 1687 storiam
1398 1663 1517 1684 rerum
1538 1656 1726 1694 gestarum.
1779 1648 1879 1681 Hanc
1901 1647 2060 1693 sequitur
2081 1648 2217 1692 petit‘m,

1236 1703 1363 1737 additis
1380 1702 1578 1735 rationibus
1595 1707 1628 1733 et
1644 1699 1888 1743 occupatione.
1932 1699 2120 1733 Conclusio
2135 1711 2219 1732 con-

1236 1761 1304 1789 stat
1318 1753 1541 1798 repetitione,
1570 1751 1688 1784 addita
1704 1750 1909 1784 laudatione
1926 1749 2124 1783 studiorum
2141 1747 2219 1793 phi-

1236 1804 1433 1850 losophiae.

1490 1870 1626 1903 Aliud
1653 1875 1976 1913 argumentum.

1340 1930 1535 1964 Exordium
1559 1930 1602 1962 ab
1620 1929 1735 1962 officio
1759 1927 1929 1966 sumitur,
1964 1932 2084 1971 estque
2108 1927 2224 1959 conci-

1241 1983 1339 2016 liatio
1372 1980 1650 2014 benevolentiae.
1723 1978 1890 2023 Sequitur
1921 1977 2028 2021 longa
2064 1977 2224 2010 narrati0

1244 2035 1345 2079 plane.
1363 2030 1528 2065 historica
1545 2043 1666 2063 earnm
1682 2041 1820 2069 rerum,
1855 2040 1942 2073 quas
1966 2027 2040 2072 ipse
2062 2028 2167 2072 gessit
2188 2028 2225 2061 in

1245 2082 1486 2129 opprimendis
1504 2080 1661 2115 hostibus
1678 2087 1712 2112 et
1728 2079 1957 2112 defendendis
1979 2078 2081 2113 sociis
2104 2079 2226 2112 civita-

1246 2137 1337 2169 tibus
1352 2134 1611 2167 Romanorum.
1664 2129 1871 2164 Narrationi
1886 2129 2071 2163 subiicitur
2089 2130 2226 2174 petitio,

1246 2194 1285 2220 ut
1300 2186 1387 2220 Cato
1408 2196 1471 2218 sua
1494 2182 1683 2216 autoritate
1705 2193 1758 2214 res
1782 2180 1930 2213 feliciter
1952 2187 2065 2224 gestas
2089 2192 2108 2213 a
2132 2181 2229 2215 Cice-

1247 2250 1334 2271 rone
1352 2246 1480 2269 ornare
1498 2233 1599 2273 velit,
1625 2245 1664 2265 ac
1681 2232 1929 2265 commendare
1946 2232 1983 2264 in
2000 2237 2134 2266 senatu.
2172 2230 2229 2265 ln·

1249 2286 1442 2333 terseritffi)
1471 2291 1586 2318 autem
1617 2282 1782 2327 petitioni
1804 2283 1949 2327 longam
1974 2294 2230 2316 commemora-

1251 2340 1382 2372 tionem
1409 2335 1660 2369 beneficiornm
1678 2334 1834 2368 Catonis.
1895 2333 2033 2366 Deinde
2055 2340 2106 2367 est
2130 2346 2230 2367 occu-

1253 2390 1367 2434 patio,
1394 2399 1455 2420 cur
1478 2384 1545 2419 hoc
1568 2385 1791 2430 potissimum
1815 2391 1975 2428 tempore
1999 2384 2148 2428 gloriam
2175 2396 2232 2417 ex·

1289 2500 1337 2556 ¹631
1354 2502 1420 2528 erga
1445 2497 1491 2525 se]
1517 2495 1558 2519 sic
1581 2494 1664 2519 Editt.
1687 2493 1778 2525 1565„
1800 2493 1892 2526 1571.,
1912 2494 2004 2524 ¹596.;
2040 2493 2066 2518 iu
2090 2494 2138 2518 Ed.
2159 2495 2232 2520 155⁶.

1341 2533 1430 2556 esunt.

1291 2576 1338 2603 17)
1358 2580 1441 2604 quare
1467 2573 1610 2602 tantopere
1629 2584 1663 2589 —
1682 2571 1846 2601 neglectos]
1871 2570 1911 2594 sic
1934 2569 2017 2594 Editt.
2034 2570 2123 2602 1565.‚
2151 2571 2233 2601 t571.,

1328 2609 1418 2635 1596.;
1445 2607 1471 2630 in
1490 2607 1540 2632 Ed.
1564 2606 1638 2630 1556.
1657 2606 1724 2629 haec
1743 2605 1850 2629 desunt.

1293 2653 1338 2679 18)
1359 2650 1517 2679 interserit]
1544 2649 1582 2673 sic
1607 2648 1690 2673 Editt.
1712 2648 1802 2679 1556„
1824 2646 1916 2677 1565.;
1949 2646 2142 2676 Editt.1571.,
2163 2648 2235 2672 1596.

1327 2686 1434 2709 inserit.
