2351 2990
125 123 200 158 477
254 121 374 158 XXIII.

125 209 214 253 petit
235 210 279 243 ab
306 222 368 249 eo,
403 215 443 242 ut
465 213 591 252 pergat
615 212 779 239 amanter
809 211 842 238 et
866 203 1019 247 benigne
1046 213 1120 235 am-

125 260 231 304 plecti
249 260 440 306 Lysonem.
492 257 642 292 Occasio
663 269 682 290 a
708 256 889 302 prioribus
916 254 1055 288 litteris.

272 343 493 379 Scholion
521 343 564 376 in
592 342 834 387 epistolam
863 339 970 374 XXV.

228 415 472 458 Ilayessaretns
488 411 533 454 19>
564 413 671 446 Laris
689 407 803 458 saevis]
830 406 1061 453 Narratiow).

414 495 471 528 Ar
482 497 578 540 gu'm
591 501 742 528 entum
757 494 817 541 ²¹).

229 565 341 598 Valde
357 564 474 598 brevis
494 570 545 598 est
563 563 847 603 commendatio,
875 562 912 595 in
931 573 998 607 qua
1018 572 1119 605 prae—

126 615 221 648 dicat
236 616 450 660 singularem
470 615 724 659 gratitudinem
743 615 797 649 sui
814 612 976 659 hospitis.
1015 611 1121 645 Prin-

127 666 220 711 cipio
250 667 396 712 ponitur
420 667 708 707 narratiuncula,
743 678 834 712 quae
865 663 974 698 habet
997 663 1120 696 lauda-

127 717 261 752 tionem
279 730 453 763 personae
479 730 498 751 a
524 718 753 762 gratitudine.
804 717 935 751 Postea
956 721 1008 749 est
1032 713 1120 758 peti-

126 769 197 810 tio,
225 776 264 803 ut
289 782 369 803 eum
398 771 689 803 commendatum
715 767 857 802 habeat.

368 855 511 888 Aliud
539 860 867 899 argumentum.

228 915 412 960 Principio
445 922 496 949 est
526 913 796 947 narratiuncula
830 912 872 945 de
904 910 1120 955 gratitudine

126 966 361 1010 Hagessareti.
414 966 552 998 Deinde
580 971 631 998 est
654 964 800 1009 petitio,
828 970 868 997 ut
893 961 1026 996 habeat
1044 969 1121 994 tan-

128 1030 234 1063 quam
259 1018 492 1062 praecipuum
518 1016 672 1049 amicum
697 1014 1099 1049 commendatissimum.

280 1109 468 1144 Scholia
498 1110 541 1142 in
569 1109 816 1153 epistolam
845 1107 967 1142 XXVI.

230 1177 261 1223 ξ,
281 1181 313 1213 1.
341 1181 384 1214 L.
403 1176 613 1225 Mescinius]
637 1177 818 1211 Narratio.

128 1236 203 1265 utor
213 1230 261 1272 Ἡ)
284 1230 523 1274 Amplilicatio
548 1242 589 1262 ex
607 1229 731 1262 causis.

233 1279 264 1325 ἓ.
283 1285 318 1317 2.
348 1284 429 1316 Peto
453 1279 579 1328 iyz'lur]
608 1279 807 1325 Potitium).

126 1332 258 1366 Helidi.

231 1382 261 1427 §-
286 1383 321 1416 3.
354 1384 444 1416 Illud
469 1380 666 1429 praeterea]
706 1380 886 1425 Repetitio
922 1379 1122 1425 petitionis:

132 1434 262 1468 Modus
282 1434 319 1466 in
341 1434 512 1478 petitione
534 1432 842 1478 praescriptusffi).

234 1483 264 1529 ἓ.
282 1484 317 1520 4.
343 1483 556 1532 δονὶὒενεηι]
584 1484 693 1518 Ratio
709 1484 903 1529 petitionis.

883 1179 1000 1223 Itaque
1022 1189 1057 1210 eo
1074 1178 1124 1210 sic

882 1280 947 1320 Qui
967 1279 1045 1312 Ileh’
1055 1276 1122 1325 Ἦ)]

413 1569 740 1615 Argumentum
755 1570 815 1617 ⁴³⁶).

233 1638 508 1671 Commendatio
540 1639 714 1673 senatoris
743 1638 907 1672 Mescinii
926 1665 935 1678 ‚
970 1645 1010 1672 ut
1041 1637 1123 1672 hae-

131 1688 282 1722 reditate
304 1690 463 1721 fraterna
482 1700 549 1732 ope
567 1689 682 1721 Servii
706 1690 816 1733 potiri
841 1690 963 1733 possit.
1020 1690 1125 1723 Prin-

131 1740 223 1784 cipio
242 1739 387 1784 exponit
410 1751 531 1772 causas
554 1745 586 1772 et
611 1740 813 1773 occasiones
832 1741 1021 1775 scribendi.
1065 1742 1125 1775 Se-

131 1791 253 1837 quitur
275 1790 474 1835 propositio
495 1790 706 1834 amplificata
720 1817 728 1830 ‚
756 1791 894 1835 primo,
922 1798 961 1825 ut
982 1805 1125 1837 compa—

131 1848 185 1875 ret
210 1854 351 1876 causam
370 1841 549 1880 Mescinii3
577 1842 703 1874 deinde
727 1842 756 1874 si
772 1842 807 1875 id
826 1842 901 1875 ficri
927 1855 1001 1875 non
1026 1849 1125 1886 pote-

131 1894 197 1934 rit,
237 1900 278 1927 ut
301 1905 379 1926 eam
415 1893 460 1925 ad
484 1893 642 1925 Romani
674 1893 850 1937 praetoris
883 1893 1123 1936 cognitionem

130 1945 333 1979 transferat.
394 1943 495 1977 Hanc
525 1951 745 1989 postremam
773 1950 912 1989 partem
938 1945 1126 1978 confirmat

130 2008 150 2029 a
170 1996 283 2037 facili,
319 2002 354 2029 et
377 1995 477 2029 addit
499 2002 749 2040 argumentum
783 2007 801 2028 a
825 1995 1040 2039 gratitudine
1061 2009 1125 2042 per

166 2113 212 2142 19)
232 2113 461 2145 Hagessaretus]
485 2112 526 2137 sic
549 2114 633 2138 Editt.
660 2114 755 2146 1537.‚
787 2114 880 2144 1540..
914 2113 1007 2145 1546.,
1039 2115 1126 2147 1560„

201 2148 294 2178 1601.;
321 2148 405 2172 Editt.
427 2148 514 2178 154⁴„
536 2149 627 2178 1545.,
648 2150 741 2180 1554.‚
762 2149 836 2174 1557.
858 2149 884 2172 et
903 2149 939 2173 al.
959 2150 1125 2181 Haqesare-

198 2183 263 2212 tus3
287 2182 336 2205 Ed.
353 2182 440 2207 orell.
458 2183 668 2214 Heyesaratus.

165 2224 214 2256 20)
235 2225 310 2248 Haec
328 2225 395 2248 nota
419 2224 446 2247 in
462 2225 546 2248 Editt.
568 2225 661 2257 ¹537„
682 2225 773 2257 1540„
794 2225 888 2256 1545„
909 2226 984 2250 1560.
1004 2226 1125 2259 legitur3

202 2259 230 2282 in
248 2259 333 2282 Editt.
354 2259 439 2289 1544„
460 2259 546 2291 1554„
567 2260 642 2285 1557.
662 2260 751 2286 deest.

166 2292 214 2323 21)
234 2293 292 2316 Hoc
319 2294 510 2323 argumentum
533 2295 561 2318 et
585 2301 704 2325 sequens
726 2294 755 2319 in
778 2295 864 2321 Editt.
890 2295 987 2325 1556.‚
1011 2295 1079 2320 1565
1093 2309 1125 2315 —

202 2327 278 2351 1596.
295 2327 456 2352 afferuntur.

164 2370 214 2399 22)
234 2370 287 2394 Pro
311 2370 353 2393 his
378 2370 433 2394 Cic.
456 2370 550 2394 verbis
577 2370 605 2395 in
630 2371 714 2396 Editt.
735 2372 828 2403 1545.·‚
860 2372 935 2397 1560.
961 2372 1023 2397 huic
1044 2374 1126 2397 notae

201 2405 323 2436 praefixa
341 2406 406 2428 sunt
425 2405 585 2435 sequentia:
611 2406 641 2430 Is
659 2413 842 2438 quamquam.

164 2448 212 2477 23)
232 2449 307 2472 Haec
324 2449 389 2471 nota
409 2447 436 2471 in
459 2447 555 2472 iisdem
573 2449 590 2473 2
608 2449 690 2474 Editt.
711 2450 799 2475 deest.

164 2492 213 2519 24)
233 2490 312 2519 Heli]
332 2490 372 2513 sio
390 2491 473 2514 Editt.
495 2491 580 2521 1537.‚
601 2493 687 2521 1540„
707 2493 795 2522 1545„
816 2493 906 2522 1601.;
934 2493 1017 2517 Edttt.
1039 2493 1124 2525 1544„

202 2526 288 2556 1546„
310 2525 394 2555 1554„
414 2525 489 2549 1557.
510 2527 536 2549 et
555 2526 604 2549 Ed.
623 2526 715 2551 Lami).
735 2528 834 2557 Eticle3
852 2528 901 2551 Ed.
920 2529 993 2552 1560.
1014 2529 1124 2553 Heliae.

165 2568 214 2595 25)
235 2568 307 2591 Haec
326 2568 391 2590 nota
410 2567 436 2590 in
454 2567 537 2592 Editt.
558 2568 643 2596 1545.,
669 2569 743 2594 1560.
768 2571 905 2595 disiuncta
929 2572 973 2594 est
994 2571 1021 2594 in
1041 2571 1124 2595 hasce

201 2602 285 2625 duas:
305 2601 339 2625 Id
358 2603 390 2625 ut
409 2602 542 2631 lionoris]
570 2603 706 2632 Repetitio
735 2605 880 2634 petitionis.
936 2606 1018 2630 Illud
1033 2612 1122 2636 prae-

199 2637 295 2664 terea]
315 2636 411 2659 Modus
430 2636 457 2659 in
477 2636 608 2666 petitione
627 2639 823 2668 praescriptus.

164 2677 211 2710 26)
232 2679 289 2701 Hoc
305 2680 497 2709 argumentum
517 2681 544 2704 et
563 2680 614 2704 duo
634 2681 778 2711 sequeutIa
796 2681 823 2706 in
841 2682 925 2709 Editt.
942 2682 1033 2715 ¹556„
1056 2683 1122 2708 1565

199 2727 224 2730 —
242 2712 313 2737 1596.
332 2713 519 2742 reperiuntur.

426 119 736 156 ARGUMENTA
760 118 825 153 ET
853 114 1057 153 SCHOLLA
1083 111 1132 148 IN
1157 110 1306 146 EPIST.
1337 111 1451 148 FAM.
1468 111 1552 148 CIC.
1579 111 1769 148 LIB.XIH.
1793 113 2038 150 EP.22-27.
2092 111 2166 146 478

1173 199 1479 242 praeteritionem.

1173 250 1321 287 titionis.

1538 197 1580 232 In
1601 199 1670 232 fine
1693 205 1744 233 est
1772 199 1889 233 brevis
1915 198 2079 244 repetitio
2108 209 2167 241 pe-

1428 334 1566 368 Aliud
1591 335 1931 379 argumentum.¹

1276 402 1516 436 Commendat
1539 401 1752 436 Mescinium
1774 408 1997 442 senatorem,
2042 401 2103 447 qui
2132 401 2169 432 in

1173 453 1345 497 petitione
1361 451 1590 487 haereditatis
1608 452 1774 487 nonnihil
1791 453 2065 498 impediebatur.
2100 452 2169 485 Or-

1173 505 1270 537 ditur
1295 511 1416 538 autem
1442 517 1461 538 a
1484 505 1712 545 narratione,
1741 517 1851 551 quare
1872 511 2058 549 tantopere
2076 510 2171 536 amet

1174 555 1409 596 Mescinium,
1441 562 1475 589 et
1500 568 1592 601 quae
1624 557 1732 590 fuerit
1758 568 1861 590 causa
1887 555 2169 589 commendatio-

1173 606 1239 640 nis.
1291 605 1503 640 Narrationi
1527 606 1712 640 subiicitur
1731 608 1876 651 petitio,
1904 614 1943 641 ut
1968 607 2043 641 eius
2061 618 2170 649 nego-

1174 658 1221 690 tia
1254 656 1523 701 diligentissime
1565 659 1815 691 commendata
1849 656 2004 699 habeat,
2049 658 2170 691 addita

1173 708 1432 751 significatione
1462 720 1606 748 eorum,
1650 721 1741 753 quae
1774 709 1849 741 fieri
1882 710 1967 742 velit
1997 710 2035 741 in
2067 720 2171 742 causa

1173 759 1349 793 Mescinii.
1402 759 1511 792 Ratio
1536 759 1720 803 petitionis
1747 760 1899 793 sumitur
1921 772 1939 793 a
1965 773 2027 794 sua
2052 772 2172 804 perso—

1173 823 1237 850 na,
1265 810 1430 843 videlicet
1451 812 1546 856 quod
1566 809 1633 843 hoc
1650 811 1807 845 officium
1828 812 1988 845 futurum
2006 812 2050 845 sit
2066 812 2171 853 longe

1174 861 1427 905 gratissimum.

1422 947 1559 981 Aliud
1587 955 1920 992 argumentum.

1275 1014 1447 1049 Narratio
1472 1013 1581 1049 hahet
1605 1018 1955 1051 commendationem
1982 1029 2083 1051 causa
2112 1028 2173 1049 ne-

1175 1065 1397 1100 cessitudinis
1423 1079 1504 1101 cum
1527 1067 1712 1103 Mescinio.
1779 1068 1828 1102 Et
1851 1069 1994 1102 additur
2022 1068 2174 1112 amplifi-

1176 1116 1268 1149 catio
1301 1118 1344 1151 de
1380 1119 1567 1152 occasione
1598 1120 1921 1154 commendationis
1952 1126 2093 1164 sumpta
2129 1132 2171 1152 ex

1176 1168 1300 1203 causis.
1366 1169 1534 1215 Sequitur
1558 1171 1705 1214 petitio,
1740 1178 1780 1205 ut
1803 1171 2016 1206 Mescinium
2048 1171 2086 1202 in
2114 1183 2174 1215 pe-

1176 1220 1284 1252 tenda
1312 1218 1531 1254 haereditate
1549 1222 1669 1256 fratris
1701 1223 1858 1256 defuncti
1881 1223 2025 1256 adiuvet
2048 1234 2089 1254 ac
2114 1223 2173 1255 de—

1176 1271 1298 1304 fendat
1326 1279 1450 1305 contra
1477 1273 1718 1313 adversarios3
1745 1275 1849 1315 item,
1882 1275 1912 1309 si
1933 1286 1989 1308 res
2023 1274 2172 1306 omnino

1178 1322 1433 1366 postulaverit,
1468 1323 1607 1357 reiiciat
1631 1331 1743 1359 totam
1769 1338 1912 1360 causam
1944 1327 1988 1358 ad
2011 1331 2173 1358 senatum

1177 1374 1396 1408 Romanum.
1432 1374 1569 1408 Ultimo
1586 1377 1734 1420 ponitur
1751 1377 1844 1410 ratio
1862 1376 2056 1422 petitionis,
2082 1388 2172 1421 quae

1178 1431 1320 1469 sumpta
1348 1432 1399 1459 est
1423 1438 1442 1458 a
1466 1438 1633 1470 persona.

1324 1526 1511 1562 Scholia
1540 1529 1584 1562 in
1611 1530 1854 1574 epistolam
1883 1530 2021 1565 XXVII.

1282 1602 1311 1648 ἓ.
1330 1605 1363 1639 1.
1387 1608 1484 1640 Licet
1498 1609 1609 1641 eodem
1625 1608 1794 1652 exemplo]
1810 1605 2058 1654 εὐχαριστική.
2105 1607 2174 1642 Ex-

1179 1655 1321 1688 ordium
1346 1663 1397 1690 est
1421 1659 1626 1702 occupatio:
1658 1659 1776 1704 Cogor
1793 1660 1916 1692 eodem
1936 1660 2044 1692 modo
2062 1660 2174 1693 multa

1178 1707 1357 1747 scribere,
1392 1709 1453 1741 sed
1486 1721 1611 1743 excuso
1644 1723 1700 1744 me
1739 1717 1857 1744 vestro
1892 1711 2065 1756 exemplo.
2119 1711 2175 1744 Sic

1178 1759 1293 1792 solent
1315 1759 1624 1806 iu1·isconsulti‘³⁷).

1282 1816 1312 1860 ἓ.
1328 1820 1364 1852 2.
1394 1820 1495 1852 Caius
1510 1820 1682 1864 Αυὶαηιιε]
1710 1819 1894 1854 Narratio.

1281 1874 1311 1919 §-
1330 1877 1364 1911 3.
1403 1879 1515 1919 Quare
1535 1876 1648 1926 velim]
1676 1879 1808 1913 Petitio
1832 1880 1952 1914 addita
1976 1880 2172 1924 gratiarum

1181 1927 1327 1961 actioni.

1478 2011 1804 2056 Argumentum
1818 2013 1878 2062 ²⁸).

1281 2077 1396 2111 Antea
1421 2079 1577 2123 quadam
1601 2080 1750 2125 epistola
1777 2081 2042 2115 commendavit
2065 2082 2172 2115 Avia·

1179 2140 1266 2161 num
1294 2135 1486 2173 patronum
1515 2143 1595 2164 cum
1617 2132 1765 2171 liberto,
1807 2146 1902 2167 nunc
1925 2146 1990 2178 pro
2017 2131 2173 2166 exhibita

1179 2179 1392 2213 liberalitate
1425 2181 1557 2225 gratias
1589 2183 1673 2227 agit.
1749 2184 1870 2218 Utitur
1900 2191 2017 2218 autem
2047 2184 2172 2218 festivo

1180 2231 1345 2272 exordio,
1381 2245 1452 2278 quo
1485 2234 1642 2268 taedium
1674 2235 1872 2269 iterationis
1897 2247 2064 2268 amovere
2092 2236 2175 2268 niti·

1179 2288 1248 2316 tur.
1299 2283 1463 2317 Subiecta
1491 2290 1543 2317 est
1568 2285 1742 2328 expositio
1767 2286 1962 2319 occasionis
1984 2287 2172 2321 scribendi.

1177 2333 1305 2368 Postea
1321 2334 1521 2379 propositio
1538 2336 1686 2380 ponitur
1697 2348 1775 2369 cum
1788 2337 2064 2381 amplificatione
2080 2339 2172 2382 grati

1179 2384 1285 2418 officii
1307 2397 1327 2418 a
1347 2386 1633 2421 circumstantiis.
1686 2386 1726 2420 In
1744 2388 1883 2432 epilogo
1899 2389 2020 2433 paucis
2042 2389 2169 2424 iterum

1178 2438 1417 2472 commendat.

1209 2591 1257 2619 27)
1275 2589 1476 2619 iurisconsulti]
1507 2589 1547 2614 sic
1573 2589 1656 2614 Editt.
1689 2591 1911 2623 1537-1544.‚
1947 2593 2040 2623 1554..
2075 2594 2166 2623 1557.;

1243 2625 1328 2650 Editt.
1350 2626 1435 2656 1545„
1459 2625 1534 2649 1560.
1555 2624 1743 2651 iureconsulti.

1205 2683 1253 2713 28)
1272 2684 1331 2707 Hoc
1348 2683 1540 2713 argumentum
1558 2683 1585 2706 et
1603 2682 1655 2708 duo
1673 2684 1817 2715 sequentia
1835 2687 1868 2710 ab
1885 2685 1968 2709 Editt.
1986 2685 2077 2715 1556.‚
2100 2687 2165 2711 ¹565

1242 2718 1361 2742 -1596,
1376 2717 1544 2741 exhibentur.
