2294 2975
101 123 175 159 265

109 215 225 241 autem
254 205 450 239 narrationi
474 205 636 243 affectus,
679 203 774 248 quod
803 198 964 232 videlicet
992 197 1088 230 nulla

108 259 173 290 alia
202 270 237 289 re
252 285 259 295 ,
288 270 394 301 quain
417 268 537 289 amore
557 254 726 298 impulsus
748 249 927 294 scripserit
943 248 1090 292 Topica.

110 308 246 340 Deinde
269 309 312 340 ad
339 308 442 340 tinem
460 319 569 350 usqne
587 303 751 348 epistolae
769 307 820 334 est
837 300 1013 333 excusatio
1031 299 1091 331 ob-

110 358 284 392 scuritatis
310 371 369 391 scu
387 356 598 389 difficultatis
615 353 846 396 Topicornm.
897 350 1012 383 Porro
1029 347 1093 382 ha-

109 410 165 441 bet
198 407 283 441 hacc
309 409 423 441 brevis
448 406 592 450 epistola
628 404 730 436 valde
754 402 838 435 utile
866 407 1091 445 praeceptum

108 471 181 492 non
209 460 320 492 solnm
355 459 395 490 do
427 455 625 494 dialectica,
660 455 720 487 sed
752 454 794 486 de
827 452 904 485 aliis
930 451 1094 484 omnibus

110 510 262 546 artibus,
288 510 381 552 quod
405 506 589 539 difficulter
613 505 687 538 sine
719 509 948 548 praeceptore
972 502 1092 546 aliquo

110 560 367 601 intelligantur,
397 564 429 589 et
451 557 545 601 quod
568 556 642 589 sine
669 567 798 599 magno
824 566 890 587 usu
917 559 950 586 et
966 551 1094 586 exerci-

111 610 260 647 tatione,
303 608 361 640 nbi
396 608 464 639 iam
500 606 641 640 ass‘uerit
672 611 900 651 praeceptor,
944 604 1095 648 perfecte

111 658 273 703 cognosci
291 671 363 690 non
381 657 526 701 possint.

358 757 489 790 Aliud
519 761 846 800 argumentum.

216 834 329 867 Huius
355 832 524 877 epistolae
558 831 754 864 intellectus
785 832 827 863 de
852 828 996 873 Topicis
1019 826 1098 860 Ari-

111 885 244 919 stotelis
277 885 447 928 petendus
481 888 531 915 est
561 894 602 915 cx
637 881 856 925 praefatione
879 879 1097 923 Topicorum

113 935 314 974 Ciceronis,
342 934 401 967 ubi
428 934 531 976 longa
556 932 761 965 narratione
778 931 922 975 exponit
947 929 1100 962 occasio-

112 999 193 1023 nes,
222 993 254 1018 et
272 997 392 1018 causas
416 984 590 1017 scribendi
608 983 737 1015 librum
754 983 796 1015 de
819 981 923 1020 locis,
952 978 1019 1012 hoc
1038 985 1100 1019 est,

113 1038 155 1070 de
181 1035 402 1068 inveniendis
420 1033 653 1076 argumentis,
679 1033 853 1076 simulque
877 1031 1015 1064 dedicat
1028 1030 1100 1063 To-

113 1089 189 1131 pica
207 1086 388 1120 Trebatio.
439 1085 587 1117 Orditur
605 1090 722 1116 autem
740 1082 925 1127 epistolam
942 1094 962 1114 a
978 1092 1101 1113 narra-

113 1138 221 1176 tione,
249 1137 344 1182 quod
362 1135 648 1178 occupatissimus
662 1160 671 1173 ‚
700 1140 818 1166 tamen
835 1144 956 1166 amore
974 1131 1101 1175 impul-

113 1201 170 1221 sus
199 1200 279 1231 erga
307 1186 535 1225 Trebatium,
561 1184 740 1228 scripserit
767 1183 921 1227 Topica,
949 1193 1099 1227 eumque

114 1239 243 1271 librum
265 1237 381 1271 statim
401 1235 647 1269 transmiserit.
680 1234 931 1268 Narrationem
949 1245 1102 1278 sequun-

115 1296 172 1322 tur
195 1290 284 1321 duae
313 1287 594 1326 admonitiones,
621 1298 682 1319 seu
701 1291 887 1329 praecepta
912 1286 954 1317 de
968 1283 1101 1316 utiliter

116 1339 271 1383 legendis
294 1338 456 1381 Topicis,
484 1338 568 1369 item
596 1337 638 1368 de
664 1337 864 1380 superanda
886 1335 1100 1367 difficultate.

116 1389 303 1423 Concludit
347 1388 530 1432 epistolam
569 1386 792 1419 memorabili
832 1391 1019 1430 praecepto
1060 1385 1101 1416 de

115 1440 385 1478 exercitatione,
412 1451 473 1471 seu
496 1450 580 1476 nsu,
609 1438 705 1482 quod
721 1437 939 1481 sequendum
963 1441 1013 1468 est
1028 1446 1101 1467 non

115 1491 228 1524 solum
256 1490 293 1522 in
309 1489 472 1532 Topicis,
500 1489 559 1521 sed
576 1488 612 1520 in
633 1488 709 1521 aliis
727 1487 891 1520 omnibus
917 1485 1050 1519 artibus
1069 1491 1103 1518 et

116 1540 310 1584 disciplinis
333 1539 480 1572 feliciter
497 1537 680 1572 discendis.

361 1646 495 1679 Aliud
530 1651 858 1689 argumentum.

218 1721 312 1754 Loco
332 1721 465 1755 exordii
485 1720 630 1764 ponitur
647 1719 861 1763 propositio:
891 1718 948 1750 Tu
964 1729 998 1750 es
1015 1714 1103 1749 mihi

117 1771 353 1806 charissimus.
413 1771 688 1805 Narr.¹=tiuucula
712 1768 818 1803 habet
848 1768 1102 1812 expositionem

117 1825 159 1856 de
177 1823 320 1867 Topicis
339 1822 537 1855 Aristotelis
560 1821 597 1853 in
614 1820 779 1854 Latinum
803 1831 1004 1853 sermonem
1027 1830 1103 1850 ver-

117 1874 173 1907 sis.
226 1873 536 1907 §arratimiculam
561 1872 720 1916 sequitur
743 1870 925 1914 occupatio
949 1870 992 1902 de
1015 1870 1103 1901 disfi-

117 1925 244 1957 cultate
282 1931 315 1956 et
351 1923 563 1956 obscuritate
598 1923 634 1954 in
664 1922 812 1965 legendo
844 1921 898 1953 vel
924 1920 1102 1953 discendo.

116 1974 249 2019 Estque
275 1974 408 2007 adiecta
432 1974 578 2017 insignis
596 1973 768 2006 sententia
794 1973 836 2004 de
860 1970 1041 2015 diligentia
1071 1976 1104 2002 et

117 2025 386 2063 exercitatione,
416 2025 536 2056 addito
566 2023 725 2066 exemplo
752 2023 793 2054 de
816 2022 932 2055 studio
956 2021 1103 2065 iurispe—

117 2075 288 2115 ritorum,
323 2076 418 2120 quod
440 2074 604 2118 inprimis
635 2085 803 2117 magnum
831 2072 1022 2106 exercitum
1050 2084 1103 2104 re-
1137 2088 1143 2091 ·

119 2125 248 2170 quirat.

333 2217 466 2249 Aliud
495 2222 804 2260 argumentum
816 2214 874 2261 ¹⁵).

217 2293 311 2326 Haec
329 2293 475 2337 epistola
494 2293 623 2336 scripta
643 2293 687 2324 ad
703 2290 912 2325 Trebatium
931 2296 993 2329 est,
1021 2301 1100 2322 cum

123 2342 244 2376 Cicero
269 2350 356 2376 esset
378 2344 415 2376 in
439 2343 618 2383 Lucania,
647 2349 680 2375 et
702 2341 890 2375 Trebatius
919 2346 1006 2374 esset
1032 2340 1104 2373 Ro-

123 2404 215 2432 mae,
242 2400 275 2426 et
290 2401 340 2426 est
355 2395 499 2437 epistola
518 2390 762 2438 philosophica
778 2393 820 2425 de
838 2390 953 2425 studio
972 2391 1103 2424 littera-

120 2455 211 2476 rum.
264 2444 429 2477 Continet
445 2445 687 2478 narrationem
704 2444 746 2476 de
761 2443 853 2476 libro
871 2441 1103 2485 Topicorum.

119 2493 267 2526 Orditur
301 2500 418 2526 autem
449 2496 490 2526 ah
523 2496 669 2535 affectu,
696 2492 763 2528 hoc
787 2500 855 2534 est,
891 2504 910 2526 a
933 2504 996 2526 suo
1020 2504 1100 2537 erga

119 2544 217 2577 illum
244 2544 360 2577 studio
385 2550 418 2576 et
443 2557 575 2579 amore.

154 2691 198 2720 15)
218 2692 276 2717 Hoc
296 2694 485 2724 argumentum
502 2693 600 2717 habent
618 2693 702 2720 Editt.
718 2692 908 2720 1565—1596.

683 116 804 152 PHlL.
833 114 945 149 MEL.
979 109 1180 148 SCRIPTA
1210 105 1543 143 PHILOLOGICA.

2054 106 2130 143 264

1282 191 1466 227 Scholia
1493 191 1536 224 in
1565 191 1807 237 epistolam
1835 189 1993 238 XX1.¹⁶).

1259 271 1328 313 Tu,
1356 271 1387 303 .ςὶ
1410 281 1460 302 me
1481 266 1617 316 ctitdies]
1654 265 1888 308 Adhortatio‚
1920 279 1964 300 ne
1998 267 2130 300 vendat

1145 325 1311 363 paternas
1339 318 1587 364 possessiones.

1436 411 1763 455 Argumentum
1780 411 1837 457 ¹⁷).

1247 478 1371 511 Monet
1398 478 1627 519 Trebatium,
1671 485 1729 519 ut,
1771 489 1965 524 qnamqam
1996 477 2133 511 Romae

1149 528 1326 569 aedificet,
1354 536 1472 562 tamen
1497 541 1571 562 non
1598 529 1677 562 ideo
1705 536 1871 573 paternas
1895 529 1997 563 aedes
2013 528 2134 563 Veliae

1148 579 1345 625 relinquat,
1373 586 1407 612 et
1430 580 1535 613 simul
1556 580 1705 613 iocatur.
1760 580 1847 613 Cum
1865 579 1959 612 enim
1976 579 2135 613 amoeni-

1150 636 1200 663 tas
1230 630 1390 670 aedium,
1417 643 1503 675 quas
1519 628 1672 663 habebat
1688 630 1876 663 Trebatius
1891 629 2012 662 Veliae
2025 655 2034 670 ,
2060 641 2136 663 sae-

1150 692 1192 724 pe
1218 679 1374 725 hospites
1399 680 1585 721 invitaret,
1612 681 1800 720 admonet,
1826 687 1883 720 ut,
1910 680 1939 713 si
1956 680 2039 712 velit
2053 691 2137 713 con-

1150 731 1262 764 sulere
1287 731 1338 764 rei
1367 731 1554 771 familiari,
1589 737 1624 764 et
1650 743 1796 774 parcere
1828 730 2044 775 sumptibus,
2079 742 2137 765 eas

1151 794 1257 826 qnam
1283 782 1439 825 primum
1465 781 1690 815 demoliatur.
1748 781 1929 825 Principio
1954 787 2138 825 ponuntur

1150 833 1273 865 breves
1296 832 1531 866 narrationes.
1582 831 1721 865 Deinde
1751 832 1910 877 seqnitur
1933 830 2137 865 adhortatio

1151 895 1212 917 sen
1235 883 1443 923 consilium,
1476 895 1521 915 ne
1543 884 1674 915 vendat
1699 888 1866 926 paternas
1888 881 2139 926 possessiones,

1153 946 1239 978 quas
1271 933 1392 966 Veliae
1422 931 1586 967 habebat.
1659 932 1830 977 Epilogus
1859 931 1966 966 habet
1995 933 2140 966 brevem

1151 984 1442 1027 significationem
1456 985 1498 1017 de
1514 996 1577 1017 suo
1594 984 1758 1017 adventu.
1811 983 1851 1016 In
1874 984 1943 1016 fine
1957 996 2071 1018 novus
2087 983 2139 1016 io-

1153 1047 1211 1068 cus
1238 1035 1383 1078 ponitur
1401 1035 1443 1067 de
1464 1034 1584 1067 libello
1600 1033 1982 1078 cuinsdani‚Epicurei,
2011 1034 2048 1066 in
2067 1046 2138 1079 quo

1153 1092 1338 1129 praecepta
1363 1086 1594 1117 tradebantur
1613 1091 1735 1117 contra
1752 1084 2002 1118 abstinentiam
2018 1085 2061 1117 de
2078 1096 2140 1116 vo-

1153 1136 1298 1168 racitate
1309 1162 1318 1176 ,
1344 1136 1441 1169 cuius
1458 1141 1579 1168 tamen
1597 1135 1781 1168 admoneri
1797 1133 1959 1168 homines
1975 1132 2066 1168 nihil
2080 1146 2141 1167 ne-

1155 1198 1245 1221 cesse
1274 1193 1344 1227 est,
1371 1192 1411 1220 ut
1437 1186 1499 1231 qui
1521 1197 1583 1220 sua
1606 1191 1731 1230 sponte
1755 1183 1823 1218 hoc
1844 1185 1987 1220 faciant.

1400 1278 1534 1312 Aliud
1562 1285 1889 1323 argumentum.

1256 1353 1395 1387 Festiva
1413 1360 1464 1388 est
1479 1353 1628 1398 epistola
1645 1355 1686 1387 de
1704 1354 1947 1387 aedificatione
1964 1365 2141 1387 novarum

1155 1404 1295 1436 aedium
1310 1404 1459 1444 Itomae,
1484 1411 1518 1437 et
1536 1406 1578 1437 de
1594 1404 1751 1448 paternis
1764 1404 2042 1447 possessionibus
2053 1404 2143 1437 Tre-

1154 1455 1242 1487 batii
1259 1467 1334 1487 non
1353 1461 1482 1487 temere
1501 1455 1707 1488 vendendis.
1759 1455 1882 1488 Primo
1901 1455 1979 1487 loco
1996 1461 2046 1488 est
2058 1466 2142 1488 nar-

1156 1505 1246 1537 ratio
1274 1505 1409 1545 breris,
1437 1506 1523 1550 qnid
1548 1505 1678 1538 iudicet
1693 1505 1735 1536 (le
1758 1505 1898 1538 civitate
1914 1505 2055 1546 Veliae,
2081 1505 2144 1538 ubi

1155 1553 1261 1588 habet
1276 1567 1355 1588 suas
1378 1555 1614 1599 possessiones
1631 1555 1830 1589 Trebatius.
1880 1556 2010 1589 Postea
2027 1555 2144 1601 sequi-

1156 1612 1213 1639 tur
1245 1606 1430 1639 consilium
1463 1607 1505 1638 de
1537 1618 1611 1639 non
1642 1605 1835 1639 vendendis
1864 1605 2143 1649 possessionibus

1156 1656 1331 1700 paternis,
1358 1657 1545 1689 interserto
1569 1657 1647 1689 loco
1674 1656 1717 1688 de
1744 1656 1850 1689 domo
1866 1656 2060 1700 Papiriana
2083 1658 2143 1689 de-

1157 1707 1355 1746 molienda,
1390 1713 1429 1740 ut
1449 1713 1609 1750 sumptus
1633 1706 1842 1739 minuantur
1866 1707 1905 1739 in
1928 1706 2142 1751 excipiendis

1155 1755 1365 1801 hospitibus.
1418 1756 1524 1789 Ratio
1547 1757 1683 1790 consilii
1700 1757 1852 1790 sumitur
1867 1758 1910 1790 ab
1928 1757 2016 1791 utili.
2055 1757 2142 1802 Epi-

1155 1809 1255 1851 logus
1279 1813 1414 1841 constat
1428 1807 1640 1841 salutatione
1667 1814 1700 1840 et
1724 1807 1978 1851 significatione
2000 1807 2055 1841 sui
2079 1809 2141 1841 ad-

1156 1866 1293 1893 ventus.
1335 1858 1374 1891 In
1390 1859 1458 1890 fine
1473 1858 1620 1902 ponitur
1638 1858 1734 1892 iocus
1752 1870 1812 1891 seu
1828 1858 1945 1892 irrisio
1963 1859 2004 1891 de
2021 1858 2142 1892 libello

1156 1910 1337 1943 cniusdam
1359 1909 1544 1952 Epicurei,
1572 1909 1608 1941 in
1630 1921 1700 1953 quo
1717 1909 1826 1942 multa
1850 1915 1932 1943 sunt
1952 1915 2140 1953 praecepta

1156 1960 1284 1993 tradita
1301 1960 1447 1992 minime
1470 1959 1664 1993 necessaria
1686 1965 1720 1992 et
1743 1959 1887 2004 indigna
1907 1958 2070 2001 homine,
2098 1961 2142 1993 de

1157 2011 1350 2044 voracitate
1367 2016 1488 2043 contra
1505 2009 1767 2044 abstinentiam.

1402 2102 1535 2136 Aliud
1562 2108 1887 2146 argumentum.

1256 2178 1423 2213 Narratio
1441 2184 1502 2218 est,
1522 2189 1612 2223 quae
1628 2177 1785 2211 continet
1804 2176 1990 2211 consilium
2007 2178 2050 2211 de
2065 2189 2140 2211 non

1157 2230 1350 2264 vendendis
1378 2228 1675 2273 possessionibus,
1712 2241 1800 2274 quas
1825 2228 1946 2261 Veliae
1969 2226 2139 2267 habebam

1156 2282 1240 2315 item
1257 2282 1300 2314 de
1316 2280 1544 2314 aedificando.
1595 2278 1636 2312 In
1652 2280 1721 2312 fine
1745 2279 1892 2324 ponitur
1916 2279 2014 2314 iocus
2033 2281 2076 2313 de
2098 2279 2141 2313 li-

1155 2333 1248 2366 bello
1272 2330 1486 2364 voracitatis.

1191 2464 1235 2496 16)
1257 2464 1348 2492 XX1.]
1373 2461 1412 2486 sic
1434 2461 1517 2486 Editt.
1544 2461 1666 2493 (1537),
1700 2461 1791 2492 1540.,
1824 2461 1914 2491 1544„
1940 2461 2138 2488 1554—1596.

1224 2499 1320 2530 (Editt.
1341 2497 1425 2525 1545„
1447 2495 1529 2525 1546„
1550 2496 1642 2520 leon:
1664 2496 1752 2525 121.);
1771 2495 1820 2519 Ed.
1843 2495 1928 2520 orell.
1946 2495 2009 2521 XX.
2027 2508 2061 2512 —
2078 2497 2138 2520 Me—

1221 2531 1358 2556 lautumiis
1382 2532 1542 2559 argumento
1569 2529 1646 2553 huius
1679 2530 1811 2559 epistolae
1833 2529 1916 2552 Editt.
1937 2529 2139 2560 1537-1554.‚

1224 2566 1308 2595 1557„
1332 2565 1415 2594 1560„
1436 2564 1508 2588 1601.
1527 2565 1628 2588 carent.
1666 2563 1764 2595 (Editt.
1783 2563 1857 2588 154⁶.
1869 2579 1877 2594 ,
1897 2563 1971 2588 1601.
1990 2569 2138 2595 argumen-

1222 2603 1278 2624 tum
1296 2600 1410 2627 hfflsent,
1429 2597 1504 2621 cuius
1523 2600 1660 2622 auctorem
1678 2597 1796 2625 nescio.)

1189 2652 1235 2681 17)
1255 2652 1311 2675 Boc
1329 2650 1517 2681 argumentum
1536 2650 1563 2673 et
1581 2649 1632 2676 duo
1651 2649 1795 2681 sequentia
1812 2649 1840 2674 in
1859 2648 1942 2674 Editt.
1959 2649 2050 2681 1556„
2071 2650 2138 2675 1565

1224 2699 1258 2704 —
1275 2685 1349 2712 1596.
1368 2683 1551 2709 inveniuntur.
