2351 2990
80 112 154 149 829
312 112 450 147 XXXV.

77 204 233 242 pugnat,
268 199 312 231 ad
337 210 443 243 quam
471 195 599 231 harum
626 209 746 232 rerum
770 199 883 243 gloria
909 199 1074 243 pertinet,

78 262 185 294 quam
205 262 272 283 me.
316 249 406 282 Vide
425 249 550 293 igitur,
576 261 620 282 ne
639 262 676 282 re
697 250 773 294 ipsa
794 250 945 284 civitatis
962 249 1074 285 hostis

77 300 144 340 sis,
179 302 264 333 dum
289 300 403 333 videri
434 301 485 334 vis
507 313 607 334 meus
633 313 706 335 esse
732 302 909 336 inimicus.
972 303 1073 336 Post-

78 364 186 396 quam
204 358 323 385 autem
342 352 441 385 vobis
457 352 595 385 ostendi
616 352 715 396 pium
739 365 779 386 ac
802 354 933 387 iustum
960 354 1073 387 calcu—

76 403 171 442 lum,
197 416 292 436 nunc
310 403 372 437 etsi
394 410 520 437 natura
539 416 613 437 non
634 404 790 438 delector
816 405 1073 444 maledicendo,

78 460 198 487 tamen
213 467 279 499 pro
297 454 416 488 multis
434 456 612 488 ementitis
631 456 799 490 conviciis
822 469 933 501 pauca
954 457 1070 489 dicam

77 512 224 550 cogente
247 506 472 546 necessitate,
513 513 551 540 ut
576 507 826 547 consideretis,
864 509 943 554 quis
968 514 1001 540 et
1032 520 1072 540 ex

77 557 207 602 quibus
227 564 344 597 ortus,
373 564 445 590 tam
462 558 564 591 facile
589 559 736 603 incipiat
762 560 840 593 aliis
866 559 1071 597 conviciari,

76 614 110 641 et
126 615 306 653 pervertat
322 621 503 643 sermones
521 611 737 644 transferens
756 610 794 643 in
811 624 865 650 se,
901 622 975 643 non
1000 622 1071 642 me-

76 659 207 693 diocris
224 659 270 706 26)
306 660 392 699 viri,
437 662 496 694 sed
529 674 751 695 summorum
783 660 933 695 heroum
965 661 1070 693 dicta.

75 710 143 744 Vix
161 711 255 744 enim
270 711 354 744 talia
372 711 505 745 diceret
523 719 724 753 accusator,
753 713 781 747 si
798 715 947 751 Aeacus,
975 709 1070 744 Rha-

74 760 292 796 damanthus
315 769 375 795 aut
395 763 515 797 Minos
540 771 647 803 esset,
683 771 716 797 et
741 776 815 797 non
840 776 960 798 scurra
987 775 1070 795 con-

74 814 229 847 culcatus
246 814 282 846 in
299 815 398 853 sor0,
435 822 468 848 et
491 815 602 848 scriba
632 822 770 848 tantum
798 817 843 848 ad
868 815 1069 848 nocendum

72 865 195 898 locans
214 877 352 909 operas.

174 916 264 962 Quis
289 916 378 949 alius
411 923 483 949 tam
517 917 660 950 tetricos
691 929 874 950 sermones
905 917 1071 955 adferret,

73 968 276 1000 exclamans
310 967 408 1000 velut
437 967 474 999 in
509 968 710 1011 tragoedia:
752 968 785 1001 Ο
810 974 925 1007 terra,
962 980 982 1000 o
1006 967 1070 1005 sol,

73 1031 94 1051 o
111 1018 237 1058 virtus,
255 1024 289 1051 et
304 1018 374 1051 alia
391 1016 609 1052 huiusmodi.
648 1018 792 1052 Invocat
808 1025 842 1052 et
857 1018 1069 1063 sapientiam

73 1075 108 1103 et
124 1069 368 1114 disciplinam,
397 1082 466 1115 qua
490 1068 638 1104 honesta
663 1077 697 1103 et
719 1071 837 1115 turpia
863 1070 1070 1104 discernun-

71 1127 142 1155 tur.
206 1120 304 1154 Haec
328 1120 422 1154 enim
451 1121 525 1155 eius
550 1122 656 1154 verba
681 1121 904 1155 meministis.
974 1120 1070 1166 Quid

72 1184 158 1205 vero
177 1172 243 1205 tibi
259 1172 425 1206 scelerate
444 1179 505 1205 aut
525 1173 594 1206 tuis
616 1185 696 1206 cum
723 1173 853 1206 virtute
879 1184 1069 1205 commune

72 1223 149 1257 est?
177 1224 275 1269 quod
294 1223 485 1256 discrimen
503 1222 737 1257 honestorum
764 1231 798 1257 et
822 1224 980 1268 turpium
1005 1235 1071 1256 un-

72 1287 180 1321 quam
217 1274 390 1308 servasti?
441 1286 503 1307 cur
539 1275 763 1319 disciplinam
794 1275 982 1314 nominas,
1025 1276 1069 1307 ad

72 1338 179 1372 quam
196 1325 382 1359 assuefacti
408 1338 637 1371 nequaquam
666 1326 713 1359 ita
738 1326 892 1370 gloriose
916 1326 1070 1370 loquun-

70 1383 150 1418 tur,
189 1378 250 1410 sed
276 1377 489 1410 erubescunt
514 1377 642 1417 etiam,
684 1390 763 1410 cum
791 1378 835 1410 ab
860 1377 938 1410 aliis
961 1377 1009 1409 ita
1033 1389 1069 1410 se

71 1427 272 1473 praedicari
291 1428 452 1462 audiunt.
507 1428 579 1473 Qui
599 1441 684 1462 vero
708 1435 857 1473 propter
880 1428 1070 1472 impuden-

71 1479 159 1513 tiam
184 1479 233 1512 ita
259 1491 295 1513 se
319 1479 503 1519 iactitant,
547 1492 621 1512 non
645 1477 712 1513 hoc
738 1486 996 1525 assequuntur,
1031 1485 1069 1512 ut

70 1531 158 1564 tales
176 1543 249 1564 esse
267 1530 535 1571 existimentur,
574 1531 697 1576 quales
724 1543 760 1564 se
786 1531 976 1570 simulant,
1009 1531 1069 1564 sed

70 1589 111 1616 ut
129 1581 283 1615 modesti
299 1582 480 1616 auditores
499 1583 623 1615 dolore
639 1583 851 1616 afficiantur.
901 1582 990 1616 Cum
1008 1593 1070 1614 au-

71 1639 141 1667 tem
159 1633 301 1678 copiosa
321 1634 470 1666 materia
489 1633 533 1667 sit
550 1640 673 1667 contra
692 1640 724 1667 te
743 1634 904 1673 dicendi,
933 1633 1070 1671 dubito,

70 1685 167 1719 unde
196 1697 335 1718 sumam
368 1684 524 1718 initium.
601 1686 709 1718 Pater
736 1698 858 1719 servus
888 1685 955 1718 fuit
987 1684 1070 1716 Hel-

71 1736 228 1781 piae27),
266 1742 300 1769 et
323 1737 368 1769 ad
392 1734 523 1770 Thesei
548 1737 715 1770 sacellum
739 1736 970 1781 compedibus
993 1736 1070 1768 vin-

71 1794 146 1821 ctus
166 1788 288 1821 docuit
304 1787 451 1821 litteras.
505 1787 624 1821 Mater
640 1788 859 1833 quotidianis
874 1787 1009 1832 nuptiis
1035 1787 1070 1819 in

70 1839 215 1883 tugurio
254 1839 299 1871 ad
335 1838 537 1872 Talamitae
578 1840 749 1884 templum
787 1840 875 1872 dans
911 1850 1071 1883 operam,

74 1891 238 1924 educavit
252 1888 349 1923 hunc
365 1891 498 1924 bellum
521 1888 745 1924 histrionem.
799 1890 938 1923 Deinde
956 1888 1070 1923 Phor-

72 1942 146 1975 mio
175 1942 306 1975 tibicen
336 1954 458 1975 servus
482 1954 559 1975 eam
586 1943 629 1975 ab
652 1940 720 1975 hoc
747 1940 896 1986 pulchro
922 1947 1071 1987 quaestu

73 1993 232 2027 abduxit.
285 1993 355 2027 Sed
371 2000 513 2033 metuo,
549 2006 594 2026 ne
613 1993 730 2027 dicam
751 1993 897 2037 indigna
915 2006 994 2032 me,
1019 1993 1071 2025 di-

75 2057 156 2078 cens
180 2045 286 2088 digna
309 2051 354 2079 te.
408 2045 472 2078 His
499 2045 607 2089 igitur
636 2045 774 2078 omissis
798 2045 954 2078 recitabo
978 2045 1069 2077 facta

74 2096 185 2141 ipsius
204 2095 363 2140 propria.
416 2096 497 2130 Non
517 2096 611 2129 enim
631 2104 705 2129 erat
722 2109 763 2130 ex
781 2109 822 2129 eo
839 2109 987 2140 genere,
1015 2096 1070 2129 cui

73 2159 108 2182 se
125 2147 273 2191 ingerit,
309 2147 369 2180 sed
392 2159 433 2180 ex
455 2148 620 2189 talibus,v
639 2161 728 2194 quos
752 2154 935 2182 execratur
958 2160 1070 2192 popu-

71 2199 138 2233 lus.
191 2198 287 2232 Cedo
305 2198 399 2231 enim
424 2199 474 2239 ei,
503 2206 537 2233 et
559 2200 667 2244 paulo
691 2206 772 2232 ante
797 2199 902 2233 simul
927 2205 960 2232 et
986 2199 1071 2233 civis

75 2257 110 2284 et
124 2256 248 2283 orator
262 2251 374 2284 factus
394 2256 464 2291 est,
499 2257 532 2284 et
556 2252 643 2285 duas
668 2252 820 2296 syllabas
844 2251 983 2283 nomini
1010 2263 1070 2295 pa-

75 2308 178 2335 terno
204 2301 360 2342 addidit,
397 2302 453 2335 cui
473 2302 555 2335 fecit
577 2315 711 2336 nomen
734 2302 960 2343 Atrometus,
991 2314 1068 2335 cum

75 2353 119 2388 sit
137 2352 357 2399 Tromesw).
409 2353 519 2387 Matri
540 2354 666 2388 tribuit
690 2352 924 2388 honorificam
951 2354 1071 2398 appel-

110 2476 158 2503 26)
177 2473 336 2502 mediocris]
354 2474 404 2497 Ed.
425 2474 500 2498 1562.
520 2480 616 2498 errore
636 2476 764 2506 typogr.:
791 2474 946 2498 medior-cis.

110 2516 158 2544 27)
180 2517 310 2547 fleipiae]
331 2516 372 2540 sic
390 2517 439 2539 Ed.
457 2517 548 2544 ¹562.;
574 2517 714 2543 Demosth,
732 2518 816 2542 Editt.
834 2517 945 2543 Reisk..
967 2517 1071 2540 Sebae-

147 2552 215 2581 fer.‚
241 2551 367 2576 Dindorf.
389 2552 502 2575 habent:
526 2547 623 2584 Ἐλπίᾳ
642 2554 711 2580 (non
728 2549 851 2585 Ἐλπίᾳ),

112 2596 160 2624 28)
180 2596 310 2623 Tromes]
330 2594 370 2618 sic
390 2594 478 2624 patris
498 2599 595 2617 nomen
618 2595 789 2618 scribendum
808 2596 850 2618 est
869 2596 918 2623 (Ξ-
930 2595 1070 2619 Demosth.

148 2627 288 2660 Τρόμης);
318 2629 367 2653 Ed.
389 2628 463 2653 1562.
484 2629 555 2652 male
573 2629 653 2652 habet
672 2630 835 2657 Trometus,
870 2630 946 2653 cuius
967 2629 1072 2652 erroris

146 2670 240 2688 ansam
260 2664 333 2688 dedit
352 2662 471 2687 Genitivi
491 2663 567 2686 illius
585 2663 704 2687 nominis
724 2664 812 2687 forma
832 2661 987 2696 Τρόμητο;;
1014 2664 1071 2686 De-

147 2699 300 2722 mosthenis
321 2698 390 2722 enim
410 2698 497 2721 verba
515 2697 582 2721 haec
600 2699 678 2722 sunt:
698 2696 744 2721 καὶ
763 2696 812 2722 δύο
831 2696 968 2730 συλλαβὰς
987 2705 1071 2729 προς-

147 2730 207 2760 θεὶς
225 2730 274 2757 τὸν
291 2731 345 2765 μὲν
362 2732 470 2764 πατέρα
489 2728 552 2756 ἀντὶ
571 2730 711 2764 Τρόμητος
729 2731 857 2763 ἐποίησεν
870 2729 1052 2764 Ἀτρόμητον.

502 111 902 147 INTERPRETATIO
930 111 1191 148 ORATIONIS
1218 113 1560 150 DEMOSTHEMS
1586 117 1650 151 DE
1679 119 1888 155 CORONA.

2048 122 2121 156 830

1127 199 1298 232 lationem
1332 199 1590 236 Glaucotheam
1623 205 1833 246 nominans,
1879 218 1986 252 quam
2014 207 2120 250 vulgo

1126 252 1364 285 nominabant
1390 251 1606 297 Empusam,
1649 257 1746 300 quod
1779 257 1899 290 omnia
1933 258 2064 291 faceret
2087 264 2119 291 et

1126 308 1319 346 pateretur.
1386 304 1485 337 Adeo
1517 305 1702 350 improbus
1726 314 1760 341 et
1784 308 1944 352 ingratus
1968 315 2039 349 est,
2082 315 2121 342 ut

1127 365 1206 386 cum
1226 353 1377 388 civitatis
1392 356 1563 390 beneficio
1581 370 1622 390 ex
1638 370 1741 392 servo
1766 359 1875 400 liber,
1911 366 1944 392 et
1972 373 2012 392 ex
2034 372 2122 404 pau-

1127 417 1209 448 pere
1226 405 1323 439 dives
1338 407 1450 440 sactus
1466 407 1528 447 sit,
1557 416 1677 442 tamen
1703 417 1826 443 contra
1855 423 1931 444 eam
1958 412 2121 444 mercede

1125 468 1160 489 se
1179 457 1328 489 conduci
1347 458 1516 500 patiatur.
1571 460 1721 494 Omissis
1741 469 1858 495 autem
1884 463 2051 502 caeteris,
2080 464 2121 495 de

1126 507 1253 551 quibus
1279 508 1490 551 ambigitur,
1521 522 1564 542 an
1587 524 1652 554 pro
1679 513 1819 546 civitate
1844 520 1919 546 acta
1944 513 2033 553 sint,
2069 525 2122 545 re-

1126 559 1240 591 citabo
1261 570 1320 599 ea,
1347 571 1437 604 quae
1454 560 1571 604 palam
1591 574 1656 606 pro
1676 561 1837 597 hostibus
1854 565 1946 598 fecit.

1226 609 1361 643 Omnes
1403 612 1615 646 meministis
1650 613 1873 659 Antiphonta
1919 615 2120 649 absolutum

1125 672 1217 699 esse,
1247 661 1307 705 qui
1324 659 1494 705 Philippo
1518 664 1732 706 promiserat
1755 678 1789 699 se
1813 667 1939 699 navale
1964 673 2122 700 vestrum

1124 711 1289 744 incendio
1315 713 1539 756 perditurum
1567 726 1658 754 esse,
1701 729 1805 761 quem
1833 730 1911 750 cum
1937 731 2000 762 ego
2026 718 2123 750 abdi-

1125 769 1199 795 tum
1220 775 1261 795 ex
1278 764 1422 797 latebris
1439 764 1475 796 in
1493 764 1622 798 Piraeo
1641 768 1866 801 extraxissem
1880 796 1888 808 ,
1924 776 1957 801 ct
1980 769 2016 801 in
2041 781 2123 802 con-

1126 813 1263 846 cionem
1283 815 1527 858 produxissem
1541 843 1549 855 ,
1578 815 1634 849 hic
1653 824 1831 852 veterator
1851 820 2049 852 vociferans
2065 832 2122 852 me

1124 865 1233 898 libera
1262 865 1298 898 in
1322 866 1463 898 cix‘itate
1489 867 1656 901 iniustam
1683 870 1930 904 crudelitatem
1949 883 2123 911 exercere,

1126 918 1222 962 quod
1258 917 1294 950 in
1331 919 1457 951 domos
1490 919 1686 953 liberorum
1721 922 1852 953 civium
1884 928 2124 966 penetrarem,

1124 968 1291 1012 perfecit,
1330 975 1369 1001 ut
1402 971 1544 1002 decreto
1571 971 1752 1006 concionis
1779 973 1843 1006 iste
1871 973 2123 1013 dimitteretur,

1125 1026 1158 1052 et
1178 1019 1246 1052 nisi
1269 1027 1412 1053 senatus
1436 1020 1472 1053 in
1496 1022 1686 1073 Areopago
1711 1024 1865 1057 sentiens
1894 1025 1978 1069 quid
2005 1036 2124 1068 agere-

1124 1077 1200 1110 tur,
1236 1077 1269 1103 et
1292 1072 1490 1115 intelligens
1516 1073 1759 1116 ignorantiam
1786 1082 1940 1109 vestram
1969 1088 2010 1109 eo
2037 1082 2124 1109 tem·

1124 1134 1211 1166 pore
1231 1134 1360 1155 nocere
1387 1123 1626 1167 reipublicae,
1660 1126 1864 1159 retraxisset
1889 1127 2018 1167 istum,
2053 1128 2124 1160 ela-

1124 1186 1207 1217 psus
1225 1180 1334 1213 esset,
1369 1180 1403 1207 et
1425 1176 1552 1208 astutia
1574 1173 1680 1210 huius
1698 1178 1980 1222 praestigiatoris
1999 1178 2123 1222 poenis

1124 1231 1265 1269 ereptus
1293 1232 1393 1259 esset.
1461 1227 1563 1260 Scitis
1595 1234 1713 1261 autem
1740 1235 1863 1273 postea
1890 1242 1927 1262 re
1953 1229 2122 1275 inquisita

1124 1276 1312 1309 tormentis
1327 1277 1553 1311 intersectum
1573 1290 1645 1312 esse
1658 1306 1667 1319 ,
1696 1286 1735 1313 ut
1753 1279 1884 1314 iustum
1904 1288 1992 1315 erat.
2034 1281 2124 1314 Cum

1124 1327 1231 1369 igitur
1265 1329 1405 1361 senatui
1441 1328 1477 1361 in
1504 1330 1694 1375 Areopago
1729 1338 1815 1364 nota
1853 1338 1941 1365 esset
1974 1332 2123 1376 perfidia

1123 1377 1321 1418 Aeschinis,
1349 1386 1541 1425 postquam
1558 1381 1686 1414 usitata
1705 1382 1923 1426 ignorantia,
1951 1396 2021 1429 qua
2034 1383 2125 1417 mul-

1124 1436 1158 1462 ta
1186 1430 1410 1474 perdidistis,
1452 1431 1519 1475 ipsi
1551 1432 1766 1476 legationem
1801 1435 1845 1467 ad
1875 1435 2047 1468 iudicium
2080 1436 2123 1468 de

1124 1481 1257 1525 templo
1272 1479 1448 1526 Delphico
1467 1484 1721 1524 mandassetis,
1750 1485 1878 1519 deinde
1894 1498 1931 1518 re
1951 1492 2024 1519 tota
2044 1498 2123 1530 per-

1123 1533 1231 1566 missa
1256 1534 1395 1566 senatui
1418 1534 1455 1566 in
1479 1533 1690 1579 Areopago,
1728 1537 1850 1570 reiecit
1874 1550 1955 1570 eum
1981 1545 2124 1571 senatus

1124 1590 1296 1629 tanquam
1316 1586 1561 1629 proditorem,
1587 1592 1621 1619 et
1635 1587 1850 1631 legationem
1872 1589 2054 1622 transtulit
2079 1591 2123 1622 ad

1123 1635 1342 1680 Hyperidem
1354 1663 1363 1675 ,
1393 1649 1472 1669 cum
1491 1637 1636 1682 quidem
1654 1639 1778 1672 calculi
1793 1641 1836 1672 ab
1855 1652 1915 1672 ara
1932 1640 2123 1681 ferrentur,

1124 1699 1188 1719 nec
1206 1687 1318 1720 ullum
1338 1687 1546 1731 suffragium
1567 1689 1631 1722 iste
1651 1692 1868 1725 execrandus
1884 1689 2020 1726 habuit.

1494 1766 1748 1799 Testes.

1227 1824 1446 1857 Demostheni
1475 1828 1572 1857 testes
1603 1830 1681 1858 sunt
1715 1827 1791 1865 isti,
1838 1826 1982 1866 Callias,
2020 1829 2122 1866 Zeno,

1126 1875 1218 1914 Cleo,
1246 1877 1468 1917 Demonicus,
1505 1877 1590 1920 quod
1610 1876 1829 1917 Aeschinem,
1865 1880 1918 1910 cui
1941 1878 2062 1922 legatio
2080 1880 2124 1911 ad

1124 1928 1284 1959 iudicium
1300 1928 1340 1959 de
1361 1927 1480 1968 templo
1499 1928 1659 1969 Delphico
1678 1929 1838 1961 mandata
1855 1933 1946 1968 erui,
1974 1931 2123 1963 Semnus

1124 1979 1240 2011 reiecit
1252 2004 1259 2015 ‚
1287 1983 1319 2010 et
1335 1978 1532 2020 Ieyutiouem
1548 1980 1724 2012 transtulit
1740 1981 1784 2012 ad
1801 1981 2017 2023 Hyperidem.

1227 2046 1320 2092 Quia
1346 2045 1454 2089 igitur
1472 2053 1615 2080 senatus
1638 2059 1720 2080 eum
1741 2047 1882 2088 reiecit,
1917 2055 2038 2093 aperte
2063 2050 2123 2083 de-

1125 2098 1274 2131 claravit
1311 2110 1391 2131 eum
1434 2098 1657 2142 proditorem
1703 2105 1736 2132 et
1768 2099 1998 2142 perfidiosum
2037 2113 2122 2135 esse.

1124 2149 1212 2182 Tale
1235 2150 1302 2184 suit
1332 2149 1464 2182 factum
1497 2149 1596 2183 istius
1625 2150 1727 2184 sortis
1761 2150 1849 2190 viri,
1893 2164 2121 2198 nequaquam

1123 2201 1239 2234 simile
1262 2201 1349 2240 illis,
1383 2213 1474 2246 quae
1496 2201 1533 2234 in
1560 2214 1617 2234 me
1642 2202 1789 2235 confert.
1849 2202 2013 2236 Alterum
2037 2216 2121 2237 vero

1123 2253 1224 2286 vobis
1241 2253 1279 2286 in
1298 2252 1510 2286 memoriam
1532 2253 1692 2297 redigite.
1748 2252 1837 2286 Cum
1855 2251 2043 2298 Philippus
2053 2255 2122 2300 Py-

1124 2301 1270 2337 thonem
1297 2311 1330 2338 et
1354 2305 1490 2347 legatos
1514 2305 1693 2337 sociorum
1714 2301 1856 2338 Thebas
1879 2305 2048 2346 misisset,
2083 2313 2123 2340 ut

1123 2362 1283 2390 nostram
1302 2356 1482 2390 civitatem
1501 2362 1701 2396 accusaret,
1729 2362 1763 2388 et
1786 2357 1989 2390 ostenderet
2012 2369 2031 2390 a
2058 2370 2122 2391 no-

1123 2408 1177 2441 bis
1194 2407 1282 2441 oriri
1299 2408 1381 2441 belli
1405 2419 1547 2441 causas:
1583 2420 1647 2451 ego
1664 2404 1867 2453 Pythonem
1885 2409 2052 2442 ferociter
2068 2416 2122 2442 tu-

1124 2460 1360 2493 multuantem
1391 2465 1425 2491 et
1450 2470 1581 2502 magno
1606 2460 1742 2503 impetu
1768 2465 1931 2493 ruentem
1956 2461 2121 2505 repressi,

1123 2523 1189 2544 nec
1205 2512 1290 2545 cessi
1306 2511 1357 2551 ei,
1385 2511 1445 2543 sed
1462 2510 1581 2555 palam
1601 2509 1822 2550 contradixi,
1856 2523 1921 2544 nec
1947 2512 2120 2546 defensio-

1122 2575 1205 2596 nem
1236 2562 1389 2595 civitatis
1419 2567 1563 2595 nostrae
1594 2562 1722 2595 iustam
1755 2562 1914 2603 deserui,
1959 2564 2120 2609 adeoque

1123 2614 1307 2659 perspicue
1325 2613 1476 2647 refutavi
1493 2611 1700 2658 Philippum
1713 2641 1723 2654 ,
1755 2620 1796 2646 ut
1811 2621 1845 2648 et
1863 2615 1949 2648 socii
1975 2627 2121 2658 surgen—

1123 2672 1174 2699 tes
1188 2667 1386 2699 faterentur
1402 2676 1467 2698 nos
1484 2664 1613 2699 iniuste
1630 2666 1800 2699 accusari.
1851 2664 1913 2699 Ille
1931 2678 2016 2699 vero
2037 2678 2120 2698 con-

1095 2731 1099 2741 ·
1122 2723 1177 2750 tra
1202 2717 1378 2762 patriam,
1414 2722 1448 2749 et
1473 2716 1616 2762 quidem
1641 2717 1769 2751 falsum
1798 2718 1938 2751 dicebat
1962 2717 2121 2752 testimo-
