2351 2990
120 115 195 150 473
262 114 384 150 XXIII.
423 113 731 149 ARGUMENTA
752 112 817 147 ΕΤ
838 112 1041 148 SCHOLIA
1063 113 1111 150 IN
1136 113 1283 150 EPIST.
1299 114 1412 151 FAM.
1436 114 1521 151 CIC.
1545 115 1633 151 LIB.
1651 116 1820 153 XIII.EP.
1844 120 2022 156 18-22.

123 201 208 234 dum
235 200 389 240 indicat,
431 200 527 245 quod
559 199 701 232 veniam
730 210 750 231 a
777 199 927 232 Caesare
951 199 1120 244 impetra-

123 251 229 286 verit.
293 252 448 285 Exorsus
476 256 527 284 est
558 262 576 282 a
611 262 714 283 causa
750 251 1046 290 commendandi,
1080 257 1120 284 ut

125 314 208 336 eum
241 303 389 347 dignum
414 303 536 334 favore
560 301 708 346 Sulpicii
739 302 913 335 ostendat.
980 302 1119 335 Adiecit

122 353 252 387 deinde
268 353 539 398 occupationem
560 353 602 385 de
622 353 818 386 offensione
829 352 1000 386 Caesaris.
1027 353 1117 386 Pro-

122 405 254 448 positio
280 405 492 449 amplificata
523 404 708 437 subiicitur
735 415 799 447 per
817 404 1117 438 distributionem.

120 455 292 500 Epilogus
330 454 437 488 hahet
472 455 723 499 repetitionem
755 455 1013 499 propositionis
1053 467 1117 500 per

124 507 290 540 fiduciam
317 514 350 540 et
367 507 634 539 incommodum
647 533 656 545 ,
684 507 779 551 quod
798 506 962 539 Ciceroni
979 506 1117 550 impen-

122 559 222 598 deat,
249 559 278 593 si
301 558 418 591 minus
442 557 608 602 impetret
623 558 783 590 favorem
801 564 834 591 et
852 558 1022 591 auxilium
1039 558 1117 591 Sul-

120 621 217 653 plcn.

359 684 499 718 Aliud
528 691 859 728 argumentum.

226 752 463 786 Commendat
491 751 669 797 Lysonem
695 753 923 792 Patrensem,
959 751 1019 797 qui
1044 751 1116 795 pri-

119 816 219 837 mum
251 809 389 837 secutus
421 809 498 835 erat
529 803 756 847 Pompeium.
825 803 893 839 Sed
922 809 1043 846 postea
1078 802 1115 834 in

121 855 271 898 gratiam
301 854 406 886 rediit
434 867 513 887 cum
540 854 703 887 Caesare.
762 853 880 896 Rogat
903 860 1042 892 autem,
1077 859 1115 886 ut

120 906 241 939 multis
265 907 307 939 de
330 905 443 938 causis
466 917 545 938 eum
569 904 720 948 recipiat
743 904 780 936 in
797 916 897 937 suam
923 905 1115 938 necessitu-

120 957 252 990 dinem.
318 956 470 989 Orditur
498 967 517 988 a
548 955 756 988 narratione
788 956 831 988 de
867 968 930 988 sua
957 956 1110 988 amicitia

119 1021 198 1041 cum
223 1007 384 1052 Lysone,
428 1014 461 1039 et
493 1007 535 1039 de
563 1019 666 1040 causa
696 1006 917 1039 intermissae
943 1005 1114 1040 hacteuus

117 1058 451 1091 commendationis.
495 1057 621 1091 Postea
641 1057 782 1091 subiicit
799 1057 1006 1101 petitionem
1027 1060 1113 1101 ligu-

116 1116 231 1142 ratam
269 1109 480 1148 collatione,
518 1114 557 1141 ut
589 1121 668 1141 eum
695 1106 824 1141 habeat
853 1106 1112 1143 charissimum.

116 1159 156 1193 In
180 1160 406 1193 conclusione
443 1159 571 1203 repetit
602 1159 811 1203 petitionem
847 1161 975 1195 additis
1009 1173 1112 1204 argu-

116 1212 245 1245 mentis
270 1224 289 1244 a
313 1224 375 1244 sua
401 1217 434 1243 et
452 1210 604 1255 Lysonis
630 1223 795 1254 persona.

364 1294 498 1327 Aliud
526 1300 857 1338 argumentum.

220 1362 409 1402 Narratio,
452 1363 488 1394 in
526 1375 595 1407 qua
629 1363 858 1394 commendat
884 1361 1112 1395 uecessitudi-

118 1427 200 1447 nem
225 1421 259 1447 et
283 1414 586 1452 familiaritatem,
630 1426 737 1458 quam
770 1426 848 1446 cum
879 1412 1021 1458 Lysone
1049 1410 1111 1445 ha-

118 1465 274 1510 11611ῑῦ8),
302 1472 335 1497 et
359 1466 454 1510 quod
476 1464 506 1498 ei
532 1464 814 1497 incolumitatem
839 1477 858 1497 a
877 1464 1026 1498 Caesare
1046 1464 1111 1496 im-

123 1517 326 1560 petraverit.
380 1516 633 1550 Narrationem
660 1516 820 1561 sequitur
841 1516 987 1561 petitio,
1021 1528 1111 1560 quae

119 1573 170 1601 est
190 1568 404 1611 amplificata
421 1580 485 1612 per
502 1567 729 1600 collationem
743 1594 752 1607 ‚
776 1574 896 1613 estque
915 1566 1001 1600 haec
1017 1580 1110 1600 sum-

121 1629 180 1650 ma
196 1616 300 1651 huius
318 1618 404 1651 loci:
432 1621 547 1652 Antea
566 1619 815 1651 commendaxi
825 1619 1002 1664 Lysonem
1015 1644 1023 1657 ‚
1051 1620 1110 1651 sed

118 1669 156 1701 in
172 1670 315 1701 fortuna
334 1667 448 1701 adhuc
466 1669 592 1705 dubia;
620 1682 715 1701 nunc
732 1683 818 1702 vero
836 1683 915 1703 eum
933 1670 997 1702 tibi
1016 1682 1110 1702 com—

119 1721 271 1759 mendo,
309 1719 364 1752 cni
389 1719 568 1762 ignoxerit
594 1719 735 1753 Caesar.
797 1720 904 1753 Ratio
928 1721 1110 1765 petitionis

118 1784 137 1803 a
165 1783 316 1815 persona
336 1776 475 1814 sumpta
501 1776 567 1803 est:
597 1769 761 1803 Primum
788 1777 819 1803 te
848 1772 994 1815 dignum
1021 1773 1110 1804 sece-

114 1823 182 1860 ris;
211 1822 339 1855 deinde
363 1822 508 1861 efficies,
535 1833 579 1854 ne
604 1821 689 1866 quid
716 1823 757 1854 de
777 1835 832 1855 me
850 1824 1059 1867 suspicetur.

290 1913 474 1949 Scholia
505 1915 547 1948 in
577 1915 821 1959 epistolam
850 1916 922 1948 XX.

218 1984 404 2027 Asclapone
431 1981 516 2030 etc.]
545 1982 715 2017 Narratio
725 1982 785 2029 9⁹).
863 1985 963 2016 Hunc
987 1984 1109 2028 igitur]

115 2034 258 2070 Petitio.

399 2109 678 2152 Argumentu
691 2121 725 2141 m
745 2107 818 2154 l⁰⁰).

219 2176 344 2211 Brevis
372 2183 424 2209 est
447 2177 732 2217 commendatio,
775 2176 811 2208 in
833 2188 902 2221 qua
926 2175 1108 2219 praedicat

117 2229 318 2264 doctrinam
342 2233 376 2260 et
401 2227 605 2260 fidelitatem
622 2228 769 2268 medici,
798 2227 895 2260 cuius
921 2239 1026 2271 opera
1046 2226 1107 2259 ali-

117 2280 256 2327 quoties
281 2280 325 2313 sit
348 2291 449 2318 usus,
477 2291 517 2312 ac
542 2286 664 2323 rogat,
698 2286 737 2313 ut
761 2285 909 2323 propter
930 2291 1007 2311 eam
1030 2290 1106 2310 rem

116 2331 300 2366 hominem
327 2330 603 2374 complectatur,
632 2337 665 2364 et
690 2330 789 2364 omni
809 2328 948 2363 honore
966 2330 1105 2364 afficiat.

114 2383 238 2417 Primo
267 2382 345 2414 loco
371 2387 421 2414 est
450 2381 567 2415 brevis
591 2382 770 2421 narratio;
799 2382 927 2415 deinde
959 2382 1105 2426 petitio;

114 2441 294 2480 postremo
320 2432 467 2477 ponitur
494 2432 660 2468 clausula.

147 2536 196 2563 98)
216 2534 329 2562 habeat]
353 2533 394 2555 sic
414 2531 502 2556 Editt.
520 2531 605 2560 1556..
628 2533 720 2562 1565.;
749 2533 832 2557 Editt.
858 2532 943 2563 1571„
965 2532 1038 2556 1596.
1057 2532 1106 2555 ha-

184 2570 272 2593 beuat.

147 2612 196 2639 99)
215 2612 289 2634 Haec
309 2611 374 2633 nota
394 2610 421 2632 et
439 2614 558 2638 sequens
577 2608 603 2631 in
624 2608 693 2632 solis
709 2609 792 2633 Editt.
805 2609 891 2636 ¹537..
912 2609 998 2635 1540..
1019 2609 1105 2636 1545..

184 2646 257 2669 ¹560.
277 2645 404 2672 exstant3
423 2643 449 2666 in
471 2643 555 2666 Editt.
575 2644 668 2673 1544„
690 2643 781 2669 1554..
803 2644 876 2667 1557.
896 2644 1001 2667 desunt.

148 2688 210 2713 100)
232 2687 287 2709 Hoc
305 2688 495 2714 argumentum
514 2686 542 2708 et
560 2690 677 2715 sequeus
690 2685 903 2717 inEditt.1556.,
926 2686 1104 2710 1565-1596.

178 2720 364 2745 Inveniuntur.

1127 2721 1135 2742 l

2094 119 2167 154 474

1416 202 1553 235 Aliud
1579 210 1909 246 argumentum.

1266 260 1390 296 Brevis
1415 262 1576 295 narratio
1603 269 1653 296 est
1681 263 1723 295 (le
1748 270 1823 296 arte
1848 270 1881 296 et
1907 265 2074 297 fidelitate
2093 277 2165 296 me-

1306 313 1475 358 Sequitur
1492 314 1757 347 commendatio
1776 327 1837 348 seu
1855 316 1991 358 petitio,
2016 322 2052 348 ut
2073 314 2164 348 lum«-

1172 362 1269 394 omni
1296 375 1422 406 genere
1442 364 1640 398 officiorum
1659 365 1813 400 adiuvet.
1867 365 1907 398 In
1932 368 1999 400 sine
2019 367 2165 411 ponitur

1172 413 1340 448 clausula.

1172 307 1252 341 dici.

1337 495 1527 532 Scholia
1560 498 1605 531 in
1634 499 1877 544 epistolam
1906 500 1996 535 XXI.

1273 563 1303 608 ἓ.
1323 567 1356 600 1.
1383 568 1437 601 M.
1453 565 1641 613 Aemilius]
1671 568 1840 602 Narratio
1860 569 1902 612 ¹).

1273 615 1302 659 ᾗ.
1318 619 1353 651 2.
1381 619 1450 651 Sed
1460 615 1576 664 quum]
1594 618 1736 652 Petitio.
1790 623 1879 654 Nam
1898 632 1996 666 quum
2010 624 2164 662 propter-

1167 663 1227 712 ea]
1255 666 1363 700 Ratio
1380 667 1565 711 petitionis
1582 680 1623 701 ex
1640 670 1787 704 meritis.
1840 674 1956 716 Itaque
1977 669 2068 717 peto]
2097 670 2165 702 'rte-

1170 717 1294 760 pctitio
1311 718 1495 762 petitionis
1510 744 1518 758 ‚
1547 732 1608 752 seu
1627 721 1818 755 conclusio.

1470 804 1804 848 Argumentum
1828 806 1870 850 ¹²).

1272 860 1401 894 Totam
1429 864 1597 903 domum,
1635 864 1799 908 inprimis
1830 866 1995 898 libertum
2021 865 2162 898 Aemilii

1168 914 1395 945 commendat
1418 914 1556 948 Servio.
1608 915 1714 948 Initio
1739 917 1934 950 recitantur
1961 930 2084 950 causae
2104 919 2164 949 be-

1166 964 1417 1003 nexolentiae‚
1452 972 1600 1009 propter
1627 978 1714 1012 quas
1748 968 1875 1011 dignus
1906 968 2020 1001 videri
2054 968 2163 1011 possit

1167 1015 1490 1050 commendatione.
1545 1017 1669 1051 Causis
1686 1019 1872 1052 subiicitur
1890 1019 2102 1064 propositio,
2129 1020 2164 1050 in

1167 1078 1235 1111 qua
1255 1067 1445 1111 praecipue
1470 1067 1542 1111 agit
1560 1069 1603 1102 de
1628 1069 1774 1110 liberto,
1799 1071 1975 1104 adiunctis
2000 1071 2067 1103 fide
2090 1070 2163 1103 eius

1166 1123 1200 1150 et
1228 1118 1351 1152 officiis
1379 1118 1416 1151 in
1441 1120 1763 1155 confirmationem.

1405 1194 1543 1229 Aliud
1573 1203 1906 1241 argumentum.

1269 1252 1506 1287 Commendat
1529 1255 1722 1290 Aemilium
1752 1263 1786 1290 et
1803 1257 2061 1291 Hammonium
2087 1257 2162 1291 eius

1165 1302 1344 1338 libertum.
1394 1305 1592 1340 Exordium
1616 1308 1725 1341 sumit
1750 1320 1769 1341 a
1796 1309 1909 1342 causis
1934 1311 2160 1342 commenda-

1166 1354 1285 1388 tionis.
1362 1356 1510 1389 Subiicit
1549 1358 1676 1392 deinde
1708 1360 2013 1404 propositionem,
2050 1361 2160 1402 utldc

1165 1405 1325 1452 utrisque
1342 1407 1386 1440 sit
1402 1408 1584 1449 sollicitus,
1603 1422 1733 1456 eosque
1753 1411 1851 1444 omni
1869 1412 1986 1445 studio
2005 1412 2160 1445 adiuxet.

1166 1456 1211 1502 In,
1229 1459 1455 1492 conclusione
1480 1461 1652 1504 repetitur
1676 1463 1888 1506 propositio.

1411 1534 1548 1569 Aliud
1577 1544 1904 1581 argumentum.

1265 1593 1434 1627 Narratio
1462 1596 1620 1629 continet
1638 1609 1760 1631 causas
1782 1598 2051 1631 benevolentiae
2066 1598 2097 1643 3)
2126 1605 2159 1630 et

1164 1646 1498 1679 commendationis.
1552 1647 1721 1693 Sequitur
1747 1649 1892 1692 petitio,
1921 1662 2012 1694 quae
2030 1650 2159 1693 duplex

1163 1701 1224 1728 est.
1280 1696 1385 1729 Ratio
1413 1704 1553 1742 sumpta
1579 1705 1629 1732 est
1657 1712 1697 1732 ex
1722 1700 1857 1734 meritis
1883 1700 2089 1733 Hammonii
2117 1700 2158 1732 li-

1163 1746 1266 1779 berti.
1319 1747 1489 1792 Epilogus
1518 1747 1625 1783 habet
1651 1751 1796 1784 brevem
1825 1752 2073 1795 repetitionem
2098 1764 2156 1795 pe-

1163 1797 1310 1830 titionis.

1315 1879 1501 1915 Scholia
1532 1883 1576 1916 in
1611 1884 1858 1929 epistolam
1888 1885 1992 1920 XXII.

1266 1946 1294 1991 ἓ.
1314 1949 1345 1982 1.
1378 1952 1490 1983 Titum
1503 1952 1691 1995 sslccnlt'um]
1719 1952 1939 1998 Narratio'4).

1265 1999 1295 2042 ξ.
1310 2002 1345 2034 2.
1375 2003 1615 2036 Gratissimum
1632 2001 1754 2050 iyitur]
1772 2004 1915 2039 Petitio.
1956 2008 2013 2039 Ex·
2032 2007 2152 2048 ipsius-

1163 2049 1285 2098 que')]
1314 2051 1434 2085 Ratio.

1460 2127 1786 2172 Argumentum
1801 2131 1844 2177 6).

1262 2187 1438 2221 Accurata
1467 2194 1518 2221 est
1534 2191 1798 2223 commendatio
1817 2203 1882 2234 pro
1905 2191 2039 2223 Manlio
2061 2204 2152 2222 mer-

1160 2245 1292 2273 catore.
1362 2238 1561 2272 Exordium
1596 2242 1748 2273 sumitur
1783 2254 1802 2273 a
1834 2242 2066 2281 narratione,
2108 2244 2150 2274 de

1195 2340 1225 2369 1)
1246 2341 1320 2364 Haec
1345 2340 1411 2363 nota
1435 2340 1462 2363 et
1487 2339 1504 2362 3
1528 2341 1675 2369 sequentes
1700 2339 1726 2363 in
1745 2340 1829 2365 Editt.
1852 2341 1937 2371 1537.‚
1958 2342 2042 2371 1540„
2065 2343 2149 2369 1545..

1230 2375 1304 2398 1560.
1324 2375 1470 2404 leguntur:
1490 2374 1516 2397 in
1534 2374 1617 2397 Editt.
1635 2375 1725 2401 1544..
1747 2375 1836 2405 1554.,
1857 2376 1930 2400 1557.
1952 2377 2057 2400 desunt.
2143 2370 2148 2373 ’

1192 2409 1223 2437 2)
1244 2410 1300 2432 Hoc
1319 2410 1510 2439 argumentum
1529 2411 1556 2431 et
1581 2409 1633 2432 duo
1659 2409 1804 2438 sequeutia
1829 2410 1856 2433 iu
1876 2411 2062 2441 mamam..
2084 2412 2149 2435 1565

1230 2444 1346 2467 -1596,
1370 2445 1488 2466 exstant.

1192 2478 1223 2506 3)
1242 2477 1464 2505 benevoleutIae]
1485 2477 1524 2500 stc
1538 2476 1620 2499 Editt.
1639 2477 1723 2504 1556.,
1747 2478 1838 2507 1596.;
1866 2479 1949 2503 Editt.
1968 2480 2051 2511 1565„
2073 2480 2146 2506 1571,

1229 2518 1326 2536 errore
1345 2513 1473 2541 typogr.:
1494 2511 1693 2534 benevolentia.

1193 2548 1223 2574 4)
1242 2548 1317 2570 Haec
1342 2548 1407 2569 nota
1432 2547 1458 2568 et
1482 2545 1499 2568 2
1519 2547 1665 2574 sequentes
1691 2545 1716 2568 in
1737 2546 1819 2570 Editt.
1845 2547 1933 2572 1537..
1956 2548 2039 2572 1540..
2063 2549 2145 2576 ¹545..

1228 2582 1302 2605 1560.
1322 2580 1512 2607 inveniuntur·;
1533 2579 1560 2602 iu
1578 2580 1662 2603 Editt.
1680 2581 1771 2605 154⁴..
1797 2582 1869 2606 1:254.
1882 2598 1889 2606 .
1910 2582 1983 2606 1557.
2004 2583 2110 2605 desunt.

1192 2614 1222 2647 5)
1243 2615 1296 2638 Pro
1321 2615 1364 2637 his
1390 2614 1445 2638 Cic.
1475 2613 1567 2636 verbis
1601 2614 1626 2636 iu
1651 2614 1735 2638 Editt.
1763 2616 1852 2639 1545..
1882 2616 1955 2639 1560.
1980 2617 2041 2640 huic
2065 2620 2145 2640 notae

1228 2650 1348 2679 praefixa
1362 2650 1424 2671 sunt
1443 2647 1648 2671 antecedentia:
1674 2649 1768 2673 Titum
1788 2650 1940 2674 Mannum.

1190 2684 1220 2711 6)
1241 2685 1298 2707 Hoc
1315 2686 1504 2713 argumentum
1524 2683 1550 2705 et
1567 2689 1686 2712 sequens
1706 2684 1739 2707 ab
1752 2684 1837 2707 Editt.
1857 2685 1941 2713 1556..
1966 2685 2144 2709 1565—1596.

1225 2718 1392 2742 exhihentur.
