2351 2990
176 130 248 166 343

183 223 240 260 pta
259 228 298 248 cx
315 213 518 247 delinitione
536 211 608 244 veri
629 209 787 243 honoris.
839 208 934 239 Loco
959 203 1087 249 epilogi
1115 209 1166 236 cst

185 265 385 299 adhortatio
418 265 460 296 ad
483 270 662 296 strenuam
689 259 928 293 ‹lelbusionem
953 254 1166 299 reipublicae

185 324 217 349 ct
236 314 496 349 commendatio
511 314 563 347 sui
583 312 698 345 officii.

426 397 558 431 Aliud
589 398 915 437 argumentum.

288 464 349 498 Est
366 463 569 498 suavissima
589 459 757 504 epis-tola,
785 458 821 490 in
848 468 916 502 qua
932 456 1065 489 Planco
1089 467 1171 499 pro-

191 515 298 548 mittit
329 515 471 547 nomine
500 511 714 555 reipublicae
751 508 949 553 praemium
992 505 1173 550 dignitatis

191 567 318 598 xirtute
343 565 448 608 ipsius
469 563 634 605 dignum,
675 567 708 593 et
740 558 903 592 hortatur
935 570 1015 590 eum
1047 557 1090 589 ad
1116 556 1173 588 illa

194 615 335 648 consilia
370 615 525 657 urgenda
558 626 596 645 ac
626 611 849 644 retinendum
883 609 1041 641 animuin
1076 607 1174 640 illum

196 678 274 709 erga
295 664 560 708 rempublicam.
612 662 675 696 list
695 667 811 694 autem
827 660 999 694 narratio.

438 747 570 780 Aliud
598 750 923 789 argumentum.

296 814 418 847 Primo
452 814 528 845 loco
562 812 708 857 ponitur
740 811 899 844 narratio
931 811 974 842 de
998 808 1179 841 roltiutate

197 865 318 899 I‘lanci
335 877 415 908 erga
436 863 689 908 rempublicam
707 862 776 894 iam
795 863 883 894 benc
899 857 1123 904 cognita‚qui
1136 857 1180 889 ol)

200 929 277 949 eam
297 928 370 948 rem
390 916 483 959 apud
503 926 624 947 omues
642 914 686 947 sit
706 912 743 945 in
769 924 906 946 summa
934 908 1181 944 admiratione.

200 967 336 999 Deinde
379 978 442 1010 per
477 964 744 1009 occupationem
780 963 938 1008 sequitur
972 959 1183 1005 propositio,

202 1017 334 1061 optime
350 1018 477 1049 sactum
496 1028 566 1049 esse
585 1022 615 1047 et
635 1015 776 1059 quidem
796 1026 873 1046 cum
889 1013 1060 1056 dignitate
1076 1010 1184 1053 ipsius

200 1068 343 1106 Planci,
385 1068 480 1111 quod
512 1064 666 1098 honores
697 1063 866 1097 hactenus
895 1076 968 1096 non
996 1061 1128 1095 suerint
1139 1060 1184 1105 το)

203 1118 330 1151 decreti
349 1129 410 1161 per
425 1123 597 1150 senatum.
650 1115 756 1148 Ratio
774 1114 1029 1158 propositionis
1045 1117 1184 1155 sumpta

204 1175 254 1201 est
270 1169 313 1200 al»
331 1166 478 1200 honesto
497 1173 530 1199 et
548 1179 566 1199 a
584 1166 788 1199 definitione
805 1165 880 1197 veri
895 1163 1053 1197 honoris.
1103 1161 1186 1205 Epi-

203 1219 302 1262 logus
319 1216 424 1251 habet
441 1215 746 1255 adhortationem,
772 1222 811 1248 ut
834 1221 958 1260 pergat
981 1213 1074 1247 tueri
1094 1224 1187 1245 rem-

204 1269 393 1313 publicam.
445 1267 484 1301 In
501 1269 569 1300 fine
587 1268 699 1301 desert
713 1267 846 1300 Planco
863 1278 963 1299 suam
981 1276 1138 1309 operam.

389 1358 575 1393 Scholia
604 1360 647 1392 in
677 1358 917 1403 epistolam
945 1355 1002 1391 XI.

309 1435 339 1480 {-
358 1437 389 1469 1.
417 1436 627 1469 Immoricdes
643 1432 723 1480 ayo]
753 1433 965 1471 Exordhun,
993 1437 1111 1475 captat
1131 1431 1189 1462 be—

210 1487 446 1519 nevolentiam
467 1498 484 1518 a
503 1485 697 1528 gratiarum
718 1484 866 1516 actione.
923 1485 1033 1524 Quare
1050 1479 1189 1527 teoto⁷¹)]

210 1538 369 1572 Yicissim
389 1537 574 1580 pollicetur
591 1547 735 1578 operam
753 1546 864 1567 suam.

313 1587 342 1631 {-
361 1590 395 1622 2.
424 1589 528 1627 Quum
549 1583 764 1630 Rhodanum]
791 1582 970 1618 Narratio.

508 1668 539 1701 A
547 1681 563 1700 r
573 1683 590 1712 g
601 1681 624 1701 u
636 1681 666 1700 uz
678 1681 694 1701 e
706 1681 726 1700 n
739 1675 826 1701 tum
845 1667 902 1713 72).

314 1735 472 1780 Duplicis
491 1742 542 1769 est
557 1735 768 1777 argumenti.
819 1734 941 1766 Primo
965 1732 1058 1765 enim
1085 1731 1195 1764 conti-

215 1795 273 1820 net
291 1787 484 1830 gratiarum
501 1786 675 1818 actionem
692 1797 758 1829 pro
787 1786 926 1817 defensa
951 1790 985 1816 et
1007 1789 1108 1816 aucta
1134 1794 1194 1815 sua

216 1839 396 1881 dignitate.
451 1836 588 1870 Deinde
617 1842 666 1869 est
688 1835 846 1868 narratio
872 1841 1041 1879 perpetua
1066 1835 1108 1866 de
1133 1845 1196 1867 suo

216 1889 361 1921 consilio
397 1894 429 1921 et
459 1900 518 1931 spe
544 1888 716 1920 iuvandae
740 1886 954 1929 reipublicae
979 1891 1099 1917 contra
1124 1884 1198 1916 vio-

218 1939 361 1971 lentiam
386 1938 545 1971 Antonii.
607 1936 734 1981 Incipit
759 1943 876 1969 autem
905 1948 923 1968 a
954 1935 1198 1979 propositione

218 1990 411 2033 gratiarum
445 1988 610 2028 actionis,
653 2000 758 2033 quam
791 1987 1018 2030 amplificavit
1049 1997 1200 2018 comme-

220 2041 419 2072 moratione
445 2039 694 2072 beneficiorum
714 2038 913 2077 Ciceronis,
944 2037 1078 2069 adiecta
1102 2035 1201 2069 brevi

222 2091 453 2124 obtestatione
471 2092 514 2123 ad
531 2102 565 2123 se
580 2091 762 2122 tuendum.
804 2088 970 2132 Sequitur
985 2088 1093 2120 altera
1108 2098 1202 2131 pars,

223 2141 259 2173 in
287 2154 355 2186 qua
381 2141 524 2185 exponit
547 2152 648 2174 suum
675 2139 893 2178 institutum,
932 2145 972 2171 ut
995 2143 1142 2171 testetur
1168 2149 1202 2171 se

227 2193 378 2226 osticium
396 2192 582 2236 diligenter
597 2190 822 2234 praestItisse.

469 2275 608 2308 Aliud
636 2278 958 2317 argumentum.

331 2344 506 2377 Continua
521 2341 679 2375 narratio
690 2367 699 2380 ‚
724 2340 909 2384 brevisque
923 2339 1068 2384 epistola
1079 2366 1089 2379 ‚
1117 2351 1206 2384 quae

233 2401 368 2427 constat
401 2395 511 2427 tribus
542 2393 713 2437 partibus.
776 2390 898 2424 Prima
930 2397 981 2423 est
1014 2390 1206 2434 gratiarum

268 2510 314 2536 70]
335 2509 448 2537 fuerint]
466 2509 505 2532 sic
522 2509 570 2532 Ed.
591 2509 682 2538 1556.;

301 2546 374 2566 runt.

270 2586 318 2612 71)
335 2586 429 2614 Quare
447 2584 518 2612 non]
543 2584 582 2606 sic
610 2590 703 2607 onmes
731 2583 794 2606 ittae
818 2582 900 2606 Editt.
920 2582 947 2605 et
964 2581 1018 2612 al.;

299 2626 365 2643 ηοη.

270 2662 317 2689 72)
336 2661 393 2684 Hoc
412 2661 599 2690 argumentum
618 2662 644 2682 et
662 2659 713 2683 duo
733 2659 874 2689 sequentia
891 2659 924 2683 ab
941 2657 1024 2682 Editt.
1038 2656 1121 2687 1556„
1144 2655 1212 2679 1565

302 2707 333 2712 —
344 2694 416 2718 1:196.
438 2694 604 2717 eniibentur.

718 2507 801 2531 Editt.
821 2506 913 2536 1555„
933 2505 1026 2537 1571„
1048 2505 1121 2528 1596.
1149 2504 1210 2527 sue-

1052 2580 1101 2604 Ed.
1125 2579 1209 2604 Orell.

749 122 871 158 PHlL.
904 119 1016 155 MEL.
1051 116 1252 153 SCRIPTA
1287 117 1623 154 PHILOLOGICA.

2129 121 2205 157 344

1219 204 1309 236 actio
1344 216 1410 248 pro
1443 206 1575 240 officiis.
1645 206 1805 240 Secunda
1835 205 1951 239 brevis
1980 205 2125 250 petitio,
2168 213 2208 240 ut

1220 266 1328 298 porro
1347 256 1512 289 defendat
1527 257 1563 289 in
1585 264 1710 291 senatu
1737 257 1903 291 amicum.
1955 255 2077 289 Tertia
2100 253 2208 291 habet

1220 306 1395 348 prolixam
1416 307 1685 351 explicationem
1712 308 1942 342 consiliorum
1965 308 2008 340 de
2030 306 2123 340 bello
2148 309 2209 339 ad-

1223 367 1342 389 versus
1358 356 1554 391 Antoniam
1566 386 1575 400 ‚
1603 360 1720 393 addita
1741 358 1997 403 pollicitatione
2009 384 2018 398 ‚
2053 357 2149 403 quod
2167 369 2208 391 ea

1224 406 1260 438 iu
1277 418 1315 439 re
1331 418 1404 440 uon
1421 408 1504 441 velit
1519 410 1637 443 deesse
1655 410 1880 454 reipublicae.
1939 408 1978 442 Iu
2002 409 2070 441 fine
2089 415 2212 441 monet

1225 458 1267 490 de
1283 469 1346 490 suo
1365 459 1500 499 studio,
1527 466 1567 493 ut
1587 461 1776 505 coniungat
1793 473 1828 495 se
1845 471 1951 506 quam
1969 460 2126 504 primum
2144 458 2212 491 Le—

1227 507 1310 551 pido
1328 515 1474 552 propter
1493 512 1746 555 rempublicam
1758 538 1768 552 ‚
1796 518 1829 545 et
1845 511 1943 545 addit
1966 509 2212 555 gravissimam

1227 559 1437 592 senteutiam
1455 561 1498 593 de
1516 562 1662 604 privatis
1678 562 1836 602 iniuriis,
1865 563 1961 608 quod
1986 561 2066 594 illae
2090 572 2213 594 omnes

1229 610 1484 644 condonandae
1499 611 1570 645 sint
1587 612 1813 657 reipublicae.

1480 693 1616 728 Aliud
1643 702 1969 739 argumentum.

1331 760 1528 795 Exordium
1552 769 1731 807 sumptum
1757 769 1808 797 est
1833 775 1851 795 a
1877 762 2092 806 gratitudine
2111 762 2216 794 bene-

1232 809 1413 851 ficiorum,
1458 825 1524 857 pro
1555 813 1682 858 quibus
1705 826 1779 846 non
1805 814 1914 858 possit
1938 825 2002 846 nec
2023 824 2125 856 agere
2155 823 2217 844 nec

1233 861 1363 895 referre
1379 863 1503 906 dignas
1518 864 1659 907 gratias.
1713 865 1918 910 Sequuntur
1933 865 2022 897 duae
2043 863 2219 895 narratio-

1235 923 1306 946 nes.
1359 913 1478 946 Altera
1501 912 1607 947 habet
1634 915 2011 948 commemorationem
2034 912 2221 946 beneficio-

1236 974 1315 995 rum
1332 963 1511 998 Ciceronis
1527 978 1592 1009 pro
1609 968 1738 999 tuenda
1757 966 1927 1010 dignitate
1943 964 2078 998 Planci.
2130 962 2221 996 Huic

1237 1013 1379 1047 additur
1402 1015 1545 1059 petitio,
1589 1023 1627 1049 ut
1657 1029 1756 1050 suam
1788 1017 1996 1059 dignitatem
2020 1019 2223 1048 constanter

1238 1071 1361 1107 pergat
1378 1066 1480 1099 tueri.
1512 1065 1552 1098 ln
1568 1067 1676 1099 altera
1694 1068 1819 1100 recitat
1835 1067 1979 1100 consilia
1998 1078 2061 1099 sua
2077 1066 2120 1098 de
2138 1076 2221 1097 con-

1239 1115 1412 1148 firmanda
1428 1117 1606 1160 republica
1620 1143 1629 1157 ‚
1656 1123 1691 1149 et
1707 1118 1750 1150 de
1767 1117 1961 1150 resistendo
1978 1115 2149 1149 Antonio.
2182 1112 2223 1146 In

1239 1166 1307 1198 sine
1330 1173 1381 1199 est
1402 1167 1634 1210 pollicitatio,
1673 1180 1708 1201 se
1737 1167 1857 1200 omnia
1878 1168 2055 1201 facturum
2077 1170 2224 1210 propter

1239 1217 1387 1250 salutem
1404 1218 1630 1261 reipublicae.

1419 1315 1604 1351 Scholia
1632 1318 1676 1350 in
1703 1318 1942 1362 epistolam
1970 1316 2044 1351 XII.

1345 1388 1374 1433 §-
1395 1391 1427 1424 1.
1455 1394 1530 1425 Etsi
1555 1389 1774 1438 reipublicae]
1808 1391 2021 1424 Exordium:
2061 1389 2137 1424 Etsi
2160 1389 2226 1422 rei-

1243 1441 1403 1485 publicae
1424 1453 1526 1474 causa
1546 1443 1702 1484 gaudeo,
1731 1449 1850 1474 tamen
1872 1448 1905 1475 et
1930 1441 2089 1486 gaudebo
2100 1440 2145 1487 73)
2164 1446 2225 1473 tua

1244 1504 1359 1525 causa.
1439 1495 1521 1527 cave
1536 1490 1644 1539 enim]
1673 1492 1796 1525 Ratio:
1824 1492 2041 1527 Placuerunt
2063 1489 2227 1525 omnibus

1245 1549 1304 1576 tua
1326 1543 1513 1586 promissa.

1348 1591 1377 1636 ἓ.
1394 1593 1429 1626 3.
1451 1595 1615 1628 Recitatis
1637 1591 1780 1640 litteris]
1808 1593 1975 1627 Narratio
1995 1590 2227 1625 certaminum

1247 1644 1288 1676 de
1303 1641 1501 1676 honoribus
1517 1643 1651 1676 Planci.

1351 1693 1380 1737 ξ.
1399 1692 1433 1727 5.
1461 1696 1567 1738 Perye
1587 1691 1710 1740 [fitur]
1737 1691 1950 1727 Adhortatio
1975 1694 2019 1726 ad
2042 1692 2230 1726 defenden-

1249 1745 1330 1777 dam
1359 1745 1613 1788 rempublicam
1646 1756 1687 1777 cx
1717 1742 1876 1778 honesto.
1978 1747 2062 1778 Eum
2085 1743 2231 1787 faculta-

1248 1793 1395 1841 {etn⁷²)]
1423 1795 1602 1839 Repetitio
1621 1792 1891 1829 adhortationis.
1950 1796 2011 1829 Me
2025 1800 2101 1828 tuae
2117 1794 2230 1837 de‘ym'-

1249 1844 1350 1894 tatis]
1378 1846 1500 1879 Defert
1516 1859 1618 1880 suum
1636 1846 1801 1879 officium.

1542 1929 1929 1974 Argumentum⁷⁵).

1356 1995 1563 2029 Gratulatur
1584 1994 1717 2027 Planco
1742 1995 1784 2027 de
1809 1993 1992 2027 conciliata
2023 1991 2234 2025 benevolen-

1254 2048 1302 2080 tia
1321 2047 1426 2080 totius
1442 2046 1566 2090 populi
1580 2045 1736 2077 Romani
1760 2057 1822 2089 per
1845 2045 1980 2077 litteras
2005 2045 2049 2076 ad
2070 2049 2232 2077 senatum

1255 2099 1413 2142 scriptas.
1464 2097 1618 2130 Exorsus
1637 2102 1753 2128 autem
1775 2101 1825 2129 est
1847 2107 1866 2128 a
1891 2094 2135 2139 propositione
2156 2104 2234 2137 gra-

1257 2147 1438 2183 tulationis
1454 2160 1518 2192 per
1539 2147 1824 2191 occupationem:
1859 2145 2009 2186 Laetor,
2041 2146 2137 2191 quod
2159 2155 2235 2176 ma-

1257 2213 1361 2245 gnam
1377 2199 1582 2242 dignitatern
1600 2204 1804 2231 consecutus
1821 2209 1866 2230 es.
1918 2197 2025 2230 Ratio
2046 2202 2113 2230 est:
2141 2194 2236 2240 Quia

1258 2258 1338 2285 tuae
1369 2250 1504 2283 litterae
1531 2248 1728 2292 benigniter
1761 2261 1780 2281 a
1809 2254 1932 2282 senatu
1957 2253 2118 2291 acceptae
2143 2251 2235 2279 sunt.

1259 2303 1359 2336 Hanc
1374 2300 1550 2334 rationem
1577 2299 1722 2343 exponit
1745 2312 1764 2332 a
1789 2299 1924 2333 meritis
1941 2297 2065 2332 Planci
2089 2304 2123 2330 et
2143 2296 2235 2329 litte-

1295 2430 1343 2459 73)
1361 2429 1497 2460 gaudebo]
1516 2427 1556 2450 sic
1574 2426 1656 2451 Editt.
1680 2426 1770 2458 1537.‚
1793 2426 1883 2457 1540„
1909 2426 1998 2456 1544„
2023 2424 2118 2456 ¹554„
2144 2423 2234 2456 155⁷.;

1329 2465 1411 2489 Editt.
1433 2463 1521 2491 1545„
1542 2462 1614 2485 1560.
1634 2461 1749 2491 gaudeo.

1295 2507 1343 2534 74)
1362 2507 1436 2529 Haec
1452 2505 1506 2529 Cic.
1526 2505 1609 2527 verba
1628 2503 1655 2527 in
1673 2504 1756 2526 Editt.
1774 2503 1864 2533 1545.,
1884 2502 1958 2526 1560.
1976 2501 2036 2525 huie
2053 2502 2134 2525 notae
2151 2506 2234 2531 prae-

1331 2542 1385 2565 fixa
1402 2542 1480 2568 sunt,
1507 2539 1569 2569 quia
1587 2539 1613 2561 in
1632 2538 1681 2562 Ed.
1702 2537 1776 2561 1537.
1794 2537 1836 2560 his
1854 2537 1881 2560 iu
1899 2535 2020 2566 margine
2037 2535 2162 2565 apposita
2182 2538 2235 2561 est.

1330 2576 1360 2599 ln
1376 2575 1459 2597 Editt.
1478 2573 1563 2599 1540..
1583 2573 1672 2600 1544„
1693 2572 1784 2602 1554„
1806 2571 1878 2596 1557.
1898 2576 1946 2600 pro
1964 2569 1998 2593 iis
2015 2569 2156 2600 adscripta
2172 2572 2235 2594 suut

1330 2608 1486 2638 sequentia:
1511 2608 1602 2637 Quam
1619 2607 1762 2637 quonium.

1297 2652 1345 2679 75)
1365 2652 1421 2675 Hoc
1440 2651 1627 2677 argumentum
1647 2651 1673 2672 et
1692 2649 1742 2672 duo
1760 2645 1902 2678 sequentia
1919 2645 1947 2670 iu
1963 2645 2046 2671 Editt.
2063 2646 2154 2677 1556„
2175 2647 2239 2671 1565

1331 2698 1365 2704 —
1375 2685 1449 2710 1596.
1466 2684 1627 2708 atrei-mitur.
