2351 2990
125 102 222 140 1035

220 190 344 234 Neque
365 194 483 220 tamen
499 187 581 220 volo
602 199 666 219 nos
683 186 809 219 stolide
828 185 1046 229 permittere,
1074 191 1112 217 ut

115 241 230 275 socios
248 240 378 273 iniuria
399 239 565 278 afficiant,
593 244 625 270 et
644 250 716 270 non
737 248 922 269 occurrere
941 236 1112 269 insidian-

116 293 228 329 tibus,
256 292 316 325 sed
334 291 494 323 nondum
514 300 656 322 movere.
676 288 820 321 bellum.
862 287 1015 330 Legatos
1031 287 1112 320 mit—

116 352 252 383 tamus,
281 349 313 375 et
334 353 535 375 accusemus
561 352 640 378 eos,
676 340 837 372 nondum
863 339 994 372 bellum
1021 338 1112 371 indi-

117 402 254 434 cantes,
296 406 359 426 nec
393 400 512 426 tamen
544 390 724 423 licentiam
751 390 1003 434 progrediendi
1029 389 1112 434 ipsis

117 447 360 480 concedentes.
425 442 562 475 Interea
596 454 681 474 vero
706 454 771 475 nos
797 441 1035 481 instruamus,
1079 447 1113 473 et

115 498 228 532 socios
248 496 350 530 nobis
368 494 602 537 adiungamus
619 493 774 526 Graecos
798 499 832 525 et
856 493 1049 532 barbaros,
1083 492 1113 526 si

117 550 177 595 qui
200 561 265 581 nos
291 548 396 580 classe
422 552 455 578 et
480 543 629 589 pecunia
658 545 780 577 iuvare
809 550 968 588 possunt.
1030 543 1111 577 Non

117 601 210 634 enim
229 596 562 643 reprehendendum
583 601 653 636 est,
679 593 783 635 sihi,
820 595 881 641 qui
904 595 1035 628 iniuria
1063 596 1112 628 af-

116 651 282 685 ficiuntur
299 647 513 682 defensionis
529 659 612 681 suae
631 659 733 680 causa
746 673 755 687 ,
784 659 857 679 non
874 647 988 680 solum
1001 646 1111 680 Grae-

116 716 193 742 cos,
220 702 281 735 sed
309 701 414 734 etiam
440 699 614 732 barbaros
637 698 705 732 sibi
729 698 936 742 adiungant.
997 698 1111 731 Simul

115 761 149 787 et
181 766 222 786 ex
253 752 383 785 nostrIs
410 750 635 783 facultatibus
660 749 848 794 pecuniam
876 750 1111 783 conseramus.

114 806 164 838 Ac
187 805 217 838 si
238 801 473 838 Athenienses
499 801 645 835 audient
668 807 809 835 nostros
831 801 986 845 legatos,
1022 801 1111 833 bene

115 870 150 890 se
175 869 230 889 res
257 853 407 891 habent,
452 854 505 887 sin
531 859 649 886 autem
675 864 750 886 non
772 852 937 893 audient,
981 852 1112 885 exactis

115 908 254 942 duobus
273 912 334 939 aut
351 905 462 938 tribus
478 905 602 944 annis,
629 904 755 937 melius
774 904 903 937 muniti
928 916 987 937 eos
1013 904 1112 936 inva-

116 961 259 997 demus,
300 970 340 990 ac
372 956 531 990 fortassis
560 962 748 1000 conspecto
773 962 896 989 nostro
923 961 1111 999 apparatu,

115 1017 148 1044 et
181 1009 310 1043 auditis
343 1007 650 1047 accusationibus,
699 1018 789 1052 quae
822 1019 902 1040 cum
935 1012 1111 1051 apparatu

115 1066 336 1105 congruunt,
382 1059 518 1092 facilius
544 1057 647 1092 nobis
675 1059 818 1098 cedent,
860 1070 939 1091 cum
966 1058 1108 1103 quidem

114 1113 274 1147 nondum
293 1111 340 1144 eis
357 1110 433 1154 agri
448 1110 577 1144 vastati
594 1115 716 1147 erunt;
747 1109 859 1153 magis
877 1109 972 1142 enim
991 1109 1112 1141 volent

113 1176 254 1199 servare
273 1175 329 1196 res
348 1161 514 1205 integras.
566 1160 775 1194 Existimate
795 1160 889 1193 enim
909 1172 1034 1204 agrum
1053 1172 1111 1193 eo-

113 1228 194 1250 rum
213 1214 316 1247 nobis
334 1213 493 1257 pignoris
511 1213 589 1246 loco
608 1224 680 1246 esse
694 1239 702 1252 ,
730 1212 939 1256 praesertim
957 1223 1032 1244 non
1052 1223 1111 1244 va-

114 1274 266 1305 statum,
308 1266 363 1298 cui
390 1271 423 1297 et
447 1265 492 1298 ob
516 1262 609 1297 hanc
631 1275 772 1297 causam
804 1264 1021 1307 parcendum
1048 1269 1110 1302 est,

114 1331 158 1352 ne
179 1318 426 1361 desperatione
445 1316 533 1349 moti
552 1322 672 1360 postea
692 1315 810 1348 minus
827 1315 964 1348 cedant.
1017 1313 1109 1347 Nam

114 1371 142 1405 si
160 1367 328 1413 imparati
344 1368 497 1413 querelis
515 1367 694 1400 sociorum
714 1366 878 1410 impulsi,
907 1377 1030 1408 agrum
1052 1376 1110 1396 va-

113 1421 303 1459 stabimus,
330 1420 467 1459 videte,
501 1431 545 1451 ne
562 1418 812 1462 Peloponneso
832 1417 909 1460 plus
928 1415 1111 1448 dedecoris

114 1480 146 1507 et
166 1473 381 1505 damnorum
399 1471 546 1503 accidat.
599 1468 852 1502 Accusationes
877 1467 970 1499 enim
996 1466 1111 1511 publi-

114 1537 174 1558 cae
191 1530 224 1556 et
239 1522 400 1567 privatae
418 1520 576 1565 extingui
593 1526 760 1564 possunt;
781 1519 913 1552 bellum
932 1530 1016 1551 vero
1035 1530 1111 1550 mo-

113 1583 190 1609 tum
209 1574 253 1606 ab
267 1573 460 1613 universis,
495 1572 593 1605 cuius
619 1571 730 1604 exitus
754 1571 908 1603 incertus
935 1575 1004 1609 est,
1036 1581 1110 1601 non

113 1626 214 1660 facile
233 1624 366 1669 deponi
384 1630 512 1668 potest.

216 1677 289 1711 Nec
311 1676 476 1709 videatur
499 1686 571 1708 esse
597 1673 787 1711 timiditas,
819 1671 915 1716 quod
941 1683 1015 1704 non
1041 1677 1110 1704 sta-

114 1729 178 1762 tim
195 1728 399 1760 invadimus
416 1738 524 1760 unam
544 1725 671 1758 urbem
686 1723 801 1757 multi.
854 1722 944 1756 Sunt
959 1722 1054 1755 enim
1077 1728 1111 1754 et

113 1780 182 1813 illis
199 1778 285 1813 socii
304 1790 378 1811 non
397 1777 606 1822 pauciores,
634 1782 668 1809 et
694 1775 838 1821 quidem
865 1774 998 1807 tributa
1025 1786 1110 1818 pen-

112 1833 256 1871 dentes,
284 1830 373 1863 etin
396 1830 489 1862 bello
515 1840 590 1861 non
615 1827 730 1862 solum
757 1825 885 1865 armis,
917 1826 977 1860 sed
1003 1825 1110 1858 etiam

112 1882 263 1928 pecunia
281 1894 370 1926 opus
387 1886 455 1921 est,
483 1892 554 1926 qua
572 1880 662 1913 fiunt
677 1890 777 1911 arma
795 1877 917 1917 utilia,
952 1888 1111 1921 praeser-

113 1935 177 1968 tim
195 1946 275 1967 cum
289 1945 354 1966 nos
371 1939 488 1971 terra,
515 1942 590 1964 non
607 1930 716 1970 mari,
741 1929 873 1963 bellum
892 1940 1013 1972 gerere
1030 1940 1111 1972 pos-

113 1986 234 2020 simus.
300 1984 405 2018 Prius
438 1978 547 2027 igitur
578 1994 644 2016 nos
675 1981 882 2025 colligamus
909 1979 1111 2024 pecuniam,

114 2049 179 2070 nec
199 2042 302 2069 antea
321 2047 387 2069 nos
404 2034 629 2068 sermonibus
652 2033 833 2067 sociorum
860 2031 996 2076 impelli
1018 2031 1111 2065 sina-

113 2101 204 2122 mus.
255 2087 347 2121 Nam
367 2086 570 2132 quicunque
588 2091 693 2119 erunt
712 2084 836 2124 exitus,
864 2083 901 2115 in
918 2095 983 2116 nos
1000 2082 1111 2126 magis

114 2151 217 2173 causa
239 2139 452 2173 conferetur.
504 2137 579 2172 Nos
596 2137 705 2181 igitur
722 2134 834 2180 magis
852 2133 1111 2180 prospiciamus

115 2190 286 2236 pericula.

217 2241 290 2276 Nec
306 2242 440 2286 pudeat
457 2253 540 2280 vos,
569 2239 666 2285 quod
690 2235 964 2282 reprehenditur
988 2236 1025 2269 in
1048 2248 1112 2269 no-

113 2293 166 2326 bis
182 2293 330 2326 tarditas
343 2299 377 2326 et
395 2291 592 2330 cunctatim
625 2303 710 2323 nam
729 2289 957 2334 properando
978 2289 1023 2321 ad
1040 2288 1112 2320 bel-

115 2344 188 2377 lum
213 2351 337 2388 postea
360 2343 495 2377 tardius
519 2342 621 2376 finire
653 2341 821 2386 possetis,
862 2340 946 2386 quia
972 2345 1110 2372 motum

117 2401 207 2428 esset
231 2395 274 2427 ab
301 2394 510 2440 imparatis,
551 2399 585 2427 et
615 2393 699 2438 quia
732 2393 912 2425 civitatem
940 2389 1112 2424 habemus

116 2446 268 2479 liberam
301 2452 334 2479 et
368 2446 482 2490 gloria
519 2445 807 2484 antecellentem,
850 2442 965 2476 videri
995 2448 1113 2487 potest

116 2496 274 2531 contatio
297 2497 458 2530 consulto
484 2503 658 2541 suscepta.
725 2495 799 2529 Soli
824 2494 919 2528 enim
943 2495 980 2527 in
1006 2494 1112 2527 rebus

115 2548 278 2583 secundis
293 2560 367 2581 non
384 2560 504 2582 sumus
521 2548 712 2582 insolentes
725 2574 734 2587 ,
762 2553 796 2580 et
811 2546 848 2579 in
863 2545 1019 2579 adversis
1037 2557 1111 2578 non

117 2599 317 2644 frangimur
342 2599 481 2633 animis.
538 2600 612 2634 Nec
637 2599 829 2632 incitamur
854 2597 1039 2637 laudibus,
1073 2602 1111 2630 ut

118 2651 255 2684 deliniti
291 2651 493 2696 voluptate,
532 2657 673 2695 praeter
705 2656 866 2684 nostram
897 2649 1109 2683 sententiam

117 2702 253 2747 aliquid
277 2714 504 2742 moveamus,
549 2714 614 2736 nec
637 2702 791 2736 accusati
816 2700 1035 2746 impellimur
1058 2701 1110 2734 ira

707 98 830 134 PHIL.
866 98 980 134 MEL.
1012 98 1215 133 SCRIPTA
1249 98 1586 135 PHILOLOGICA.

2062 101 2162 136 1036

1165 197 1204 217 ac
1222 185 1357 219 dolore.
1411 186 1478 220 Sed
1497 193 1644 232 propter
1659 187 1868 231 gravitatem
1886 186 1992 220 simul
2010 193 2043 220 et
2059 187 2158 220 belli-

1165 236 1237 269 cosi
1255 243 1289 269 et
1305 237 1549 282 circumspecti
1564 251 1701 272 sumus:
1729 238 1907 278 bellicosi,
1935 238 2018 283 quia
2042 239 2160 282 pudor

1165 299 1244 320 cum
1263 288 1436 331 gravitate
1455 289 1664 323 coniunctus
1683 297 1754 330 est,
1782 296 1815 322 et
1834 302 1911 322 cum
1930 291 2067 334 pudore
2084 302 2159 322 ma-

1165 339 1314 381 gnitudo
1342 339 1469 378 animi;
1505 340 1747 385 circumspecti
1776 353 1860 374 vero
1890 353 2031 381 sumus,
2073 341 2158 387 quia

1165 390 1213 423 sic
1235 390 1473 431 instituimur,
1515 398 1555 424 ut
1579 392 1687 426 simus
1712 392 1946 432 indoctiores,
1988 403 2095 438 quam
2119 398 2159 426 ut

1165 441 1256 484 leges
1274 448 1556 482 contemnamus,
1583 449 1617 476 et
1633 444 1787 478 severius
1803 444 1960 487 regimur
1975 455 2054 477 cum
2073 455 2160 489 qua-

1165 494 1247 525 dam
1268 493 1470 537 asperitate,
1499 506 1608 539 quam
1625 500 1664 527 ut
1680 506 1754 527 non
1770 495 1919 529 velimus
1937 495 1984 529 eis
2001 495 2159 529 obedire.

1165 543 1210 576 Et
1230 544 1279 577 sic
1302 544 1488 578 assuefacti
1512 558 1652 585 sumus,
1686 557 1761 578 non
1785 552 1824 579 ut
1846 546 2024 590 sapientes
2050 546 2160 580 simus

1166 595 1201 627 in
1217 596 1321 629 rebus
1337 596 1522 629 inutilibus
1540 596 1723 640 splendida
1749 596 1910 630 oratione
1923 624 1932 638 ,
1966 595 2084 631 hostes
2109 597 2161 629 vi-

1166 653 1390 690 tuperemus,
1426 660 1490 680 nec
1514 654 1701 692 propterea
1726 647 1825 681 factis
1849 660 1908 681 eos
1932 650 2161 693 attingamus,

1165 699 1224 731 sed
1242 698 1521 732 existimabimus
1540 699 1647 732 etiam
1670 699 1758 732 alios
1781 699 1899 731 valere
1922 700 2089 740 consilio,
2126 705 2162 732 et

1164 750 1331 783 fortuitos
1347 762 1446 784 casus
1463 762 1536 783 non
1554 762 1655 794 posse
1672 750 1828 794 prospici
1845 762 1986 790 omnes,
2011 757 2045 783 et
2059 751 2160 784 factis

1166 800 1249 844 ipsis
1266 813 1331 834 nos
1348 813 1603 845 praeparamus
1619 802 1786 835 adversus
1805 799 1922 835 hostes
1944 801 2163 834 ratiocinan-

1166 858 1235 892 tes,
1264 853 1349 898 quid
1367 853 1433 897 ipsi
1453 859 1623 898 tanquam
1640 851 1802 886 homines
1826 865 1900 885 non
1925 853 2023 885 stulti
2050 851 2165 885 acturi

1165 903 1254 943 sint,
1297 916 1361 936 nec
1390 905 1547 948 pendent
1570 905 1672 937 nobis
1698 916 1776 948 spes
1801 916 1841 937 ex
1866 903 1980 936 aliena
2007 903 2164 948 ignavia,

1166 956 1225 988 sed
1254 967 1294 988 ex
1319 962 1441 988 nostra
1464 956 1647 999 diligentia
1674 962 1707 988 et
1731 954 2060 999 circumspectione.
2111 953 2164 987 Ac

1165 1007 1439 1040 existimandum
1464 1013 1534 1047 est,
1574 1005 1737 1040 homines
1761 1019 1835 1039 non
1857 1007 2009 1039 multum
2032 1012 2162 1039 natura

1165 1058 1258 1090 inter
1273 1070 1308 1091 se
1325 1059 1487 1098 differre,
1515 1059 1575 1091 sed
1593 1071 1652 1091 eos
1670 1058 1898 1098 antecellere,
1926 1058 1988 1104 qui
2004 1057 2041 1090 in
2057 1057 2162 1091 rebus

1165 1121 1370 1143 necessarus
1387 1116 1480 1142 recte
1498 1116 1650 1143 institutl
1669 1115 1762 1143 sunt.

1267 1160 1350 1194 Non
1368 1161 1475 1205 igitur
1492 1161 1700 1194 abiiciamus
1716 1159 1877 1193 instituta
1898 1158 2077 1192 maiorum
2097 1170 2163 1192 no-

1164 1217 1342 1251 strorum,
1383 1224 1474 1257 quae
1509 1224 1650 1256 semper
1681 1212 1895 1256 profuerunt
1927 1210 2050 1250 nobis,
2097 1222 2163 1243 nee

1164 1263 1269 1296 unius
1287 1263 1357 1296 diei
1373 1270 1556 1296 momento
1582 1270 1778 1296 statuamus
1803 1263 1846 1294 de
1870 1267 1923 1294 tot
1943 1259 2164 1302 hominibus,

1164 1314 1330 1353 urbibus,
1364 1315 1611 1353 facultatibus,
1647 1320 1681 1346 et
1705 1315 1748 1346 de
1770 1313 1882 1357 gloria
1916 1319 2058 1350 nostra;
2101 1313 2162 1346 sed

1164 1365 1225 1397 fiat
1241 1365 1450 1398 deliberatio
1471 1365 1600 1398 sedatis
1618 1365 1766 1404 animis,
1795 1365 1893 1409 quod
1913 1375 1933 1395 a
1957 1363 2061 1396 nobis
2084 1363 2163 1396 fieri

1165 1423 1281 1459 potest
1297 1423 1444 1460 propter
1466 1416 1676 1460 potentiam.
1731 1417 1781 1448 Ac
1806 1416 1939 1458 legatos
1962 1414 2092 1447 mittite
2116 1416 2162 1448 ad

1164 1465 1398 1501 Athenienses
1416 1469 1458 1500 de
1476 1468 1654 1500 sociorum
1673 1466 1825 1505 iniuriis,
1851 1466 2061 1510 praesertim
2080 1478 2162 1499 cum

1165 1519 1209 1550 ad
1235 1519 1363 1551 iudicia
1390 1525 1598 1562 provocent.
1666 1518 1738 1552 Nec
1765 1530 1850 1550 vero
1875 1517 2072 1561 legitimum
2100 1523 2163 1557 est,

1164 1580 1237 1609 eos,
1265 1570 1326 1615 qui
1343 1571 1387 1602 ad
1404 1569 1534 1603 iudicia
1551 1583 1585 1603 se
1602 1569 1774 1609 offerunt,
1802 1569 1970 1601 invadere
1988 1575 2160 1614 tanquam

1165 1621 1292 1655 iniuste
1309 1621 1499 1660 facientes,
1527 1634 1567 1654 ac
1583 1621 1688 1654 simul
1711 1621 1844 1653 interea
1870 1619 1991 1665 omnia
2017 1621 2063 1653 ad
2086 1620 2158 1653 bel-

1163 1672 1237 1706 lum
1265 1679 1399 1717 parate.
1466 1672 1543 1705 Hoc
1570 1672 1756 1706 consilium
1783 1672 1849 1704 erit
1872 1671 2098 1705 utilissimum
2127 1677 2162 1705 et

1165 1723 1325 1759 hostibus
1342 1724 1511 1758 terribile.

1362 1809 1524 1843 Oratio
1553 1805 1886 1842 Sthenela'idae
1904 1806 1960 1853 ¹³).

1267 1877 1429 1922 Longam
1449 1876 1650 1910 orationem
1668 1873 1939 1908 Atheniensium
1959 1886 2033 1908 non
2057 1875 2160 1908 intel-

1164 1930 1235 1974 ligo
1247 1957 1256 1970 ,
1284 1930 1321 1963 in
1338 1942 1407 1975 qua
1424 1941 1498 1963 sese
1515 1927 1659 1974 quidem
1678 1928 1779 1960 valde
1798 1927 1967 1965 laudant,
2001 1927 2061 1960 sed
2086 1938 2161 1959 non

1165 1982 1359 2015 ostendunt
1382 1993 1417 2015 se
1443 1991 1519 2013 non
1543 1980 1681 2012 afficere
1707 1978 1836 2011 iniuria
1859 1978 1985 2011 socios.
2053 1977 2162 2023 Quod

1165 2046 1250 2066 vero
1271 2035 1440 2067 adversus
1454 2031 1580 2065 Medos
1598 2036 1700 2063 antea
1717 2029 1803 2063 boni
1820 2029 1984 2069 fuerunt,
2012 2035 2047 2062 et
2064 2041 2162 2063 nunc

1165 2086 1333 2119 adversus
1349 2096 1415 2118 nos
1432 2082 1519 2116 mali
1534 2088 1635 2122 sunt,
1662 2081 1794 2125 duplici
1810 2093 1925 2125 poena
1943 2080 2042 2124 digni
2065 2086 2160 2122 sunt,

1165 2138 1262 2182 quod
1280 2149 1321 2169 ex
1345 2135 1448 2169 bonis
1471 2134 1558 2167 mali
1580 2133 1663 2166 facti
1687 2138 1780 2166 sunt.
1841 2132 1913 2177 Qui
1937 2132 1967 2166 si
1989 2132 2161 2177 sapimus,

1164 2200 1239 2221 non
1256 2187 1475 2232 negligemus
1491 2185 1669 2219 sociorum
1688 2191 1895 2218 nostrorum
1913 2183 2075 2225 iniurias,
2097 2195 2164 2217 nec

1165 2240 1370 2274 differemus
1386 2238 1579 2277 ultionem,
1607 2248 1686 2269 cum
1704 2236 1864 2280 ipsorum
1880 2247 1954 2268 non
1974 2235 2161 2269 differatur

1166 2291 1310 2325 iniuria.
1379 2290 1458 2324 Sint
1478 2300 1561 2323 sane
1586 2287 1645 2320 alii
1671 2294 1833 2332 potentes
1856 2286 2027 2332 pecunia,
2060 2286 2162 2320 navi-

1165 2344 1251 2384 bus,
1285 2341 1402 2388 equis;
1444 2346 1480 2373 at
1503 2351 1569 2372 nos
1593 2340 1713 2373 fideles
1733 2339 1848 2373 socios
1869 2337 2060 2380 habemus,
2097 2338 2161 2384 qui

1165 2407 1240 2428 non
1256 2401 1338 2429 sunt
1354 2391 1531 2438 prodendi
1546 2389 1835 2425 Atheniensibus.
1894 2390 1968 2425 Nec
1991 2390 2062 2423 iam
2081 2401 2160 2423 ver-

1165 2447 1218 2481 bis
1236 2446 1443 2480 certandum
1461 2449 1513 2477 est
1528 2443 1564 2475 111
1583 2442 1736 2483 iudiciis,
1765 2455 1844 2476 cum
1861 2454 1936 2475 non
1951 2442 2023 2476 sint
2039 2441 2156 2476 verbis

1165 2505 1304 2532 tantum
1322 2496 1426 2536 laesi;
1460 2495 1520 2529 sed
1545 2494 1614 2527 cito
1639 2501 1673 2528 et
1695 2494 1860 2528 omnibus
1883 2493 2016 2527 viribus
2032 2492 2160 2538 punia-

1164 2562 1243 2583 mus
1258 2547 1388 2583 hostes.
1430 2547 1503 2581 Nec
1519 2546 1644 2580 doceat
1660 2559 1725 2580 nos
1743 2546 1931 2592 quisquam
1948 2551 2032 2578 tunc
2050 2544 2157 2588 longa

1165 2600 1421 2635 deliberatione
1443 2598 1616 2632 utendum
1641 2610 1733 2639 esse,
1780 2610 1858 2632 cum
1882 2596 2012 2630 iniuria
2039 2595 2155 2629 affecti

1199 2719 1246 2748 15)
1268 2718 1388 2750 Thucyd.
1406 2718 1427 2748 1,
1446 2716 1488 2742 86.
