<?xml version="1.0" encoding="UTF-8"?>
<!DOCTYPE html PUBLIC "-//W3C//DTD XHTML 1.0 Transitional//EN"
    "http://www.w3.org/TR/xhtml1/DTD/xhtml1-transitional.dtd">
<html xmlns="http://www.w3.org/1999/xhtml" xml:lang="en" lang="en">
 <head>
  <title>
</title>
<meta http-equiv="Content-Type" content="text/html;charset=utf-8" />
  <meta name='ocr-system' content='tesseract 3.04.00' />
  <meta name='ocr-capabilities' content='ocr_page ocr_carea ocr_par ocr_line ocrx_word'/>
</head>
<body>
  <div class='ocr_page' id='page_1' title='image "./operaquaesupersu17melauoft/operaquaesupersu17melauoft_0394.png"; bbox 0 0 2351 2990; ppageno 0'>
   <div class='ocr_carea' id='block_1_1' title="bbox 178 130 251 163">
    <p class='ocr_par' dir='ltr' id='par_1_1' title="bbox 178 130 251 163">
     <span class='ocr_line' id='line_1_1' title="bbox 178 130 251 163; baseline 0 0"><span class='ocrx_word' id='word_1_1' title='bbox 178 130 251 163; x_wconf 84' lang='lat'><strong>763</strong></span> 
     </span>
    </p>
   </div>
   <div class='ocr_carea' id='block_1_2' title="bbox 173 205 1172 2259">
    <p class='ocr_par' dir='ltr' id='par_1_2' title="bbox 173 205 1172 2259">
     <span class='ocr_line' id='line_1_2' title="bbox 177 205 1166 258; baseline -0.012 -9"><span class='ocrx_word' id='word_1_2' title='bbox 177 215 259 249; x_wconf 88' lang='lat' dir='ltr'><strong>rimi</strong></span> <span class='ocrx_word' id='word_1_3' title='bbox 294 226 434 250; x_wconf 81' lang='lat' dir='ltr'><strong>coram,</strong></span> <span class='ocrx_word' id='word_1_4' title='bbox 477 212 536 258; x_wconf 89' lang='lat' dir='ltr'><strong>qui</strong></span> <span class='ocrx_word' id='word_1_5' title='bbox 560 212 675 245; x_wconf 72' lang='lat' dir='ltr'><strong>dicere</strong></span> <span class='ocrx_word' id='word_1_6' title='bbox 701 209 757 243; x_wconf 82' lang='lat' dir='ltr'><strong>hic</strong></span> <span class='ocrx_word' id='word_1_7' title='bbox 785 209 920 245; x_wconf 80' lang='lat' dir='ltr'>solent,</span> <span class='ocrx_word' id='word_1_8' title='bbox 965 205 1166 239; x_wconf 87' lang='lat' dir='ltr'><strong>concionati</strong></span> 
     </span>
     <span class='ocr_line' id='line_1_3' title="bbox 179 256 1169 310; baseline -0.009 -11"><span class='ocrx_word' id='word_1_9' title='bbox 179 272 290 300; x_wconf 84' lang='lat' dir='ltr'><strong>essent</strong></span> <span class='ocrx_word' id='word_1_10' title='bbox 304 292 311 302; x_wconf 77' lang='lat'><strong>,</strong></span> <span class='ocrx_word' id='word_1_11' title='bbox 341 277 493 310; x_wconf 83' lang='lat' dir='ltr'><strong>quorum</strong></span> <span class='ocrx_word' id='word_1_12' title='bbox 512 264 538 297; x_wconf 85' lang='lat' dir='ltr'><strong>si</strong></span> <span class='ocrx_word' id='word_1_13' title='bbox 560 263 772 308; x_wconf 68' lang='lat' dir='ltr'>placuissent</span> <span class='ocrx_word' id='word_1_14' title='bbox 791 258 1006 297; x_wconf 82' lang='lat' dir='ltr'><strong>sententiae,</strong></span> <span class='ocrx_word' id='word_1_15' title='bbox 1043 256 1169 290; x_wconf 80' lang='lat' dir='ltr'><strong>tacitus</strong></span> 
     </span>
     <span class='ocr_line' id='line_1_4' title="bbox 178 309 1170 361; baseline -0.012 -11"><span class='ocrx_word' id='word_1_16' title='bbox 178 325 210 350; x_wconf 84' lang='lat' dir='ltr'><strong>et</strong></span> <span class='ocrx_word' id='word_1_17' title='bbox 229 319 302 361; x_wconf 86' lang='lat' dir='ltr'><strong>ipse</strong></span> <span class='ocrx_word' id='word_1_18' title='bbox 320 317 546 360; x_wconf 78' lang='lat' dir='ltr'><strong>probassem:</strong></span> <span class='ocrx_word' id='word_1_19' title='bbox 582 315 636 348; x_wconf 89' lang='lat' dir='ltr'><strong>sin</strong></span> <span class='ocrx_word' id='word_1_20' title='bbox 661 319 778 345; x_wconf 83' lang='lat' dir='ltr'><strong>autem</strong></span> <span class='ocrx_word' id='word_1_21' title='bbox 804 309 1083 355; x_wconf 75' lang='lat' dir='ltr'><strong>displicuissent,</strong></span> <span class='ocrx_word' id='word_1_22' title='bbox 1112 320 1170 339; x_wconf 85' lang='lat' dir='ltr'><strong>eo-</strong></span> 
     </span>
     <span class='ocr_line' id='line_1_5' title="bbox 178 359 1169 409; baseline -0.009 -9"><span class='ocrx_word' id='word_1_23' title='bbox 178 375 281 402; x_wconf 86' lang='lat' dir='ltr'><strong>natus</strong></span> <span class='ocrx_word' id='word_1_24' title='bbox 314 380 423 401; x_wconf 85' lang='lat' dir='ltr'><strong>essem</strong></span> <span class='ocrx_word' id='word_1_25' title='bbox 455 373 487 399; x_wconf 91' lang='lat' dir='ltr'><strong>et</strong></span> <span class='ocrx_word' id='word_1_26' title='bbox 521 366 594 409; x_wconf 80' lang='lat' dir='ltr'><strong>ipse</strong></span> <span class='ocrx_word' id='word_1_27' title='bbox 629 363 836 402; x_wconf 81' lang='lat' dir='ltr'><strong>ostendere,</strong></span> <span class='ocrx_word' id='word_1_28' title='bbox 880 361 967 407; x_wconf 90' lang='lat' dir='ltr'><strong>quid</strong></span> <span class='ocrx_word' id='word_1_29' title='bbox 988 359 1169 393; x_wconf 75' lang='lat' dir='ltr'><strong>sentirem.</strong></span> 
     </span>
     <span class='ocr_line' id='line_1_6' title="bbox 181 410 1170 457; baseline -0.011 -4"><span class='ocrx_word' id='word_1_30' title='bbox 181 419 312 452; x_wconf 62' lang='lat' dir='ltr'><strong>Verum</strong></span> <span class='ocrx_word' id='word_1_31' title='bbox 334 432 411 452; x_wconf 88' lang='lat' dir='ltr'><strong>eum</strong></span> <span class='ocrx_word' id='word_1_32' title='bbox 437 416 501 450; x_wconf 77' lang='lat' dir='ltr'><strong>liae</strong></span> <span class='ocrx_word' id='word_1_33' title='bbox 527 419 569 448; x_wconf 67' lang='grc' dir='ltr'><strong>«Ιιι</strong></span> <span class='ocrx_word' id='word_1_34' title='bbox 597 428 633 448; x_wconf 86' lang='lat' dir='ltr'><strong>re</strong></span> <span class='ocrx_word' id='word_1_35' title='bbox 659 421 762 447; x_wconf 85' lang='lat' dir='ltr'><strong>antea</strong></span> <span class='ocrx_word' id='word_1_36' title='bbox 789 425 893 457; x_wconf 89' lang='lat' dir='ltr'><strong>saepe</strong></span> <span class='ocrx_word' id='word_1_37' title='bbox 918 411 1073 445; x_wconf 83' lang='lat' dir='ltr'><strong>dixerint</strong></span> <span class='ocrx_word' id='word_1_38' title='bbox 1097 410 1170 449; x_wconf 92' lang='lat' dir='ltr'><strong>alii,</strong></span> 
     </span>
     <span class='ocr_line' id='line_1_7' title="bbox 179 464 1170 516; baseline -0.01 -13"><span class='ocrx_word' id='word_1_39' title='bbox 179 472 221 503; x_wconf 90' lang='lat' dir='ltr'><strong>de</strong></span> <span class='ocrx_word' id='word_1_40' title='bbox 241 484 308 516; x_wconf 85' lang='lat' dir='ltr'><strong>qua</strong></span> <span class='ocrx_word' id='word_1_41' title='bbox 327 482 420 502; x_wconf 82' lang='lat' dir='ltr'><strong>nunc</strong></span> <span class='ocrx_word' id='word_1_42' title='bbox 437 480 577 513; x_wconf 78' lang='lat' dir='ltr'><strong>quoqne</strong></span> <span class='ocrx_word' id='word_1_43' title='bbox 595 466 790 499; x_wconf 83' lang='lat' dir='ltr'><strong>deliberare</strong></span> <span class='ocrx_word' id='word_1_44' title='bbox 811 464 1028 498; x_wconf 76' lang='lat' dir='ltr'><strong>instituimus</strong></span> <span class='ocrx_word' id='word_1_45' title='bbox 1040 489 1048 501; x_wconf 88' lang='lat'><strong>,</strong></span> <span class='ocrx_word' id='word_1_46' title='bbox 1066 474 1170 506; x_wconf 82' lang='lat' dir='ltr'><strong>spero</strong></span> 
     </span>
     <span class='ocr_line' id='line_1_8' title="bbox 178 513 1172 562; baseline -0.009 -8"><span class='ocrx_word' id='word_1_47' title='bbox 178 534 233 554; x_wconf 87' lang='lat' dir='ltr'><strong>me</strong></span> <span class='ocrx_word' id='word_1_48' title='bbox 251 521 391 554; x_wconf 62' lang='lat' dir='ltr'><strong>veniam</strong></span> <span class='ocrx_word' id='word_1_49' title='bbox 417 519 516 551; x_wconf 80' lang='lat' dir='ltr'><strong>facile.</strong></span> <span class='ocrx_word' id='word_1_50' title='bbox 547 518 821 562; x_wconf 88' lang='lat' dir='ltr'><strong>impetraturum</strong></span> <span class='ocrx_word' id='word_1_51' title='bbox 850 528 941 555; x_wconf 90' lang='lat' dir='ltr'><strong>esse,</strong></span> <span class='ocrx_word' id='word_1_52' title='bbox 979 517 1075 560; x_wconf 86' lang='lat' dir='ltr'><strong>quod</strong></span> <span class='ocrx_word' id='word_1_53' title='bbox 1102 513 1172 558; x_wconf 84' lang='lat' dir='ltr'><strong>pri—</strong></span> 
     </span>
     <span class='ocr_line' id='line_1_9' title="bbox 176 564 1172 613; baseline -0.009 -7"><span class='ocrx_word' id='word_1_54' title='bbox 176 586 253 607; x_wconf 88' lang='lat' dir='ltr'><strong>mus</strong></span> <span class='ocrx_word' id='word_1_55' title='bbox 278 584 395 613; x_wconf 71' lang='lat' dir='ltr'><strong>surgo.</strong></span> <span class='ocrx_word' id='word_1_56' title='bbox 430 570 521 604; x_wconf 68' lang='lat' dir='ltr'><strong>Nam</strong></span> <span class='ocrx_word' id='word_1_57' title='bbox 538 569 567 603; x_wconf 88' lang='lat' dir='ltr'><strong>si</strong></span> <span class='ocrx_word' id='word_1_58' title='bbox 582 575 685 602; x_wconf 88' lang='lat' dir='ltr'><strong>antea</strong></span> <span class='ocrx_word' id='word_1_59' title='bbox 705 568 839 602; x_wconf 75' lang='lat' dir='ltr'><strong>utiliter</strong></span> <span class='ocrx_word' id='word_1_60' title='bbox 856 566 1113 600; x_wconf 83' lang='lat' dir='ltr'><strong>consuluissent</strong></span> <span class='ocrx_word' id='word_1_61' title='bbox 1128 564 1172 611; x_wconf 76' lang='lat'><strong>⁴),</strong></span> 
     </span>
     <span class='ocr_line' id='line_1_10' title="bbox 174 616 1171 657; baseline -0.008 -1"><span class='ocrx_word' id='word_1_62' title='bbox 174 622 264 657; x_wconf 84' lang='lat' dir='ltr'><strong>nibil</strong></span> <span class='ocrx_word' id='word_1_63' title='bbox 283 623 452 656; x_wconf 74' lang='lat' dir='ltr'><strong>attineret</strong></span> <span class='ocrx_word' id='word_1_64' title='bbox 470 621 594 654; x_wconf 84' lang='lat' dir='ltr'><strong>eadem</strong></span> <span class='ocrx_word' id='word_1_65' title='bbox 612 621 654 653; x_wconf 87' lang='lat' dir='ltr'><strong>de</strong></span> <span class='ocrx_word' id='word_1_66' title='bbox 682 632 720 653; x_wconf 90' lang='lat' dir='ltr'><strong>re</strong></span> <span class='ocrx_word' id='word_1_67' title='bbox 743 619 872 652; x_wconf 89' lang='lat' dir='ltr'><strong>iterum</strong></span> <span class='ocrx_word' id='word_1_68' title='bbox 896 619 1039 651; x_wconf 81' lang='lat' dir='ltr'><strong>referre.</strong></span> <span class='ocrx_word' id='word_1_69' title='bbox 1093 616 1171 649; x_wconf 88' lang='lat' dir='ltr'><strong>Pri-</strong></span> 
     </span>
     <span class='ocr_line' id='line_1_11' title="bbox 176 667 1171 718; baseline -0.006 -11"><span class='ocrx_word' id='word_1_70' title='bbox 176 688 273 708; x_wconf 90' lang='lat' dir='ltr'><strong>mum</strong></span> <span class='ocrx_word' id='word_1_71' title='bbox 313 674 433 718; x_wconf 85' lang='lat' dir='ltr'><strong>itaque</strong></span> <span class='ocrx_word' id='word_1_72' title='bbox 466 672 675 718; x_wconf 80' lang='lat' dir='ltr'><strong>neutiquam</strong></span> <span class='ocrx_word' id='word_1_73' title='bbox 699 683 766 704; x_wconf 91' lang='lat' dir='ltr'><strong>nos</strong></span> <span class='ocrx_word' id='word_1_74' title='bbox 793 683 903 716; x_wconf 89' lang='lat' dir='ltr'><strong>usque</strong></span> <span class='ocrx_word' id='word_1_75' title='bbox 932 670 1021 702; x_wconf 89' lang='lat' dir='ltr'><strong>adeo</strong></span> <span class='ocrx_word' id='word_1_76' title='bbox 1051 667 1171 701; x_wconf 87' lang='lat' dir='ltr'><strong>fractis</strong></span> 
     </span>
     <span class='ocr_line' id='line_1_12' title="bbox 176 725 1171 768; baseline -0.008 -9"><span class='ocrx_word' id='word_1_77' title='bbox 176 726 304 759; x_wconf 84' lang='lat' dir='ltr'><strong>animis</strong></span> <span class='ocrx_word' id='word_1_78' title='bbox 322 738 394 758; x_wconf 83' lang='lat' dir='ltr'><strong>esse</strong></span> <span class='ocrx_word' id='word_1_79' title='bbox 413 725 512 757; x_wconf 86' lang='lat' dir='ltr'><strong>decet</strong></span> <span class='ocrx_word' id='word_1_80' title='bbox 535 730 683 768; x_wconf 87' lang='lat' dir='ltr'><strong>propter</strong></span> <span class='ocrx_word' id='word_1_81' title='bbox 707 728 930 767; x_wconf 79' lang='lat' dir='ltr'><strong>praesentem</strong></span> <span class='ocrx_word' id='word_1_82' title='bbox 957 733 1078 754; x_wconf 88' lang='lat' dir='ltr'><strong>rerum</strong></span> <span class='ocrx_word' id='word_1_83' title='bbox 1103 725 1171 753; x_wconf 82' lang='lat' dir='ltr'><strong>sta-</strong></span> 
     </span>
     <span class='ocr_line' id='line_1_13' title="bbox 176 772 1171 818; baseline -0.009 -8"><span class='ocrx_word' id='word_1_84' title='bbox 176 785 270 816; x_wconf 88' lang='lat' dir='ltr'><strong>tmn,</strong></span> <span class='ocrx_word' id='word_1_85' title='bbox 300 776 440 809; x_wconf 87' lang='lat' dir='ltr'><strong>tametsi</strong></span> <span class='ocrx_word' id='word_1_86' title='bbox 464 788 592 818; x_wconf 81' lang='lat' dir='ltr'><strong>magna</strong></span> <span class='ocrx_word' id='word_1_87' title='bbox 621 775 735 808; x_wconf 86' lang='lat' dir='ltr'><strong>clades</strong></span> <span class='ocrx_word' id='word_1_88' title='bbox 759 780 900 818; x_wconf 86' lang='lat' dir='ltr'><strong>accepta</strong></span> <span class='ocrx_word' id='word_1_89' title='bbox 926 772 981 806; x_wconf 91' lang='lat' dir='ltr'><strong>sit.</strong></span> <span class='ocrx_word' id='word_1_90' title='bbox 1036 772 1171 816; x_wconf 85' lang='lat' dir='ltr'><strong>Quam-</strong></span> 
     </span>
     <span class='ocr_line' id='line_1_14' title="bbox 176 824 1171 874; baseline -0.007 -13"><span class='ocrx_word' id='word_1_91' title='bbox 176 842 283 874; x_wconf 87' lang='lat' dir='ltr'><strong>quam</strong></span> <span class='ocrx_word' id='word_1_92' title='bbox 305 828 399 861; x_wconf 82' lang='lat' dir='ltr'><strong>enim</strong></span> <span class='ocrx_word' id='word_1_93' title='bbox 427 834 529 860; x_wconf 90' lang='lat' dir='ltr'><strong>antea</strong></span> <span class='ocrx_word' id='word_1_94' title='bbox 555 824 645 859; x_wconf 85' lang='lat' dir='ltr'><strong>nihil</strong></span> <span class='ocrx_word' id='word_1_95' title='bbox 670 825 805 859; x_wconf 88' lang='lat' dir='ltr'><strong>tristius</strong></span> <span class='ocrx_word' id='word_1_96' title='bbox 831 824 1017 864; x_wconf 82' lang='lat' dir='ltr'><strong>acciderit,</strong></span> <span class='ocrx_word' id='word_1_97' title='bbox 1050 829 1171 855; x_wconf 90' lang='lat' dir='ltr'><strong>tamen</strong></span> 
     </span>
     <span class='ocr_line' id='line_1_15' title="bbox 176 872 1170 925; baseline -0.006 -13"><span class='ocrx_word' id='word_1_98' title='bbox 176 881 213 912; x_wconf 91' lang='lat' dir='ltr'><strong>in</strong></span> <span class='ocrx_word' id='word_1_99' title='bbox 238 886 420 925; x_wconf 88' lang='lat' dir='ltr'><strong>posterum</strong></span> <span class='ocrx_word' id='word_1_100' title='bbox 446 890 620 923; x_wconf 87' lang='lat' dir='ltr'><strong>perquam</strong></span> <span class='ocrx_word' id='word_1_101' title='bbox 643 877 730 910; x_wconf 87' lang='lat' dir='ltr'><strong>utile</strong></span> <span class='ocrx_word' id='word_1_102' title='bbox 755 878 1008 909; x_wconf 83' lang='lat' dir='ltr'><strong>documentum</strong></span> <span class='ocrx_word' id='word_1_103' title='bbox 1033 872 1090 907; x_wconf 85' lang='lat' dir='ltr'><strong>hic</strong></span> <span class='ocrx_word' id='word_1_104' title='bbox 1115 885 1170 906; x_wconf 91' lang='lat' dir='ltr'><strong>ca-</strong></span> 
     </span>
     <span class='ocr_line' id='line_1_16' title="bbox 175 924 1168 974; baseline -0.008 -9"><span class='ocrx_word' id='word_1_105' title='bbox 175 944 233 965; x_wconf 91' lang='lat' dir='ltr'><strong>sus</strong></span> <span class='ocrx_word' id='word_1_106' title='bbox 249 931 366 964; x_wconf 89' lang='lat' dir='ltr'><strong>fuerit.</strong></span> <span class='ocrx_word' id='word_1_107' title='bbox 427 930 545 974; x_wconf 84' lang='lat' dir='ltr'><strong>Quam</strong></span> <span class='ocrx_word' id='word_1_108' title='bbox 565 930 608 962; x_wconf 87' lang='lat' dir='ltr'><strong>ob</strong></span> <span class='ocrx_word' id='word_1_109' title='bbox 629 928 730 961; x_wconf 79' lang='lat' dir='ltr'><strong>rem?</strong></span> <span class='ocrx_word' id='word_1_110' title='bbox 766 941 848 960; x_wconf 88' lang='lat' dir='ltr'><strong>nam</strong></span> <span class='ocrx_word' id='word_1_111' title='bbox 874 928 908 960; x_wconf 93' lang='lat' dir='ltr'><strong>id</strong></span> <span class='ocrx_word' id='word_1_112' title='bbox 932 924 1168 960; x_wconf 85' lang='lat' dir='ltr'><strong>infortunium</strong></span> 
     </span>
     <span class='ocr_line' id='line_1_17' title="bbox 176 977 1170 1025; baseline -0.007 -10"><span class='ocrx_word' id='word_1_113' title='bbox 176 989 296 1016; x_wconf 91' lang='lat' dir='ltr'><strong>nostra</strong></span> <span class='ocrx_word' id='word_1_114' title='bbox 325 982 465 1025; x_wconf 72' lang='lat' dir='ltr'><strong>ignavia</strong></span> <span class='ocrx_word' id='word_1_115' title='bbox 494 987 675 1025; x_wconf 82' lang='lat' dir='ltr'><strong>acceptum</strong></span> <span class='ocrx_word' id='word_1_116' title='bbox 704 986 771 1017; x_wconf 86' lang='lat' dir='ltr'><strong>est;</strong></span> <span class='ocrx_word' id='word_1_117' title='bbox 807 980 903 1024; x_wconf 82' lang='lat' dir='ltr'><strong>quod</strong></span> <span class='ocrx_word' id='word_1_118' title='bbox 929 979 957 1012; x_wconf 87' lang='lat' dir='ltr'><strong>si</strong></span> <span class='ocrx_word' id='word_1_119' title='bbox 983 977 1079 1011; x_wconf 87' lang='lat' dir='ltr'><strong>nulla</strong></span> <span class='ocrx_word' id='word_1_120' title='bbox 1105 989 1170 1009; x_wconf 77' lang='lat' dir='ltr'><strong>no-</strong></span> 
     </span>
     <span class='ocr_line' id='line_1_18' title="bbox 175 1029 1170 1077; baseline -0.007 -10"><span class='ocrx_word' id='word_1_121' title='bbox 175 1041 246 1067; x_wconf 86' lang='lat' dir='ltr'><strong>stra</strong></span> <span class='ocrx_word' id='word_1_122' title='bbox 267 1034 367 1077; x_wconf 78' lang='lat' dir='ltr'><strong>culpa</strong></span> <span class='ocrx_word' id='word_1_123' title='bbox 391 1032 590 1071; x_wconf 80' lang='lat' dir='ltr'><strong>accidisset,</strong></span> <span class='ocrx_word' id='word_1_124' title='bbox 624 1044 668 1064; x_wconf 85' lang='lat' dir='ltr'><strong>ne</strong></span> <span class='ocrx_word' id='word_1_125' title='bbox 686 1043 764 1075; x_wconf 86' lang='lat' dir='ltr'><strong>spes</strong></span> <span class='ocrx_word' id='word_1_126' title='bbox 788 1030 932 1076; x_wconf 88' lang='lat' dir='ltr'><strong>quidem</strong></span> <span class='ocrx_word' id='word_1_127' title='bbox 954 1029 1091 1074; x_wconf 85' lang='lat' dir='ltr'><strong>reliqua</strong></span> <span class='ocrx_word' id='word_1_128' title='bbox 1119 1040 1170 1061; x_wconf 84' lang='lat' dir='ltr'><strong>es-</strong></span> 
     </span>
     <span class='ocr_line' id='line_1_19' title="bbox 176 1081 1169 1128; baseline -0.006 -10"><span class='ocrx_word' id='word_1_129' title='bbox 176 1092 227 1119; x_wconf 85' lang='lat' dir='ltr'><strong>set</strong></span> <span class='ocrx_word' id='word_1_130' title='bbox 245 1084 445 1128; x_wconf 80' lang='lat' dir='ltr'><strong>corrigendi</strong></span> <span class='ocrx_word' id='word_1_131' title='bbox 463 1083 618 1127; x_wconf 83' lang='lat' dir='ltr'><strong>negotia.</strong></span> <span class='ocrx_word' id='word_1_132' title='bbox 672 1081 746 1115; x_wconf 90' lang='lat' dir='ltr'><strong>Iam</strong></span> <span class='ocrx_word' id='word_1_133' title='bbox 774 1082 983 1126; x_wconf 84' lang='lat' dir='ltr'><strong>expendite,</strong></span> <span class='ocrx_word' id='word_1_134' title='bbox 1018 1091 1169 1126; x_wconf 88' lang='lat' dir='ltr'><strong>quaes0;</strong></span> 
     </span>
     <span class='ocr_line' id='line_1_20' title="bbox 175 1130 1170 1181; baseline -0.006 -12"><span class='ocrx_word' id='word_1_135' title='bbox 175 1136 386 1170; x_wconf 90' lang='lat' dir='ltr'><strong>meministis</strong></span> <span class='ocrx_word' id='word_1_136' title='bbox 403 1136 433 1181; x_wconf 72' lang='lat'><strong>⁵)</strong></span> <span class='ocrx_word' id='word_1_137' title='bbox 453 1135 568 1174; x_wconf 88' lang='lat' dir='ltr'><strong>enim,</strong></span> <span class='ocrx_word' id='word_1_138' title='bbox 604 1146 711 1179; x_wconf 90' lang='lat' dir='ltr'><strong>quam</strong></span> <span class='ocrx_word' id='word_1_139' title='bbox 734 1131 825 1166; x_wconf 86' lang='lat' dir='ltr'><strong>nihil</strong></span> <span class='ocrx_word' id='word_1_140' title='bbox 850 1138 993 1177; x_wconf 85' lang='lat' dir='ltr'><strong>praeter</strong></span> <span class='ocrx_word' id='word_1_141' title='bbox 1017 1130 1170 1175; x_wconf 83' lang='lat' dir='ltr'><strong>dignita-</strong></span> 
     </span>
     <span class='ocr_line' id='line_1_21' title="bbox 175 1181 1170 1225; baseline -0.008 -4"><span class='ocrx_word' id='word_1_142' title='bbox 175 1195 245 1221; x_wconf 82' lang='lat' dir='ltr'><strong>tem</strong></span> <span class='ocrx_word' id='word_1_143' title='bbox 271 1187 368 1221; x_wconf 88' lang='lat' dir='ltr'><strong>urbis</strong></span> <span class='ocrx_word' id='word_1_144' title='bbox 394 1187 527 1219; x_wconf 88' lang='lat' dir='ltr'><strong>sactum</strong></span> <span class='ocrx_word' id='word_1_145' title='bbox 552 1185 632 1219; x_wconf 87' lang='lat' dir='ltr'><strong>sita</strong></span> <span class='ocrx_word' id='word_1_146' title='bbox 658 1185 780 1225; x_wconf 72' lang='lat' dir='ltr'><strong>vobis,</strong></span> <span class='ocrx_word' id='word_1_147' title='bbox 807 1197 887 1218; x_wconf 84' lang='lat' dir='ltr'><strong>eum</strong></span> <span class='ocrx_word' id='word_1_148' title='bbox 911 1183 1088 1217; x_wconf 85' lang='lat' dir='ltr'><strong>maximae</strong></span> <span class='ocrx_word' id='word_1_149' title='bbox 1102 1181 1170 1214; x_wconf 85' lang='lat' dir='ltr'><strong>La-</strong></span> 
     </span>
     <span class='ocr_line' id='line_1_22' title="bbox 176 1234 1169 1281; baseline -0.006 -9"><span class='ocrx_word' id='word_1_150' title='bbox 176 1238 489 1272; x_wconf 88' lang='lat' dir='ltr'><strong>cedaemoniorum</strong></span> <span class='ocrx_word' id='word_1_151' title='bbox 521 1238 612 1270; x_wconf 78' lang='lat' dir='ltr'><strong>vires</strong></span> <span class='ocrx_word' id='word_1_152' title='bbox 645 1237 753 1281; x_wconf 91' lang='lat' dir='ltr'><strong>paulo</strong></span> <span class='ocrx_word' id='word_1_153' title='bbox 785 1242 867 1269; x_wconf 88' lang='lat' dir='ltr'><strong>ante</strong></span> <span class='ocrx_word' id='word_1_154' title='bbox 891 1241 1006 1270; x_wconf 88' lang='lat' dir='ltr'><strong>essent</strong></span> <span class='ocrx_word' id='word_1_155' title='bbox 1021 1234 1073 1281; x_wconf 76' lang='lat'><strong>⁶),</strong></span> <span class='ocrx_word' id='word_1_156' title='bbox 1108 1234 1169 1267; x_wconf 90' lang='lat' dir='ltr'><strong>sed</strong></span> 
     </span>
     <span class='ocr_line' id='line_1_23' title="bbox 175 1286 1168 1336; baseline -0.006 -13"><span class='ocrx_word' id='word_1_157' title='bbox 175 1290 412 1336; x_wconf 88' lang='lat' dir='ltr'><strong>perdurastis,</strong></span> <span class='ocrx_word' id='word_1_158' title='bbox 449 1290 533 1322; x_wconf 90' lang='lat' dir='ltr'><strong>dum</strong></span> <span class='ocrx_word' id='word_1_159' title='bbox 561 1289 693 1322; x_wconf 88' lang='lat' dir='ltr'><strong>bellum</strong></span> <span class='ocrx_word' id='word_1_160' title='bbox 719 1288 889 1321; x_wconf 82' lang='lat' dir='ltr'><strong>adversus</strong></span> <span class='ocrx_word' id='word_1_161' title='bbox 909 1300 970 1321; x_wconf 89' lang='lat' dir='ltr'><strong>eos</strong></span> <span class='ocrx_word' id='word_1_162' title='bbox 993 1286 1069 1319; x_wconf 90' lang='lat' dir='ltr'><strong>iure</strong></span> <span class='ocrx_word' id='word_1_163' title='bbox 1095 1298 1168 1318; x_wconf 87' lang='lat' dir='ltr'><strong>sus-</strong></span> 
     </span>
     <span class='ocr_line' id='line_1_24' title="bbox 176 1338 1169 1386; baseline -0.006 -12"><span class='ocrx_word' id='word_1_164' title='bbox 176 1349 314 1386; x_wconf 83' lang='lat' dir='ltr'><strong>ceptum</strong></span> <span class='ocrx_word' id='word_1_165' title='bbox 341 1341 584 1374; x_wconf 80' lang='lat' dir='ltr'><strong>conficeretur.</strong></span> <span class='ocrx_word' id='word_1_166' title='bbox 636 1339 733 1372; x_wconf 83' lang='lat' dir='ltr'><strong>Haec</strong></span> <span class='ocrx_word' id='word_1_167' title='bbox 759 1346 877 1373; x_wconf 88' lang='lat' dir='ltr'><strong>autem</strong></span> <span class='ocrx_word' id='word_1_168' title='bbox 896 1339 976 1371; x_wconf 89' lang='lat' dir='ltr'><strong>ideo</strong></span> <span class='ocrx_word' id='word_1_169' title='bbox 1000 1338 1101 1376; x_wconf 91' lang='lat' dir='ltr'><strong>dico,</strong></span> <span class='ocrx_word' id='word_1_170' title='bbox 1129 1343 1169 1369; x_wconf 88' lang='lat' dir='ltr'><strong>ut</strong></span> 
     </span>
     <span class='ocr_line' id='line_1_25' title="bbox 177 1387 1168 1438; baseline -0.009 -11"><span class='ocrx_word' id='word_1_171' title='bbox 177 1394 345 1438; x_wconf 82' lang='lat' dir='ltr'><strong>exemplis</strong></span> <span class='ocrx_word' id='word_1_172' title='bbox 362 1391 572 1425; x_wconf 79' lang='lat' dir='ltr'><strong>commoniti</strong></span> <span class='ocrx_word' id='word_1_173' title='bbox 595 1391 767 1431; x_wconf 72' lang='lat' dir='ltr'><strong>cernatis,</strong></span> <span class='ocrx_word' id='word_1_174' title='bbox 803 1391 900 1435; x_wconf 90' lang='lat' dir='ltr'><strong>quod</strong></span> <span class='ocrx_word' id='word_1_175' title='bbox 923 1401 1039 1434; x_wconf 87' lang='lat' dir='ltr'><strong>neque</strong></span> <span class='ocrx_word' id='word_1_176' title='bbox 1069 1387 1168 1420; x_wconf 67' lang='lat' dir='ltr'><strong>advi-</strong></span> 
     </span>
     <span class='ocr_line' id='line_1_26' title="bbox 176 1439 1168 1489; baseline -0.007 -12"><span class='ocrx_word' id='word_1_177' title='bbox 176 1445 366 1489; x_wconf 82' lang='lat' dir='ltr'><strong>gilantibus</strong></span> <span class='ocrx_word' id='word_1_178' title='bbox 390 1444 525 1477; x_wconf 86' lang='lat' dir='ltr'><strong>tristius</strong></span> <span class='ocrx_word' id='word_1_179' title='bbox 552 1442 688 1487; x_wconf 88' lang='lat' dir='ltr'><strong>aliquid</strong></span> <span class='ocrx_word' id='word_1_180' title='bbox 709 1441 976 1474; x_wconf 86' lang='lat' dir='ltr'><strong>formidandum</strong></span> <span class='ocrx_word' id='word_1_181' title='bbox 1008 1439 1073 1478; x_wconf 89' lang='lat' dir='ltr'><strong>sit,</strong></span> <span class='ocrx_word' id='word_1_182' title='bbox 1108 1450 1168 1470; x_wconf 88' lang='lat' dir='ltr'><strong>ne-</strong></span> 
     </span>
     <span class='ocr_line' id='line_1_27' title="bbox 175 1489 1167 1542; baseline -0.009 -12"><span class='ocrx_word' id='word_1_183' title='bbox 175 1509 243 1542; x_wconf 87' lang='lat' dir='ltr'><strong>que</strong></span> <span class='ocrx_word' id='word_1_184' title='bbox 260 1496 434 1540; x_wconf 85' lang='lat' dir='ltr'><strong>speranda</strong></span> <span class='ocrx_word' id='word_1_185' title='bbox 454 1493 590 1538; x_wconf 73' lang='lat' dir='ltr'><strong>ignavis</strong></span> <span class='ocrx_word' id='word_1_186' title='bbox 609 1492 770 1526; x_wconf 72' lang='lat' dir='ltr'><strong>victoria.</strong></span> <span class='ocrx_word' id='word_1_187' title='bbox 823 1492 916 1525; x_wconf 77' lang='lat' dir='ltr'><strong>Nam</strong></span> <span class='ocrx_word' id='word_1_188' title='bbox 943 1497 977 1524; x_wconf 90' lang='lat' dir='ltr'><strong>et</strong></span> <span class='ocrx_word' id='word_1_189' title='bbox 992 1489 1167 1523; x_wconf 85' lang='lat' dir='ltr'><strong>Lacedae-</strong></span> 
     </span>
     <span class='ocr_line' id='line_1_28' title="bbox 174 1543 1168 1592; baseline -0.007 -12"><span class='ocrx_word' id='word_1_190' title='bbox 174 1548 335 1586; x_wconf 84' lang='lat' dir='ltr'><strong>monios,</strong></span> <span class='ocrx_word' id='word_1_191' title='bbox 370 1557 588 1592; x_wconf 85' lang='lat' dir='ltr'><strong>quamquam</strong></span> <span class='ocrx_word' id='word_1_192' title='bbox 618 1543 827 1577; x_wconf 64' lang='lat' dir='ltr'><strong>validissimi</strong></span> <span class='ocrx_word' id='word_1_193' title='bbox 854 1549 988 1582; x_wconf 82' lang='lat' dir='ltr'><strong>essent,</strong></span> <span class='ocrx_word' id='word_1_194' title='bbox 1023 1553 1168 1586; x_wconf 90' lang='lat' dir='ltr'><strong>supera—</strong></span> 
     </span>
     <span class='ocr_line' id='line_1_29' title="bbox 174 1590 1167 1637; baseline -0.008 -5"><span class='ocrx_word' id='word_1_195' title='bbox 174 1599 256 1637; x_wconf 89' lang='lat' dir='ltr'><strong>stis,</strong></span> <span class='ocrx_word' id='word_1_196' title='bbox 291 1611 369 1631; x_wconf 86' lang='lat' dir='ltr'><strong>cnm</strong></span> <span class='ocrx_word' id='word_1_197' title='bbox 395 1598 431 1629; x_wconf 89' lang='lat' dir='ltr'><strong>in</strong></span> <span class='ocrx_word' id='word_1_198' title='bbox 456 1609 532 1629; x_wconf 90' lang='lat' dir='ltr'><strong>rem</strong></span> <span class='ocrx_word' id='word_1_199' title='bbox 557 1596 648 1630; x_wconf 89' lang='lat' dir='ltr'><strong>serio</strong></span> <span class='ocrx_word' id='word_1_200' title='bbox 675 1595 944 1632; x_wconf 89' lang='lat' dir='ltr'><strong>incumberetis;</strong></span> <span class='ocrx_word' id='word_1_201' title='bbox 978 1600 1012 1626; x_wconf 92' lang='lat' dir='ltr'><strong>et</strong></span> <span class='ocrx_word' id='word_1_202' title='bbox 1038 1606 1056 1626; x_wconf 92' lang='lat' dir='ltr'><strong>a</strong></span> <span class='ocrx_word' id='word_1_203' title='bbox 1083 1590 1167 1626; x_wconf 88' lang='lat' dir='ltr'><strong>Phi-</strong></span> 
     </span>
     <span class='ocr_line' id='line_1_30' title="bbox 175 1644 1167 1694; baseline -0.007 -11"><span class='ocrx_word' id='word_1_204' title='bbox 175 1650 273 1694; x_wconf 88' lang='lat' dir='ltr'><strong>lippo</strong></span> <span class='ocrx_word' id='word_1_205' title='bbox 307 1661 401 1683; x_wconf 90' lang='lat' dir='ltr'><strong>nunc</strong></span> <span class='ocrx_word' id='word_1_206' title='bbox 423 1655 570 1693; x_wconf 85' lang='lat' dir='ltr'><strong>propter</strong></span> <span class='ocrx_word' id='word_1_207' title='bbox 594 1647 770 1680; x_wconf 89' lang='lat' dir='ltr'><strong>incuriam</strong></span> <span class='ocrx_word' id='word_1_208' title='bbox 793 1647 885 1679; x_wconf 85' lang='lat' dir='ltr'><strong>male</strong></span> <span class='ocrx_word' id='word_1_209' title='bbox 913 1645 1047 1690; x_wconf 87' lang='lat' dir='ltr'><strong>accepti</strong></span> <span class='ocrx_word' id='word_1_210' title='bbox 1074 1644 1167 1677; x_wconf 88' lang='lat' dir='ltr'><strong>estis.</strong></span> 
     </span>
     <span class='ocr_line' id='line_1_31' title="bbox 175 1695 1167 1746; baseline -0.005 -13"><span class='ocrx_word' id='word_1_211' title='bbox 175 1702 210 1733; x_wconf 90' lang='lat' dir='ltr'><strong>Si</strong></span> <span class='ocrx_word' id='word_1_212' title='bbox 231 1701 308 1746; x_wconf 82' lang='lat' dir='ltr'><strong>quis</strong></span> <span class='ocrx_word' id='word_1_213' title='bbox 328 1707 443 1733; x_wconf 89' lang='lat' dir='ltr'><strong>autem</strong></span> <span class='ocrx_word' id='word_1_214' title='bbox 471 1699 644 1732; x_wconf 85' lang='lat' dir='ltr'><strong>existimet</strong></span> <span class='ocrx_word' id='word_1_215' title='bbox 672 1698 912 1743; x_wconf 86' lang='lat' dir='ltr'><strong>periculosum</strong></span> <span class='ocrx_word' id='word_1_216' title='bbox 938 1710 1011 1731; x_wconf 89' lang='lat' dir='ltr'><strong>esse</strong></span> <span class='ocrx_word' id='word_1_217' title='bbox 1027 1695 1081 1743; x_wconf 78' lang='lat'><strong>⁷),</strong></span> <span class='ocrx_word' id='word_1_218' title='bbox 1115 1696 1167 1728; x_wconf 91' lang='lat' dir='ltr'><strong>in-</strong></span> 
     </span>
     <span class='ocr_line' id='line_1_32' title="bbox 174 1749 1168 1795; baseline -0.006 -10"><span class='ocrx_word' id='word_1_219' title='bbox 174 1753 266 1785; x_wconf 80' lang='lat' dir='ltr'><strong>ferre</strong></span> <span class='ocrx_word' id='word_1_220' title='bbox 291 1752 422 1784; x_wconf 89' lang='lat' dir='ltr'><strong>bellum</strong></span> <span class='ocrx_word' id='word_1_221' title='bbox 444 1749 632 1795; x_wconf 88' lang='lat' dir='ltr'><strong>Philippo,</strong></span> <span class='ocrx_word' id='word_1_222' title='bbox 666 1750 822 1794; x_wconf 81' lang='lat' dir='ltr'><strong>primum</strong></span> <span class='ocrx_word' id='word_1_223' title='bbox 849 1756 996 1793; x_wconf 90' lang='lat' dir='ltr'><strong>propter</strong></span> <span class='ocrx_word' id='word_1_224' title='bbox 1021 1760 1168 1792; x_wconf 82' lang='lat' dir='ltr'><strong>magnas</strong></span> 
     </span>
     <span class='ocr_line' id='line_1_33' title="bbox 174 1799 1167 1847; baseline -0.006 -10"><span class='ocrx_word' id='word_1_225' title='bbox 174 1804 248 1837; x_wconf 84' lang='lat' dir='ltr'><strong>eius</strong></span> <span class='ocrx_word' id='word_1_226' title='bbox 270 1804 379 1843; x_wconf 75' lang='lat' dir='ltr'><strong>vires,</strong></span> <span class='ocrx_word' id='word_1_227' title='bbox 407 1802 535 1835; x_wconf 89' lang='lat' dir='ltr'><strong>deinde</strong></span> <span class='ocrx_word' id='word_1_228' title='bbox 551 1802 633 1847; x_wconf 85' lang='lat' dir='ltr'><strong>quia</strong></span> <span class='ocrx_word' id='word_1_229' title='bbox 661 1801 742 1834; x_wconf 88' lang='lat' dir='ltr'><strong>urbi</strong></span> <span class='ocrx_word' id='word_1_230' title='bbox 770 1801 925 1846; x_wconf 85' lang='lat' dir='ltr'><strong>plurima</strong></span> <span class='ocrx_word' id='word_1_231' title='bbox 951 1800 1082 1844; x_wconf 83' lang='lat' dir='ltr'><strong>oppida</strong></span> <span class='ocrx_word' id='word_1_232' title='bbox 1106 1799 1167 1831; x_wconf 81' lang='lat' dir='ltr'><strong>ad—</strong></span> 
     </span>
     <span class='ocr_line' id='line_1_34' title="bbox 175 1852 1168 1899; baseline -0.004 -12"><span class='ocrx_word' id='word_1_233' title='bbox 175 1861 292 1899; x_wconf 83' lang='lat' dir='ltr'><strong>empta</strong></span> <span class='ocrx_word' id='word_1_234' title='bbox 314 1861 414 1894; x_wconf 90' lang='lat' dir='ltr'><strong>sunt,</strong></span> <span class='ocrx_word' id='word_1_235' title='bbox 442 1854 470 1887; x_wconf 90' lang='lat' dir='ltr'><strong>is</strong></span> <span class='ocrx_word' id='word_1_236' title='bbox 486 1860 580 1886; x_wconf 88' lang='lat' dir='ltr'><strong>recte</strong></span> <span class='ocrx_word' id='word_1_237' title='bbox 606 1853 749 1886; x_wconf 87' lang='lat' dir='ltr'><strong>iudicat.</strong></span> <span class='ocrx_word' id='word_1_238' title='bbox 801 1852 935 1886; x_wconf 89' lang='lat' dir='ltr'><strong>Verum</strong></span> <span class='ocrx_word' id='word_1_239' title='bbox 962 1858 1086 1884; x_wconf 88' lang='lat' dir='ltr'><strong>contra</strong></span> <span class='ocrx_word' id='word_1_240' title='bbox 1111 1863 1168 1883; x_wconf 79' lang='lat' dir='ltr'><strong>ex-</strong></span> 
     </span>
     <span class='ocr_line' id='line_1_35' title="bbox 174 1904 1166 1950; baseline -0.004 -12"><span class='ocrx_word' id='word_1_241' title='bbox 174 1907 307 1950; x_wconf 90' lang='lat' dir='ltr'><strong>pendat</strong></span> <span class='ocrx_word' id='word_1_242' title='bbox 330 1905 382 1950; x_wconf 83' lang='lat'><strong>⁸),</strong></span> <span class='ocrx_word' id='word_1_243' title='bbox 429 1906 525 1950; x_wconf 86' lang='lat' dir='ltr'><strong>quod</strong></span> <span class='ocrx_word' id='word_1_244' title='bbox 560 1911 593 1937; x_wconf 91' lang='lat' dir='ltr'><strong>et</strong></span> <span class='ocrx_word' id='word_1_245' title='bbox 623 1911 727 1937; x_wconf 87' lang='lat' dir='ltr'><strong>antea</strong></span> <span class='ocrx_word' id='word_1_246' title='bbox 758 1904 793 1936; x_wconf 92' lang='lat' dir='ltr'><strong>in</strong></span> <span class='ocrx_word' id='word_1_247' title='bbox 830 1910 952 1938; x_wconf 90' lang='lat' dir='ltr'><strong>nostra</strong></span> <span class='ocrx_word' id='word_1_248' title='bbox 993 1908 1166 1948; x_wconf 78' lang='lat' dir='ltr'><strong>potestate</strong></span> 
     </span>
     <span class='ocr_line' id='line_1_36' title="bbox 173 1953 1167 2002; baseline -0.004 -12"><span class='ocrx_word' id='word_1_249' title='bbox 173 1958 320 2002; x_wconf 67' lang='lat' dir='ltr'><strong>Pydna,</strong></span> <span class='ocrx_word' id='word_1_250' title='bbox 347 1957 539 1996; x_wconf 76' lang='lat' dir='ltr'><strong>Potidaea,</strong></span> <span class='ocrx_word' id='word_1_251' title='bbox 568 1954 738 1989; x_wconf 83' lang='lat' dir='ltr'><strong>Methone</strong></span> <span class='ocrx_word' id='word_1_252' title='bbox 755 1955 808 2001; x_wconf 77' lang='grc'><strong>9),</strong></span> <span class='ocrx_word' id='word_1_253' title='bbox 843 1962 877 1989; x_wconf 89' lang='lat' dir='ltr'><strong>et</strong></span> <span class='ocrx_word' id='word_1_254' title='bbox 900 1953 987 1988; x_wconf 88' lang='lat' dir='ltr'><strong>haec</strong></span> <span class='ocrx_word' id='word_1_255' title='bbox 1012 1960 1085 1987; x_wconf 89' lang='lat' dir='ltr'><strong>tota</strong></span> <span class='ocrx_word' id='word_1_256' title='bbox 1112 1966 1167 1986; x_wconf 90' lang='lat' dir='ltr'><strong>re-</strong></span> 
     </span>
     <span class='ocr_line' id='line_1_37' title="bbox 174 2005 1164 2053; baseline -0.004 -12"><span class='ocrx_word' id='word_1_257' title='bbox 174 2009 231 2053; x_wconf 75' lang='lat' dir='ltr'><strong>gio</strong></span> <span class='ocrx_word' id='word_1_258' title='bbox 265 2009 390 2048; x_wconf 83' lang='lat' dir='ltr'><strong>suerit,</strong></span> <span class='ocrx_word' id='word_1_259' title='bbox 433 2014 466 2040; x_wconf 91' lang='lat' dir='ltr'><strong>et</strong></span> <span class='ocrx_word' id='word_1_260' title='bbox 497 2008 686 2052; x_wconf 84' lang='lat' dir='ltr'><strong>pleraeque</strong></span> <span class='ocrx_word' id='word_1_261' title='bbox 720 2013 860 2051; x_wconf 77' lang='lat' dir='ltr'><strong>gentes,</strong></span> <span class='ocrx_word' id='word_1_262' title='bbox 904 2018 991 2052; x_wconf 89' lang='lat' dir='ltr'><strong>quas</strong></span> <span class='ocrx_word' id='word_1_263' title='bbox 1016 2007 1072 2038; x_wconf 92' lang='lat' dir='ltr'><strong>ille</strong></span> <span class='ocrx_word' id='word_1_264' title='bbox 1095 2005 1164 2038; x_wconf 88' lang='lat' dir='ltr'><strong>iam</strong></span> 
     </span>
     <span class='ocr_line' id='line_1_38' title="bbox 175 2056 1168 2100; baseline -0.004 -7"><span class='ocrx_word' id='word_1_265' title='bbox 175 2067 284 2099; x_wconf 86' lang='lat' dir='ltr'><strong>tenet,</strong></span> <span class='ocrx_word' id='word_1_266' title='bbox 312 2072 390 2092; x_wconf 90' lang='lat' dir='ltr'><strong>cum</strong></span> <span class='ocrx_word' id='word_1_267' title='bbox 408 2059 509 2092; x_wconf 86' lang='lat' dir='ltr'><strong>liberi</strong></span> <span class='ocrx_word' id='word_1_268' title='bbox 528 2066 660 2099; x_wconf 84' lang='lat' dir='ltr'><strong>essent,</strong></span> <span class='ocrx_word' id='word_1_269' title='bbox 677 2071 716 2091; x_wconf 88' lang='lat' dir='ltr'><strong>ac</strong></span> <span class='ocrx_word' id='word_1_270' title='bbox 732 2059 803 2092; x_wconf 89' lang='lat' dir='ltr'><strong>suis</strong></span> <span class='ocrx_word' id='word_1_271' title='bbox 820 2064 1005 2092; x_wconf 88' lang='lat' dir='ltr'><strong>uterentur</strong></span> <span class='ocrx_word' id='word_1_272' title='bbox 1020 2056 1168 2100; x_wconf 83' lang='lat' dir='ltr'><strong>legibus,</strong></span> 
     </span>
     <span class='ocr_line' id='line_1_39' title="bbox 173 2108 1168 2154; baseline -0.002 -10"><span class='ocrx_word' id='word_1_273' title='bbox 173 2118 378 2145; x_wconf 87' lang='lat' dir='ltr'><strong>nostrarum</strong></span> <span class='ocrx_word' id='word_1_274' title='bbox 411 2110 568 2154; x_wconf 86' lang='lat' dir='ltr'><strong>partium</strong></span> <span class='ocrx_word' id='word_1_275' title='bbox 598 2123 671 2143; x_wconf 86' lang='lat' dir='ltr'><strong>esse</strong></span> <span class='ocrx_word' id='word_1_276' title='bbox 701 2110 883 2143; x_wconf 83' lang='lat' dir='ltr'><strong>malebant</strong></span> <span class='ocrx_word' id='word_1_277' title='bbox 921 2121 1028 2154; x_wconf 85' lang='lat' dir='ltr'><strong>quam</strong></span> <span class='ocrx_word' id='word_1_278' title='bbox 1062 2108 1168 2142; x_wconf 88' lang='lat' dir='ltr'><strong>illius.</strong></span> 
     </span>
     <span class='ocr_line' id='line_1_40' title="bbox 175 2159 1168 2205; baseline -0.005 -9"><span class='ocrx_word' id='word_1_279' title='bbox 175 2163 289 2196; x_wconf 89' lang='lat' dir='ltr'><strong>Porro</strong></span> <span class='ocrx_word' id='word_1_280' title='bbox 308 2163 333 2196; x_wconf 88' lang='lat' dir='ltr'><strong>si</strong></span> <span class='ocrx_word' id='word_1_281' title='bbox 354 2159 541 2205; x_wconf 81' lang='lat' dir='ltr'><strong>Philippus</strong></span> <span class='ocrx_word' id='word_1_282' title='bbox 560 2168 633 2194; x_wconf 87' lang='lat' dir='ltr'><strong>tum</strong></span> <span class='ocrx_word' id='word_1_283' title='bbox 652 2174 774 2205; x_wconf 86' lang='lat' dir='ltr'><strong>passus</strong></span> <span class='ocrx_word' id='word_1_284' title='bbox 797 2168 885 2195; x_wconf 88' lang='lat' dir='ltr'><strong>esset</strong></span> <span class='ocrx_word' id='word_1_285' title='bbox 905 2174 940 2194; x_wconf 89' lang='lat' dir='ltr'><strong>se</strong></span> <span class='ocrx_word' id='word_1_286' title='bbox 967 2159 1168 2199; x_wconf 84' lang='lat' dir='ltr'><strong>absterreri,</strong></span> 
     </span>
     <span class='ocr_line' id='line_1_41' title="bbox 174 2211 1168 2259; baseline -0.004 -12"><span class='ocrx_word' id='word_1_287' title='bbox 174 2227 244 2259; x_wconf 85' lang='lat' dir='ltr'><strong>quo</strong></span> <span class='ocrx_word' id='word_1_288' title='bbox 267 2214 382 2247; x_wconf 85' lang='lat' dir='ltr'><strong>minus</strong></span> <span class='ocrx_word' id='word_1_289' title='bbox 399 2214 529 2245; x_wconf 84' lang='lat' dir='ltr'><strong>bellum</strong></span> <span class='ocrx_word' id='word_1_290' title='bbox 552 2213 716 2252; x_wconf 80' lang='lat' dir='ltr'><strong>inferret,</strong></span> <span class='ocrx_word' id='word_1_291' title='bbox 747 2225 824 2245; x_wconf 90' lang='lat' dir='ltr'><strong>cum</strong></span> <span class='ocrx_word' id='word_1_292' title='bbox 845 2219 877 2245; x_wconf 90' lang='lat' dir='ltr'><strong>et</strong></span> <span class='ocrx_word' id='word_1_293' title='bbox 903 2212 1010 2245; x_wconf 87' lang='lat' dir='ltr'><strong>tantis</strong></span> <span class='ocrx_word' id='word_1_294' title='bbox 1037 2211 1168 2255; x_wconf 84' lang='lat' dir='ltr'><strong>praesi—</strong></span> 
     </span>
    </p>
   </div>
   <div class='ocr_carea' id='block_1_3' title="bbox 207 2367 1169 2430">
    <p class='ocr_par' dir='ltr' id='par_1_3' title="bbox 207 2367 1169 2430">
     <span class='ocr_line' id='line_1_42' title="bbox 207 2367 1169 2399; baseline 0 -8"><span class='ocrx_word' id='word_1_295' title='bbox 207 2370 238 2396; x_wconf 75' lang='grc'>4)</span> <span class='ocrx_word' id='word_1_296' title='bbox 260 2369 291 2391; x_wconf 80' lang='lat' dir='ltr'><strong>H.</strong></span> <span class='ocrx_word' id='word_1_297' title='bbox 320 2370 336 2392; x_wconf 90' lang='grc'><strong>1.</strong></span> <span class='ocrx_word' id='word_1_298' title='bbox 367 2368 391 2392; x_wconf 88' lang='lat' dir='ltr'><strong>in</strong></span> <span class='ocrx_word' id='word_1_299' title='bbox 420 2369 468 2394; x_wconf 83' lang='lat' dir='ltr'><strong>Ed.</strong></span> <span class='ocrx_word' id='word_1_300' title='bbox 489 2368 571 2392; x_wconf 72' lang='lat' dir='ltr'><strong>nasu.</strong></span> <span class='ocrx_word' id='word_1_301' title='bbox 591 2367 693 2399; x_wconf 80' lang='lat' dir='ltr'><strong>legitur</strong></span> <span class='ocrx_word' id='word_1_302' title='bbox 719 2369 784 2391; x_wconf 86' lang='lat' dir='ltr'><strong>nota</strong></span> <span class='ocrx_word' id='word_1_303' title='bbox 809 2367 986 2397; x_wconf 74' lang='lat' dir='ltr'><strong>marginalis:</strong></span> <span class='ocrx_word' id='word_1_304' title='bbox 1013 2367 1169 2397; x_wconf 77' lang='lat' dir='ltr'><strong>propositio</strong></span> 
     </span>
     <span class='ocr_line' id='line_1_43' title="bbox 246 2400 737 2430; baseline 0.008 -6"><span class='ocrx_word' id='word_1_305' title='bbox 246 2409 306 2425; x_wconf 84' lang='lat' dir='ltr'><strong>cnm</strong></span> <span class='ocrx_word' id='word_1_306' title='bbox 327 2404 489 2427; x_wconf 73' lang='lat' dir='ltr'><strong>attentione.</strong></span> <span class='ocrx_word' id='word_1_307' title='bbox 719 2400 737 2430; x_wconf 73' lang='grc' dir='ltr'><em>Ῐ</em></span> 
     </span>
    </p>
   </div>
   <div class='ocr_carea' id='block_1_4' title="bbox 211 2462 1170 2492">
    <p class='ocr_par' dir='ltr' id='par_1_4' title="bbox 211 2462 1170 2492">
     <span class='ocr_line' id='line_1_44' title="bbox 211 2462 1170 2492; baseline 0.001 -7"><span class='ocrx_word' id='word_1_308' title='bbox 211 2462 243 2489; x_wconf 81' lang='lat'><strong>5)</strong></span> <span class='ocrx_word' id='word_1_309' title='bbox 263 2463 440 2491; x_wconf 60' lang='lat' dir='ltr'><strong>meministis]</strong></span> <span class='ocrx_word' id='word_1_310' title='bbox 459 2464 499 2487; x_wconf 83' lang='lat' dir='ltr'><strong>sic</strong></span> <span class='ocrx_word' id='word_1_311' title='bbox 519 2464 602 2489; x_wconf 86' lang='lat' dir='ltr'><strong>Editt.</strong></span> <span class='ocrx_word' id='word_1_312' title='bbox 623 2463 723 2490; x_wconf 72' lang='lat' dir='ltr'><strong>Basti..</strong></span> <span class='ocrx_word' id='word_1_313' title='bbox 746 2463 838 2492; x_wconf 77' lang='lat'>1562.;</span> <span class='ocrx_word' id='word_1_314' title='bbox 863 2463 945 2488; x_wconf 77' lang='lat' dir='ltr'><strong>Editt.</strong></span> <span class='ocrx_word' id='word_1_315' title='bbox 968 2462 1062 2487; x_wconf 76' lang='lat'>1559..</span> <span class='ocrx_word' id='word_1_316' title='bbox 1085 2463 1170 2486; x_wconf 66' lang='lat'>1564..</span> 
     </span>
    </p>
   </div>
   <div class='ocr_carea' id='block_1_5' title="bbox 251 2497 653 2523">
    <p class='ocr_par' dir='ltr' id='par_1_5' title="bbox 251 2497 653 2523">
     <span class='ocr_line' id='line_1_45' title="bbox 251 2497 653 2523; baseline 0.007 -4"><span class='ocrx_word' id='word_1_317' title='bbox 251 2497 343 2521; x_wconf 82' lang='lat'>1570..</span> <span class='ocrx_word' id='word_1_318' title='bbox 370 2498 442 2520; x_wconf 45' lang='lat'>1557.</span> <span class='ocrx_word' id='word_1_319' title='bbox 464 2499 653 2523; x_wconf 82' lang='lat' dir='ltr'><strong>meminerunt.</strong></span> 
     </span>
    </p>
   </div>
   <div class='ocr_carea' id='block_1_6' title="bbox 215 2555 1170 2614">
    <p class='ocr_par' dir='ltr' id='par_1_6' title="bbox 215 2555 1170 2614">
     <span class='ocr_line' id='line_1_46' title="bbox 215 2555 1170 2594; baseline 0.003 -16"><span class='ocrx_word' id='word_1_320' title='bbox 215 2556 247 2583; x_wconf 77' lang='grc'>6)</span> <span class='ocrx_word' id='word_1_321' title='bbox 269 2556 300 2579; x_wconf 79' lang='grc' dir='ltr'><strong>Η,</strong></span> <span class='ocrx_word' id='word_1_322' title='bbox 312 2555 339 2594; x_wconf 42' lang='grc'><strong>,1.</strong></span> <span class='ocrx_word' id='word_1_323' title='bbox 359 2556 385 2578; x_wconf 89' lang='lat' dir='ltr'><strong>in</strong></span> <span class='ocrx_word' id='word_1_324' title='bbox 405 2556 454 2580; x_wconf 82' lang='lat' dir='ltr'><strong>Ed.</strong></span> <span class='ocrx_word' id='word_1_325' title='bbox 475 2557 559 2582; x_wconf 77' lang='lat' dir='ltr'><strong>Basil.</strong></span> <span class='ocrx_word' id='word_1_326' title='bbox 580 2559 643 2581; x_wconf 83' lang='lat' dir='ltr'><strong>nota</strong></span> <span class='ocrx_word' id='word_1_327' title='bbox 669 2557 802 2589; x_wconf 84' lang='lat' dir='ltr'><strong>margin.:</strong></span> <span class='ocrx_word' id='word_1_328' title='bbox 833 2557 944 2581; x_wconf 80' lang='lat' dir='ltr'><strong>Veteris</strong></span> <span class='ocrx_word' id='word_1_329' title='bbox 971 2556 1086 2580; x_wconf 80' lang='lat' dir='ltr'><strong>virtutis</strong></span> <span class='ocrx_word' id='word_1_330' title='bbox 1113 2564 1170 2581; x_wconf 82' lang='lat' dir='ltr'><strong>me-</strong></span> 
     </span>
     <span class='ocr_line' id='line_1_47' title="bbox 249 2594 506 2614; baseline 0 -1"><span class='ocrx_word' id='word_1_331' title='bbox 249 2596 362 2613; x_wconf 75' lang='lat' dir='ltr'><strong>moriam</strong></span> <span class='ocrx_word' id='word_1_332' title='bbox 384 2594 506 2614; x_wconf 79' lang='lat' dir='ltr'><strong>revocat.</strong></span> 
     </span>
    </p>
   </div>
   <div class='ocr_carea' id='block_1_7' title="bbox 209 2641 1012 2775">
    <p class='ocr_par' dir='ltr' id='par_1_7' title="bbox 209 2641 1012 2775">
     <span class='ocr_line' id='line_1_48' title="bbox 211 2641 973 2675; baseline 0.004 -11"><span class='ocrx_word' id='word_1_333' title='bbox 211 2641 244 2669; x_wconf 92' lang='grc'><strong>7)</strong></span> <span class='ocrx_word' id='word_1_334' title='bbox 265 2641 295 2664; x_wconf 82' lang='grc' dir='ltr'><strong>Η.</strong></span> <span class='ocrx_word' id='word_1_335' title='bbox 315 2641 334 2665; x_wconf 90' lang='lat' dir='ltr'><strong>l.</strong></span> <span class='ocrx_word' id='word_1_336' title='bbox 354 2641 380 2664; x_wconf 87' lang='lat' dir='ltr'><strong>in</strong></span> <span class='ocrx_word' id='word_1_337' title='bbox 399 2642 449 2665; x_wconf 76' lang='lat' dir='ltr'><strong>Ed.</strong></span> <span class='ocrx_word' id='word_1_338' title='bbox 471 2643 552 2666; x_wconf 67' lang='lat' dir='ltr'><strong>Basti.</strong></span> <span class='ocrx_word' id='word_1_339' title='bbox 573 2645 637 2666; x_wconf 80' lang='lat' dir='ltr'><strong>nota</strong></span> <span class='ocrx_word' id='word_1_340' title='bbox 656 2644 789 2675; x_wconf 83' lang='lat' dir='ltr'><strong>margin.:</strong></span> <span class='ocrx_word' id='word_1_341' title='bbox 817 2643 973 2673; x_wconf 81' lang='lat' dir='ltr'><strong>Occupatio.</strong></span> 
     </span>
     <span class='ocr_line' id='line_1_49' title="bbox 211 2692 952 2725; baseline 0.007 -10"><span class='ocrx_word' id='word_1_342' title='bbox 211 2693 245 2720; x_wconf 79' lang='grc'>8)</span> <span class='ocrx_word' id='word_1_343' title='bbox 266 2693 297 2716; x_wconf 84' lang='grc' dir='ltr'><strong>Η,</strong></span> <span class='ocrx_word' id='word_1_344' title='bbox 319 2693 339 2715; x_wconf 78' lang='lat' dir='ltr'><strong>l.</strong></span> <span class='ocrx_word' id='word_1_345' title='bbox 358 2692 386 2716; x_wconf 86' lang='lat' dir='ltr'><strong>in</strong></span> <span class='ocrx_word' id='word_1_346' title='bbox 406 2693 454 2718; x_wconf 87' lang='lat' dir='ltr'><strong>Ed.</strong></span> <span class='ocrx_word' id='word_1_347' title='bbox 475 2693 557 2716; x_wconf 80' lang='lat' dir='ltr'><strong>Basil.</strong></span> <span class='ocrx_word' id='word_1_348' title='bbox 577 2695 641 2717; x_wconf 80' lang='lat' dir='ltr'><strong>nota</strong></span> <span class='ocrx_word' id='word_1_349' title='bbox 659 2695 792 2725; x_wconf 76' lang='lat' dir='ltr'><strong>margin.:</strong></span> <span class='ocrx_word' id='word_1_350' title='bbox 819 2695 952 2720; x_wconf 76' lang='lat' dir='ltr'><strong>inversio.</strong></span> 
     </span>
     <span class='ocr_line' id='line_1_50' title="bbox 209 2743 1012 2775; baseline 0.005 -9"><span class='ocrx_word' id='word_1_351' title='bbox 209 2743 241 2771; x_wconf 77' lang='lat'><strong>9)</strong></span> <span class='ocrx_word' id='word_1_352' title='bbox 261 2744 405 2772; x_wconf 79' lang='lat' dir='ltr'><strong>Methone]</strong></span> <span class='ocrx_word' id='word_1_353' title='bbox 428 2744 474 2768; x_wconf 74' lang='lat' dir='ltr'><strong>Ed.</strong></span> <span class='ocrx_word' id='word_1_354' title='bbox 496 2743 579 2768; x_wconf 85' lang='lat' dir='ltr'><strong>Basil.</strong></span> <span class='ocrx_word' id='word_1_355' title='bbox 599 2749 696 2769; x_wconf 85' lang='lat' dir='ltr'><strong>errore</strong></span> <span class='ocrx_word' id='word_1_356' title='bbox 715 2747 841 2775; x_wconf 68' lang='lat' dir='ltr'><strong>typogr,:</strong></span> <span class='ocrx_word' id='word_1_357' title='bbox 865 2746 1012 2770; x_wconf 74' lang='lat' dir='ltr'><strong>Methione.</strong></span> 
     </span>
    </p>
   </div>
   <div class='ocr_carea' id='block_1_8' title="bbox 784 118 1639 157">
    <p class='ocr_par' dir='ltr' id='par_1_8' title="bbox 784 118 1639 157">
     <span class='ocr_line' id='line_1_51' title="bbox 784 118 1639 157; baseline -0.001 0"><span class='ocrx_word' id='word_1_358' title='bbox 784 122 905 157; x_wconf 86' lang='lat' dir='ltr'><strong>PHlL.</strong></span> <span class='ocrx_word' id='word_1_359' title='bbox 934 120 1046 154; x_wconf 82' lang='lat' dir='ltr'><strong>MEL.</strong></span> <span class='ocrx_word' id='word_1_360' title='bbox 1074 118 1276 154; x_wconf 77' lang='lat' dir='ltr'><strong>SCRIPTA</strong></span> <span class='ocrx_word' id='word_1_361' title='bbox 1304 119 1639 156; x_wconf 81' lang='lat' dir='ltr'><strong>PHILOLOGICA.</strong></span> 
     </span>
    </p>
   </div>
   <div class='ocr_carea' id='block_1_9' title="bbox 2143 120 2217 156">
    <p class='ocr_par' dir='ltr' id='par_1_9' title="bbox 2143 120 2217 156">
     <span class='ocr_line' id='line_1_52' title="bbox 2143 120 2217 156; baseline 0.014 -1"><span class='ocrx_word' id='word_1_362' title='bbox 2143 120 2217 156; x_wconf 86' lang='lat'><strong>764</strong></span> 
     </span>
    </p>
   </div>
   <div class='ocr_carea' id='block_1_10' title="bbox 1220 203 2219 1848">
    <p class='ocr_par' dir='ltr' id='par_1_10' title="bbox 1220 203 2219 1848">
     <span class='ocr_line' id='line_1_53' title="bbox 1222 203 2219 252; baseline 0.002 -14"><span class='ocrx_word' id='word_1_363' title='bbox 1222 206 1288 240; x_wconf 87' lang='lat' dir='ltr'><strong>diis</strong></span> <span class='ocrx_word' id='word_1_364' title='bbox 1303 219 1368 240; x_wconf 90' lang='lat' dir='ltr'><strong>nos</strong></span> <span class='ocrx_word' id='word_1_365' title='bbox 1385 207 1508 240; x_wconf 84' lang='lat' dir='ltr'><strong>vallati</strong></span> <span class='ocrx_word' id='word_1_366' title='bbox 1530 220 1695 247; x_wconf 86' lang='lat' dir='ltr'><strong>essemus,</strong></span> <span class='ocrx_word' id='word_1_367' title='bbox 1713 213 1747 240; x_wconf 89' lang='lat' dir='ltr'><strong>et</strong></span> <span class='ocrx_word' id='word_1_368' title='bbox 1764 207 1836 252; x_wconf 88' lang='lat' dir='ltr'><strong>ipse</strong></span> <span class='ocrx_word' id='word_1_369' title='bbox 1847 206 1962 246; x_wconf 83' lang='lat' dir='ltr'><strong>nullos</strong></span> <span class='ocrx_word' id='word_1_370' title='bbox 1977 205 2091 239; x_wconf 90' lang='lat' dir='ltr'><strong>socios</strong></span> <span class='ocrx_word' id='word_1_371' title='bbox 2110 203 2219 240; x_wconf 85' lang='lat' dir='ltr'><strong>habe-</strong></span> 
     </span>
     <span class='ocr_line' id='line_1_54' title="bbox 1222 258 2217 304; baseline 0 -14"><span class='ocrx_word' id='word_1_372' title='bbox 1222 264 1294 297; x_wconf 85' lang='lat' dir='ltr'><strong>ret,</strong></span> <span class='ocrx_word' id='word_1_373' title='bbox 1320 258 1530 304; x_wconf 83' lang='lat' dir='ltr'><strong>neutiquam</strong></span> <span class='ocrx_word' id='word_1_374' title='bbox 1550 265 1666 292; x_wconf 83' lang='lat' dir='ltr'><strong>tantas</strong></span> <span class='ocrx_word' id='word_1_375' title='bbox 1686 270 1742 292; x_wconf 81' lang='lat' dir='ltr'><strong>res</strong></span> <span class='ocrx_word' id='word_1_376' title='bbox 1759 258 1931 302; x_wconf 84' lang='lat' dir='ltr'><strong>gessisset,</strong></span> <span class='ocrx_word' id='word_1_377' title='bbox 1949 264 2011 291; x_wconf 85' lang='lat' dir='ltr'><strong>aut</strong></span> <span class='ocrx_word' id='word_1_378' title='bbox 2024 263 2141 291; x_wconf 86' lang='lat' dir='ltr'><strong>tantas</strong></span> <span class='ocrx_word' id='word_1_379' title='bbox 2150 258 2217 291; x_wconf 87' lang='lat' dir='ltr'><strong>sibi</strong></span> 
     </span>
     <span class='ocr_line' id='line_1_55' title="bbox 1222 307 2218 354; baseline 0.003 -14"><span class='ocrx_word' id='word_1_380' title='bbox 1222 309 1314 342; x_wconf 79' lang='lat' dir='ltr'><strong>vires</strong></span> <span class='ocrx_word' id='word_1_381' title='bbox 1329 316 1497 353; x_wconf 87' lang='lat' dir='ltr'><strong>parasset.</strong></span> <span class='ocrx_word' id='word_1_382' title='bbox 1526 310 1593 344; x_wconf 85' lang='lat' dir='ltr'><strong>Sed</strong></span> <span class='ocrx_word' id='word_1_383' title='bbox 1611 310 1754 343; x_wconf 78' lang='lat' dir='ltr'><strong>videbat</strong></span> <span class='ocrx_word' id='word_1_384' title='bbox 1770 310 1841 349; x_wconf 87' lang='lat' dir='ltr'><strong>ille,</strong></span> <span class='ocrx_word' id='word_1_385' title='bbox 1859 307 1946 342; x_wconf 84' lang='lat' dir='ltr'><strong>haee</strong></span> <span class='ocrx_word' id='word_1_386' title='bbox 1956 308 2132 354; x_wconf 83' lang='lat' dir='ltr'><strong>praesidia</strong></span> <span class='ocrx_word' id='word_1_387' title='bbox 2145 321 2218 343; x_wconf 87' lang='lat' dir='ltr'><strong>esse</strong></span> 
     </span>
     <span class='ocr_line' id='line_1_56' title="bbox 1221 360 2214 406; baseline 0.002 -15"><span class='ocrx_word' id='word_1_388' title='bbox 1221 361 1302 393; x_wconf 87' lang='lat' dir='ltr'><strong>belli</strong></span> <span class='ocrx_word' id='word_1_389' title='bbox 1315 361 1473 404; x_wconf 85' lang='lat' dir='ltr'><strong>praemia</strong></span> <span class='ocrx_word' id='word_1_390' title='bbox 1485 362 1683 406; x_wconf 86' lang='lat' dir='ltr'><strong>proposita.</strong></span> <span class='ocrx_word' id='word_1_391' title='bbox 1710 361 1848 396; x_wconf 81' lang='lat' dir='ltr'><strong>Natura</strong></span> <span class='ocrx_word' id='word_1_392' title='bbox 1867 367 1985 394; x_wconf 89' lang='lat' dir='ltr'><strong>autem</strong></span> <span class='ocrx_word' id='word_1_393' title='bbox 2002 360 2049 393; x_wconf 88' lang='lat' dir='ltr'><strong>ita</strong></span> <span class='ocrx_word' id='word_1_394' title='bbox 2069 372 2214 405; x_wconf 85' lang='lat' dir='ltr'><strong>compa·</strong></span> 
     </span>
     <span class='ocr_line' id='line_1_57' title="bbox 1223 409 2218 458; baseline 0.002 -15"><span class='ocrx_word' id='word_1_395' title='bbox 1223 418 1340 444; x_wconf 86' lang='lat' dir='ltr'><strong>ratum</strong></span> <span class='ocrx_word' id='word_1_396' title='bbox 1352 418 1404 446; x_wconf 89' lang='lat' dir='ltr'><strong>est</strong></span> <span class='ocrx_word' id='word_1_397' title='bbox 1423 412 1480 457; x_wconf 89' lang='lat'><strong>¹⁰),</strong></span> <span class='ocrx_word' id='word_1_398' title='bbox 1498 419 1538 446; x_wconf 88' lang='lat' dir='ltr'><strong>ut</strong></span> <span class='ocrx_word' id='word_1_399' title='bbox 1553 413 1752 446; x_wconf 90' lang='lat' dir='ltr'><strong>absentium</strong></span> <span class='ocrx_word' id='word_1_400' title='bbox 1770 426 1826 446; x_wconf 85' lang='lat' dir='ltr'><strong>res</strong></span> <span class='ocrx_word' id='word_1_401' title='bbox 1844 412 2073 457; x_wconf 85' lang='lat' dir='ltr'><strong>intercipiant</strong></span> <span class='ocrx_word' id='word_1_402' title='bbox 2086 409 2137 452; x_wconf 88' lang='lat' dir='ltr'><strong>hi,</strong></span> <span class='ocrx_word' id='word_1_403' title='bbox 2155 412 2218 458; x_wconf 88' lang='lat' dir='ltr'><strong>qui</strong></span> 
     </span>
     <span class='ocr_line' id='line_1_58' title="bbox 1224 463 2217 509; baseline 0.001 -14"><span class='ocrx_word' id='word_1_404' title='bbox 1224 469 1366 507; x_wconf 85' lang='lat' dir='ltr'><strong>praesto</strong></span> <span class='ocrx_word' id='word_1_405' title='bbox 1390 463 1539 504; x_wconf 83' lang='lat' dir='ltr'><strong>adsunt,</strong></span> <span class='ocrx_word' id='word_1_406' title='bbox 1569 470 1602 497; x_wconf 89' lang='lat' dir='ltr'><strong>et</strong></span> <span class='ocrx_word' id='word_1_407' title='bbox 1625 465 1754 498; x_wconf 90' lang='lat' dir='ltr'><strong>sedulis</strong></span> <span class='ocrx_word' id='word_1_408' title='bbox 1779 477 1818 497; x_wconf 86' lang='lat' dir='ltr'><strong>ac</strong></span> <span class='ocrx_word' id='word_1_409' title='bbox 1834 464 2118 509; x_wconf 86' lang='lat' dir='ltr'><strong>periclitantibus</strong></span> <span class='ocrx_word' id='word_1_410' title='bbox 2133 475 2217 496; x_wconf 89' lang='lat' dir='ltr'><strong>con-</strong></span> 
     </span>
     <span class='ocr_line' id='line_1_59' title="bbox 1225 514 2218 560; baseline 0.003 -14"><span class='ocrx_word' id='word_1_411' title='bbox 1225 515 1352 547; x_wconf 80' lang='lat' dir='ltr'><strong>cedant</strong></span> <span class='ocrx_word' id='word_1_412' title='bbox 1368 521 1570 549; x_wconf 82' lang='lat' dir='ltr'><strong>cessatores.</strong></span> <span class='ocrx_word' id='word_1_413' title='bbox 1609 515 1715 560; x_wconf 86' lang='lat' dir='ltr'><strong>Quod</strong></span> <span class='ocrx_word' id='word_1_414' title='bbox 1732 528 1810 549; x_wconf 87' lang='lat' dir='ltr'><strong>cum</strong></span> <span class='ocrx_word' id='word_1_415' title='bbox 1828 517 1865 548; x_wconf 92' lang='lat' dir='ltr'><strong>in</strong></span> <span class='ocrx_word' id='word_1_416' title='bbox 1883 516 2042 549; x_wconf 89' lang='lat' dir='ltr'><strong>animum</strong></span> <span class='ocrx_word' id='word_1_417' title='bbox 2060 514 2218 549; x_wconf 84' lang='lat' dir='ltr'><strong>induxis-</strong></span> 
     </span>
     <span class='ocr_line' id='line_1_60' title="bbox 1225 563 2215 612; baseline 0 -13"><span class='ocrx_word' id='word_1_418' title='bbox 1225 573 1277 600; x_wconf 89' lang='lat' dir='ltr'><strong>set</strong></span> <span class='ocrx_word' id='word_1_419' title='bbox 1293 563 1494 611; x_wconf 86' lang='lat' dir='ltr'><strong>Philippus,</strong></span> <span class='ocrx_word' id='word_1_420' title='bbox 1510 566 1643 611; x_wconf 81' lang='lat' dir='ltr'><strong>partjm</strong></span> <span class='ocrx_word' id='word_1_421' title='bbox 1663 567 1797 611; x_wconf 81' lang='lat' dir='ltr'><strong>redegit</strong></span> <span class='ocrx_word' id='word_1_422' title='bbox 1812 568 1847 600; x_wconf 91' lang='lat' dir='ltr'><strong>in</strong></span> <span class='ocrx_word' id='word_1_423' title='bbox 1863 579 1964 601; x_wconf 87' lang='lat' dir='ltr'><strong>suam</strong></span> <span class='ocrx_word' id='word_1_424' title='bbox 1983 573 2083 612; x_wconf 87' lang='lat' dir='ltr'><strong>potes</strong></span> <span class='ocrx_word' id='word_1_425' title='bbox 2091 573 2215 607; x_wconf 81' lang='lat' dir='ltr'><strong>tatem,</strong></span> 
     </span>
     <span class='ocr_line' id='line_1_61' title="bbox 1226 617 2215 662; baseline 0.001 -12"><span class='ocrx_word' id='word_1_426' title='bbox 1226 617 1357 662; x_wconf 90' lang='lat' dir='ltr'><strong>partim</strong></span> <span class='ocrx_word' id='word_1_427' title='bbox 1377 618 1539 651; x_wconf 86' lang='lat' dir='ltr'><strong>adiunxit</strong></span> <span class='ocrx_word' id='word_1_428' title='bbox 1554 617 1622 652; x_wconf 90' lang='lat' dir='ltr'><strong>sibi</strong></span> <span class='ocrx_word' id='word_1_429' title='bbox 1637 619 1772 659; x_wconf 89' lang='lat' dir='ltr'><strong>socios,</strong></span> <span class='ocrx_word' id='word_1_430' title='bbox 1807 625 1842 652; x_wconf 90' lang='lat' dir='ltr'><strong>et</strong></span> <span class='ocrx_word' id='word_1_431' title='bbox 1865 631 1907 652; x_wconf 86' lang='lat' dir='ltr'><strong>ex</strong></span> <span class='ocrx_word' id='word_1_432' title='bbox 1931 618 2057 652; x_wconf 90' lang='lat' dir='ltr'><strong>alienis</strong></span> <span class='ocrx_word' id='word_1_433' title='bbox 2081 618 2215 651; x_wconf 87' lang='lat' dir='ltr'><strong>amicos</strong></span> 
     </span>
     <span class='ocr_line' id='line_1_62' title="bbox 1227 668 2219 714; baseline -0.001 -12"><span class='ocrx_word' id='word_1_434' title='bbox 1227 669 1352 702; x_wconf 77' lang='lat' dir='ltr'><strong>effecit.</strong></span> <span class='ocrx_word' id='word_1_435' title='bbox 1404 669 1514 703; x_wconf 83' lang='lat' dir='ltr'><strong>Putat</strong></span> <span class='ocrx_word' id='word_1_436' title='bbox 1530 669 1624 702; x_wconf 87' lang='lat' dir='ltr'><strong>enim</strong></span> <span class='ocrx_word' id='word_1_437' title='bbox 1645 676 1760 703; x_wconf 89' lang='lat' dir='ltr'><strong>tutum</strong></span> <span class='ocrx_word' id='word_1_438' title='bbox 1779 682 1851 704; x_wconf 88' lang='lat' dir='ltr'><strong>esse</strong></span> <span class='ocrx_word' id='word_1_439' title='bbox 1870 683 1948 703; x_wconf 91' lang='lat' dir='ltr'><strong>cum</strong></span> <span class='ocrx_word' id='word_1_440' title='bbox 1964 668 2020 703; x_wconf 87' lang='lat' dir='ltr'><strong>his</strong></span> <span class='ocrx_word' id='word_1_441' title='bbox 2035 668 2219 714; x_wconf 86' lang='lat' dir='ltr'><strong>coniungi,</strong></span> 
     </span>
     <span class='ocr_line' id='line_1_63' title="bbox 1225 720 2218 767; baseline 0.001 -14"><span class='ocrx_word' id='word_1_442' title='bbox 1225 720 1286 766; x_wconf 88' lang='lat' dir='ltr'><strong>qui</strong></span> <span class='ocrx_word' id='word_1_443' title='bbox 1305 721 1520 765; x_wconf 83' lang='lat' dir='ltr'><strong>advigilant,</strong></span> <span class='ocrx_word' id='word_1_444' title='bbox 1556 727 1590 754; x_wconf 88' lang='lat' dir='ltr'><strong>et</strong></span> <span class='ocrx_word' id='word_1_445' title='bbox 1604 727 1746 755; x_wconf 88' lang='lat' dir='ltr'><strong>strenue</strong></span> <span class='ocrx_word' id='word_1_446' title='bbox 1770 733 1845 754; x_wconf 90' lang='lat' dir='ltr'><strong>rem</strong></span> <span class='ocrx_word' id='word_1_447' title='bbox 1872 727 2000 765; x_wconf 83' lang='lat' dir='ltr'><strong>gerunt</strong></span> <span class='ocrx_word' id='word_1_448' title='bbox 2016 721 2075 767; x_wconf 86' lang='lat'>¹¹).</span> <span class='ocrx_word' id='word_1_449' title='bbox 2128 721 2218 755; x_wconf 87' lang='lat' dir='ltr'><strong>Pro-</strong></span> 
     </span>
     <span class='ocr_line' id='line_1_64' title="bbox 1225 772 2218 819; baseline 0.002 -15"><span class='ocrx_word' id='word_1_450' title='bbox 1225 773 1306 805; x_wconf 86' lang='lat' dir='ltr'><strong>inde</strong></span> <span class='ocrx_word' id='word_1_451' title='bbox 1325 773 1353 805; x_wconf 91' lang='lat' dir='ltr'><strong>si</strong></span> <span class='ocrx_word' id='word_1_452' title='bbox 1369 774 1511 806; x_wconf 86' lang='lat' dir='ltr'><strong>tandem</strong></span> <span class='ocrx_word' id='word_1_453' title='bbox 1529 772 1723 817; x_wconf 85' lang='lat' dir='ltr'><strong>expergisci</strong></span> <span class='ocrx_word' id='word_1_454' title='bbox 1738 772 1923 806; x_wconf 73' lang='lat' dir='ltr'><strong>volueritis</strong></span> <span class='ocrx_word' id='word_1_455' title='bbox 1941 772 2006 819; x_wconf 66' lang='grc'><strong>12),</strong></span> <span class='ocrx_word' id='word_1_456' title='bbox 2026 779 2218 818; x_wconf 87' lang='lat' dir='ltr'><strong>postquam</strong></span> 
     </span>
     <span class='ocr_line' id='line_1_65' title="bbox 1224 822 2218 863; baseline 0 -7"><span class='ocrx_word' id='word_1_457' title='bbox 1224 822 1395 858; x_wconf 84' lang='lat' dir='ltr'><strong>hactenus</strong></span> <span class='ocrx_word' id='word_1_458' title='bbox 1411 831 1584 858; x_wconf 87' lang='lat' dir='ltr'><strong>cessatum</strong></span> <span class='ocrx_word' id='word_1_459' title='bbox 1602 830 1673 863; x_wconf 89' lang='lat' dir='ltr'><strong>est,</strong></span> <span class='ocrx_word' id='word_1_460' title='bbox 1702 830 1735 857; x_wconf 91' lang='lat' dir='ltr'><strong>et</strong></span> <span class='ocrx_word' id='word_1_461' title='bbox 1751 824 1809 857; x_wconf 90' lang='lat' dir='ltr'><strong>illa</strong></span> <span class='ocrx_word' id='word_1_462' title='bbox 1828 824 1865 857; x_wconf 87' lang='lat' dir='ltr'><strong>in</strong></span> <span class='ocrx_word' id='word_1_463' title='bbox 1883 823 2005 857; x_wconf 90' lang='lat' dir='ltr'><strong>animo</strong></span> <span class='ocrx_word' id='word_1_464' title='bbox 2023 823 2218 857; x_wconf 89' lang='lat' dir='ltr'><strong>institueri—</strong></span> 
     </span>
     <span class='ocr_line' id='line_1_66' title="bbox 1224 874 2217 921; baseline -0.001 -13"><span class='ocrx_word' id='word_1_465' title='bbox 1224 875 1286 915; x_wconf 88' lang='lat' dir='ltr'><strong>tis,</strong></span> <span class='ocrx_word' id='word_1_466' title='bbox 1314 875 1439 921; x_wconf 89' lang='lat' dir='ltr'><strong>suique</strong></span> <span class='ocrx_word' id='word_1_467' title='bbox 1462 876 1603 920; x_wconf 89' lang='lat' dir='ltr'><strong>copiam</strong></span> <span class='ocrx_word' id='word_1_468' title='bbox 1625 875 1841 920; x_wconf 86' lang='lat' dir='ltr'><strong>reipublicae</strong></span> <span class='ocrx_word' id='word_1_469' title='bbox 1867 875 2017 921; x_wconf 88' lang='lat' dir='ltr'><strong>quisque</strong></span> <span class='ocrx_word' id='word_1_470' title='bbox 2039 887 2106 920; x_wconf 91' lang='lat' dir='ltr'><strong>pro</strong></span> <span class='ocrx_word' id='word_1_471' title='bbox 2131 874 2217 908; x_wconf 87' lang='lat' dir='ltr'><strong>viri-</strong></span> 
     </span>
     <span class='ocr_line' id='line_1_67' title="bbox 1222 925 2218 971; baseline 0 -12"><span class='ocrx_word' id='word_1_472' title='bbox 1222 927 1288 960; x_wconf 88' lang='lat' dir='ltr'><strong>bus</strong></span> <span class='ocrx_word' id='word_1_473' title='bbox 1304 927 1428 960; x_wconf 88' lang='lat' dir='ltr'><strong>fecerit</strong></span> <span class='ocrx_word' id='word_1_474' title='bbox 1443 925 1534 960; x_wconf 86' lang='lat' dir='ltr'><strong>nihil</strong></span> <span class='ocrx_word' id='word_1_475' title='bbox 1554 928 1754 967; x_wconf 88' lang='lat' dir='ltr'><strong>contando,</strong></span> <span class='ocrx_word' id='word_1_476' title='bbox 1786 934 1820 960; x_wconf 93' lang='lat' dir='ltr'><strong>et</strong></span> <span class='ocrx_word' id='word_1_477' title='bbox 1842 927 2034 971; x_wconf 85' lang='lat' dir='ltr'><strong>pecuniam</strong></span> <span class='ocrx_word' id='word_1_478' title='bbox 2058 926 2218 959; x_wconf 87' lang='lat' dir='ltr'><strong>contule·</strong></span> 
     </span>
     <span class='ocr_line' id='line_1_68' title="bbox 1222 975 2219 1023; baseline -0.001 -13"><span class='ocrx_word' id='word_1_479' title='bbox 1222 977 1296 1010; x_wconf 85' lang='lat' dir='ltr'><strong>rint</strong></span> <span class='ocrx_word' id='word_1_480' title='bbox 1311 975 1368 1018; x_wconf 85' lang='lat' dir='ltr'><strong>hi,</strong></span> <span class='ocrx_word' id='word_1_481' title='bbox 1404 990 1557 1023; x_wconf 89' lang='lat' dir='ltr'><strong>quorum</strong></span> <span class='ocrx_word' id='word_1_482' title='bbox 1582 984 1665 1012; x_wconf 90' lang='lat' dir='ltr'><strong>sunt</strong></span> <span class='ocrx_word' id='word_1_483' title='bbox 1686 978 1892 1017; x_wconf 81' lang='lat' dir='ltr'><strong>facultates,</strong></span> <span class='ocrx_word' id='word_1_484' title='bbox 1927 984 1961 1011; x_wconf 90' lang='lat' dir='ltr'><strong>et</strong></span> <span class='ocrx_word' id='word_1_485' title='bbox 1984 977 2219 1010; x_wconf 82' lang='lat' dir='ltr'><strong>militaverint</strong></span> 
     </span>
     <span class='ocr_line' id='line_1_69' title="bbox 1223 1027 2216 1075; baseline 0.001 -14"><span class='ocrx_word' id='word_1_486' title='bbox 1223 1027 1281 1069; x_wconf 88' lang='lat' dir='ltr'><strong>hi,</strong></span> <span class='ocrx_word' id='word_1_487' title='bbox 1309 1029 1370 1075; x_wconf 90' lang='lat' dir='ltr'><strong>qui</strong></span> <span class='ocrx_word' id='word_1_488' title='bbox 1388 1042 1453 1073; x_wconf 91' lang='lat' dir='ltr'><strong>pro</strong></span> <span class='ocrx_word' id='word_1_489' title='bbox 1474 1036 1588 1062; x_wconf 87' lang='lat' dir='ltr'><strong>aetate</strong></span> <span class='ocrx_word' id='word_1_490' title='bbox 1606 1030 1753 1068; x_wconf 87' lang='lat' dir='ltr'><strong>debent;</strong></span> <span class='ocrx_word' id='word_1_491' title='bbox 1780 1029 1956 1070; x_wconf 29' lang='lat' dir='ltr'><strong>bre-viter,</strong></span> <span class='ocrx_word' id='word_1_492' title='bbox 1973 1028 2003 1063; x_wconf 90' lang='lat' dir='ltr'><strong>si</strong></span> <span class='ocrx_word' id='word_1_493' title='bbox 2018 1028 2127 1062; x_wconf 83' lang='lat' dir='ltr'><strong>vestri</strong></span> <span class='ocrx_word' id='word_1_494' title='bbox 2143 1040 2216 1062; x_wconf 86' lang='lat' dir='ltr'><strong>esse</strong></span> 
     </span>
     <span class='ocr_line' id='line_1_70' title="bbox 1223 1080 2217 1127; baseline 0.001 -14"><span class='ocrx_word' id='word_1_495' title='bbox 1223 1081 1420 1121; x_wconf 75' lang='lat' dir='ltr'><strong>volueritis,</strong></span> <span class='ocrx_word' id='word_1_496' title='bbox 1437 1093 1501 1114; x_wconf 89' lang='lat' dir='ltr'><strong>nec</strong></span> <span class='ocrx_word' id='word_1_497' title='bbox 1519 1080 1758 1126; x_wconf 83' lang='lat' dir='ltr'><strong>expectaverit</strong></span> <span class='ocrx_word' id='word_1_498' title='bbox 1774 1081 1936 1127; x_wconf 88' lang='lat' dir='ltr'><strong>quisque,</strong></span> <span class='ocrx_word' id='word_1_499' title='bbox 1954 1081 2039 1114; x_wconf 88' lang='lat' dir='ltr'><strong>dum</strong></span> <span class='ocrx_word' id='word_1_500' title='bbox 2054 1092 2091 1114; x_wconf 91' lang='lat' dir='ltr'><strong>se</strong></span> <span class='ocrx_word' id='word_1_501' title='bbox 2101 1080 2217 1114; x_wconf 82' lang='lat' dir='ltr'><strong>otioso</strong></span> 
     </span>
     <span class='ocr_line' id='line_1_71' title="bbox 1223 1131 2216 1176; baseline 0 -12"><span class='ocrx_word' id='word_1_502' title='bbox 1223 1132 1360 1166; x_wconf 62' lang='lat' dir='ltr'><strong>vicinus</strong></span> <span class='ocrx_word' id='word_1_503' title='bbox 1386 1145 1489 1166; x_wconf 91' lang='lat' dir='ltr'><strong>suum</strong></span> <span class='ocrx_word' id='word_1_504' title='bbox 1514 1132 1698 1176; x_wconf 82' lang='lat' dir='ltr'><strong>negotium</strong></span> <span class='ocrx_word' id='word_1_505' title='bbox 1722 1139 1832 1166; x_wconf 88' lang='lat' dir='ltr'><strong>curet.</strong></span> <span class='ocrx_word' id='word_1_506' title='bbox 1884 1131 1935 1165; x_wconf 85' lang='lat' dir='ltr'><strong>Ita</strong></span> <span class='ocrx_word' id='word_1_507' title='bbox 1964 1132 2108 1165; x_wconf 78' lang='lat' dir='ltr'><strong>demum</strong></span> <span class='ocrx_word' id='word_1_508' title='bbox 2134 1132 2216 1164; x_wconf 89' lang='lat' dir='ltr'><strong>lice-</strong></span> 
     </span>
     <span class='ocr_line' id='line_1_72' title="bbox 1222 1181 2218 1229; baseline -0.001 -13"><span class='ocrx_word' id='word_1_509' title='bbox 1222 1184 1274 1217; x_wconf 86' lang='lat' dir='ltr'><strong>bit</strong></span> <span class='ocrx_word' id='word_1_510' title='bbox 1294 1190 1327 1217; x_wconf 88' lang='lat' dir='ltr'><strong>et</strong></span> <span class='ocrx_word' id='word_1_511' title='bbox 1346 1183 1387 1217; x_wconf 90' lang='lat' dir='ltr'><strong>iis</strong></span> <span class='ocrx_word' id='word_1_512' title='bbox 1399 1210 1408 1224; x_wconf 89' lang='lat'><strong>,</strong></span> <span class='ocrx_word' id='word_1_513' title='bbox 1437 1197 1528 1229; x_wconf 88' lang='lat' dir='ltr'><strong>quae</strong></span> <span class='ocrx_word' id='word_1_514' title='bbox 1548 1181 1664 1217; x_wconf 86' lang='lat' dir='ltr'><strong>adhuc</strong></span> <span class='ocrx_word' id='word_1_515' title='bbox 1682 1184 1719 1217; x_wconf 91' lang='lat' dir='ltr'><strong>in</strong></span> <span class='ocrx_word' id='word_1_516' title='bbox 1735 1191 1857 1218; x_wconf 87' lang='lat' dir='ltr'><strong>nostra</strong></span> <span class='ocrx_word' id='word_1_517' title='bbox 1876 1188 2050 1229; x_wconf 84' lang='lat' dir='ltr'><strong>potestate</strong></span> <span class='ocrx_word' id='word_1_518' title='bbox 2065 1189 2166 1223; x_wconf 89' lang='lat' dir='ltr'><strong>sunt,</strong></span> <span class='ocrx_word' id='word_1_519' title='bbox 2187 1182 2218 1216; x_wconf 88' lang='lat' dir='ltr'><strong>si</strong></span> 
     </span>
     <span class='ocr_line' id='line_1_73' title="bbox 1222 1235 2218 1281; baseline -0.001 -13"><span class='ocrx_word' id='word_1_520' title='bbox 1222 1235 1318 1268; x_wconf 88' lang='lat' dir='ltr'><strong>Deus</strong></span> <span class='ocrx_word' id='word_1_521' title='bbox 1337 1235 1431 1268; x_wconf 72' lang='lat' dir='ltr'><strong>volet</strong></span> <span class='ocrx_word' id='word_1_522' title='bbox 1449 1235 1513 1281; x_wconf 59' lang='grc' dir='ltr'>η),</span> <span class='ocrx_word' id='word_1_523' title='bbox 1541 1242 1618 1268; x_wconf 91' lang='lat' dir='ltr'><strong>tuto</strong></span> <span class='ocrx_word' id='word_1_524' title='bbox 1634 1235 1724 1275; x_wconf 86' lang='lat' dir='ltr'><strong>frui,</strong></span> <span class='ocrx_word' id='word_1_525' title='bbox 1753 1242 1786 1269; x_wconf 91' lang='lat' dir='ltr'><strong>et</strong></span> <span class='ocrx_word' id='word_1_526' title='bbox 1801 1247 2013 1280; x_wconf 82' lang='lat' dir='ltr'><strong>recuperare</strong></span> <span class='ocrx_word' id='word_1_527' title='bbox 2038 1246 2098 1275; x_wconf 89' lang='lat' dir='ltr'><strong>ea,</strong></span> <span class='ocrx_word' id='word_1_528' title='bbox 2126 1246 2218 1280; x_wconf 84' lang='lat' dir='ltr'><strong>quae</strong></span> 
     </span>
     <span class='ocr_line' id='line_1_74' title="bbox 1222 1285 2217 1332; baseline -0.003 -12"><span class='ocrx_word' id='word_1_529' title='bbox 1222 1300 1286 1332; x_wconf 90' lang='lat' dir='ltr'><strong>per</strong></span> <span class='ocrx_word' id='word_1_530' title='bbox 1302 1286 1555 1330; x_wconf 81' lang='lat' dir='ltr'><strong>negligentiam</strong></span> <span class='ocrx_word' id='word_1_531' title='bbox 1573 1286 1700 1320; x_wconf 82' lang='lat' dir='ltr'><strong>amissa</strong></span> <span class='ocrx_word' id='word_1_532' title='bbox 1719 1293 1803 1320; x_wconf 89' lang='lat' dir='ltr'><strong>sunt</strong></span> <span class='ocrx_word' id='word_1_533' title='bbox 1814 1313 1824 1327; x_wconf 93' lang='lat'>‚</span> <span class='ocrx_word' id='word_1_534' title='bbox 1845 1293 1879 1320; x_wconf 89' lang='lat' dir='ltr'><strong>et</strong></span> <span class='ocrx_word' id='word_1_535' title='bbox 1895 1287 1994 1319; x_wconf 88' lang='lat' dir='ltr'><strong>illum</strong></span> <span class='ocrx_word' id='word_1_536' title='bbox 2010 1286 2123 1330; x_wconf 90' lang='lat' dir='ltr'><strong>probe</strong></span> <span class='ocrx_word' id='word_1_537' title='bbox 2140 1285 2217 1317; x_wconf 77' lang='lat' dir='ltr'><strong>vin-</strong></span> 
     </span>
     <span class='ocr_line' id='line_1_75' title="bbox 1222 1336 2217 1384; baseline -0.001 -14"><span class='ocrx_word' id='word_1_538' title='bbox 1222 1339 1340 1371; x_wconf 83' lang='lat' dir='ltr'><strong>dicare</strong></span> <span class='ocrx_word' id='word_1_539' title='bbox 1358 1337 1416 1382; x_wconf 68' lang='grc' dir='ltr'><strong>Ν).</strong></span> <span class='ocrx_word' id='word_1_540' title='bbox 1474 1337 1598 1382; x_wconf 66' lang='lat' dir='ltr'><strong>Neque</strong></span> <span class='ocrx_word' id='word_1_541' title='bbox 1626 1337 1721 1370; x_wconf 87' lang='lat' dir='ltr'><strong>enim</strong></span> <span class='ocrx_word' id='word_1_542' title='bbox 1754 1344 1824 1379; x_wconf 88' lang='lat' dir='ltr'><strong>est,</strong></span> <span class='ocrx_word' id='word_1_543' title='bbox 1870 1338 1967 1384; x_wconf 89' lang='lat' dir='ltr'><strong>quod</strong></span> <span class='ocrx_word' id='word_1_544' title='bbox 1999 1336 2217 1377; x_wconf 81' lang='lat' dir='ltr'><strong>existimetis,</strong></span> 
     </span>
     <span class='ocr_line' id='line_1_76' title="bbox 1222 1388 2215 1434; baseline -0.002 -12"><span class='ocrx_word' id='word_1_545' title='bbox 1222 1389 1296 1423; x_wconf 86' lang='lat' dir='ltr'><strong>eius</strong></span> <span class='ocrx_word' id='word_1_546' title='bbox 1313 1400 1397 1432; x_wconf 88' lang='lat' dir='ltr'><strong>opes</strong></span> <span class='ocrx_word' id='word_1_547' title='bbox 1420 1394 1592 1434; x_wconf 81' lang='lat' dir='ltr'><strong>tanquam</strong></span> <span class='ocrx_word' id='word_1_548' title='bbox 1607 1388 1766 1422; x_wconf 86' lang='lat' dir='ltr'><strong>Deorum</strong></span> <span class='ocrx_word' id='word_1_549' title='bbox 1788 1390 1909 1422; x_wconf 88' lang='lat' dir='ltr'><strong>firmas</strong></span> <span class='ocrx_word' id='word_1_550' title='bbox 1936 1400 2009 1422; x_wconf 85' lang='lat' dir='ltr'><strong>esse</strong></span> <span class='ocrx_word' id='word_1_551' title='bbox 2030 1394 2065 1421; x_wconf 90' lang='lat' dir='ltr'><strong>et</strong></span> <span class='ocrx_word' id='word_1_552' title='bbox 2086 1388 2215 1421; x_wconf 87' lang='lat' dir='ltr'><strong>immo-</strong></span> 
     </span>
     <span class='ocr_line' id='line_1_77' title="bbox 1220 1437 2217 1485; baseline 0 -13"><span class='ocrx_word' id='word_1_553' title='bbox 1220 1440 1308 1473; x_wconf 91' lang='lat' dir='ltr'><strong>biles</strong></span> <span class='ocrx_word' id='word_1_554' title='bbox 1326 1439 1388 1485; x_wconf 79' lang='grc'><strong>15);</strong></span> <span class='ocrx_word' id='word_1_555' title='bbox 1417 1452 1541 1474; x_wconf 74' lang='lat' dir='ltr'><strong>verum</strong></span> <span class='ocrx_word' id='word_1_556' title='bbox 1568 1441 1722 1473; x_wconf 88' lang='lat' dir='ltr'><strong>oderunt</strong></span> <span class='ocrx_word' id='word_1_557' title='bbox 1746 1453 1827 1474; x_wconf 89' lang='lat' dir='ltr'><strong>eum</strong></span> <span class='ocrx_word' id='word_1_558' title='bbox 1850 1446 1884 1473; x_wconf 90' lang='lat' dir='ltr'><strong>et</strong></span> <span class='ocrx_word' id='word_1_559' title='bbox 1905 1445 2072 1473; x_wconf 86' lang='lat' dir='ltr'><strong>metuunt</strong></span> <span class='ocrx_word' id='word_1_560' title='bbox 2086 1437 2154 1485; x_wconf 75' lang='lat'><strong>¹⁶),</strong></span> <span class='ocrx_word' id='word_1_561' title='bbox 2181 1445 2217 1472; x_wconf 84' lang='lat' dir='ltr'><strong>et</strong></span> 
     </span>
     <span class='ocr_line' id='line_1_78' title="bbox 1222 1489 2218 1539; baseline 0.001 -16"><span class='ocrx_word' id='word_1_562' title='bbox 1222 1491 1383 1524; x_wconf 87' lang='lat' dir='ltr'><strong>invident</strong></span> <span class='ocrx_word' id='word_1_563' title='bbox 1402 1490 1448 1536; x_wconf 86' lang='lat'><strong>¹⁷)</strong></span> <span class='ocrx_word' id='word_1_564' title='bbox 1472 1491 1504 1524; x_wconf 90' lang='lat' dir='ltr'><strong>ei</strong></span> <span class='ocrx_word' id='word_1_565' title='bbox 1529 1491 1718 1536; x_wconf 89' lang='lat' dir='ltr'><strong>permulti,</strong></span> <span class='ocrx_word' id='word_1_566' title='bbox 1751 1492 1912 1538; x_wconf 88' lang='lat' dir='ltr'><strong>adeoque</strong></span> <span class='ocrx_word' id='word_1_567' title='bbox 1937 1489 1976 1539; x_wconf 78' lang='lat' dir='ltr'><strong>lii</strong></span> <span class='ocrx_word' id='word_1_568' title='bbox 1998 1489 2063 1537; x_wconf 82' lang='lat'><strong>¹⁸),</strong></span> <span class='ocrx_word' id='word_1_569' title='bbox 2099 1490 2163 1536; x_wconf 89' lang='lat' dir='ltr'><strong>qui</strong></span> <span class='ocrx_word' id='word_1_570' title='bbox 2185 1489 2218 1524; x_wconf 86' lang='lat' dir='ltr'><strong>ei</strong></span> 
     </span>
     <span class='ocr_line' id='line_1_79' title="bbox 1221 1543 2218 1590; baseline 0 -14"><span class='ocrx_word' id='word_1_571' title='bbox 1221 1555 1394 1589; x_wconf 86' lang='lat' dir='ltr'><strong>perquam</strong></span> <span class='ocrx_word' id='word_1_572' title='bbox 1413 1543 1517 1575; x_wconf 89' lang='lat' dir='ltr'><strong>amici</strong></span> <span class='ocrx_word' id='word_1_573' title='bbox 1535 1543 1713 1577; x_wconf 75' lang='lat' dir='ltr'><strong>videntur.</strong></span> <span class='ocrx_word' id='word_1_574' title='bbox 1766 1543 1813 1577; x_wconf 83' lang='lat' dir='ltr'><strong>Et</strong></span> <span class='ocrx_word' id='word_1_575' title='bbox 1837 1544 2106 1590; x_wconf 86' lang='lat' dir='ltr'><strong>quibuscunque</strong></span> <span class='ocrx_word' id='word_1_576' title='bbox 2132 1543 2218 1577; x_wconf 89' lang='lat' dir='ltr'><strong>casi-</strong></span> 
     </span>
     <span class='ocr_line' id='line_1_80' title="bbox 1220 1594 2217 1640; baseline 0.001 -13"><span class='ocrx_word' id='word_1_577' title='bbox 1220 1596 1286 1628; x_wconf 86' lang='lat' dir='ltr'><strong>bus</strong></span> <span class='ocrx_word' id='word_1_578' title='bbox 1317 1594 1511 1628; x_wconf 84' lang='lat' dir='ltr'><strong>obnoxium</strong></span> <span class='ocrx_word' id='word_1_579' title='bbox 1549 1602 1599 1629; x_wconf 90' lang='lat' dir='ltr'><strong>est</strong></span> <span class='ocrx_word' id='word_1_580' title='bbox 1630 1595 1838 1630; x_wconf 80' lang='lat' dir='ltr'><strong>universum</strong></span> <span class='ocrx_word' id='word_1_581' title='bbox 1863 1595 2070 1629; x_wconf 82' lang='lat' dir='ltr'><strong>mortalium</strong></span> <span class='ocrx_word' id='word_1_582' title='bbox 2093 1607 2217 1640; x_wconf 84' lang='lat' dir='ltr'><strong>genus,</strong></span> 
     </span>
     <span class='ocr_line' id='line_1_81' title="bbox 1222 1646 2216 1691; baseline 0.002 -13"><span class='ocrx_word' id='word_1_583' title='bbox 1222 1646 1264 1680; x_wconf 92' lang='lat' dir='ltr'><strong>iis</strong></span> <span class='ocrx_word' id='word_1_584' title='bbox 1280 1653 1331 1680; x_wconf 88' lang='lat' dir='ltr'><strong>est</strong></span> <span class='ocrx_word' id='word_1_585' title='bbox 1348 1646 1405 1678; x_wconf 89' lang='lat' dir='ltr'><strong>ille</strong></span> <span class='ocrx_word' id='word_1_586' title='bbox 1421 1646 1612 1691; x_wconf 87' lang='lat' dir='ltr'><strong>expositus.</strong></span> <span class='ocrx_word' id='word_1_587' title='bbox 1639 1646 1774 1681; x_wconf 89' lang='lat' dir='ltr'><strong>Verum</strong></span> <span class='ocrx_word' id='word_1_588' title='bbox 1793 1660 1888 1681; x_wconf 86' lang='lat' dir='ltr'><strong>nunc</strong></span> <span class='ocrx_word' id='word_1_589' title='bbox 1905 1653 2066 1681; x_wconf 85' lang='lat' dir='ltr'><strong>mussant</strong></span> <span class='ocrx_word' id='word_1_590' title='bbox 2080 1659 2216 1688; x_wconf 87' lang='lat' dir='ltr'><strong>omnes,</strong></span> 
     </span>
     <span class='ocr_line' id='line_1_82' title="bbox 1222 1698 2214 1743; baseline 0 -12"><span class='ocrx_word' id='word_1_591' title='bbox 1222 1711 1300 1732; x_wconf 90' lang='lat' dir='ltr'><strong>cum</strong></span> <span class='ocrx_word' id='word_1_592' title='bbox 1335 1705 1483 1742; x_wconf 86' lang='lat' dir='ltr'><strong>propter</strong></span> <span class='ocrx_word' id='word_1_593' title='bbox 1514 1705 1669 1732; x_wconf 65' lang='lat' dir='ltr'><strong>vestram</strong></span> <span class='ocrx_word' id='word_1_594' title='bbox 1700 1700 1942 1733; x_wconf 86' lang='lat' dir='ltr'><strong>contationem</strong></span> <span class='ocrx_word' id='word_1_595' title='bbox 1977 1705 2012 1732; x_wconf 86' lang='lat' dir='ltr'><strong>et</strong></span> <span class='ocrx_word' id='word_1_596' title='bbox 2034 1698 2214 1743; x_wconf 72' lang='lat' dir='ltr'><strong>ignaviam</strong></span> 
     </span>
     <span class='ocr_line' id='line_1_83' title="bbox 1222 1748 2216 1797; baseline -0.001 -14"><span class='ocrx_word' id='word_1_597' title='bbox 1222 1756 1383 1783; x_wconf 82' lang='lat' dir='ltr'><strong>excutere</strong></span> <span class='ocrx_word' id='word_1_598' title='bbox 1399 1750 1520 1794; x_wconf 86' lang='lat' dir='ltr'><strong>iugum</strong></span> <span class='ocrx_word' id='word_1_599' title='bbox 1538 1762 1611 1783; x_wconf 91' lang='lat' dir='ltr'><strong>non</strong></span> <span class='ocrx_word' id='word_1_600' title='bbox 1629 1751 1778 1795; x_wconf 88' lang='lat' dir='ltr'><strong>possint.</strong></span> <span class='ocrx_word' id='word_1_601' title='bbox 1817 1750 1939 1797; x_wconf 86' lang='lat' dir='ltr'><strong>ltaque</strong></span> <span class='ocrx_word' id='word_1_602' title='bbox 1955 1748 2047 1784; x_wconf 87' lang='lat' dir='ltr'><strong>hanc</strong></span> <span class='ocrx_word' id='word_1_603' title='bbox 2067 1750 2216 1784; x_wconf 89' lang='lat' dir='ltr'><strong>omnino</strong></span> 
     </span>
     <span class='ocr_line' id='line_1_84' title="bbox 1221 1801 2217 1848; baseline 0 -13"><span class='ocrx_word' id='word_1_604' title='bbox 1221 1802 1469 1846; x_wconf 83' lang='lat' dir='ltr'><strong>corrigendam</strong></span> <span class='ocrx_word' id='word_1_605' title='bbox 1490 1814 1562 1836; x_wconf 87' lang='lat' dir='ltr'><strong>esse</strong></span> <span class='ocrx_word' id='word_1_606' title='bbox 1581 1808 1710 1836; x_wconf 89' lang='lat' dir='ltr'><strong>statuo.</strong></span> <span class='ocrx_word' id='word_1_607' title='bbox 1755 1801 1893 1836; x_wconf 80' lang='lat' dir='ltr'><strong>Videtis</strong></span> <span class='ocrx_word' id='word_1_608' title='bbox 1911 1802 2005 1836; x_wconf 87' lang='lat' dir='ltr'><strong>enim</strong></span> <span class='ocrx_word' id='word_1_609' title='bbox 2018 1829 2027 1843; x_wconf 90' lang='lat'><strong>,</strong></span> <span class='ocrx_word' id='word_1_610' title='bbox 2046 1814 2117 1848; x_wconf 91' lang='lat' dir='ltr'><strong>quo</strong></span> <span class='ocrx_word' id='word_1_611' title='bbox 2133 1814 2217 1847; x_wconf 89' lang='lat' dir='ltr'><strong>pro-</strong></span> 
     </span>
    </p>
   </div>
   <div class='ocr_carea' id='block_1_11' title="bbox 1258 1935 2214 1968">
    <p class='ocr_par' dir='ltr' id='par_1_11' title="bbox 1258 1935 2214 1968">
     <span class='ocr_line' id='line_1_85' title="bbox 1258 1935 2214 1968; baseline 0.003 -10"><span class='ocrx_word' id='word_1_612' title='bbox 1258 1935 1303 1963; x_wconf 90' lang='grc'><strong>10)</strong></span> <span class='ocrx_word' id='word_1_613' title='bbox 1325 1936 1356 1959; x_wconf 83' lang='lat' dir='ltr'><strong>fl.</strong></span> <span class='ocrx_word' id='word_1_614' title='bbox 1377 1936 1394 1959; x_wconf 92' lang='grc'><strong>1.</strong></span> <span class='ocrx_word' id='word_1_615' title='bbox 1422 1936 1449 1959; x_wconf 86' lang='lat' dir='ltr'><strong>in</strong></span> <span class='ocrx_word' id='word_1_616' title='bbox 1475 1937 1523 1960; x_wconf 84' lang='lat' dir='ltr'><strong>Ed.</strong></span> <span class='ocrx_word' id='word_1_617' title='bbox 1551 1937 1634 1961; x_wconf 82' lang='lat' dir='ltr'><strong>Basil.</strong></span> <span class='ocrx_word' id='word_1_618' title='bbox 1663 1939 1727 1962; x_wconf 85' lang='lat' dir='ltr'><strong>nota</strong></span> <span class='ocrx_word' id='word_1_619' title='bbox 1751 1937 1882 1968; x_wconf 77' lang='lat' dir='ltr'><strong>nuirgin.:</strong></span> <span class='ocrx_word' id='word_1_620' title='bbox 1916 1938 2038 1961; x_wconf 76' lang='lat' dir='ltr'><strong>nonesto</strong></span> <span class='ocrx_word' id='word_1_621' title='bbox 2063 1942 2214 1968; x_wconf 82' lang='lat' dir='ltr'><strong>argumen-</strong></span> 
     </span>
    </p>
   </div>
   <div class='ocr_carea' id='block_1_12' title="bbox 1291 1971 1461 1995">
    <p class='ocr_par' dir='ltr' id='par_1_12' title="bbox 1291 1971 1461 1995">
     <span class='ocr_line' id='line_1_86' title="bbox 1291 1971 1461 1995; baseline 0.006 -2"><span class='ocrx_word' id='word_1_622' title='bbox 1291 1972 1346 1994; x_wconf 89' lang='lat' dir='ltr'><strong>tum</strong></span> <span class='ocrx_word' id='word_1_623' title='bbox 1368 1971 1461 1995; x_wconf 88' lang='lat' dir='ltr'><strong>munit.</strong></span> 
     </span>
    </p>
   </div>
   <div class='ocr_carea' id='block_1_13' title="bbox 1259 2021 2214 2088">
    <p class='ocr_par' dir='ltr' id='par_1_13' title="bbox 1259 2021 2214 2088">
     <span class='ocr_line' id='line_1_87' title="bbox 1259 2021 2214 2052; baseline 0.001 -7"><span class='ocrx_word' id='word_1_624' title='bbox 1259 2023 1304 2050; x_wconf 92' lang='grc'><strong>11)</strong></span> <span class='ocrx_word' id='word_1_625' title='bbox 1324 2022 1372 2046; x_wconf 73' lang='lat' dir='ltr'><strong>uis</strong></span> <span class='ocrx_word' id='word_1_626' title='bbox 1392 2023 1484 2046; x_wconf 81' lang='lat' dir='ltr'><strong>verbis</strong></span> <span class='ocrx_word' id='word_1_627' title='bbox 1504 2023 1530 2046; x_wconf 83' lang='grc'><strong>111</strong></span> <span class='ocrx_word' id='word_1_628' title='bbox 1550 2023 1633 2048; x_wconf 74' lang='lat' dir='ltr'><strong>Editt.</strong></span> <span class='ocrx_word' id='word_1_629' title='bbox 1656 2023 1748 2052; x_wconf 79' lang='lat'><strong>¹559.,</strong></span> <span class='ocrx_word' id='word_1_630' title='bbox 1771 2023 1860 2051; x_wconf 74' lang='lat'><strong>1564„</strong></span> <span class='ocrx_word' id='word_1_631' title='bbox 1884 2023 1975 2048; x_wconf 77' lang='lat'><strong>¹570..</strong></span> <span class='ocrx_word' id='word_1_632' title='bbox 1996 2022 2071 2048; x_wconf 80' lang='grc'><strong>1587.</strong></span> <span class='ocrx_word' id='word_1_633' title='bbox 2092 2021 2118 2046; x_wconf 89' lang='grc'><strong>111</strong></span> <span class='ocrx_word' id='word_1_634' title='bbox 2137 2028 2214 2046; x_wconf 79' lang='lat' dir='ltr'><strong>mar-</strong></span> 
     </span>
     <span class='ocr_line' id='line_1_88' title="bbox 1290 2057 2041 2088; baseline 0.003 -8"><span class='ocrx_word' id='word_1_635' title='bbox 1290 2057 1353 2088; x_wconf 80' lang='lat' dir='ltr'><strong>gine</strong></span> <span class='ocrx_word' id='word_1_636' title='bbox 1372 2057 1513 2088; x_wconf 78' lang='lat' dir='ltr'><strong>adscripta</strong></span> <span class='ocrx_word' id='word_1_637' title='bbox 1532 2060 1574 2081; x_wconf 82' lang='lat' dir='ltr'><strong>est</strong></span> <span class='ocrx_word' id='word_1_638' title='bbox 1593 2057 1749 2082; x_wconf 76' lang='lat' dir='ltr'><strong>annotatio:</strong></span> <span class='ocrx_word' id='word_1_639' title='bbox 1777 2058 1889 2082; x_wconf 80' lang='lat' dir='ltr'><strong>strenui</strong></span> <span class='ocrx_word' id='word_1_640' title='bbox 1909 2058 2041 2082; x_wconf 80' lang='lat' dir='ltr'><strong>homineS.</strong></span> 
     </span>
    </p>
   </div>
   <div class='ocr_carea' id='block_1_14' title="bbox 1258 2109 2030 2138">
    <p class='ocr_par' dir='ltr' id='par_1_14' title="bbox 1258 2109 2030 2138">
     <span class='ocr_line' id='line_1_89' title="bbox 1258 2109 2030 2138; baseline 0 -6"><span class='ocrx_word' id='word_1_641' title='bbox 1258 2109 1304 2137; x_wconf 83' lang='lat'><strong>12)</strong></span> <span class='ocrx_word' id='word_1_642' title='bbox 1325 2110 1355 2133; x_wconf 78' lang='lat' dir='ltr'><strong>u.</strong></span> <span class='ocrx_word' id='word_1_643' title='bbox 1377 2110 1394 2134; x_wconf 88' lang='grc'><strong>1.</strong></span> <span class='ocrx_word' id='word_1_644' title='bbox 1415 2109 1440 2133; x_wconf 86' lang='grc'><strong>111</strong></span> <span class='ocrx_word' id='word_1_645' title='bbox 1460 2110 1508 2133; x_wconf 85' lang='lat' dir='ltr'><strong>Ed.</strong></span> <span class='ocrx_word' id='word_1_646' title='bbox 1528 2109 1612 2135; x_wconf 86' lang='lat' dir='ltr'><strong>Basil.</strong></span> <span class='ocrx_word' id='word_1_647' title='bbox 1633 2111 1698 2133; x_wconf 88' lang='lat' dir='ltr'><strong>nota</strong></span> <span class='ocrx_word' id='word_1_648' title='bbox 1716 2109 1850 2138; x_wconf 64' lang='lat' dir='ltr'><strong>margum</strong></span> <span class='ocrx_word' id='word_1_649' title='bbox 1876 2109 2030 2133; x_wconf 87' lang='lat' dir='ltr'><strong>Conclusio.</strong></span> 
     </span>
    </p>
   </div>
   <div class='ocr_carea' id='block_1_15' title="bbox 1258 2158 2214 2254">
    <p class='ocr_par' dir='ltr' id='par_1_15' title="bbox 1258 2158 2214 2254">
     <span class='ocr_line' id='line_1_90' title="bbox 1258 2158 2214 2194; baseline -0.001 -8"><span class='ocrx_word' id='word_1_650' title='bbox 1258 2163 1304 2189; x_wconf 79' lang='lat'><strong>13)</strong></span> <span class='ocrx_word' id='word_1_651' title='bbox 1323 2162 1348 2185; x_wconf 88' lang='lat' dir='ltr'><strong>si</strong></span> <span class='ocrx_word' id='word_1_652' title='bbox 1367 2163 1441 2185; x_wconf 84' lang='lat' dir='ltr'><strong>Deus</strong></span> <span class='ocrx_word' id='word_1_653' title='bbox 1462 2162 1551 2191; x_wconf 77' lang='lat' dir='ltr'><strong>volet]</strong></span> <span class='ocrx_word' id='word_1_654' title='bbox 1571 2161 1612 2185; x_wconf 89' lang='lat' dir='ltr'><strong>sic</strong></span> <span class='ocrx_word' id='word_1_655' title='bbox 1638 2164 1689 2191; x_wconf 72' lang='lat' dir='ltr'><strong>(z</strong></span> <span class='ocrx_word' id='word_1_656' title='bbox 1709 2161 1848 2186; x_wconf 79' lang='lat' dir='ltr'><strong>Demosth.</strong></span> <span class='ocrx_word' id='word_1_657' title='bbox 1875 2158 1911 2184; x_wconf 72' lang='grc' dir='ltr'><strong>ἂν</strong></span> <span class='ocrx_word' id='word_1_658' title='bbox 1938 2158 2003 2188; x_wconf 67' lang='grc' dir='ltr'><em>θεὸς</em></span> <span class='ocrx_word' id='word_1_659' title='bbox 2025 2159 2138 2194; x_wconf 70' lang='grc' dir='ltr'>ἔθὲλῃ,)</span> <span class='ocrx_word' id='word_1_660' title='bbox 2164 2161 2214 2186; x_wconf 80' lang='lat' dir='ltr'><strong>Ed.</strong></span> 
     </span>
     <span class='ocr_line' id='line_1_91' title="bbox 1290 2195 2212 2254; baseline -0.001 -34"><span class='ocrx_word' id='word_1_661' title='bbox 1290 2197 1384 2254; x_wconf 47' lang='grc' dir='ltr'><strong>ἓξὲξξῆ</strong></span> <span class='ocrx_word' id='word_1_662' title='bbox 1404 2197 1431 2220; x_wconf 86' lang='lat' dir='ltr'><strong>in</strong></span> <span class='ocrx_word' id='word_1_663' title='bbox 1450 2197 1533 2220; x_wconf 84' lang='lat' dir='ltr'><strong>Editt.</strong></span> <span class='ocrx_word' id='word_1_664' title='bbox 1552 2196 1634 2221; x_wconf 81' lang='lat' dir='ltr'><strong>Basit.</strong></span> <span class='ocrx_word' id='word_1_665' title='bbox 1664 2198 1691 2220; x_wconf 78' lang='lat' dir='ltr'><strong>et</strong></span> <span class='ocrx_word' id='word_1_666' title='bbox 1716 2196 1805 2225; x_wconf 49' lang='lat'>1559„</span> <span class='ocrx_word' id='word_1_667' title='bbox 1836 2196 1901 2219; x_wconf 77' lang='lat'><strong>1564</strong></span> <span class='ocrx_word' id='word_1_668' title='bbox 1919 2208 1954 2213; x_wconf 87' lang='lat'><strong>—-</strong></span> <span class='ocrx_word' id='word_1_669' title='bbox 1974 2196 2048 2219; x_wconf 81' lang='grc'><strong>1587.</strong></span> <span class='ocrx_word' id='word_1_670' title='bbox 2072 2196 2139 2220; x_wconf 78' lang='lat' dir='ltr'><strong>llaec</strong></span> <span class='ocrx_word' id='word_1_671' title='bbox 2163 2195 2212 2219; x_wconf 83' lang='lat' dir='ltr'><strong>de-</strong></span> 
     </span>
    </p>
   </div>
   <div class='ocr_carea' id='block_1_16' title="bbox 1259 2282 2213 2461">
    <p class='ocr_par' dir='ltr' id='par_1_16' title="bbox 1259 2282 2213 2376">
     <span class='ocr_line' id='line_1_92' title="bbox 1259 2282 2213 2312; baseline -0.001 -6"><span class='ocrx_word' id='word_1_672' title='bbox 1259 2283 1305 2311; x_wconf 73' lang='grc'><strong>14)</strong></span> <span class='ocrx_word' id='word_1_673' title='bbox 1325 2282 1480 2311; x_wconf 80' lang='lat' dir='ltr'><strong>vindicare]</strong></span> <span class='ocrx_word' id='word_1_674' title='bbox 1507 2282 1547 2306; x_wconf 84' lang='lat' dir='ltr'><strong>sic</strong></span> <span class='ocrx_word' id='word_1_675' title='bbox 1574 2283 1624 2307; x_wconf 88' lang='lat' dir='ltr'><strong>Ed.</strong></span> <span class='ocrx_word' id='word_1_676' title='bbox 1646 2282 1739 2312; x_wconf 74' lang='lat'>1582.;</span> <span class='ocrx_word' id='word_1_677' title='bbox 1766 2282 1815 2305; x_wconf 82' lang='lat' dir='ltr'><strong>Ed.</strong></span> <span class='ocrx_word' id='word_1_678' title='bbox 1840 2282 1923 2305; x_wconf 76' lang='lat' dir='ltr'><strong>Basti.</strong></span> <span class='ocrx_word' id='word_1_679' title='bbox 1949 2282 2066 2306; x_wconf 82' lang='lat' dir='ltr'><strong>multare</strong></span> <span class='ocrx_word' id='word_1_680' title='bbox 2090 2283 2213 2310; x_wconf 82' lang='lat' dir='ltr'><strong>[utrum-</strong></span> 
     </span>
     <span class='ocr_line' id='line_1_93' title="bbox 1292 2315 2210 2348; baseline 0.001 -9"><span class='ocrx_word' id='word_1_681' title='bbox 1292 2324 1343 2347; x_wconf 86' lang='lat' dir='ltr'><strong>que</strong></span> <span class='ocrx_word' id='word_1_682' title='bbox 1360 2326 1394 2338; x_wconf 72' lang='lat' dir='ltr'><strong><em>z</em></strong></span> <span class='ocrx_word' id='word_1_683' title='bbox 1419 2318 1495 2341; x_wconf 74' lang='lat' dir='ltr'><strong>Dent.</strong></span> <span class='ocrx_word' id='word_1_684' title='bbox 1521 2315 1744 2348; x_wconf 64' lang='grc' dir='ltr'>τιμωρήσεσθε);</span> <span class='ocrx_word' id='word_1_685' title='bbox 1769 2317 1852 2340; x_wconf 79' lang='lat' dir='ltr'><strong>Editt.</strong></span> <span class='ocrx_word' id='word_1_686' title='bbox 1875 2317 1968 2345; x_wconf 79' lang='lat'>1559.‚</span> <span class='ocrx_word' id='word_1_687' title='bbox 1997 2317 2061 2340; x_wconf 71' lang='lat'><strong>¹564</strong></span> <span class='ocrx_word' id='word_1_688' title='bbox 2081 2329 2113 2333; x_wconf 90' lang='lat'>—</span> <span class='ocrx_word' id='word_1_689' title='bbox 2136 2316 2210 2340; x_wconf 71' lang='lat'>1587.</span> 
     </span>
     <span class='ocr_line' id='line_1_94' title="bbox 1291 2352 1415 2376; baseline 0.016 -2"><span class='ocrx_word' id='word_1_690' title='bbox 1291 2352 1415 2376; x_wconf 85' lang='lat' dir='ltr'><strong>militari.</strong></span> 
     </span>
    </p>

    <p class='ocr_par' dir='ltr' id='par_1_17' title="bbox 1260 2401 2212 2461">
     <span class='ocr_line' id='line_1_95' title="bbox 1260 2401 2212 2432; baseline -0.001 -6"><span class='ocrx_word' id='word_1_691' title='bbox 1260 2402 1304 2430; x_wconf 63' lang='lat'><strong>¹5]</strong></span> <span class='ocrx_word' id='word_1_692' title='bbox 1326 2404 1358 2428; x_wconf 84' lang='lat' dir='ltr'><strong>H.</strong></span> <span class='ocrx_word' id='word_1_693' title='bbox 1378 2404 1396 2427; x_wconf 87' lang='grc'><strong>1.</strong></span> <span class='ocrx_word' id='word_1_694' title='bbox 1417 2403 1442 2426; x_wconf 85' lang='grc'><strong>111</strong></span> <span class='ocrx_word' id='word_1_695' title='bbox 1463 2403 1544 2426; x_wconf 85' lang='lat' dir='ltr'><strong>Editt.</strong></span> <span class='ocrx_word' id='word_1_696' title='bbox 1568 2404 1658 2430; x_wconf 55' lang='lat'>¹559„</span> <span class='ocrx_word' id='word_1_697' title='bbox 1680 2403 1771 2429; x_wconf 69' lang='lat'><strong>1554.,</strong></span> <span class='ocrx_word' id='word_1_698' title='bbox 1799 2401 1891 2429; x_wconf 70' lang='lat'><strong>1570..</strong></span> <span class='ocrx_word' id='word_1_699' title='bbox 1920 2402 1994 2425; x_wconf 74' lang='lat'>153⁷.</span> <span class='ocrx_word' id='word_1_700' title='bbox 2019 2403 2083 2425; x_wconf 81' lang='lat' dir='ltr'><strong>nota</strong></span> <span class='ocrx_word' id='word_1_701' title='bbox 2107 2402 2212 2432; x_wconf 83' lang='lat' dir='ltr'><strong>margi-</strong></span> 
     </span>
     <span class='ocr_line' id='line_1_96' title="bbox 1293 2437 1962 2461; baseline 0.001 -1"><span class='ocrx_word' id='word_1_702' title='bbox 1293 2438 1381 2461; x_wconf 79' lang='lat' dir='ltr'><strong>natis:</strong></span> <span class='ocrx_word' id='word_1_703' title='bbox 1409 2437 1485 2461; x_wconf 85' lang='lat' dir='ltr'><strong>Philo</strong></span> <span class='ocrx_word' id='word_1_704' title='bbox 1506 2444 1557 2461; x_wconf 88' lang='lat' dir='ltr'><strong>non</strong></span> <span class='ocrx_word' id='word_1_705' title='bbox 1578 2438 1698 2461; x_wconf 84' lang='lat' dir='ltr'><strong>Deorum</strong></span> <span class='ocrx_word' id='word_1_706' title='bbox 1717 2438 1854 2460; x_wconf 83' lang='lat' dir='ltr'><strong>fortunam</strong></span> <span class='ocrx_word' id='word_1_707' title='bbox 1873 2437 1962 2461; x_wconf 84' lang='lat' dir='ltr'><strong>habet.</strong></span> 
     </span>
    </p>
   </div>
   <div class='ocr_carea' id='block_1_17' title="bbox 1261 2487 2214 2726">
    <p class='ocr_par' dir='ltr' id='par_1_18' title="bbox 1261 2487 2214 2656">
     <span class='ocr_line' id='line_1_97' title="bbox 1261 2487 2214 2519; baseline -0.001 -8"><span class='ocrx_word' id='word_1_708' title='bbox 1261 2490 1306 2517; x_wconf 83' lang='grc'><strong>16)</strong></span> <span class='ocrx_word' id='word_1_709' title='bbox 1332 2489 1448 2512; x_wconf 82' lang='lat' dir='ltr'><strong>oderunt</strong></span> <span class='ocrx_word' id='word_1_710' title='bbox 1473 2495 1531 2511; x_wconf 87' lang='lat' dir='ltr'><strong>eum</strong></span> <span class='ocrx_word' id='word_1_711' title='bbox 1557 2490 1583 2512; x_wconf 88' lang='lat' dir='ltr'><strong>et</strong></span> <span class='ocrx_word' id='word_1_712' title='bbox 1613 2490 1749 2516; x_wconf 75' lang='lat' dir='ltr'><strong>metuunt]</strong></span> <span class='ocrx_word' id='word_1_713' title='bbox 1775 2489 1817 2511; x_wconf 80' lang='lat' dir='ltr'><strong>sic</strong></span> <span class='ocrx_word' id='word_1_714' title='bbox 1848 2490 1903 2516; x_wconf 87' lang='lat'><strong>(=</strong></span> <span class='ocrx_word' id='word_1_715' title='bbox 1924 2488 2063 2512; x_wconf 77' lang='lat' dir='ltr'><strong>Demostn.</strong></span> <span class='ocrx_word' id='word_1_716' title='bbox 2081 2487 2160 2519; x_wconf 70' lang='grc' dir='ltr'><em>μισεῖ</em></span> <span class='ocrx_word' id='word_1_717' title='bbox 2176 2495 2214 2515; x_wconf 68' lang='grc' dir='ltr'><strong>τις</strong></span> 
     </span>
     <span class='ocr_line' id='line_1_98' title="bbox 1293 2521 2212 2551; baseline -0.001 -5"><span class='ocrx_word' id='word_1_718' title='bbox 1293 2522 1414 2548; x_wconf 61' lang='grc' dir='ltr'><strong>ἐκεῖνον,</strong></span> <span class='ocrx_word' id='word_1_719' title='bbox 1431 2521 1477 2546; x_wconf 76' lang='grc' dir='ltr'><strong>καὶ</strong></span> <span class='ocrx_word' id='word_1_720' title='bbox 1496 2521 1596 2551; x_wconf 75' lang='grc' dir='ltr'><strong>δέδιεν)</strong></span> <span class='ocrx_word' id='word_1_721' title='bbox 1613 2524 1660 2547; x_wconf 79' lang='lat' dir='ltr'><strong>Ed.</strong></span> <span class='ocrx_word' id='word_1_722' title='bbox 1677 2523 1766 2551; x_wconf 67' lang='lat'>1562:</span> <span class='ocrx_word' id='word_1_723' title='bbox 1786 2523 1869 2548; x_wconf 81' lang='lat' dir='ltr'><strong>Editt.</strong></span> <span class='ocrx_word' id='word_1_724' title='bbox 1888 2523 1979 2549; x_wconf 63' lang='lat' dir='ltr'><strong>nasu„</strong></span> <span class='ocrx_word' id='word_1_725' title='bbox 2000 2523 2089 2550; x_wconf 51' lang='lat'><strong>1552,</strong></span> <span class='ocrx_word' id='word_1_726' title='bbox 2107 2522 2212 2545; x_wconf 75' lang='lat'>156⁴-—</span> 
     </span>
     <span class='ocr_line' id='line_1_99' title="bbox 1295 2556 2210 2586; baseline -0.002 -5"><span class='ocrx_word' id='word_1_727' title='bbox 1295 2558 1368 2581; x_wconf 57' lang='lat'>¹597.</span> <span class='ocrx_word' id='word_1_728' title='bbox 1389 2557 1486 2582; x_wconf 81' lang='lat' dir='ltr'><strong>odere,</strong></span> <span class='ocrx_word' id='word_1_729' title='bbox 1514 2559 1635 2581; x_wconf 81' lang='lat' dir='ltr'><strong>metuunt</strong></span> <span class='ocrx_word' id='word_1_730' title='bbox 1655 2558 1752 2586; x_wconf 83' lang='lat' dir='ltr'><strong>(Editt.</strong></span> <span class='ocrx_word' id='word_1_731' title='bbox 1776 2558 1865 2582; x_wconf 75' lang='lat'>1559..</span> <span class='ocrx_word' id='word_1_732' title='bbox 1894 2557 1960 2580; x_wconf 70' lang='lat'><strong>1564</strong></span> <span class='ocrx_word' id='word_1_733' title='bbox 1979 2570 2010 2573; x_wconf 86' lang='lat'>—</span> <span class='ocrx_word' id='word_1_734' title='bbox 2033 2557 2107 2580; x_wconf 78' lang='lat'><strong>¹587.</strong></span> <span class='ocrx_word' id='word_1_735' title='bbox 2128 2556 2210 2580; x_wconf 85' lang='lat' dir='ltr'><strong>odere</strong></span> 
     </span>
     <span class='ocr_line' id='line_1_100' title="bbox 1294 2591 2212 2620; baseline 0 -6"><span class='ocrx_word' id='word_1_736' title='bbox 1294 2594 1438 2618; x_wconf 78' lang='lat' dir='ltr'><strong>metuunt.)</strong></span> <span class='ocrx_word' id='word_1_737' title='bbox 1457 2605 1491 2608; x_wconf 86' lang='lat'><strong>-—</strong></span> <span class='ocrx_word' id='word_1_738' title='bbox 1510 2593 1559 2615; x_wconf 74' lang='lat' dir='ltr'><strong>nis</strong></span> <span class='ocrx_word' id='word_1_739' title='bbox 1580 2593 1671 2615; x_wconf 74' lang='lat' dir='ltr'><strong>verbis</strong></span> <span class='ocrx_word' id='word_1_740' title='bbox 1695 2593 1720 2615; x_wconf 85' lang='lat' dir='ltr'><strong>in</strong></span> <span class='ocrx_word' id='word_1_741' title='bbox 1742 2593 1789 2616; x_wconf 81' lang='lat' dir='ltr'><strong>Ed.</strong></span> <span class='ocrx_word' id='word_1_742' title='bbox 1812 2592 1890 2615; x_wconf 67' lang='lat' dir='ltr'><strong>nasu.</strong></span> <span class='ocrx_word' id='word_1_743' title='bbox 1916 2591 2054 2620; x_wconf 79' lang='lat' dir='ltr'><strong>adscripta</strong></span> <span class='ocrx_word' id='word_1_744' title='bbox 2080 2593 2121 2613; x_wconf 71' lang='lat' dir='ltr'><strong>est</strong></span> <span class='ocrx_word' id='word_1_745' title='bbox 2148 2593 2212 2614; x_wconf 85' lang='lat' dir='ltr'><strong>nota</strong></span> 
     </span>
     <span class='ocr_line' id='line_1_101' title="bbox 1293 2626 1873 2656; baseline 0 -6"><span class='ocrx_word' id='word_1_746' title='bbox 1293 2626 1469 2656; x_wconf 71' lang='lat' dir='ltr'><strong>marginalis:</strong></span> <span class='ocrx_word' id='word_1_747' title='bbox 1490 2627 1628 2655; x_wconf 81' lang='lat' dir='ltr'><strong>Oderunt,</strong></span> <span class='ocrx_word' id='word_1_748' title='bbox 1654 2633 1722 2656; x_wconf 73' lang='lat' dir='ltr'><strong>quos</strong></span> <span class='ocrx_word' id='word_1_749' title='bbox 1743 2628 1873 2650; x_wconf 72' lang='lat' dir='ltr'><strong>metuunt.</strong></span> 
     </span>
    </p>

    <p class='ocr_par' dir='ltr' id='par_1_19' title="bbox 1261 2667 2211 2726">
     <span class='ocr_line' id='line_1_102' title="bbox 1261 2667 2211 2700; baseline -0.002 -8"><span class='ocrx_word' id='word_1_750' title='bbox 1261 2669 1306 2696; x_wconf 90' lang='grc'><strong>17)</strong></span> <span class='ocrx_word' id='word_1_751' title='bbox 1326 2668 1366 2696; x_wconf 79' lang='lat' dir='ltr'><strong>ei]</strong></span> <span class='ocrx_word' id='word_1_752' title='bbox 1386 2668 1429 2691; x_wconf 81' lang='lat' dir='ltr'><strong>sic</strong></span> <span class='ocrx_word' id='word_1_753' title='bbox 1450 2669 1499 2692; x_wconf 87' lang='lat' dir='ltr'><strong>Ed.</strong></span> <span class='ocrx_word' id='word_1_754' title='bbox 1522 2668 1612 2700; x_wconf 77' lang='lat'>¹562.;</span> <span class='ocrx_word' id='word_1_755' title='bbox 1631 2669 1656 2692; x_wconf 88' lang='lat' dir='ltr'><strong>in</strong></span> <span class='ocrx_word' id='word_1_756' title='bbox 1672 2669 1754 2692; x_wconf 66' lang='lat' dir='ltr'><strong>Eilitt.</strong></span> <span class='ocrx_word' id='word_1_757' title='bbox 1774 2668 1865 2697; x_wconf 67' lang='lat' dir='ltr'><strong>nasit,</strong></span> <span class='ocrx_word' id='word_1_758' title='bbox 1889 2667 1978 2691; x_wconf 75' lang='lat'><strong>¹559..</strong></span> <span class='ocrx_word' id='word_1_759' title='bbox 2001 2667 2064 2690; x_wconf 75' lang='grc'><strong>1561</strong></span> <span class='ocrx_word' id='word_1_760' title='bbox 2082 2680 2115 2684; x_wconf 86' lang='grc'>-</span> <span class='ocrx_word' id='word_1_761' title='bbox 2139 2667 2211 2692; x_wconf 69' lang='grc'><strong>1587.</strong></span> 
     </span>
     <span class='ocr_line' id='line_1_103' title="bbox 1295 2703 1381 2726; baseline -0.012 0"><span class='ocrx_word' id='word_1_762' title='bbox 1295 2703 1381 2726; x_wconf 84' lang='lat' dir='ltr'><strong>deest.</strong></span> 
     </span>
    </p>
   </div>
   <div class='ocr_carea' id='block_1_18' title="bbox 1262 2746 1606 2773">
    <p class='ocr_par' dir='ltr' id='par_1_20' title="bbox 1262 2746 1606 2773">
     <span class='ocr_line' id='line_1_104' title="bbox 1262 2746 1606 2773; baseline -0.003 -4"><span class='ocrx_word' id='word_1_763' title='bbox 1262 2747 1307 2771; x_wconf 67' lang='lat'><strong>15)</strong></span> <span class='ocrx_word' id='word_1_764' title='bbox 1328 2746 1369 2773; x_wconf 77' lang='grc'><strong>1111</strong></span> <span class='ocrx_word' id='word_1_765' title='bbox 1390 2746 1438 2769; x_wconf 77' lang='lat' dir='ltr'><strong>Ed.</strong></span> <span class='ocrx_word' id='word_1_766' title='bbox 1460 2746 1541 2769; x_wconf 73' lang='lat' dir='ltr'><strong>Basil.</strong></span> <span class='ocrx_word' id='word_1_767' title='bbox 1562 2746 1606 2768; x_wconf 82' lang='lat' dir='ltr'><strong>hii.</strong></span> 
     </span>
    </p>
   </div>
  </div>
 </body>
</html>
