2351 2990
172 125 246 159 699

277 210 398 255 Quare
424 221 495 241 non
520 209 701 254 patiamur
725 207 831 240 talem
859 204 1082 238 occasionem
1108 203 1161 236 di-

171 262 303 294 vinitus
340 261 494 293 oblatam
541 260 651 297 elabi,
693 270 755 290 nec
798 256 1081 294 committamus,
1122 260 1162 287 ut

169 313 286 345 fraudi
313 312 415 344 nobis
437 311 479 345 sit
506 310 684 348 contatio,
725 307 1029 353 quemadmodum
1057 317 1161 349 saepe

170 370 286 396 antea.
341 363 377 395 Si
402 363 495 394 cuim
522 374 598 393 cum
624 357 953 403 Amphipolitarum
979 357 1084 401 legati
1101 356 1162 403 ²⁷),

170 415 302 447 Hierax
327 420 360 446 et
379 413 569 446 Stratocles
595 424 635 444 ex
657 409 724 443 hoc
742 411 820 443 loco
841 422 903 442 vos
921 406 1162 442 adhortaban-

170 473 247 503 tur,
281 472 319 497 ut
349 465 451 497 missa
481 463 587 495 classe
613 474 736 494 corum
760 461 939 494 civitatem
960 459 1162 499 tueremini,

170 517 316 561 perinde
334 515 455 549 salutis
473 520 616 546 nostrae
634 512 680 556 28)
704 513 883 545 rationem
903 509 1161 549 habuissemus,

171 575 275 613 atque
302 565 565 599 Euboeensium
587 562 796 601 habuimus,
834 575 923 609 quos
947 562 1055 607 paulo
1080 567 1162 594 ante

170 619 301 652 auxilio
320 616 600 661 iiivcraiiiiis²⁹)‚
627 622 661 648 et
678 613 912 659 Amphipolin
930 620 1005 647 tum
1016 613 1062 659 ³⁰)
1081 612 1162 645 reti-

170 668 352 707 nuissetis,
388 674 422 700 et
446 669 568 700 eadem
600 678 707 711 opera
733 666 995 699 acerbissimam
1020 664 1163 697 calami-

169 727 297 759 tatem,
334 731 425 764 quae
452 725 572 763 postea
606 724 722 751 secuta
753 724 824 757 est,
867 715 1163 761 praevortissetis.

168 771 255 805 Item
279 783 358 804 cum
377 770 524 815 Pydna,
552 769 747 809 Potidaea,
774 766 966 807 Methone,
992 767 1163 811 Pagasae,

169 831 202 857 et
214 823 405 867 pleraeque
425 822 514 853 aliae
531 822 637 854 urbes
653 820 817 864 (longum
835 826 887 852 est
903 819 996 852 enim
1007 818 1163 862 singulas

168 874 368 919 recensere)
398 873 582 906 obsidione
601 877 869 916 premerentur,
904 870 931 904 si
958 876 1032 903 tmn
1058 882 1161 913 opem

169 927 370 959 tulissemus
389 924 494 957 alicui
512 936 552 956 ex
574 924 615 956 iis
629 923 676 967 ³¹)
688 950 698 963 ,
727 935 815 968 quas
832 921 1010 966 principio
1027 919 1163 964 Philip-

169 990 234 1022 pus
253 976 493 1020 oppugnavit,
521 982 704 1008 uteremur
721 986 762 1006 eo
787 973 981 1018 placidiore
1002 973 1163 1018 aliquan-

170 1035 206 1061 to
223 1028 288 1074 ³³),
317 1034 349 1060 et
366 1027 483 1060 minus
506 1026 697 1059 ferociente
715 1025 773 1071 ³³).
827 1026 874 1056 At
900 1037 978 1057 cum
1013 1023 1163 1057 subinde

169 1086 393 1125 praesentem
431 1077 737 1122 opportunitatem
776 1076 830 1109 rei
862 1076 952 1109 bene
987 1076 1162 1119 gerendae

169 1131 385 1169 amittimus,
413 1136 445 1162 et
463 1130 579 1162 sutura
597 1134 765 1173 putamus
782 1127 1044 1160 dormientibus
1059 1126 1164 1160 nobis

169 1195 230 1216 sua
275 1188 401 1226 sponte
442 1181 532 1213 bene
574 1191 699 1213 casura
743 1191 836 1219 esse,
877 1176 1037 1223 Philippi
1079 1190 1163 1222 opes

170 1233 353 1271 auximus,
398 1232 648 1277 effecimusque
673 1237 834 1270 tantum,
876 1236 1030 1275 quantus
1055 1242 1162 1262 nemo

169 1283 402 1318 Macedoniae
427 1295 487 1316 rex
506 1294 666 1328 unquam
684 1281 762 1315 fuit.

271 1335 374 1370 Nunc
392 1347 476 1367 vero
497 1346 629 1367 novam
648 1332 871 1366 occasionem
889 1344 951 1366 sua
976 1337 1102 1376 sponte
1115 1330 1162 1377 ³⁴²)

170 1387 326 1420 offerunt
351 1383 516 1431 Olynthii
533 1385 578 1431 35)
601 1382 714 1417 nihilo
741 1383 986 1428 superioribus
1011 1382 1164 1415 deterio-

170 1451 245 1471 rem
263 1438 330 1483 36),
352 1450 416 1482 per
435 1449 543 1482 quam
562 1436 740 1480 corrigere
756 1435 881 1474 liceat,
909 1434 1079 1480 quicquid
1101 1445 1164 1466 an·

170 1497 224 1523 tea
249 1495 432 1533 peccatum
460 1494 522 1522 est.
587 1486 634 1520 Et
656 1485 745 1519 mihi
769 1486 913 1531 quidem
941 1486 1101 1524 videtur,
1135 1484 1165 1518 si

171 1541 250 1587 quis
272 1547 366 1573 recte
388 1539 622 1572 ratiocinetur
646 1550 686 1571 ac
714 1544 855 1582 reputet
879 1549 939 1576 ea,
968 1548 1058 1581 quae
1081 1534 1165 1569 huic

169 1593 251 1625 urbi
274 1591 444 1624 divinitus
467 1590 690 1629 acciderunt,
718 1588 858 1622 tametsi
883 1588 1073 1632 pristinum
1096 1593 1165 1621 sta-

170 1650 246 1676 tum
267 1655 340 1675 non
358 1648 495 1681 teneat,
523 1648 644 1674 tamen
659 1639 754 1674 hunc
770 1639 899 1673 merito
916 1639 994 1673 Diis
1012 1638 1164 1684 gratiam

172 1706 244 1728 esse
284 1692 504 1726 habiturum.
578 1692 671 1726 {Nam
709 1693 805 1737 quod
848 1688 1016 1723 nonnihil
1057 1689 1165 1723 detri-

170 1745 281 1778 menti
301 1745 393 1789 cepit
414 1743 612 1788 respublica
625 1770 634 1783 ,
664 1743 826 1787 ignaviae
842 1749 985 1776 nostrae
1004 1742 1080 1775 iure
1104 1742 1165 1774 ad-

204 1896 252 1923 27)
277 1896 345 1919 Huic
364 1896 424 1920 loco
445 1896 471 1919 in
491 1896 573 1920 Editt.
596 1896 686 1925 1524.‚

241 1931 330 1961 posita
350 1935 393 1954 est
410 1931 572 1954 annotatio:
603 1932 644 1954 Ab
665 1930 796 1960 exemplis
816 1936 905 1953 rerum
925 1930 1006 1953 antea
1026 1930 1096 1953 maie
1116 1936 1166 1960 ge-

242 1969 364 1993 starum3
384 1966 410 1988 in
430 1965 479 1988 Ed.
500 1966 607 1995 Hagan.
629 1972 651 1988 S.
673 1970 717 1988 a.:
737 1966 760 1988 Α
777 1964 969 1994 superioribus
989 1964 1131 1994 exemplis.

204 2008 252 2035 28)
277 2008 376 2031 salutis
395 2009 519 2037 nostrae]
546 2009 587 2031 sic
613 2007 696 2031 Editt.
719 2007 914 2032 1524—1587.
945 2008 971 2030 et
998 2007 1099 2037 Basil.;
1117 2007 1166 2030 Ed.

240 2043 344 2072 Ragau.
367 2050 389 2065 s.
409 2049 449 2066 a.:
470 2044 582 2066 nostrae
602 2043 713 2067 salutis.

204 2085 252 2112 29)
271 2087 353 2114 atque
367 2086 566 2109 Euboeensium
584 2099 618 2103 —
633 2086 806 2113 iuveramus]
822 2085 862 2109 sic
876 2091 970 2109 omnes
985 2084 1070 2110 Editt.
1085 2091 1167 2114 prae-

241 2122 284 2142 ter
310 2120 358 2143 Ed.
385 2120 494 2150 nagan.
520 2127 544 2145 s.
563 2126 606 2151 a.,
634 2126 703 2150 quae
738 2121 832 2143 habet:
867 2122 949 2150 atque
974 2120 1166 2151 habueramus,

239 2159 307 2183 quos
326 2154 428 2177 auxilio
447 2155 605 2178 iuveramus
625 2154 819 2179 Euhoensium.

205 2195 252 2223 30)
273 2197 341 2224 tum]
360 2197 408 2222 Ed.
429 2197 534 2226 Ragau.
561 2205 583 2221 s.
604 2203 628 2221 a.
649 2204 717 2222 cum.

208 2238 256 2266 31)
276 2238 327 2267 iis]
348 2239 396 2263 Ed.
418 2241 523 2270 Ragau.
545 2247 568 2263 s.
587 2246 613 2265 a.
634 2240 683 2264 eis.

205 2281 254 2308 32)
275 2282 429 2312 aliquanto]
450 2283 489 2305 sic
507 2282 592 2306 Editt.
614 2282 808 2307 1524—1587.
828 2284 854 2306 et
874 2283 974 2313 Basi1.;
994 2283 1044 2307 Ed.
1059 2284 1167 2315 Hagan.

241 2322 263 2339 s.
283 2321 326 2339 a.:
345 2316 484 2346 aliquanto
504 2323 584 2340 nunc.

718 1895 793 1919 1547.
813 1896 840 1918 et
859 1894 943 1919 Basil.
962 1894 989 1917 in
1009 1900 1095 1925 marg.
1114 1901 1165 1924 ap-

206 2365 254 2391 3³)
281 2366 329 2388 His
357 2367 448 2389 verbis
473 2368 500 2390 in
522 2368 571 2392 Ed.
592 2367 676 2391 Basil.
704 2367 729 2390 in
751 2372 837 2397 marg.
856 2367 996 2397 adscripta
1015 2370 1058 2392 cst
1077 2375 1166 2394 anno—

243 2400 325 2422 tatio:
345 2402 452 2424 Acerba
470 2403 541 2425 satis
561 2401 728 2432 increpatio,
749 2401 793 2424 καὶ
813 2400 964 2433 magnino-ia,

206 2451 254 2478 34]
275 2457 325 2474 sua
344 2454 457 2481 sponte]
477 2453 516 2477 sic
536 2454 620 2478 Editt.
643 2453 838 2477 1524—1587.
864 2455 891 2477 ct
916 2453 1015 2485 Basil.;
1039 2455 1089 2478 Ed.
1109 2456 1168 2479 Ha-

243 2490 306 2513 gan.
326 2491 347 2508 S.
367 2492 410 2510 a.:
431 2490 530 2516 sponte
549 2493 608 2512 sua.

208 2536 256 2563 35)
277 2536 345 2559 nuic
365 2536 423 2560 loco
443 2538 468 2560 in
489 2539 571 2563 Editt.
597 2540 687 2570 1524„
718 2540 792 2564 15⁴7.
813 2540 840 2563 et
860 2539 944 2563 Basii.
965 2539 991 2562 in
1013 2546 1099 2569 marg.
1118 2547 1168 2571 ap-

245 2570 335 2599 posita
361 2573 401 2593 est
428 2574 506 2595 nota:
539 2574 671 2603 Epilogus
700 2574 873 2597 occasionum
899 2574 1082 2604 amplificatus
1108 2576 1168 2599 sor-

244 2607 326 2627 tunae
347 2607 373 2627 et
393 2606 553 2633 prudentiae
572 2608 737 2638 collatione;
764 2609 790 2631 in
820 2609 868 2632 Ed.
889 2609 997 2639 nagan.
1017 2616 1039 2632 s.
1060 2615 1085 2634 a.
1105 2611 1168 2633 bre—

242 2638 322 2661 vior:
343 2638 484 2670 Epilogus.

208 2689 256 2715 36)
276 2690 464 2719 superioribus
485 2691 664 2718 deteriorem]
685 2692 725 2714 sic
747 2694 828 2717 Editt.
853 2694 1041 2718 1524—15257.
1064 2696 1090 2718 et
1111 2696 1165 2719 Ba-

243 2723 305 2753 sil.;
326 2724 374 2748 Ed.
395 2725 502 2756 Ragau.
521 2732 543 2750 s.
565 2731 607 2748 a.:
628 2726 793 2750 deteriorem
814 2729 1012 2758 superioribus.

751 121 872 156 PfflL.
906 118 1017 152 MEL.
1052 115 1254 151 SCRIPTA
1286 114 1623 150 PHILOLOGICA.

2134 116 2208 151 700

1215 200 1470 245 scripserimus.
1531 201 1579 235 At
1603 202 1638 234 id
1652 201 1699 245 ³⁷)
1725 199 1837 234 serius
1861 200 2006 240 accidit,
2039 202 2207 247 quodque

1216 252 1348 285 auxilia
1369 252 1590 292 offeruntur,
1617 252 1745 298 quibus
1762 252 1935 284 iacturam
1951 251 2050 284 illam
2075 251 2208 285 virium

1216 309 1421 336 nostrarum
1437 330 1447 343 ,
1475 317 1584 349 quam
1610 310 1662 336 tot
1690 302 1840 347 acceptis
1864 301 2033 336 hactenus
2050 302 2209 337 cladibus

1215 354 1361 387 fecimus
1387 353 1455 401 ³⁸),
1489 355 1705 394 sarciamus,
1746 355 1855 386 modo
1881 354 1933 387 uti
1957 353 2084 394 libeat,
2118 354 2208 387 divi-

1216 417 1302 438 num
1319 405 1528 438 beneficium
1547 406 1775 450 interpretor.
1811 405 1944 438 Verum
1955 403 2145 445 haudscio‚
2162 417 2209 438 an

1216 456 1397 500 aptissime
1424 455 1493 490 huc
1517 458 1690 502 quadret,
1717 456 1752 489 id
1778 458 1874 502 quod
1893 457 1929 489 in
1946 469 1983 490 re
2001 456 2208 501 pecuniaria

1216 507 1335 540 evenit
1354 507 1414 553 ³⁰).
1481 507 1574 541 Nam
1610 508 1657 541 ita
1696 508 1839 541 demum
1873 509 2038 542 fortunae
2076 507 2208 552 gratias

1217 564 1347 602 agunt,
1386 558 1447 590 ubi
1478 565 1619 602 partam
1650 559 1837 603 pecuniam
1871 571 2013 593 servare
2050 558 2210 603 contigit.

1215 609 1262 642 At
1280 609 1309 643 si
1326 609 1478 643 incautis
1493 610 1584 643 sorte
1601 610 1727 654 periit,
1754 622 1798 643 ne
1819 611 1977 644 sentiunt
1999 610 2143 656 quidem
2165 610 2210 644 de

1216 673 1251 694 se
1274 661 1365 694 bene
1390 661 1556 693 meritam
1581 673 1653 695 esse
1675 661 1880 702 fortunam,
1914 674 1993 695 cum
2018 661 2208 706 pecuniam

1217 711 1368 744 donavit
1389 711 1449 756 ⁴⁰).
1502 711 1598 745 Idem
1623 712 1777 746 solemus
1800 712 1836 744 in
1863 713 1968 746 rebus
1993 714 2106 747 multo
2130 724 2211 757 gra-

1217 762 1370 797 vissimis
1385 763 1446 809 ⁴¹).
1502 763 1594 798 Nam
1612 763 1674 808 qui
1693 763 1878 796 occasione
1897 776 1970 796 non
1987 770 2137 798 utuntur
2149 763 2210 809 ⁴⁹),

1215 826 1290 847 non
1314 821 1512 858 agnoscunt
1532 814 1743 848 beneficium
1763 814 1944 855 Deorum,
1971 815 2034 860 qui
2056 815 2211 848 occasio-

1217 877 1300 898 nem
1315 865 1362 911 ⁴³)
1386 866 1558 901 obtulere.
1618 866 1673 899 Ab
1701 866 1795 899 exitu
1818 865 1914 899 enim
1941 866 2153 912 plerumque
2176 872 2212 899 et

1218 929 1344 951 causae
1362 923 1555 951 eventuum
1578 917 1812 951 aestimantur
1829 917 1888 964 ¹¹⁴).
1941 917 2099 951 Proinde
2121 928 2212 963 quae

1215 974 1371 1009 restant,
1407 969 1594 1013 diligenter
1623 969 1725 1003 vobis
1743 969 1812 1015 ⁴⁵),
1845 975 2078 1015 accurateque
2104 980 2212 1014 agen-

1217 1020 1261 1052 da
1285 1019 1332 1065 ¹¹⁸)
1354 1026 1455 1059 sunt,
1490 1026 1530 1053 ut
1556 1020 1785 1054 restituamus
1806 1020 1904 1053 urbis
1928 1020 2118 1064 pristinum
2143 1026 2214 1054 sta-

1217 1077 1312 1111 tum,
1340 1077 1374 1103 et
1399 1071 1579 1115 publicam
1605 1071 1791 1104 infamiam
1816 1083 2018 1115 purgemus.
2072 1072 2135 1105 Sin
2152 1083 2214 1105 au-

1217 1128 1286 1154 tem
1307 1128 1340 1154 et
1362 1119 1428 1155 hos
1452 1122 1718 1166 prodiderimus
1735 1122 1804 1167 ¹²⁷),
1830 1123 2085 1168 occuparitque
2100 1123 2213 1168 Olyn-

1218 1171 1319 1206 thum
1338 1170 1527 1218 Philippus
1536 1172 1582 1218 ⁴⁸)
1594 1200 1604 1214 ,
1632 1173 1727 1207 dicat
1741 1173 1869 1219 aliquis
1884 1172 1991 1214 mihi,
2019 1174 2097 1220 quis
2116 1186 2213 1208 arce-

1216 1224 1270 1257 bit
1295 1222 1391 1257 hunc
1417 1237 1527 1269 porro
1559 1224 1630 1271 ⁴⁹),
1668 1238 1740 1270 quo
1763 1226 1882 1258 minus
1906 1225 2104 1270 irrumpat,
2140 1237 2212 1271 quo

1215 1275 1357 1309 libitum
1382 1275 1500 1309 suerit.
1559 1276 1760 1320 Expendite
1788 1288 1920 1321 quaeso
1948 1278 2042 1320 apud
2072 1289 2135 1310 vos
2151 1275 2212 1322 ⁵⁰),

1218 1327 1423 1372 quomodo,
1466 1339 1545 1360 cum
1572 1327 1727 1371 primum
1757 1327 1918 1360 modicae
1944 1325 2104 1373 Philippi
2127 1339 2212 1372 opes

1218 1383 1332 1411 essent
1349 1378 1417 1424 ⁵¹),
1454 1378 1583 1412 sensim
1621 1378 1809 1412 creverint.
1870 1378 2034 1412 Primum
2061 1377 2211 1423 Amphi-

1253 1511 1303 1540 37)
1322 1510 1364 1540 id]
1383 1510 1423 1534 sic
1441 1510 1524 1534 Editt.
1546 1510 1638 1539 1524.‚
1659 1509 1852 1534 1559-1587.
1871 1511 1898 1534 et
1915 1509 2015 1541 Basil.;
2033 1509 2116 1536 Editt.
2135 1510 2212 1535 154⁷.

1286 1547 1314 1569 et
1332 1546 1438 1576 Ragau.
1459 1551 1482 1569 s.
1502 1550 1544 1568 a.:
1564 1545 1635 1575 quod
1656 1545 1690 1568 id.

1252 1588 1302 1616 38)
1321 1593 1399 1618 qnam
1419 1589 1459 1611 tot
1478 1587 1598 1617 acceptis
1621 1588 1753 1611 hacteuus
1772 1587 1895 1611 cladibus
1915 1587 2044 1617 fecimus]
2063 1587 2103 1611 sic
2126 1587 2211 1613 Editt.

1291 1622 1485 1647 1524—1567.
1506 1623 1533 1645 et
1552 1622 1655 1652 Basil.;
1673 1622 1700 1646 in
1720 1622 1769 1646 Ed.
1790 1623 1897 1653 Ragau.
1917 1629 1939 1646 s.
1958 1628 1983 1646 a.
2005 1623 2071 1646 haec
2089 1622 2196 1646 desunt.

1252 1665 1301 1693 39)
1322 1665 1392 1688 Huic
1410 1665 1470 1689 loco
1496 1665 1523 1688 in
1541 1665 1592 1689 Ed.
1611 1665 1697 1689 Basil.
1722 1665 1749 1690 in
1778 1671 1866 1697 marg.
1886 1665 2013 1696 apposita
2031 1666 2076 1689 est
2093 1666 2213 1690 annota-

1289 1699 1343 1723 tio:
1363 1699 1467 1724 Simile.
2029 1727 2033 1730 ⁴

1251 1743 1300 1770 40)
1326 1743 1362 1765 At
1387 1742 1411 1765 si
1439 1742 1556 1766 incautis
1576 1755 1611 1759 —
1630 1742 1768 1771 donavit]
1795 1742 1836 1767 sic
1854 1743 1939 1767 Editt.
1960 1743 2159 1768 ¹524—1587.
2184 1745 2212 1769 et

1286 1777 1390 1807 Basi1.;
1415 1777 1464 1800 Ed.
1490 1778 1598 1808 nagan.
1618 1784 1641 1801 s.
1660 1783 1701 1801 a.:
1726 1777 1762 1800 At
1786 1777 1809 1800 si
1834 1778 1915 1807 periit
1943 1777 2078 1809 incautis,
2100 1780 2213 1803 cessant

1287 1811 1433 1842 fortunae,
1451 1817 1521 1841 quae
1539 1812 1692 1835 donaverat
1711 1812 1819 1843 gratias
1838 1818 1932 1843 agere.

1256 1855 1304 1882 41)
1331 1854 1380 1878 uis
1404 1855 1500 1877 verbis
1526 1854 1553 1877 in
1570 1854 1620 1878 Ed.
1646 1854 1730 1880 Basii.
1755 1854 1896 1885 adscripta
1922 1856 1965 1879 est
1990 1856 2056 1879 nota
2082 1856 2213 1887 margum

1289 1888 1520 1914 Accommodatio.

1260 1932 1310 1960 42)
1335 1931 1404 1955 Huic
1430 1932 1490 1954 loco
1518 1930 1545 1954 in
1564 1931 1613 1954 Ed.
1632 1932 1738 1962 Hagan.
1759 1939 1782 1956 s.
1801 1937 1826 1955 a.
1853 1931 1978 1962 apposita
1996 1933 2038 1956 est
2056 1934 2122 1957 nota
2140 1939 2215 1958 mar-

1289 1966 1360 1997 gin:
1388 1965 1513 1990 occasio.

1252 2009 1301 2037 43)
1320 2009 1506 2036 occasionem]
1527 2008 1567 2032 sic
1584 2008 1670 2033 Editt.
1688 2008 1882 2034 1524-1587.
1903 2010 1930 2032 et
1949 2009 2049 2040 Basi1.;

1289 2049 1352 2074 gan.
1371 2050 1394 2066 s.
1414 2049 1453 2067 a.:
1473 2044 1531 2066 hoc.

1253 2088 1300 2114 44)
1318 2087 1348 2110 ln
1368 2087 1416 2110 Ed.
1436 2086 1518 2110 Basii.
1538 2086 1581 2109 liis
1602 2085 1694 2109 verbis
1715 2086 1743 2109 in
1762 2092 1850 2117 marg.
1874 2086 2014 2117 adscripta
2034 2089 2077 2111 est
2094 2090 2214 2113 annota-

1291 2121 1348 2145 tio:
1367 2118 1466 2152 γνώμη
1486 2122 1512 2144 et
1533 2120 1716 2150 epiphonema.

1253 2165 1300 2192 45)
1321 2164 1414 2194 vobis]
1435 2164 1475 2187 sic
1493 2163 1577 2187 Editt.
1599 2163 1790 2187 1524—1587.
1811 2165 1839 2187 et
1858 2164 1959 2195 Basi1.;
1987 2163 2016 2188 in
2034 2164 2084 2190 Ed.
2106 2165 2213 2197 Ragau.

1293 2205 1317 2222 s.
1337 2204 1363 2222 a.
1382 2199 1450 2222 haec
1468 2204 1522 2222 vox
1542 2198 1626 2221 deest.

1254 2241 1303 2269 46)
1328 2242 1452 2272 agenda]
1478 2240 1518 2264 sic
1535 2241 1619 2264 Editt.
1639 2240 1830 2265 1524-1587.
1858 2243 1885 2265 et
1905 2241 2003 2272 Basi1.;
2037 2242 2086 2267 Ed.
2107 2243 2213 2274 Ragau.

1289 2283 1313 2300 s.
1333 2282 1372 2299 a.:
1391 2275 1499 2306 agenda
1518 2274 1800 2305 administrandaque.

1253 2319 1300 2347 47)
1319 2320 1367 2343 hos
1386 2318 1602 2349 prodiderimus]
1623 2317 1663 2340 sic
1679 2318 1762 2342 Editt.
1784 2318 1979 2343 1524-1587.
1998 2319 2025 2342 et
2043 2319 2144 2349 Basi1.;
2162 2320 2213 2346 Ed.

1290 2355 1395 2384 nagan,
1422 2360 1446 2378 s,
1470 2359 1510 2378 a‚:
1544 2353 1620 2381 „hos
1647 2352 1768 2375 homines
1792 2351 2032 2383 proiecerimus’'‚
2064 2354 2159 2383 quibus
2186 2355 2213 2378 iu

1289 2388 1414 2418 margine
1434 2387 1530 2410 ibidem
1550 2387 1615 2409 baec
1634 2386 1773 2416 adscripta
1793 2388 1873 2411 sunt:
1901 2387 1955 2411 Pro
1974 2385 2091 2419 προ”ι’·ημι
2109 2389 2215 2414 Caesar

1290 2429 1357 2445 usus
1377 2423 1420 2445 est
1439 2421 1599 2451 proiit-iendi
1619 2422 1714 2446 verbo.

1255 2466 1303 2493 48)
1330 2464 1397 2488 nuic
1423 2465 1481 2487 ioco
1507 2464 1535 2487 in
1554 2463 1639 2486 Editt.
1661 2463 1756 2493 1524„
1783 2463 1858 2489 1547.
1879 2466 1905 2488 ct
1924 2464 2006 2488 Basti.
2028 2465 2153 2495 apposita
2173 2467 2215 2489 est

1291 2500 1358 2522 nota
1378 2498 1511 2529 margia:
1531 2499 1553 2521 A
1576 2497 1676 2521 futuris
1696 2498 1786 2523 malis.

1255 2542 1303 2570 49)
1329 2542 1399 2565 hunc
1417 2541 1517 2571 porro]
1536 2540 1577 2564 sic
1596 2540 1679 2565 Editt.
1700 2540 1894 2565 1524—1587.
1913 2542 1940 2565 et
1959 2542 2061 2572 Basil.;
2087 2542 2136 2565 Ed.
2156 2542 2213 2566 Ha-

1290 2581 1354 2607 gan.
1373 2582 1396 2598 s.
1421 2581 1462 2598 a:
1484 2580 1566 2604 porro
1588 2575 1666 2598 hunc.

1254 2619 1303 2646 50]
1323 2617 1394 2647 apud
1415 2618 1480 2645 vos]
1501 2617 1542 2640 sic
1560 2617 1643 2641 Editt.
1661 2617 1850 2642 1524—1587.
1870 2619 1897 2641 et
1915 2617 2020 2647 nasim
2039 2618 2088 2643 Ed.
2107 2619 2213 2650 nagan.

1288 2659 1311 2676 s.
1331 2657 1373 2675 a.:
1393 2651 1463 2681 apud
1482 2651 1588 2675 animos
1610 2653 1729 2676 vestros.

1259 2696 1306 2722 51)
1333 2695 1449 2724 Philippi
1474 2700 1539 2724 opes
1565 2695 1677 2723 essent]
1696 2695 1736 2717 sic
1755 2695 1838 2718 Editt.
1859 2694 2049 2720 1524—1587.
2071 2698 2099 2721 et
2117 2696 2216 2727 nasim

1291 2729 1340 2753 Ed.
1365 2730 1470 2759 nagan.
1494 2736 1517 2752 s.
1537 2734 1578 2755 a.:
1599 2730 1690 2752 essent
1709 2729 1826 2759 Philippi
1847 2734 1923 2758 opes-

2083 2009 2132 2034 Ed.
2153 2010 2211 2035 Ha-
