<?xml version="1.0" encoding="UTF-8"?>
<!DOCTYPE html PUBLIC "-//W3C//DTD XHTML 1.0 Transitional//EN"
    "http://www.w3.org/TR/xhtml1/DTD/xhtml1-transitional.dtd">
<html xmlns="http://www.w3.org/1999/xhtml" xml:lang="en" lang="en">
 <head>
  <title>
</title>
<meta http-equiv="Content-Type" content="text/html;charset=utf-8" />
  <meta name='ocr-system' content='tesseract 3.04.00' />
  <meta name='ocr-capabilities' content='ocr_page ocr_carea ocr_par ocr_line ocrx_word'/>
</head>
<body>
  <div class='ocr_page' id='page_1' title='image "./operaquaesupersu17melauoft/operaquaesupersu17melauoft_0289.png"; bbox 0 0 2351 2990; ppageno 0'>
   <div class='ocr_carea' id='block_1_1' title="bbox 139 97 387 136">
    <p class='ocr_par' dir='ltr' id='par_1_1' title="bbox 139 97 387 136">
     <span class='ocr_line' id='line_1_1' title="bbox 139 97 387 136; baseline 0 -4"><span class='ocrx_word' id='word_1_1' title='bbox 139 98 213 132; x_wconf 78' lang='lat'>553</span> <span class='ocrx_word' id='word_1_2' title='bbox 266 97 387 136; x_wconf 80' lang='lat' dir='ltr'>XXIII.</span> 
     </span>
    </p>
   </div>
   <div class='ocr_carea' id='block_1_2' title="bbox 392 185 882 228">
    <p class='ocr_par' dir='ltr' id='par_1_2' title="bbox 392 185 882 228">
     <span class='ocr_line' id='line_1_2' title="bbox 392 185 882 228; baseline 0.004 -11"><span class='ocrx_word' id='word_1_3' title='bbox 392 185 526 218; x_wconf 80' lang='lat' dir='ltr'>Aliud</span> <span class='ocrx_word' id='word_1_4' title='bbox 554 191 882 228; x_wconf 69' lang='lat' dir='ltr'>argumentum.</span> 
     </span>
    </p>
   </div>
   <div class='ocr_carea' id='block_1_3' title="bbox 135 248 1132 551">
    <p class='ocr_par' dir='ltr' id='par_1_3' title="bbox 135 248 1132 551">
     <span class='ocr_line' id='line_1_3' title="bbox 243 248 1132 298; baseline 0 -13"><span class='ocrx_word' id='word_1_5' title='bbox 243 248 488 297; x_wconf 71' lang='lat' dir='ltr'>Reprehexfdit</span> <span class='ocrx_word' id='word_1_6' title='bbox 515 251 708 291; x_wconf 78' lang='lat' dir='ltr'><strong>Tironem,</strong></span> <span class='ocrx_word' id='word_1_7' title='bbox 745 253 841 298; x_wconf 86' lang='lat' dir='ltr'>quod</span> <span class='ocrx_word' id='word_1_8' title='bbox 867 253 1063 296; x_wconf 80' lang='lat' dir='ltr'>improprie</span> <span class='ocrx_word' id='word_1_9' title='bbox 1088 253 1132 286; x_wconf 85' lang='lat' dir='ltr'>sit</span> 
     </span>
     <span class='ocr_line' id='line_1_4' title="bbox 139 301 1130 348; baseline 0.002 -13"><span class='ocrx_word' id='word_1_10' title='bbox 139 303 287 337; x_wconf 86' lang='lat' dir='ltr'>locutus.</span> <span class='ocrx_word' id='word_1_11' title='bbox 339 303 402 337; x_wconf 83' lang='lat' dir='ltr'>Est</span> <span class='ocrx_word' id='word_1_12' title='bbox 421 310 538 337; x_wconf 86' lang='lat' dir='ltr'>autem</span> <span class='ocrx_word' id='word_1_13' title='bbox 564 301 631 336; x_wconf 88' lang='lat' dir='ltr'>hoc</span> <span class='ocrx_word' id='word_1_14' title='bbox 658 302 795 347; x_wconf 81' lang='lat' dir='ltr'>insigne</span> <span class='ocrx_word' id='word_1_15' title='bbox 815 316 963 337; x_wconf 77' lang='lat' dir='ltr'>examen</span> <span class='ocrx_word' id='word_1_16' title='bbox 981 304 1130 348; x_wconf 73' lang='lat' dir='ltr'>diligen-</span> 
     </span>
     <span class='ocr_line' id='line_1_5' title="bbox 138 353 1128 400; baseline 0.002 -14"><span class='ocrx_word' id='word_1_17' title='bbox 138 355 226 394; x_wconf 86' lang='lat' dir='ltr'>tiae,</span> <span class='ocrx_word' id='word_1_18' title='bbox 255 366 361 399; x_wconf 90' lang='lat' dir='ltr'>quam</span> <span class='ocrx_word' id='word_1_19' title='bbox 379 353 541 387; x_wconf 87' lang='lat' dir='ltr'>homines</span> <span class='ocrx_word' id='word_1_20' title='bbox 558 361 630 386; x_wconf 79' lang='lat' dir='ltr'>tam</span> <span class='ocrx_word' id='word_1_21' title='bbox 651 355 746 386; x_wconf 89' lang='lat' dir='ltr'>docti</span> <span class='ocrx_word' id='word_1_22' title='bbox 763 355 800 388; x_wconf 89' lang='lat' dir='ltr'>in</span> <span class='ocrx_word' id='word_1_23' title='bbox 820 355 939 400; x_wconf 79' lang='lat' dir='ltr'>lingua</span> <span class='ocrx_word' id='word_1_24' title='bbox 959 356 1026 389; x_wconf 82' lang='lat' dir='ltr'>sibi</span> <span class='ocrx_word' id='word_1_25' title='bbox 1052 368 1128 388; x_wconf 70' lang='lat' dir='ltr'>xer—</span> 
     </span>
     <span class='ocr_line' id='line_1_6' title="bbox 136 404 1127 453; baseline 0.002 -16"><span class='ocrx_word' id='word_1_26' title='bbox 136 406 261 439; x_wconf 80' lang='lat' dir='ltr'>nacula</span> <span class='ocrx_word' id='word_1_27' title='bbox 282 404 424 439; x_wconf 85' lang='lat' dir='ltr'>babent.</span> <span class='ocrx_word' id='word_1_28' title='bbox 467 405 581 438; x_wconf 83' lang='lat' dir='ltr'>Debet</span> <span class='ocrx_word' id='word_1_29' title='bbox 597 412 715 438; x_wconf 87' lang='lat' dir='ltr'>autem</span> <span class='ocrx_word' id='word_1_30' title='bbox 732 418 798 440; x_wconf 88' lang='lat' dir='ltr'>nos</span> <span class='ocrx_word' id='word_1_31' title='bbox 816 419 958 453; x_wconf 91' lang='lat' dir='ltr'>quoque</span> <span class='ocrx_word' id='word_1_32' title='bbox 976 407 1127 440; x_wconf 75' lang='lat' dir='ltr'>excitare</span> 
     </span>
     <span class='ocr_line' id='line_1_7' title="bbox 136 456 1126 503; baseline 0.003 -14"><span class='ocrx_word' id='word_1_33' title='bbox 136 457 181 488; x_wconf 84' lang='lat' dir='ltr'>ad</span> <span class='ocrx_word' id='word_1_34' title='bbox 200 456 314 489; x_wconf 87' lang='lat' dir='ltr'>maius</span> <span class='ocrx_word' id='word_1_35' title='bbox 330 457 485 489; x_wconf 80' lang='lat' dir='ltr'>studIum</span> <span class='ocrx_word' id='word_1_36' title='bbox 513 457 654 500; x_wconf 78' lang='lat' dir='ltr'>linguae</span> <span class='ocrx_word' id='word_1_37' title='bbox 678 459 906 502; x_wconf 70' lang='lat' dir='ltr'>peregrinae,</span> <span class='ocrx_word' id='word_1_38' title='bbox 941 470 1048 503; x_wconf 82' lang='lat' dir='ltr'>quam</span> <span class='ocrx_word' id='word_1_39' title='bbox 1072 470 1126 492; x_wconf 87' lang='lat' dir='ltr'>so-</span> 
     </span>
     <span class='ocr_line' id='line_1_8' title="bbox 135 507 749 551; baseline 0.003 -12"><span class='ocrx_word' id='word_1_40' title='bbox 135 507 208 540; x_wconf 88' lang='lat' dir='ltr'>lum</span> <span class='ocrx_word' id='word_1_41' title='bbox 227 520 267 540; x_wconf 79' lang='lat' dir='ltr'>ex</span> <span class='ocrx_word' id='word_1_42' title='bbox 285 507 384 541; x_wconf 82' lang='lat' dir='ltr'>libris</span> <span class='ocrx_word' id='word_1_43' title='bbox 401 520 588 551; x_wconf 85' lang='lat' dir='ltr'>possumus</span> <span class='ocrx_word' id='word_1_44' title='bbox 605 508 749 542; x_wconf 79' lang='lat' dir='ltr'><strong>discere.</strong></span> 
     </span>
    </p>
   </div>
   <div class='ocr_carea' id='block_1_4' title="bbox 225 599 1033 648">
    <p class='ocr_par' dir='ltr' id='par_1_4' title="bbox 225 599 1033 648">
     <span class='ocr_line' id='line_1_9' title="bbox 225 599 1033 648; baseline 0.005 -16"><span class='ocrx_word' id='word_1_45' title='bbox 225 601 553 643; x_wconf 81' lang='lat' dir='ltr'>Argumentum</span> <span class='ocrx_word' id='word_1_46' title='bbox 590 601 816 645; x_wconf 81' lang='lat' dir='ltr'>epistolae</span> <span class='ocrx_word' id='word_1_47' title='bbox 843 599 1033 648; x_wconf 66' lang='lat' dir='ltr'>XVIII.³⁰).</span> 
     </span>
    </p>
   </div>
   <div class='ocr_carea' id='block_1_5' title="bbox 123 666 1124 1984">
    <p class='ocr_par' dir='ltr' id='par_1_5' title="bbox 123 666 1124 1984">
     <span class='ocr_line' id='line_1_10' title="bbox 234 666 1124 713; baseline 0.002 -14"><span class='ocrx_word' id='word_1_48' title='bbox 234 666 454 701; x_wconf 84' lang='lat' dir='ltr'>Perobscura</span> <span class='ocrx_word' id='word_1_49' title='bbox 480 675 531 701; x_wconf 87' lang='lat' dir='ltr'>est</span> <span class='ocrx_word' id='word_1_50' title='bbox 556 668 726 712; x_wconf 87' lang='lat' dir='ltr'>epistola,</span> <span class='ocrx_word' id='word_1_51' title='bbox 771 682 849 701; x_wconf 83' lang='lat' dir='ltr'>cum</span> <span class='ocrx_word' id='word_1_52' title='bbox 885 675 1031 713; x_wconf 86' lang='lat' dir='ltr'>propter</span> <span class='ocrx_word' id='word_1_53' title='bbox 1057 681 1124 707; x_wconf 85' lang='lat' dir='ltr'>res,</span> 
     </span>
     <span class='ocr_line' id='line_1_11' title="bbox 132 719 1124 764; baseline 0.001 -13"><span class='ocrx_word' id='word_1_54' title='bbox 132 719 174 751; x_wconf 84' lang='lat' dir='ltr'>de</span> <span class='ocrx_word' id='word_1_55' title='bbox 198 719 325 763; x_wconf 83' lang='lat' dir='ltr'>quibus</span> <span class='ocrx_word' id='word_1_56' title='bbox 351 719 440 762; x_wconf 63' lang='lat' dir='ltr'>agit,</span> <span class='ocrx_word' id='word_1_57' title='bbox 467 720 644 763; x_wconf 64' lang='lat' dir='ltr'>privatas,</span> <span class='ocrx_word' id='word_1_58' title='bbox 673 720 824 764; x_wconf 87' lang='lat' dir='ltr'>ideoque</span> <span class='ocrx_word' id='word_1_59' title='bbox 848 720 987 762; x_wconf 79' lang='lat' dir='ltr'>ignotas</span> <span class='ocrx_word' id='word_1_60' title='bbox 1008 720 1124 758; x_wconf 81' lang='lat' dir='ltr'>nobis,</span> 
     </span>
     <span class='ocr_line' id='line_1_12' title="bbox 132 770 1123 814; baseline 0.001 -13"><span class='ocrx_word' id='word_1_61' title='bbox 132 776 206 802; x_wconf 86' lang='lat' dir='ltr'>tum</span> <span class='ocrx_word' id='word_1_62' title='bbox 225 776 372 813; x_wconf 74' lang='lat' dir='ltr'>propter</span> <span class='ocrx_word' id='word_1_63' title='bbox 388 770 561 803; x_wconf 81' lang='lat' dir='ltr'>orationis</span> <span class='ocrx_word' id='word_1_64' title='bbox 580 783 689 814; x_wconf 73' lang='lat' dir='ltr'>genus</span> <span class='ocrx_word' id='word_1_65' title='bbox 714 771 916 803; x_wconf 84' lang='lat' dir='ltr'>mutilatum</span> <span class='ocrx_word' id='word_1_66' title='bbox 941 777 974 803; x_wconf 88' lang='lat' dir='ltr'>et</span> <span class='ocrx_word' id='word_1_67' title='bbox 996 770 1123 814; x_wconf 84' lang='lat' dir='ltr'>ellipti-</span> 
     </span>
     <span class='ocr_line' id='line_1_13' title="bbox 131 820 1120 865; baseline 0.001 -13"><span class='ocrx_word' id='word_1_68' title='bbox 131 832 222 853; x_wconf 84' lang='lat' dir='ltr'>cum.</span> <span class='ocrx_word' id='word_1_69' title='bbox 284 820 412 854; x_wconf 84' lang='lat' dir='ltr'>Paucis</span> <span class='ocrx_word' id='word_1_70' title='bbox 436 821 530 853; x_wconf 89' lang='lat' dir='ltr'>enim</span> <span class='ocrx_word' id='word_1_71' title='bbox 557 828 590 854; x_wconf 90' lang='lat' dir='ltr'>et</span> <span class='ocrx_word' id='word_1_72' title='bbox 620 822 828 865; x_wconf 73' lang='lat' dir='ltr'>interruptis</span> <span class='ocrx_word' id='word_1_73' title='bbox 857 821 973 854; x_wconf 75' lang='lat' dir='ltr'>verbis</span> <span class='ocrx_word' id='word_1_74' title='bbox 997 821 1120 854; x_wconf 86' lang='lat' dir='ltr'>Cicero</span> 
     </span>
     <span class='ocr_line' id='line_1_14' title="bbox 131 871 1122 917; baseline 0.002 -15"><span class='ocrx_word' id='word_1_75' title='bbox 131 872 227 903; x_wconf 76' lang='lat' dir='ltr'>varia</span> <span class='ocrx_word' id='word_1_76' title='bbox 255 884 333 904; x_wconf 90' lang='lat' dir='ltr'>cum</span> <span class='ocrx_word' id='word_1_77' title='bbox 354 871 489 904; x_wconf 85' lang='lat' dir='ltr'>Tirone</span> <span class='ocrx_word' id='word_1_78' title='bbox 512 873 582 916; x_wconf 77' lang='lat' dir='ltr'>agit</span> <span class='ocrx_word' id='word_1_79' title='bbox 605 874 648 905; x_wconf 85' lang='lat' dir='ltr'>de</span> <span class='ocrx_word' id='word_1_80' title='bbox 673 874 827 917; x_wconf 86' lang='lat' dir='ltr'>quadam</span> <span class='ocrx_word' id='word_1_81' title='bbox 851 873 966 904; x_wconf 77' lang='lat' dir='ltr'>forma</span> <span class='ocrx_word' id='word_1_82' title='bbox 988 884 1122 905; x_wconf 86' lang='lat' dir='ltr'>sermo-</span> 
     </span>
     <span class='ocr_line' id='line_1_15' title="bbox 130 922 1122 966; baseline 0.001 -12"><span class='ocrx_word' id='word_1_83' title='bbox 130 922 196 956; x_wconf 81' lang='lat' dir='ltr'>nis.</span> <span class='ocrx_word' id='word_1_84' title='bbox 249 922 342 956; x_wconf 68' lang='lat' dir='ltr'>Nam</span> <span class='ocrx_word' id='word_1_85' title='bbox 364 935 419 956; x_wconf 92' lang='lat' dir='ltr'>res</span> <span class='ocrx_word' id='word_1_86' title='bbox 444 923 519 966; x_wconf 81' lang='lat' dir='ltr'>ipsa</span> <span class='ocrx_word' id='word_1_87' title='bbox 542 923 626 956; x_wconf 86' lang='lat' dir='ltr'>satis</span> <span class='ocrx_word' id='word_1_88' title='bbox 645 923 761 966; x_wconf 79' lang='lat' dir='ltr'>arguit</span> <span class='ocrx_word' id='word_1_89' title='bbox 778 923 950 956; x_wconf 87' lang='lat' dir='ltr'>Tironem</span> <span class='ocrx_word' id='word_1_90' title='bbox 976 930 1122 956; x_wconf 88' lang='lat' dir='ltr'>conten-</span> 
     </span>
     <span class='ocr_line' id='line_1_16' title="bbox 131 973 1121 1019; baseline 0.003 -14"><span class='ocrx_word' id='word_1_91' title='bbox 131 973 220 1006; x_wconf 83' lang='lat' dir='ltr'>disse</span> <span class='ocrx_word' id='word_1_92' title='bbox 239 985 316 1005; x_wconf 92' lang='lat' dir='ltr'>cum</span> <span class='ocrx_word' id='word_1_93' title='bbox 333 973 504 1006; x_wconf 75' lang='lat' dir='ltr'>Cicerone</span> <span class='ocrx_word' id='word_1_94' title='bbox 520 974 562 1006; x_wconf 90' lang='lat' dir='ltr'>de</span> <span class='ocrx_word' id='word_1_95' title='bbox 580 974 793 1019; x_wconf 86' lang='lat' dir='ltr'>quibusdam</span> <span class='ocrx_word' id='word_1_96' title='bbox 812 974 928 1008; x_wconf 71' lang='lat' dir='ltr'>verbis</span> <span class='ocrx_word' id='word_1_97' title='bbox 947 987 1020 1007; x_wconf 90' lang='lat' dir='ltr'>non</span> <span class='ocrx_word' id='word_1_98' title='bbox 1038 976 1121 1008; x_wconf 81' lang='lat' dir='ltr'>satis</span> 
     </span>
     <span class='ocr_line' id='line_1_17' title="bbox 131 1024 1118 1070; baseline 0.002 -15"><span class='ocrx_word' id='word_1_99' title='bbox 131 1025 309 1067; x_wconf 78' lang='lat' dir='ltr'>eleganter</span> <span class='ocrx_word' id='word_1_100' title='bbox 341 1024 497 1056; x_wconf 78' lang='lat' dir='ltr'>orationi</span> <span class='ocrx_word' id='word_1_101' title='bbox 530 1024 736 1059; x_wconf 76' lang='lat' dir='ltr'>inserendis.</span> <span class='ocrx_word' id='word_1_102' title='bbox 805 1026 906 1070; x_wconf 80' lang='lat' dir='ltr'>Quae</span> <span class='ocrx_word' id='word_1_103' title='bbox 932 1032 1050 1058; x_wconf 86' lang='lat' dir='ltr'>autem</span> <span class='ocrx_word' id='word_1_104' title='bbox 1080 1038 1118 1057; x_wconf 82' lang='lat' dir='ltr'>ea</span> 
     </span>
     <span class='ocr_line' id='line_1_18' title="bbox 128 1074 1119 1114; baseline 0.003 -8"><span class='ocrx_word' id='word_1_105' title='bbox 128 1074 280 1114; x_wconf 86' lang='lat' dir='ltr'>suerint,</span> <span class='ocrx_word' id='word_1_106' title='bbox 316 1087 389 1107; x_wconf 91' lang='lat' dir='ltr'>non</span> <span class='ocrx_word' id='word_1_107' title='bbox 412 1076 495 1109; x_wconf 80' lang='lat' dir='ltr'>satis</span> <span class='ocrx_word' id='word_1_108' title='bbox 521 1082 668 1110; x_wconf 80' lang='lat' dir='ltr'>constat.</span> <span class='ocrx_word' id='word_1_109' title='bbox 731 1076 853 1109; x_wconf 87' lang='lat' dir='ltr'>Cicero</span> <span class='ocrx_word' id='word_1_110' title='bbox 878 1077 1041 1109; x_wconf 76' lang='lat' dir='ltr'>meminit</span> <span class='ocrx_word' id='word_1_111' title='bbox 1064 1075 1119 1109; x_wconf 77' lang='lat' dir='ltr'>hic</span> 
     </span>
     <span class='ocr_line' id='line_1_19' title="bbox 127 1125 1119 1172; baseline 0.003 -15"><span class='ocrx_word' id='word_1_112' title='bbox 127 1125 353 1169; x_wconf 79' lang='lat' dir='ltr'>pronominis</span> <span class='ocrx_word' id='word_1_113' title='bbox 370 1139 447 1167; x_wconf 83' lang='lat' dir='ltr'>suo,</span> <span class='ocrx_word' id='word_1_114' title='bbox 477 1128 572 1172; x_wconf 88' lang='lat' dir='ltr'>quod</span> <span class='ocrx_word' id='word_1_115' title='bbox 590 1127 677 1159; x_wconf 82' lang='lat' dir='ltr'>Tiro</span> <span class='ocrx_word' id='word_1_116' title='bbox 700 1134 892 1171; x_wconf 60' lang='lat' dir='ltr'>negaverat</span> <span class='ocrx_word' id='word_1_117' title='bbox 912 1129 954 1160; x_wconf 82' lang='lat' dir='ltr'>ad</span> <span class='ocrx_word' id='word_1_118' title='bbox 974 1135 1119 1168; x_wconf 76' lang='lat' dir='ltr'>certam,</span> 
     </span>
     <span class='ocr_line' id='line_1_20' title="bbox 129 1174 1117 1223; baseline 0.002 -14"><span class='ocrx_word' id='word_1_119' title='bbox 129 1178 190 1209; x_wconf 80' lang='lat' dir='ltr'>sed</span> <span class='ocrx_word' id='word_1_120' title='bbox 215 1174 281 1209; x_wconf 84' lang='lat' dir='ltr'>hoc</span> <span class='ocrx_word' id='word_1_121' title='bbox 306 1177 382 1209; x_wconf 84' lang='lat' dir='ltr'>loco</span> <span class='ocrx_word' id='word_1_122' title='bbox 408 1189 482 1210; x_wconf 91' lang='lat' dir='ltr'>non</span> <span class='ocrx_word' id='word_1_123' title='bbox 506 1190 705 1221; x_wconf 78' lang='lat' dir='ltr'>expressam</span> <span class='ocrx_word' id='word_1_124' title='bbox 732 1178 903 1223; x_wconf 82' lang='lat' dir='ltr'>loquendi</span> <span class='ocrx_word' id='word_1_125' title='bbox 927 1180 1117 1212; x_wconf 82' lang='lat' dir='ltr'>formulam</span> 
     </span>
     <span class='ocr_line' id='line_1_21' title="bbox 128 1228 1119 1272; baseline 0.003 -13"><span class='ocrx_word' id='word_1_126' title='bbox 128 1229 324 1272; x_wconf 86' lang='lat' dir='ltr'>quadrare,</span> <span class='ocrx_word' id='word_1_127' title='bbox 354 1228 451 1261; x_wconf 90' lang='lat' dir='ltr'>cuius</span> <span class='ocrx_word' id='word_1_128' title='bbox 468 1229 687 1262; x_wconf 86' lang='lat' dir='ltr'>contrarium</span> <span class='ocrx_word' id='word_1_129' title='bbox 710 1229 817 1262; x_wconf 85' lang='lat' dir='ltr'>sentit</span> <span class='ocrx_word' id='word_1_130' title='bbox 834 1230 970 1264; x_wconf 82' lang='lat' dir='ltr'>Cicero.</span> <span class='ocrx_word' id='word_1_131' title='bbox 1024 1230 1119 1262; x_wconf 82' lang='lat' dir='ltr'>Haec</span> 
     </span>
     <span class='ocr_line' id='line_1_22' title="bbox 128 1278 1119 1324; baseline 0.003 -14"><span class='ocrx_word' id='word_1_132' title='bbox 128 1278 231 1310; x_wconf 87' lang='lat' dir='ltr'>initio</span> <span class='ocrx_word' id='word_1_133' title='bbox 247 1279 348 1311; x_wconf 63' lang='lat' dir='ltr'>valde</span> <span class='ocrx_word' id='word_1_134' title='bbox 367 1280 513 1312; x_wconf 74' lang='lat' dir='ltr'>obscure</span> <span class='ocrx_word' id='word_1_135' title='bbox 536 1286 701 1323; x_wconf 80' lang='lat' dir='ltr'>aguntur.</span> <span class='ocrx_word' id='word_1_136' title='bbox 760 1279 898 1313; x_wconf 82' lang='lat' dir='ltr'>Deinde</span> <span class='ocrx_word' id='word_1_137' title='bbox 921 1282 1119 1324; x_wconf 79' lang='lat' dir='ltr'>gratulatur</span> 
     </span>
     <span class='ocr_line' id='line_1_23' title="bbox 129 1330 1116 1376; baseline 0.003 -15"><span class='ocrx_word' id='word_1_138' title='bbox 129 1330 160 1361; x_wconf 88' lang='lat' dir='ltr'>ei</span> <span class='ocrx_word' id='word_1_139' title='bbox 177 1330 416 1362; x_wconf 81' lang='lat' dir='ltr'>valetudinem</span> <span class='ocrx_word' id='word_1_140' title='bbox 436 1330 641 1370; x_wconf 89' lang='lat' dir='ltr'>meliorem,</span> <span class='ocrx_word' id='word_1_141' title='bbox 670 1330 726 1363; x_wconf 88' lang='lat' dir='ltr'>cui</span> <span class='ocrx_word' id='word_1_142' title='bbox 748 1337 786 1363; x_wconf 87' lang='lat' dir='ltr'>ut</span> <span class='ocrx_word' id='word_1_143' title='bbox 810 1331 1010 1376; x_wconf 70' lang='lat' dir='ltr'>indulgeat,</span> <span class='ocrx_word' id='word_1_144' title='bbox 1038 1345 1116 1365; x_wconf 87' lang='lat' dir='ltr'>eum</span> 
     </span>
     <span class='ocr_line' id='line_1_24' title="bbox 129 1379 1119 1427; baseline 0.004 -15"><span class='ocrx_word' id='word_1_145' title='bbox 129 1379 306 1414; x_wconf 74' lang='lat' dir='ltr'>hortatur.</span> <span class='ocrx_word' id='word_1_146' title='bbox 367 1380 406 1413; x_wconf 89' lang='lat' dir='ltr'>ln</span> <span class='ocrx_word' id='word_1_147' title='bbox 429 1382 507 1414; x_wconf 91' lang='lat' dir='ltr'>loco</span> <span class='ocrx_word' id='word_1_148' title='bbox 532 1382 655 1423; x_wconf 87' lang='lat' dir='ltr'>docet,</span> <span class='ocrx_word' id='word_1_149' title='bbox 691 1394 782 1427; x_wconf 85' lang='lat' dir='ltr'>quae</span> <span class='ocrx_word' id='word_1_150' title='bbox 807 1384 849 1415; x_wconf 81' lang='lat' dir='ltr'>ad</span> <span class='ocrx_word' id='word_1_151' title='bbox 880 1383 1119 1416; x_wconf 64' lang='lat' dir='ltr'>conservatio-</span> 
     </span>
     <span class='ocr_line' id='line_1_25' title="bbox 128 1431 1118 1478; baseline 0.004 -16"><span class='ocrx_word' id='word_1_152' title='bbox 128 1443 209 1463; x_wconf 88' lang='lat' dir='ltr'>nem</span> <span class='ocrx_word' id='word_1_153' title='bbox 234 1431 446 1465; x_wconf 84' lang='lat' dir='ltr'>valetudinis</span> <span class='ocrx_word' id='word_1_154' title='bbox 471 1432 718 1477; x_wconf 87' lang='lat' dir='ltr'>requirantur,</span> <span class='ocrx_word' id='word_1_155' title='bbox 753 1433 860 1477; x_wconf 84' lang='lat' dir='ltr'>idque</span> <span class='ocrx_word' id='word_1_156' title='bbox 885 1434 1030 1478; x_wconf 77' lang='lat' dir='ltr'>dignum</span> <span class='ocrx_word' id='word_1_157' title='bbox 1059 1435 1118 1466; x_wconf 89' lang='lat' dir='ltr'>ob-</span> 
     </span>
     <span class='ocr_line' id='line_1_26' title="bbox 125 1481 1117 1530; baseline 0.002 -16"><span class='ocrx_word' id='word_1_158' title='bbox 125 1481 324 1514; x_wconf 76' lang='lat' dir='ltr'>servatione</span> <span class='ocrx_word' id='word_1_159' title='bbox 342 1489 403 1516; x_wconf 80' lang='lat' dir='ltr'>est.</span> <span class='ocrx_word' id='word_1_160' title='bbox 455 1483 584 1515; x_wconf 80' lang='lat' dir='ltr'>Postea</span> <span class='ocrx_word' id='word_1_161' title='bbox 607 1484 650 1515; x_wconf 87' lang='lat' dir='ltr'>de</span> <span class='ocrx_word' id='word_1_162' title='bbox 673 1484 849 1516; x_wconf 86' lang='lat' dir='ltr'>locatione</span> <span class='ocrx_word' id='word_1_163' title='bbox 868 1482 984 1524; x_wconf 87' lang='lat' dir='ltr'>horti,</span> <span class='ocrx_word' id='word_1_164' title='bbox 1013 1498 1117 1530; x_wconf 88' lang='lat' dir='ltr'>quem</span> 
     </span>
     <span class='ocr_line' id='line_1_27' title="bbox 125 1531 1119 1580; baseline 0.004 -16"><span class='ocrx_word' id='word_1_165' title='bbox 125 1534 215 1564; x_wconf 83' lang='lat' dir='ltr'>sorte</span> <span class='ocrx_word' id='word_1_166' title='bbox 235 1533 270 1564; x_wconf 89' lang='lat' dir='ltr'>in</span> <span class='ocrx_word' id='word_1_167' title='bbox 288 1533 492 1565; x_wconf 68' lang='lat' dir='ltr'>Tusculano</span> <span class='ocrx_word' id='word_1_168' title='bbox 510 1531 652 1574; x_wconf 84' lang='lat' dir='ltr'>habuit,</span> <span class='ocrx_word' id='word_1_169' title='bbox 681 1535 829 1567; x_wconf 86' lang='lat' dir='ltr'>sednon</span> <span class='ocrx_word' id='word_1_170' title='bbox 846 1536 930 1569; x_wconf 89' lang='lat' dir='ltr'>satis</span> <span class='ocrx_word' id='word_1_171' title='bbox 952 1536 1056 1580; x_wconf 75' lang='lat' dir='ltr'>plane</span> <span class='ocrx_word' id='word_1_172' title='bbox 1085 1542 1119 1568; x_wconf 87' lang='lat' dir='ltr'>et</span> 
     </span>
     <span class='ocr_line' id='line_1_28' title="bbox 126 1584 1117 1631; baseline 0.003 -16"><span class='ocrx_word' id='word_1_173' title='bbox 126 1590 258 1627; x_wconf 84' lang='lat' dir='ltr'>aperte.</span> <span class='ocrx_word' id='word_1_174' title='bbox 316 1584 478 1627; x_wconf 80' lang='lat' dir='ltr'>Apparet</span> <span class='ocrx_word' id='word_1_175' title='bbox 501 1591 618 1617; x_wconf 79' lang='lat' dir='ltr'>autem</span> <span class='ocrx_word' id='word_1_176' title='bbox 642 1585 851 1618; x_wconf 72' lang='lat' dir='ltr'>Ciceronem</span> <span class='ocrx_word' id='word_1_177' title='bbox 875 1588 946 1620; x_wconf 89' lang='lat' dir='ltr'>suis</span> <span class='ocrx_word' id='word_1_178' title='bbox 970 1587 1117 1631; x_wconf 87' lang='lat' dir='ltr'>sumpti-</span> 
     </span>
     <span class='ocr_line' id='line_1_29' title="bbox 123 1633 1117 1676; baseline 0.004 -10"><span class='ocrx_word' id='word_1_179' title='bbox 123 1635 188 1667; x_wconf 91' lang='lat' dir='ltr'>bus</span> <span class='ocrx_word' id='word_1_180' title='bbox 217 1636 422 1667; x_wconf 81' lang='lat' dir='ltr'>emendasse</span> <span class='ocrx_word' id='word_1_181' title='bbox 452 1633 616 1676; x_wconf 80' lang='lat' dir='ltr'>hortum,</span> <span class='ocrx_word' id='word_1_182' title='bbox 660 1643 694 1668; x_wconf 90' lang='lat' dir='ltr'>et</span> <span class='ocrx_word' id='word_1_183' title='bbox 727 1636 854 1670; x_wconf 87' lang='lat' dir='ltr'>deiude</span> <span class='ocrx_word' id='word_1_184' title='bbox 887 1636 1117 1671; x_wconf 81' lang='lat' dir='ltr'>hortulanum</span> 
     </span>
     <span class='ocr_line' id='line_1_30' title="bbox 125 1683 1118 1732; baseline 0.006 -16"><span class='ocrx_word' id='word_1_185' title='bbox 125 1685 283 1729; x_wconf 82' lang='lat' dir='ltr'>priorem</span> <span class='ocrx_word' id='word_1_186' title='bbox 308 1686 464 1718; x_wconf 85' lang='lat' dir='ltr'>eiusdem</span> <span class='ocrx_word' id='word_1_187' title='bbox 486 1683 582 1718; x_wconf 83' lang='lat' dir='ltr'>horti</span> <span class='ocrx_word' id='word_1_188' title='bbox 607 1688 881 1728; x_wconf 81' lang='lat' dir='ltr'>conductorem,</span> <span class='ocrx_word' id='word_1_189' title='bbox 910 1689 1118 1732; x_wconf 65' lang='lat' dir='ltr'>tergiversa-</span> 
     </span>
     <span class='ocr_line' id='line_1_31' title="bbox 127 1737 1117 1777; baseline 0.005 -10"><span class='ocrx_word' id='word_1_190' title='bbox 127 1742 201 1768; x_wconf 86' lang='lat' dir='ltr'>tum</span> <span class='ocrx_word' id='word_1_191' title='bbox 220 1748 291 1768; x_wconf 86' lang='lat' dir='ltr'>esse</span> <span class='ocrx_word' id='word_1_192' title='bbox 311 1748 389 1768; x_wconf 88' lang='lat' dir='ltr'>cum</span> <span class='ocrx_word' id='word_1_193' title='bbox 415 1749 455 1769; x_wconf 89' lang='lat' dir='ltr'>eo</span> <span class='ocrx_word' id='word_1_194' title='bbox 483 1737 704 1777; x_wconf 86' lang='lat' dir='ltr'>simulando,</span> <span class='ocrx_word' id='word_1_195' title='bbox 738 1751 774 1771; x_wconf 88' lang='lat' dir='ltr'>se</span> <span class='ocrx_word' id='word_1_196' title='bbox 799 1740 892 1771; x_wconf 88' lang='lat' dir='ltr'>nolle</span> <span class='ocrx_word' id='word_1_197' title='bbox 920 1741 1117 1772; x_wconf 83' lang='lat' dir='ltr'>conducere</span> 
     </span>
     <span class='ocr_line' id='line_1_32' title="bbox 126 1784 1117 1833; baseline 0.005 -15"><span class='ocrx_word' id='word_1_198' title='bbox 126 1787 215 1819; x_wconf 88' lang='lat' dir='ltr'>tanti</span> <span class='ocrx_word' id='word_1_199' title='bbox 239 1784 397 1821; x_wconf 87' lang='lat' dir='ltr'>hortum.</span> <span class='ocrx_word' id='word_1_200' title='bbox 450 1787 572 1833; x_wconf 84' lang='lat' dir='ltr'>ltaque</span> <span class='ocrx_word' id='word_1_201' title='bbox 599 1795 721 1821; x_wconf 87' lang='lat' dir='ltr'>monet</span> <span class='ocrx_word' id='word_1_202' title='bbox 745 1789 939 1830; x_wconf 81' lang='lat' dir='ltr'>Tironem,</span> <span class='ocrx_word' id='word_1_203' title='bbox 975 1797 1012 1823; x_wconf 91' lang='lat' dir='ltr'>ut</span> <span class='ocrx_word' id='word_1_204' title='bbox 1037 1791 1117 1823; x_wconf 89' lang='lat' dir='ltr'>sub-</span> 
     </span>
     <span class='ocr_line' id='line_1_33' title="bbox 125 1838 1116 1885; baseline 0.003 -15"><span class='ocrx_word' id='word_1_205' title='bbox 125 1843 252 1870; x_wconf 87' lang='lat' dir='ltr'>ornato</span> <span class='ocrx_word' id='word_1_206' title='bbox 271 1838 392 1883; x_wconf 80' lang='lat' dir='ltr'>aliquo</span> <span class='ocrx_word' id='word_1_207' title='bbox 409 1840 625 1872; x_wconf 84' lang='lat' dir='ltr'>conductore</span> <span class='ocrx_word' id='word_1_208' title='bbox 651 1841 821 1873; x_wconf 80' lang='lat' dir='ltr'>accendat</span> <span class='ocrx_word' id='word_1_209' title='bbox 850 1841 1008 1885; x_wconf 88' lang='lat' dir='ltr'>priorem</span> <span class='ocrx_word' id='word_1_210' title='bbox 1033 1839 1116 1874; x_wconf 91' lang='lat' dir='ltr'>hor-</span> 
     </span>
     <span class='ocr_line' id='line_1_34' title="bbox 123 1889 1115 1937; baseline 0.002 -15"><span class='ocrx_word' id='word_1_211' title='bbox 123 1889 284 1922; x_wconf 82' lang='lat' dir='ltr'>tulanum</span> <span class='ocrx_word' id='word_1_212' title='bbox 304 1889 496 1933; x_wconf 84' lang='lat' dir='ltr'>cupiditate</span> <span class='ocrx_word' id='word_1_213' title='bbox 514 1891 747 1924; x_wconf 83' lang='lat' dir='ltr'>conducendi.</span> <span class='ocrx_word' id='word_1_214' title='bbox 780 1891 933 1937; x_wconf 73' lang='lat' dir='ltr'>Reliqua</span> <span class='ocrx_word' id='word_1_215' title='bbox 949 1893 994 1924; x_wconf 89' lang='lat' dir='ltr'>ad</span> <span class='ocrx_word' id='word_1_216' title='bbox 1011 1893 1115 1925; x_wconf 85' lang='lat' dir='ltr'>finem</span> 
     </span>
     <span class='ocr_line' id='line_1_35' title="bbox 123 1939 550 1984; baseline 0.005 -12"><span class='ocrx_word' id='word_1_217' title='bbox 123 1939 257 1972; x_wconf 78' lang='lat' dir='ltr'>adiecta</span> <span class='ocrx_word' id='word_1_218' title='bbox 274 1940 437 1984; x_wconf 75' lang='lat' dir='ltr'>planior-a</span> <span class='ocrx_word' id='word_1_219' title='bbox 457 1947 550 1975; x_wconf 88' lang='lat' dir='ltr'>sunt.</span> 
     </span>
    </p>
   </div>
   <div class='ocr_carea' id='block_1_6' title="bbox 371 2016 864 2062">
    <p class='ocr_par' dir='ltr' id='par_1_6' title="bbox 371 2016 864 2062">
     <span class='ocr_line' id='line_1_36' title="bbox 371 2016 864 2062; baseline 0.008 -13"><span class='ocrx_word' id='word_1_220' title='bbox 371 2016 507 2050; x_wconf 90' lang='lat' dir='ltr'>Aliud</span> <span class='ocrx_word' id='word_1_221' title='bbox 535 2024 864 2062; x_wconf 80' lang='lat' dir='ltr'>argumentum.</span> 
     </span>
    </p>
   </div>
   <div class='ocr_carea' id='block_1_7' title="bbox 120 2083 1116 2387">
    <p class='ocr_par' dir='ltr' id='par_1_7' title="bbox 120 2083 1116 2387">
     <span class='ocr_line' id='line_1_37' title="bbox 225 2083 1116 2130; baseline 0.006 -14"><span class='ocrx_word' id='word_1_222' title='bbox 225 2083 289 2117; x_wconf 81' lang='lat' dir='ltr'>Est</span> <span class='ocrx_word' id='word_1_223' title='bbox 323 2084 471 2128; x_wconf 88' lang='lat' dir='ltr'>epistola</span> <span class='ocrx_word' id='word_1_224' title='bbox 514 2086 741 2130; x_wconf 84' lang='lat' dir='ltr'>responsoria</span> <span class='ocrx_word' id='word_1_225' title='bbox 783 2093 817 2120; x_wconf 90' lang='lat' dir='ltr'>et</span> <span class='ocrx_word' id='word_1_226' title='bbox 857 2084 1116 2123; x_wconf 73' lang='lat' dir='ltr'>adhortatoria.</span> 
     </span>
     <span class='ocr_line' id='line_1_38' title="bbox 123 2134 1116 2182; baseline 0.003 -14"><span class='ocrx_word' id='word_1_227' title='bbox 123 2134 306 2179; x_wconf 87' lang='lat' dir='ltr'>Principio</span> <span class='ocrx_word' id='word_1_228' title='bbox 336 2137 527 2180; x_wconf 81' lang='lat' dir='ltr'>respondet</span> <span class='ocrx_word' id='word_1_229' title='bbox 559 2139 601 2170; x_wconf 88' lang='lat' dir='ltr'>de</span> <span class='ocrx_word' id='word_1_230' title='bbox 633 2138 865 2182; x_wconf 86' lang='lat' dir='ltr'>inscriptione</span> <span class='ocrx_word' id='word_1_231' title='bbox 902 2139 1116 2179; x_wconf 83' lang='lat' dir='ltr'>litterarum,</span> 
     </span>
     <span class='ocr_line' id='line_1_39' title="bbox 125 2186 1115 2230; baseline 0.004 -12"><span class='ocrx_word' id='word_1_232' title='bbox 125 2186 221 2230; x_wconf 87' lang='lat' dir='ltr'>quod</span> <span class='ocrx_word' id='word_1_233' title='bbox 239 2197 279 2218; x_wconf 86' lang='lat' dir='ltr'>ea</span> <span class='ocrx_word' id='word_1_234' title='bbox 299 2193 392 2219; x_wconf 88' lang='lat' dir='ltr'>recte</span> <span class='ocrx_word' id='word_1_235' title='bbox 410 2200 492 2221; x_wconf 84' lang='lat' dir='ltr'>usus</span> <span class='ocrx_word' id='word_1_236' title='bbox 516 2187 578 2228; x_wconf 86' lang='lat' dir='ltr'>sit,</span> <span class='ocrx_word' id='word_1_237' title='bbox 614 2195 801 2223; x_wconf 85' lang='lat' dir='ltr'>contentus</span> <span class='ocrx_word' id='word_1_238' title='bbox 826 2189 990 2222; x_wconf 67' lang='lat' dir='ltr'>videlicet</span> <span class='ocrx_word' id='word_1_239' title='bbox 1013 2190 1115 2222; x_wconf 87' lang='lat' dir='ltr'>fami-</span> 
     </span>
     <span class='ocr_line' id='line_1_40' title="bbox 123 2237 1113 2279; baseline 0.006 -11"><span class='ocrx_word' id='word_1_240' title='bbox 123 2237 204 2269; x_wconf 88' lang='lat' dir='ltr'>liari</span> <span class='ocrx_word' id='word_1_241' title='bbox 220 2243 253 2269; x_wconf 89' lang='lat' dir='ltr'>et</span> <span class='ocrx_word' id='word_1_242' title='bbox 270 2238 450 2270; x_wconf 85' lang='lat' dir='ltr'>communi</span> <span class='ocrx_word' id='word_1_243' title='bbox 466 2239 632 2279; x_wconf 89' lang='lat' dir='ltr'>formula,</span> <span class='ocrx_word' id='word_1_244' title='bbox 661 2240 790 2274; x_wconf 89' lang='lat' dir='ltr'>omisso</span> <span class='ocrx_word' id='word_1_245' title='bbox 809 2240 950 2273; x_wconf 88' lang='lat' dir='ltr'>interim</span> <span class='ocrx_word' id='word_1_246' title='bbox 968 2241 1113 2274; x_wconf 88' lang='lat' dir='ltr'>nomine</span> 
     </span>
     <span class='ocr_line' id='line_1_41' title="bbox 122 2287 1113 2332; baseline 0.006 -13"><span class='ocrx_word' id='word_1_247' title='bbox 122 2287 267 2332; x_wconf 85' lang='lat' dir='ltr'>patroni</span> <span class='ocrx_word' id='word_1_248' title='bbox 282 2294 315 2320; x_wconf 90' lang='lat' dir='ltr'>et</span> <span class='ocrx_word' id='word_1_249' title='bbox 331 2287 460 2322; x_wconf 90' lang='lat' dir='ltr'>liberti.</span> <span class='ocrx_word' id='word_1_250' title='bbox 512 2288 729 2323; x_wconf 83' lang='lat' dir='ltr'>Adhortatio</span> <span class='ocrx_word' id='word_1_251' title='bbox 748 2298 799 2324; x_wconf 87' lang='lat' dir='ltr'>est</span> <span class='ocrx_word' id='word_1_252' title='bbox 816 2293 857 2324; x_wconf 89' lang='lat' dir='ltr'>de</span> <span class='ocrx_word' id='word_1_253' title='bbox 882 2293 1039 2325; x_wconf 86' lang='lat' dir='ltr'>curanda</span> <span class='ocrx_word' id='word_1_254' title='bbox 1062 2292 1113 2325; x_wconf 87' lang='lat' dir='ltr'>di-</span> 
     </span>
     <span class='ocr_line' id='line_1_42' title="bbox 120 2339 1113 2387; baseline 0.005 -17"><span class='ocrx_word' id='word_1_255' title='bbox 120 2339 271 2382; x_wconf 73' lang='lat' dir='ltr'>ligenter</span> <span class='ocrx_word' id='word_1_256' title='bbox 299 2339 522 2381; x_wconf 74' lang='lat' dir='ltr'>valetudine,</span> <span class='ocrx_word' id='word_1_257' title='bbox 565 2347 599 2374; x_wconf 89' lang='lat' dir='ltr'>et</span> <span class='ocrx_word' id='word_1_258' title='bbox 628 2341 741 2375; x_wconf 89' lang='lat' dir='ltr'>utitur</span> <span class='ocrx_word' id='word_1_259' title='bbox 765 2343 867 2376; x_wconf 85' lang='lat' dir='ltr'>brevi</span> <span class='ocrx_word' id='word_1_260' title='bbox 889 2350 923 2375; x_wconf 90' lang='lat' dir='ltr'>et</span> <span class='ocrx_word' id='word_1_261' title='bbox 947 2355 1113 2387; x_wconf 90' lang='lat' dir='ltr'>compen-</span> 
     </span>
    </p>
   </div>
   <div class='ocr_carea' id='block_1_8' title="bbox 157 2459 1111 2730">
    <p class='ocr_par' dir='ltr' id='par_1_8' title="bbox 157 2459 1111 2730">
     <span class='ocr_line' id='line_1_43' title="bbox 157 2459 1110 2491; baseline 0.002 -8"><span class='ocrx_word' id='word_1_262' title='bbox 157 2460 204 2486; x_wconf 79' lang='lat'>40]</span> <span class='ocrx_word' id='word_1_263' title='bbox 225 2459 311 2482; x_wconf 80' lang='lat' dir='ltr'>Huius</span> <span class='ocrx_word' id='word_1_264' title='bbox 332 2459 464 2488; x_wconf 76' lang='lat' dir='ltr'>epistolae</span> <span class='ocrx_word' id='word_1_265' title='bbox 485 2459 512 2482; x_wconf 86' lang='lat' dir='ltr'>et</span> <span class='ocrx_word' id='word_1_266' title='bbox 532 2459 644 2483; x_wconf 82' lang='lat' dir='ltr'>duarum</span> <span class='ocrx_word' id='word_1_267' title='bbox 670 2461 840 2490; x_wconf 75' lang='lat' dir='ltr'>sequentitim</span> <span class='ocrx_word' id='word_1_268' title='bbox 865 2462 1026 2491; x_wconf 62' lang='lat' dir='ltr'>argumenta</span> <span class='ocrx_word' id='word_1_269' title='bbox 1050 2462 1073 2486; x_wconf 87' lang='lat' dir='ltr'>h.</span> <span class='ocrx_word' id='word_1_270' title='bbox 1095 2462 1110 2485; x_wconf 85' lang='lat'>1.</span> 
     </span>
     <span class='ocr_line' id='line_1_44' title="bbox 189 2494 1111 2521; baseline 0.004 -5"><span class='ocrx_word' id='word_1_271' title='bbox 189 2494 276 2516; x_wconf 76' lang='lat' dir='ltr'>aIIata</span> <span class='ocrx_word' id='word_1_272' title='bbox 293 2494 325 2516; x_wconf 81' lang='lat' dir='ltr'>ab</span> <span class='ocrx_word' id='word_1_273' title='bbox 341 2494 521 2521; x_wconf 67' lang='lat' dir='ltr'>Editt.1556.,</span> <span class='ocrx_word' id='word_1_274' title='bbox 545 2494 609 2516; x_wconf 76' lang='lat'>1565</span> <span class='ocrx_word' id='word_1_275' title='bbox 620 2506 648 2510; x_wconf 88' lang='lat'><strong>—</strong></span> <span class='ocrx_word' id='word_1_276' title='bbox 663 2495 735 2518; x_wconf 66' lang='lat'>1586.</span> <span class='ocrx_word' id='word_1_277' title='bbox 755 2496 930 2521; x_wconf 76' lang='lat' dir='ltr'>exhibentur:</span> <span class='ocrx_word' id='word_1_278' title='bbox 951 2497 1033 2520; x_wconf 69' lang='lat' dir='ltr'>mitt.</span> <span class='ocrx_word' id='word_1_279' title='bbox 1048 2497 1111 2520; x_wconf 73' lang='lat'>153?</span> 
     </span>
     <span class='ocr_line' id='line_1_45' title="bbox 187 2527 1109 2559; baseline 0.004 -10"><span class='ocrx_word' id='word_1_280' title='bbox 187 2528 316 2555; x_wconf 77' lang='lat'>-1554.,</span> <span class='ocrx_word' id='word_1_281' title='bbox 338 2527 423 2551; x_wconf 75' lang='lat'>1557..</span> <span class='ocrx_word' id='word_1_282' title='bbox 447 2528 531 2555; x_wconf 50' lang='lat'>1560„</span> <span class='ocrx_word' id='word_1_283' title='bbox 553 2528 627 2552; x_wconf 72' lang='grc'><strong>1601.</strong></span> <span class='ocrx_word' id='word_1_284' title='bbox 647 2534 733 2558; x_wconf 79' lang='lat' dir='ltr'>neque</span> <span class='ocrx_word' id='word_1_285' title='bbox 749 2532 911 2559; x_wconf 61' lang='lat' dir='ltr'>argumenta</span> <span class='ocrx_word' id='word_1_286' title='bbox 929 2536 1014 2559; x_wconf 88' lang='lat' dir='ltr'>neque</span> <span class='ocrx_word' id='word_1_287' title='bbox 1028 2531 1109 2554; x_wconf 78' lang='lat' dir='ltr'>scho-</span> 
     </span>
     <span class='ocr_line' id='line_1_46' title="bbox 188 2561 1108 2590; baseline 0.004 -7"><span class='ocrx_word' id='word_1_288' title='bbox 188 2561 228 2584; x_wconf 87' lang='lat' dir='ltr'>lia</span> <span class='ocrx_word' id='word_1_289' title='bbox 245 2562 426 2584; x_wconf 81' lang='lat' dir='ltr'>Melanthonis</span> <span class='ocrx_word' id='word_1_290' title='bbox 446 2561 471 2584; x_wconf 75' lang='lat' dir='ltr'>In</span> <span class='ocrx_word' id='word_1_291' title='bbox 491 2563 539 2584; x_wconf 76' lang='lat' dir='ltr'>has</span> <span class='ocrx_word' id='word_1_292' title='bbox 562 2561 579 2584; x_wconf 88' lang='grc'><strong>3</strong></span> <span class='ocrx_word' id='word_1_293' title='bbox 605 2561 737 2590; x_wconf 78' lang='lat' dir='ltr'>epistolas</span> <span class='ocrx_word' id='word_1_294' title='bbox 765 2563 916 2587; x_wconf 81' lang='lat' dir='ltr'>continent.</span> <span class='ocrx_word' id='word_1_295' title='bbox 937 2577 970 2581; x_wconf 89' lang='lat'>—-</span> <span class='ocrx_word' id='word_1_296' title='bbox 1011 2565 1040 2586; x_wconf 90' lang='lat' dir='ltr'>In</span> <span class='ocrx_word' id='word_1_297' title='bbox 1060 2565 1108 2588; x_wconf 79' lang='lat' dir='ltr'>Ed.</span> 
     </span>
     <span class='ocr_line' id='line_1_47' title="bbox 189 2596 1108 2627; baseline 0.003 -9"><span class='ocrx_word' id='word_1_298' title='bbox 189 2596 266 2619; x_wconf 74' lang='lat'>1554.</span> <span class='ocrx_word' id='word_1_299' title='bbox 286 2596 344 2619; x_wconf 77' lang='lat' dir='ltr'>tota</span> <span class='ocrx_word' id='word_1_300' title='bbox 363 2596 482 2624; x_wconf 68' lang='lat' dir='ltr'>epistola</span> <span class='ocrx_word' id='word_1_301' title='bbox 498 2596 595 2618; x_wconf 78' lang='lat' dir='ltr'>XVIII.</span> <span class='ocrx_word' id='word_1_302' title='bbox 616 2596 718 2619; x_wconf 79' lang='lat' dir='ltr'>omissa</span> <span class='ocrx_word' id='word_1_303' title='bbox 739 2599 795 2627; x_wconf 87' lang='lat' dir='ltr'>est,</span> <span class='ocrx_word' id='word_1_304' title='bbox 828 2600 994 2627; x_wconf 79' lang='lat' dir='ltr'>quapropter</span> <span class='ocrx_word' id='word_1_305' title='bbox 1012 2605 1108 2621; x_wconf 85' lang='lat' dir='ltr'>nume-</span> 
     </span>
     <span class='ocr_line' id='line_1_48' title="bbox 189 2629 1106 2658; baseline 0.007 -8"><span class='ocrx_word' id='word_1_306' title='bbox 189 2634 237 2651; x_wconf 83' lang='lat' dir='ltr'>rus</span> <span class='ocrx_word' id='word_1_307' title='bbox 255 2629 684 2658; x_wconf 73' lang='lat' dir='ltr'>epistoIarunlXIX.—XXVII.</span> <span class='ocrx_word' id='word_1_308' title='bbox 705 2630 732 2653; x_wconf 90' lang='lat' dir='ltr'>in</span> <span class='ocrx_word' id='word_1_309' title='bbox 753 2631 801 2654; x_wconf 82' lang='lat' dir='ltr'>hae</span> <span class='ocrx_word' id='word_1_310' title='bbox 811 2632 857 2655; x_wconf 75' lang='lat' dir='ltr'>Ed.</span> <span class='ocrx_word' id='word_1_311' title='bbox 877 2637 893 2655; x_wconf 86' lang='lat' dir='ltr'>a</span> <span class='ocrx_word' id='word_1_312' title='bbox 912 2632 1013 2655; x_wconf 83' lang='lat' dir='ltr'>ceteris</span> <span class='ocrx_word' id='word_1_313' title='bbox 1024 2634 1106 2657; x_wconf 72' lang='lat' dir='ltr'>Edntt.</span> 
     </span>
     <span class='ocr_line' id='line_1_49' title="bbox 188 2661 1107 2697; baseline 0.007 -13"><span class='ocrx_word' id='word_1_314' title='bbox 188 2661 294 2693; x_wconf 80' lang='lat' dir='ltr'>diII&#39;crt3</span> <span class='ocrx_word' id='word_1_315' title='bbox 327 2669 388 2686; x_wconf 84' lang='lat' dir='ltr'>nam</span> <span class='ocrx_word' id='word_1_316' title='bbox 408 2663 525 2692; x_wconf 66' lang='lat' dir='ltr'>epistoIa</span> <span class='ocrx_word' id='word_1_317' title='bbox 544 2664 618 2686; x_wconf 71' lang='lat' dir='ltr'>XIX.</span> <span class='ocrx_word' id='word_1_318' title='bbox 643 2670 753 2687; x_wconf 83' lang='lat' dir='ltr'>numero</span> <span class='ocrx_word' id='word_1_319' title='bbox 771 2665 869 2688; x_wconf 82' lang='lat' dir='ltr'>XVIII.</span> <span class='ocrx_word' id='word_1_320' title='bbox 891 2669 940 2689; x_wconf 80' lang='lat' dir='ltr'>etc.</span> <span class='ocrx_word' id='word_1_321' title='bbox 961 2667 1107 2697; x_wconf 82' lang='lat' dir='ltr'>eademque</span> 
     </span>
     <span class='ocr_line' id='line_1_50' title="bbox 184 2697 1038 2730; baseline 0.006 -11"><span class='ocrx_word' id='word_1_322' title='bbox 184 2697 292 2720; x_wconf 76' lang='lat' dir='ltr'>ratione</span> <span class='ocrx_word' id='word_1_323' title='bbox 306 2697 424 2728; x_wconf 78' lang='lat' dir='ltr'>epistola</span> <span class='ocrx_word' id='word_1_324' title='bbox 438 2698 554 2721; x_wconf 77' lang='lat' dir='ltr'>xxvn.</span> <span class='ocrx_word' id='word_1_325' title='bbox 573 2704 688 2722; x_wconf 79' lang='lat' dir='ltr'>numero</span> <span class='ocrx_word' id='word_1_326' title='bbox 704 2699 807 2723; x_wconf 80' lang='lat' dir='ltr'>XXVI.</span> <span class='ocrx_word' id='word_1_327' title='bbox 826 2699 952 2730; x_wconf 76' lang='lat' dir='ltr'>signatae</span> <span class='ocrx_word' id='word_1_328' title='bbox 967 2703 1038 2724; x_wconf 90' lang='lat' dir='ltr'>sunt.</span> 
     </span>
    </p>
   </div>
   <div class='ocr_carea' id='block_1_9' title="bbox 432 97 2050 139">
    <p class='ocr_par' dir='ltr' id='par_1_9' title="bbox 432 97 2050 139">
     <span class='ocr_line' id='line_1_51' title="bbox 432 97 2050 139; baseline 0.002 -7"><span class='ocrx_word' id='word_1_329' title='bbox 432 97 741 133; x_wconf 75' lang='lat' dir='ltr'>ARGUMENTA</span> <span class='ocrx_word' id='word_1_330' title='bbox 767 97 831 132; x_wconf 90' lang='lat' dir='ltr'>ET</span> <span class='ocrx_word' id='word_1_331' title='bbox 859 97 1061 133; x_wconf 78' lang='lat' dir='ltr'>SCHOLIA</span> <span class='ocrx_word' id='word_1_332' title='bbox 1088 98 1138 134; x_wconf 83' lang='lat' dir='ltr'>IN</span> <span class='ocrx_word' id='word_1_333' title='bbox 1162 100 1311 137; x_wconf 83' lang='lat' dir='ltr'>EPIST.</span> <span class='ocrx_word' id='word_1_334' title='bbox 1335 102 1448 138; x_wconf 68' lang='grc' dir='ltr'><strong>ΒΑΜ.</strong></span> <span class='ocrx_word' id='word_1_335' title='bbox 1467 102 1550 139; x_wconf 88' lang='lat' dir='ltr'>CIC.</span> <span class='ocrx_word' id='word_1_336' title='bbox 1578 103 1767 138; x_wconf 68' lang='lat' dir='ltr'>Llss.xvt.</span> <span class='ocrx_word' id='word_1_337' title='bbox 1791 103 1862 138; x_wconf 80' lang='grc' dir='ltr'>ΕΡ.</span> <span class='ocrx_word' id='word_1_338' title='bbox 1877 103 2050 137; x_wconf 75' lang='lat'>14—21.</span> 
     </span>
    </p>
   </div>
   <div class='ocr_carea' id='block_1_10' title="bbox 2105 98 2180 133">
    <p class='ocr_par' dir='ltr' id='par_1_10' title="bbox 2105 98 2180 133">
     <span class='ocr_line' id='line_1_52' title="bbox 2105 98 2180 133; baseline 0 0"><span class='ocrx_word' id='word_1_339' title='bbox 2105 98 2180 133; x_wconf 78' lang='lat'>554</span> 
     </span>
    </p>
   </div>
   <div class='ocr_carea' id='block_1_11' title="bbox 1182 186 2175 480">
    <p class='ocr_par' dir='ltr' id='par_1_11' title="bbox 1182 186 2175 480">
     <span class='ocr_line' id='line_1_53' title="bbox 1186 186 2175 236; baseline -0.003 -16"><span class='ocrx_word' id='word_1_340' title='bbox 1186 188 1285 223; x_wconf 78' lang='lat' dir='ltr'>diosa</span> <span class='ocrx_word' id='word_1_341' title='bbox 1313 191 1431 234; x_wconf 79' lang='lat' dir='ltr'>regula</span> <span class='ocrx_word' id='word_1_342' title='bbox 1446 218 1454 231; x_wconf 91' lang='lat'>,</span> <span class='ocrx_word' id='word_1_343' title='bbox 1490 203 1595 236; x_wconf 86' lang='lat' dir='ltr'>quam</span> <span class='ocrx_word' id='word_1_344' title='bbox 1623 191 1767 235; x_wconf 85' lang='lat' dir='ltr'>prodest</span> <span class='ocrx_word' id='word_1_345' title='bbox 1790 189 1891 234; x_wconf 83' lang='lat' dir='ltr'>sequi</span> <span class='ocrx_word' id='word_1_346' title='bbox 1913 189 1950 221; x_wconf 87' lang='lat' dir='ltr'>in</span> <span class='ocrx_word' id='word_1_347' title='bbox 1973 186 2175 220; x_wconf 76' lang='lat' dir='ltr'>valetudiue</span> 
     </span>
     <span class='ocr_line' id='line_1_54' title="bbox 1186 242 2175 283; baseline -0.003 -11"><span class='ocrx_word' id='word_1_348' title='bbox 1186 242 1354 275; x_wconf 82' lang='lat' dir='ltr'>curanda.</span> <span class='ocrx_word' id='word_1_349' title='bbox 1408 242 1536 275; x_wconf 84' lang='lat' dir='ltr'>Postea</span> <span class='ocrx_word' id='word_1_350' title='bbox 1560 242 1669 275; x_wconf 61' lang='lat' dir='ltr'>veluti</span> <span class='ocrx_word' id='word_1_351' title='bbox 1689 253 1822 274; x_wconf 69' lang='lat' dir='ltr'>novum</span> <span class='ocrx_word' id='word_1_352' title='bbox 1849 245 2096 283; x_wconf 70' lang='lat' dir='ltr'>argumentum</span> <span class='ocrx_word' id='word_1_353' title='bbox 2123 249 2175 270; x_wconf 84' lang='lat' dir='ltr'>se-</span> 
     </span>
     <span class='ocr_line' id='line_1_55' title="bbox 1185 287 2173 336; baseline -0.001 -14"><span class='ocrx_word' id='word_1_354' title='bbox 1185 291 1316 336; x_wconf 87' lang='lat' dir='ltr'>quitur.</span> <span class='ocrx_word' id='word_1_355' title='bbox 1351 292 1542 326; x_wconf 65' lang='lat' dir='ltr'>Subiit-itur</span> <span class='ocrx_word' id='word_1_356' title='bbox 1559 293 1653 326; x_wconf 88' lang='lat' dir='ltr'>enim</span> <span class='ocrx_word' id='word_1_357' title='bbox 1671 292 1789 326; x_wconf 69' lang='lat' dir='ltr'>brevis</span> <span class='ocrx_word' id='word_1_358' title='bbox 1806 292 1929 336; x_wconf 87' lang='lat' dir='ltr'>petitio</span> <span class='ocrx_word' id='word_1_359' title='bbox 1950 292 1992 323; x_wconf 90' lang='lat' dir='ltr'>de</span> <span class='ocrx_word' id='word_1_360' title='bbox 2011 288 2115 323; x_wconf 86' lang='lat' dir='ltr'>horto</span> <span class='ocrx_word' id='word_1_361' title='bbox 2127 287 2173 332; x_wconf 67' lang='lat'>4¹)</span> 
     </span>
     <span class='ocr_line' id='line_1_56' title="bbox 1183 339 2174 389; baseline -0.004 -15"><span class='ocrx_word' id='word_1_362' title='bbox 1183 344 1413 377; x_wconf 79' lang='lat' dir='ltr'>conducendo</span> <span class='ocrx_word' id='word_1_363' title='bbox 1425 371 1434 383; x_wconf 91' lang='lat'>,</span> <span class='ocrx_word' id='word_1_364' title='bbox 1461 345 1580 377; x_wconf 84' lang='lat' dir='ltr'>addita</span> <span class='ocrx_word' id='word_1_365' title='bbox 1597 343 1874 389; x_wconf 84' lang='lat' dir='ltr'>reprehensione</span> <span class='ocrx_word' id='word_1_366' title='bbox 1891 342 2034 387; x_wconf 69' lang='lat' dir='ltr'>il&#39;iiquae</span> <span class='ocrx_word' id='word_1_367' title='bbox 2051 339 2174 373; x_wconf 74' lang='lat' dir='ltr'>vendi-</span> 
     </span>
     <span class='ocr_line' id='line_1_57' title="bbox 1183 391 2173 440; baseline -0.003 -14"><span class='ocrx_word' id='word_1_368' title='bbox 1183 393 1300 428; x_wconf 87' lang='lat' dir='ltr'>tionis.</span> <span class='ocrx_word' id='word_1_369' title='bbox 1353 394 1390 427; x_wconf 87' lang='lat' dir='ltr'>ln</span> <span class='ocrx_word' id='word_1_370' title='bbox 1408 396 1476 429; x_wconf 83' lang='lat' dir='ltr'>fine</span> <span class='ocrx_word' id='word_1_371' title='bbox 1494 403 1678 440; x_wconf 90' lang='lat' dir='ltr'>ponuntur</span> <span class='ocrx_word' id='word_1_372' title='bbox 1694 395 1810 429; x_wconf 80' lang='lat' dir='ltr'>brevis</span> <span class='ocrx_word' id='word_1_373' title='bbox 1829 393 2038 438; x_wconf 83' lang='lat' dir='ltr'>pollicitatio</span> <span class='ocrx_word' id='word_1_374' title='bbox 2057 398 2090 424; x_wconf 90' lang='lat' dir='ltr'>et</span> <span class='ocrx_word' id='word_1_375' title='bbox 2113 391 2173 423; x_wconf 82' lang='lat' dir='ltr'>ad-</span> 
     </span>
     <span class='ocr_line' id='line_1_58' title="bbox 1182 445 1408 480; baseline 0.013 -3"><span class='ocrx_word' id='word_1_376' title='bbox 1182 445 1408 480; x_wconf 83' lang='lat' dir='ltr'>monitiones.</span> 
     </span>
    </p>
   </div>
   <div class='ocr_carea' id='block_1_12' title="bbox 1425 523 1927 567">
    <p class='ocr_par' dir='ltr' id='par_1_12' title="bbox 1425 523 1927 567">
     <span class='ocr_line' id='line_1_59' title="bbox 1425 523 1927 567; baseline 0.002 -12"><span class='ocrx_word' id='word_1_377' title='bbox 1425 523 1560 556; x_wconf 75' lang='lat' dir='ltr'>Aliud</span> <span class='ocrx_word' id='word_1_378' title='bbox 1598 529 1927 567; x_wconf 82' lang='lat' dir='ltr'>argumentum.</span> 
     </span>
    </p>
   </div>
   <div class='ocr_carea' id='block_1_13' title="bbox 1175 589 2169 994">
    <p class='ocr_par' dir='ltr' id='par_1_13' title="bbox 1175 589 2169 994">
     <span class='ocr_line' id='line_1_60' title="bbox 1281 589 2169 635; baseline -0.003 -12"><span class='ocrx_word' id='word_1_379' title='bbox 1281 590 1486 634; x_wconf 82' lang='lat' dir='ltr'>Propositio</span> <span class='ocrx_word' id='word_1_380' title='bbox 1527 590 1839 635; x_wconf 79' lang='lat' dir='ltr'>reprehensionem</span> <span class='ocrx_word' id='word_1_381' title='bbox 1873 589 2058 624; x_wconf 88' lang='lat' dir='ltr'>continens</span> <span class='ocrx_word' id='word_1_382' title='bbox 2091 600 2169 621; x_wconf 84' lang='lat' dir='ltr'>sen-</span> 
     </span>
     <span class='ocr_line' id='line_1_61' title="bbox 1181 640 2169 688; baseline -0.001 -16"><span class='ocrx_word' id='word_1_383' title='bbox 1181 640 1309 674; x_wconf 87' lang='lat' dir='ltr'>tentiae</span> <span class='ocrx_word' id='word_1_384' title='bbox 1328 641 1493 681; x_wconf 83' lang='lat' dir='ltr'>Tironis,</span> <span class='ocrx_word' id='word_1_385' title='bbox 1521 644 1564 675; x_wconf 90' lang='lat' dir='ltr'>de</span> <span class='ocrx_word' id='word_1_386' title='bbox 1588 643 1699 676; x_wconf 89' lang='lat' dir='ltr'>abusu</span> <span class='ocrx_word' id='word_1_387' title='bbox 1725 644 1952 688; x_wconf 82' lang='lat' dir='ltr'>quorundam</span> <span class='ocrx_word' id='word_1_388' title='bbox 1978 640 2169 673; x_wconf 76' lang='lat' dir='ltr'>vocabulo-</span> 
     </span>
     <span class='ocr_line' id='line_1_62' title="bbox 1178 692 2168 727; baseline 0 -4"><span class='ocrx_word' id='word_1_389' title='bbox 1178 703 1270 725; x_wconf 86' lang='lat' dir='ltr'>rum.</span> <span class='ocrx_word' id='word_1_390' title='bbox 1322 693 1476 725; x_wconf 79' lang='lat' dir='ltr'>Additur</span> <span class='ocrx_word' id='word_1_391' title='bbox 1494 700 1616 727; x_wconf 69' lang='lat' dir='ltr'>votum</span> <span class='ocrx_word' id='word_1_392' title='bbox 1635 694 1676 726; x_wconf 86' lang='lat' dir='ltr'>de</span> <span class='ocrx_word' id='word_1_393' title='bbox 1689 694 1904 727; x_wconf 83' lang='lat' dir='ltr'>Tusculano.</span> <span class='ocrx_word' id='word_1_394' title='bbox 1959 692 2096 724; x_wconf 85' lang='lat' dir='ltr'>Deinde</span> <span class='ocrx_word' id='word_1_395' title='bbox 2116 702 2168 723; x_wconf 86' lang='lat' dir='ltr'>se-</span> 
     </span>
     <span class='ocr_line' id='line_1_63' title="bbox 1178 741 2169 788; baseline 0 -15"><span class='ocrx_word' id='word_1_396' title='bbox 1178 742 1299 786; x_wconf 89' lang='lat' dir='ltr'>quitur</span> <span class='ocrx_word' id='word_1_397' title='bbox 1324 741 1548 784; x_wconf 83' lang='lat' dir='ltr'>adhortatio,</span> <span class='ocrx_word' id='word_1_398' title='bbox 1573 751 1613 777; x_wconf 89' lang='lat' dir='ltr'>ut</span> <span class='ocrx_word' id='word_1_399' title='bbox 1633 744 1820 788; x_wconf 81' lang='lat' dir='ltr'>diligenter</span> <span class='ocrx_word' id='word_1_400' title='bbox 1845 743 2084 776; x_wconf 72' lang='lat' dir='ltr'>valetudinem</span> <span class='ocrx_word' id='word_1_401' title='bbox 2110 754 2169 774; x_wconf 88' lang='lat' dir='ltr'>cu-</span> 
     </span>
     <span class='ocr_line' id='line_1_64' title="bbox 1177 794 2166 840; baseline -0.001 -15"><span class='ocrx_word' id='word_1_402' title='bbox 1177 799 1248 832; x_wconf 84' lang='lat' dir='ltr'>ret,</span> <span class='ocrx_word' id='word_1_403' title='bbox 1282 794 1404 826; x_wconf 84' lang='lat' dir='ltr'>addito</span> <span class='ocrx_word' id='word_1_404' title='bbox 1430 795 1529 827; x_wconf 66' lang='lat' dir='ltr'>brevi</span> <span class='ocrx_word' id='word_1_405' title='bbox 1552 797 1709 840; x_wconf 84' lang='lat' dir='ltr'>quodam</span> <span class='ocrx_word' id='word_1_406' title='bbox 1734 797 1863 835; x_wconf 86' lang='lat' dir='ltr'>modo,</span> <span class='ocrx_word' id='word_1_407' title='bbox 1890 808 1961 840; x_wconf 79' lang='lat' dir='ltr'>quo</span> <span class='ocrx_word' id='word_1_408' title='bbox 1979 795 2166 827; x_wconf 72' lang='lat' dir='ltr'>observato</span> 
     </span>
     <span class='ocr_line' id='line_1_65' title="bbox 1177 845 2166 890; baseline 0 -14"><span class='ocrx_word' id='word_1_409' title='bbox 1177 856 1346 888; x_wconf 80' lang='lat' dir='ltr'>prospera</span> <span class='ocrx_word' id='word_1_410' title='bbox 1366 845 1532 878; x_wconf 76' lang='lat' dir='ltr'>valetudo</span> <span class='ocrx_word' id='word_1_411' title='bbox 1551 846 1652 879; x_wconf 85' lang='lat' dir='ltr'>facile</span> <span class='ocrx_word' id='word_1_412' title='bbox 1670 847 1873 880; x_wconf 78' lang='lat' dir='ltr'>conservari</span> <span class='ocrx_word' id='word_1_413' title='bbox 1889 845 2010 890; x_wconf 83' lang='lat' dir='ltr'>possit.</span> <span class='ocrx_word' id='word_1_414' title='bbox 2036 845 2166 877; x_wconf 80' lang='lat' dir='ltr'>Postea</span> 
     </span>
     <span class='ocr_line' id='line_1_66' title="bbox 1176 894 2164 930; baseline 0 -3"><span class='ocrx_word' id='word_1_415' title='bbox 1176 902 1226 928; x_wconf 89' lang='lat' dir='ltr'>est</span> <span class='ocrx_word' id='word_1_416' title='bbox 1242 908 1334 928; x_wconf 88' lang='lat' dir='ltr'>nova</span> <span class='ocrx_word' id='word_1_417' title='bbox 1354 894 1558 930; x_wconf 78' lang='lat' dir='ltr'>adhortatio</span> <span class='ocrx_word' id='word_1_418' title='bbox 1576 898 1618 930; x_wconf 90' lang='lat' dir='ltr'>de</span> <span class='ocrx_word' id='word_1_419' title='bbox 1639 896 1744 930; x_wconf 87' lang='lat' dir='ltr'>horto</span> <span class='ocrx_word' id='word_1_420' title='bbox 1763 898 2006 930; x_wconf 80' lang='lat' dir='ltr'>conducendo.</span> <span class='ocrx_word' id='word_1_421' title='bbox 2040 894 2080 928; x_wconf 90' lang='lat' dir='ltr'>In</span> <span class='ocrx_word' id='word_1_422' title='bbox 2097 896 2164 927; x_wconf 78' lang='lat' dir='ltr'>fine</span> 
     </span>
     <span class='ocr_line' id='line_1_67' title="bbox 1175 946 2130 994; baseline 0.002 -15"><span class='ocrx_word' id='word_1_423' title='bbox 1175 947 1345 980; x_wconf 75' lang='lat' dir='ltr'>admonet</span> <span class='ocrx_word' id='word_1_424' title='bbox 1360 947 1533 981; x_wconf 83' lang='lat' dir='ltr'>Tironem</span> <span class='ocrx_word' id='word_1_425' title='bbox 1548 950 1592 982; x_wconf 94' lang='lat' dir='ltr'>de</span> <span class='ocrx_word' id='word_1_426' title='bbox 1612 949 1720 983; x_wconf 71' lang='lat' dir='ltr'>variis</span> <span class='ocrx_word' id='word_1_427' title='bbox 1736 949 1949 994; x_wconf 84' lang='lat' dir='ltr'>quibusdam</span> <span class='ocrx_word' id='word_1_428' title='bbox 1966 946 2130 991; x_wconf 83' lang='lat' dir='ltr'>negotiis.</span> 
     </span>
    </p>
   </div>
   <div class='ocr_carea' id='block_1_14' title="bbox 1314 1037 2024 1084">
    <p class='ocr_par' dir='ltr' id='par_1_14' title="bbox 1314 1037 2024 1084">
     <span class='ocr_line' id='line_1_68' title="bbox 1314 1037 2024 1084; baseline -0.003 -12"><span class='ocrx_word' id='word_1_429' title='bbox 1314 1039 1640 1083; x_wconf 82' lang='lat' dir='ltr'>Argumentum</span> <span class='ocrx_word' id='word_1_430' title='bbox 1677 1039 1907 1084; x_wconf 88' lang='lat' dir='ltr'>epistolae</span> <span class='ocrx_word' id='word_1_431' title='bbox 1935 1037 2024 1071; x_wconf 80' lang='lat' dir='ltr'>XIX.</span> 
     </span>
    </p>
   </div>
   <div class='ocr_carea' id='block_1_15' title="bbox 1172 1106 2165 1246">
    <p class='ocr_par' dir='ltr' id='par_1_15' title="bbox 1172 1106 2165 1246">
     <span class='ocr_line' id='line_1_69' title="bbox 1275 1106 2165 1154; baseline -0.002 -14"><span class='ocrx_word' id='word_1_432' title='bbox 1275 1108 1467 1153; x_wconf 86' lang='lat' dir='ltr'>Sequentes</span> <span class='ocrx_word' id='word_1_433' title='bbox 1500 1109 1590 1142; x_wconf 89' lang='lat' dir='ltr'>duae</span> <span class='ocrx_word' id='word_1_434' title='bbox 1625 1109 1795 1154; x_wconf 84' lang='lat' dir='ltr'>epistolae</span> <span class='ocrx_word' id='word_1_435' title='bbox 1822 1109 2017 1141; x_wconf 84' lang='lat' dir='ltr'>admodum</span> <span class='ocrx_word' id='word_1_436' title='bbox 2042 1106 2165 1138; x_wconf 79' lang='lat' dir='ltr'>breves</span> 
     </span>
     <span class='ocr_line' id='line_1_70' title="bbox 1173 1160 2162 1204; baseline -0.001 -15"><span class='ocrx_word' id='word_1_437' title='bbox 1173 1164 1272 1198; x_wconf 89' lang='lat' dir='ltr'>sunt,</span> <span class='ocrx_word' id='word_1_438' title='bbox 1314 1172 1404 1204; x_wconf 87' lang='lat' dir='ltr'>quae</span> <span class='ocrx_word' id='word_1_439' title='bbox 1432 1160 1616 1193; x_wconf 88' lang='lat' dir='ltr'>continent</span> <span class='ocrx_word' id='word_1_440' title='bbox 1644 1160 1939 1204; x_wconf 81' lang='lat' dir='ltr'>significationem</span> <span class='ocrx_word' id='word_1_441' title='bbox 1970 1163 2162 1203; x_wconf 87' lang='lat' dir='ltr'>perpetuae</span> 
     </span>
     <span class='ocr_line' id='line_1_71' title="bbox 1172 1209 1791 1246; baseline 0.006 -5"><span class='ocrx_word' id='word_1_442' title='bbox 1172 1209 1419 1244; x_wconf 86' lang='lat' dir='ltr'>sollicitudinis</span> <span class='ocrx_word' id='word_1_443' title='bbox 1438 1218 1471 1244; x_wconf 88' lang='lat' dir='ltr'>et</span> <span class='ocrx_word' id='word_1_444' title='bbox 1489 1209 1791 1246; x_wconf 81' lang='lat' dir='ltr'>adhortationem.</span> 
     </span>
    </p>
   </div>
   <div class='ocr_carea' id='block_1_16' title="bbox 1419 1287 1911 1333">
    <p class='ocr_par' dir='ltr' id='par_1_16' title="bbox 1419 1287 1911 1333">
     <span class='ocr_line' id='line_1_72' title="bbox 1419 1287 1911 1333; baseline 0.006 -14"><span class='ocrx_word' id='word_1_445' title='bbox 1419 1287 1553 1321; x_wconf 83' lang='lat' dir='ltr'>Aliud</span> <span class='ocrx_word' id='word_1_446' title='bbox 1582 1295 1911 1333; x_wconf 83' lang='lat' dir='ltr'>argumentum.</span> 
     </span>
    </p>
   </div>
   <div class='ocr_carea' id='block_1_17' title="bbox 1173 1353 2164 1500">
    <p class='ocr_par' dir='ltr' id='par_1_17' title="bbox 1173 1353 2164 1500">
     <span class='ocr_line' id='line_1_73' title="bbox 1275 1353 2164 1401; baseline 0.002 -15"><span class='ocrx_word' id='word_1_447' title='bbox 1275 1353 1548 1388; x_wconf 71' lang='lat' dir='ltr'>Narratiuncula</span> <span class='ocrx_word' id='word_1_448' title='bbox 1575 1358 1616 1389; x_wconf 87' lang='lat' dir='ltr'>de</span> <span class='ocrx_word' id='word_1_449' title='bbox 1640 1357 1816 1390; x_wconf 89' lang='lat' dir='ltr'>desiderio</span> <span class='ocrx_word' id='word_1_450' title='bbox 1848 1369 1924 1390; x_wconf 78' lang='lat' dir='ltr'>SUO.</span> <span class='ocrx_word' id='word_1_451' title='bbox 1994 1355 2164 1401; x_wconf 85' lang='lat' dir='ltr'>Sequitur</span> 
     </span>
     <span class='ocr_line' id='line_1_74' title="bbox 1173 1402 2162 1446; baseline 0.004 -10"><span class='ocrx_word' id='word_1_452' title='bbox 1173 1402 1484 1439; x_wconf 62' lang='lat' dir='ltr'>adhortatiuncuh</span> <span class='ocrx_word' id='word_1_453' title='bbox 1510 1408 1551 1439; x_wconf 81' lang='lat' dir='ltr'>(le</span> <span class='ocrx_word' id='word_1_454' title='bbox 1579 1408 1793 1441; x_wconf 82' lang='lat' dir='ltr'>remittendo</span> <span class='ocrx_word' id='word_1_455' title='bbox 1818 1405 2024 1446; x_wconf 86' lang='lat' dir='ltr'>Demetrio,</span> <span class='ocrx_word' id='word_1_456' title='bbox 2062 1413 2095 1440; x_wconf 88' lang='lat' dir='ltr'>et</span> <span class='ocrx_word' id='word_1_457' title='bbox 2120 1408 2162 1440; x_wconf 89' lang='lat' dir='ltr'>de</span> 
     </span>
     <span class='ocr_line' id='line_1_75' title="bbox 1173 1457 1836 1500; baseline 0.009 -14"><span class='ocrx_word' id='word_1_458' title='bbox 1173 1457 1383 1499; x_wconf 78' lang='lat' dir='ltr'>postulanda</span> <span class='ocrx_word' id='word_1_459' title='bbox 1404 1458 1553 1500; x_wconf 80' lang='lat' dir='ltr'>pecunia</span> <span class='ocrx_word' id='word_1_460' title='bbox 1574 1460 1617 1491; x_wconf 75' lang='lat' dir='ltr'>ab</span> <span class='ocrx_word' id='word_1_461' title='bbox 1632 1460 1836 1493; x_wconf 80' lang='lat' dir='ltr'>Aufidiano.</span> 
     </span>
    </p>
   </div>
   <div class='ocr_carea' id='block_1_18' title="bbox 1324 1549 2013 1597">
    <p class='ocr_par' dir='ltr' id='par_1_18' title="bbox 1324 1549 2013 1597">
     <span class='ocr_line' id='line_1_76' title="bbox 1324 1549 2013 1597; baseline 0.004 -15"><span class='ocrx_word' id='word_1_462' title='bbox 1324 1549 1652 1594; x_wconf 79' lang='lat' dir='ltr'>Argumentum</span> <span class='ocrx_word' id='word_1_463' title='bbox 1681 1552 1912 1597; x_wconf 72' lang='lat' dir='ltr'>epistolae</span> <span class='ocrx_word' id='word_1_464' title='bbox 1940 1552 2013 1585; x_wconf 83' lang='lat' dir='ltr'>XX.</span> 
     </span>
    </p>
   </div>
   <div class='ocr_carea' id='block_1_19' title="bbox 1171 1618 2160 1808">
    <p class='ocr_par' dir='ltr' id='par_1_19' title="bbox 1171 1618 2160 1808">
     <span class='ocr_line' id='line_1_77' title="bbox 1272 1618 2160 1664; baseline 0.001 -13"><span class='ocrx_word' id='word_1_465' title='bbox 1272 1618 1548 1652; x_wconf 64' lang='lat' dir='ltr'>Narratiuncula</span> <span class='ocrx_word' id='word_1_466' title='bbox 1579 1621 1621 1652; x_wconf 89' lang='lat' dir='ltr'>de</span> <span class='ocrx_word' id='word_1_467' title='bbox 1652 1620 1888 1654; x_wconf 86' lang='lat' dir='ltr'>sollicitudine</span> <span class='ocrx_word' id='word_1_468' title='bbox 1924 1633 1989 1664; x_wconf 93' lang='lat' dir='ltr'>pro</span> <span class='ocrx_word' id='word_1_469' title='bbox 2027 1620 2160 1653; x_wconf 69' lang='lat' dir='ltr'>valetu-</span> 
     </span>
     <span class='ocr_line' id='line_1_78' title="bbox 1172 1668 2160 1716; baseline 0.003 -16"><span class='ocrx_word' id='word_1_470' title='bbox 1172 1668 1253 1701; x_wconf 70' lang='lat' dir='ltr'>‹line</span> <span class='ocrx_word' id='word_1_471' title='bbox 1279 1669 1437 1703; x_wconf 82' lang='lat' dir='ltr'>Tironis.</span> <span class='ocrx_word' id='word_1_472' title='bbox 1498 1670 1667 1716; x_wconf 81' lang='lat' dir='ltr'>Sequitur</span> <span class='ocrx_word' id='word_1_473' title='bbox 1691 1672 1898 1712; x_wconf 87' lang='lat' dir='ltr'>consilium,</span> <span class='ocrx_word' id='word_1_474' title='bbox 1934 1678 1974 1705; x_wconf 82' lang='lat' dir='ltr'>ut</span> <span class='ocrx_word' id='word_1_475' title='bbox 1996 1672 2032 1703; x_wconf 91' lang='lat' dir='ltr'>in</span> <span class='ocrx_word' id='word_1_476' title='bbox 2054 1672 2160 1715; x_wconf 75' lang='lat' dir='ltr'>proli-</span> 
     </span>
     <span class='ocr_line' id='line_1_79' title="bbox 1171 1720 2159 1767; baseline 0.002 -15"><span class='ocrx_word' id='word_1_477' title='bbox 1171 1720 1332 1753; x_wconf 86' lang='lat' dir='ltr'>ciscendo</span> <span class='ocrx_word' id='word_1_478' title='bbox 1351 1720 1559 1754; x_wconf 85' lang='lat' dir='ltr'>Metrodoro</span> <span class='ocrx_word' id='word_1_479' title='bbox 1576 1723 1714 1755; x_wconf 91' lang='lat' dir='ltr'>medico</span> <span class='ocrx_word' id='word_1_480' title='bbox 1740 1724 1973 1767; x_wconf 84' lang='lat' dir='ltr'>obtemperet.</span> <span class='ocrx_word' id='word_1_481' title='bbox 2026 1721 2065 1755; x_wconf 87' lang='lat' dir='ltr'>ln</span> <span class='ocrx_word' id='word_1_482' title='bbox 2091 1724 2159 1755; x_wconf 85' lang='lat' dir='ltr'>fine</span> 
     </span>
     <span class='ocr_line' id='line_1_80' title="bbox 1171 1772 2005 1808; baseline 0.005 -5"><span class='ocrx_word' id='word_1_483' title='bbox 1171 1772 1340 1804; x_wconf 88' lang='lat' dir='ltr'>admonet</span> <span class='ocrx_word' id='word_1_484' title='bbox 1359 1773 1401 1804; x_wconf 88' lang='lat' dir='ltr'>de</span> <span class='ocrx_word' id='word_1_485' title='bbox 1418 1773 1509 1806; x_wconf 89' lang='lat' dir='ltr'>ludis</span> <span class='ocrx_word' id='word_1_486' title='bbox 1526 1773 1672 1807; x_wconf 85' lang='lat' dir='ltr'>urbanis</span> <span class='ocrx_word' id='word_1_487' title='bbox 1691 1774 1762 1807; x_wconf 88' lang='lat' dir='ltr'>iam</span> <span class='ocrx_word' id='word_1_488' title='bbox 1781 1774 2005 1808; x_wconf 85' lang='lat' dir='ltr'>instantibus.</span> 
     </span>
    </p>
   </div>
   <div class='ocr_carea' id='block_1_20' title="bbox 1314 1864 2014 1911">
    <p class='ocr_par' dir='ltr' id='par_1_20' title="bbox 1314 1864 2014 1911">
     <span class='ocr_line' id='line_1_81' title="bbox 1314 1864 2014 1911; baseline 0.007 -14"><span class='ocrx_word' id='word_1_489' title='bbox 1314 1864 1640 1908; x_wconf 81' lang='lat' dir='ltr'>Argumentum</span> <span class='ocrx_word' id='word_1_490' title='bbox 1669 1867 1898 1911; x_wconf 86' lang='lat' dir='ltr'>epistolae</span> <span class='ocrx_word' id='word_1_491' title='bbox 1922 1866 2014 1902; x_wconf 82' lang='lat' dir='ltr'>XXI.</span> 
     </span>
    </p>
   </div>
   <div class='ocr_carea' id='block_1_21' title="bbox 1171 1931 2159 2018">
    <p class='ocr_par' dir='ltr' id='par_1_21' title="bbox 1171 1931 2159 2018">
     <span class='ocr_line' id='line_1_82' title="bbox 1272 1931 2159 1980; baseline 0.006 -17"><span class='ocrx_word' id='word_1_492' title='bbox 1272 1932 1436 1976; x_wconf 50' lang='lat' dir='ltr'>Varia‘ffi)</span> <span class='ocrx_word' id='word_1_493' title='bbox 1468 1933 1504 1966; x_wconf 88' lang='lat' dir='ltr'>in</span> <span class='ocrx_word' id='word_1_494' title='bbox 1530 1931 1596 1967; x_wconf 89' lang='lat' dir='ltr'>hac</span> <span class='ocrx_word' id='word_1_495' title='bbox 1624 1935 1772 1979; x_wconf 82' lang='lat' dir='ltr'>epistola</span> <span class='ocrx_word' id='word_1_496' title='bbox 1796 1942 1921 1969; x_wconf 81' lang='lat' dir='ltr'>narrat</span> <span class='ocrx_word' id='word_1_497' title='bbox 1952 1942 1984 1969; x_wconf 86' lang='lat' dir='ltr'>et</span> <span class='ocrx_word' id='word_1_498' title='bbox 2015 1937 2159 1980; x_wconf 79' lang='lat' dir='ltr'>exponit</span> 
     </span>
     <span class='ocr_line' id='line_1_83' title="bbox 1171 1983 1558 2018; baseline 0.003 -2"><span class='ocrx_word' id='word_1_499' title='bbox 1171 1983 1299 2016; x_wconf 85' lang='lat' dir='ltr'>Tironi</span> <span class='ocrx_word' id='word_1_500' title='bbox 1315 1984 1438 2016; x_wconf 83' lang='lat' dir='ltr'>Cicero</span> <span class='ocrx_word' id='word_1_501' title='bbox 1456 1985 1558 2018; x_wconf 86' lang='lat' dir='ltr'>filius.</span> 
     </span>
    </p>
   </div>
   <div class='ocr_carea' id='block_1_22' title="bbox 1390 2060 1948 2109">
    <p class='ocr_par' dir='ltr' id='par_1_22' title="bbox 1390 2060 1948 2109">
     <span class='ocr_line' id='line_1_84' title="bbox 1390 2060 1948 2109; baseline 0.009 -17"><span class='ocrx_word' id='word_1_502' title='bbox 1390 2060 1525 2093; x_wconf 88' lang='lat' dir='ltr'>Aliud</span> <span class='ocrx_word' id='word_1_503' title='bbox 1559 2068 1870 2105; x_wconf 81' lang='lat' dir='ltr'>argumentum</span> <span class='ocrx_word' id='word_1_504' title='bbox 1889 2062 1948 2109; x_wconf 71' lang='lat'>¹¹⁸).</span> 
     </span>
    </p>
   </div>
   <div class='ocr_carea' id='block_1_23' title="bbox 1167 2125 2155 2379">
    <p class='ocr_par' dir='ltr' id='par_1_23' title="bbox 1167 2125 2155 2379">
     <span class='ocr_line' id='line_1_85' title="bbox 1270 2125 2155 2176; baseline 0.007 -18"><span class='ocrx_word' id='word_1_505' title='bbox 1270 2125 1302 2158; x_wconf 90' lang='lat' dir='ltr'><strong>A</strong></span> <span class='ocrx_word' id='word_1_506' title='bbox 1320 2126 1500 2161; x_wconf 87' lang='lat' dir='ltr'>Ciceronis</span> <span class='ocrx_word' id='word_1_507' title='bbox 1523 2128 1609 2161; x_wconf 86' lang='lat' dir='ltr'>folio</span> <span class='ocrx_word' id='word_1_508' title='bbox 1626 2126 1775 2163; x_wconf 85' lang='lat' dir='ltr'>Athenis</span> <span class='ocrx_word' id='word_1_509' title='bbox 1798 2128 2047 2175; x_wconf 85' lang='lat' dir='ltr'>philosophiae</span> <span class='ocrx_word' id='word_1_510' title='bbox 2072 2144 2155 2176; x_wconf 90' lang='lat' dir='ltr'>ope-</span> 
     </span>
     <span class='ocr_line' id='line_1_86' title="bbox 1168 2178 2155 2226; baseline 0.007 -18"><span class='ocrx_word' id='word_1_511' title='bbox 1168 2188 1245 2209; x_wconf 83' lang='lat' dir='ltr'>ram</span> <span class='ocrx_word' id='word_1_512' title='bbox 1261 2184 1417 2210; x_wconf 77' lang='lat' dir='ltr'>navante</span> <span class='ocrx_word' id='word_1_513' title='bbox 1432 2178 1561 2222; x_wconf 90' lang='lat' dir='ltr'>scripta</span> <span class='ocrx_word' id='word_1_514' title='bbox 1579 2186 1629 2213; x_wconf 89' lang='lat' dir='ltr'>est</span> <span class='ocrx_word' id='word_1_515' title='bbox 1646 2178 1732 2213; x_wconf 85' lang='lat' dir='ltr'>haec</span> <span class='ocrx_word' id='word_1_516' title='bbox 1749 2181 1895 2225; x_wconf 85' lang='lat' dir='ltr'>epistola</span> <span class='ocrx_word' id='word_1_517' title='bbox 1913 2182 1996 2216; x_wconf 87' lang='lat' dir='ltr'>satis</span> <span class='ocrx_word' id='word_1_518' title='bbox 2016 2183 2155 2226; x_wconf 80' lang='lat' dir='ltr'>elegan-</span> 
     </span>
     <span class='ocr_line' id='line_1_87' title="bbox 1169 2229 2155 2278; baseline 0.008 -19"><span class='ocrx_word' id='word_1_519' title='bbox 1169 2234 1222 2260; x_wconf 88' lang='lat' dir='ltr'>ter</span> <span class='ocrx_word' id='word_1_520' title='bbox 1239 2234 1273 2260; x_wconf 88' lang='lat' dir='ltr'>et</span> <span class='ocrx_word' id='word_1_521' title='bbox 1290 2229 1438 2263; x_wconf 89' lang='lat' dir='ltr'>erudite.</span> <span class='ocrx_word' id='word_1_522' title='bbox 1489 2230 1551 2263; x_wconf 71' lang='lat' dir='ltr'>Est</span> <span class='ocrx_word' id='word_1_523' title='bbox 1575 2238 1691 2264; x_wconf 84' lang='lat' dir='ltr'>autem</span> <span class='ocrx_word' id='word_1_524' title='bbox 1717 2234 1943 2276; x_wconf 84' lang='lat' dir='ltr'>responsoria</span> <span class='ocrx_word' id='word_1_525' title='bbox 1966 2234 2011 2266; x_wconf 85' lang='lat' dir='ltr'>ad</span> <span class='ocrx_word' id='word_1_526' title='bbox 2037 2241 2155 2278; x_wconf 79' lang='lat' dir='ltr'>gratu-</span> 
     </span>
     <span class='ocr_line' id='line_1_88' title="bbox 1168 2279 2154 2328; baseline 0.007 -18"><span class='ocrx_word' id='word_1_527' title='bbox 1168 2279 1336 2312; x_wconf 85' lang='lat' dir='ltr'>lationem</span> <span class='ocrx_word' id='word_1_528' title='bbox 1354 2279 1499 2314; x_wconf 88' lang='lat' dir='ltr'>Tironis</span> <span class='ocrx_word' id='word_1_529' title='bbox 1516 2282 1557 2314; x_wconf 90' lang='lat' dir='ltr'>de</span> <span class='ocrx_word' id='word_1_530' title='bbox 1572 2282 1751 2317; x_wconf 88' lang='lat' dir='ltr'>Ciceronis</span> <span class='ocrx_word' id='word_1_531' title='bbox 1768 2284 1804 2316; x_wconf 92' lang='lat' dir='ltr'>in</span> <span class='ocrx_word' id='word_1_532' title='bbox 1821 2284 1935 2328; x_wconf 87' lang='lat' dir='ltr'>prima</span> <span class='ocrx_word' id='word_1_533' title='bbox 1953 2285 2154 2319; x_wconf 81' lang='lat' dir='ltr'>adolescen-</span> 
     </span>
     <span class='ocr_line' id='line_1_89' title="bbox 1167 2330 2154 2379; baseline 0.008 -17"><span class='ocrx_word' id='word_1_534' title='bbox 1167 2330 1213 2362; x_wconf 90' lang='lat' dir='ltr'>tia</span> <span class='ocrx_word' id='word_1_535' title='bbox 1232 2330 1336 2371; x_wconf 68' lang='lat' dir='ltr'>vino,</span> <span class='ocrx_word' id='word_1_536' title='bbox 1362 2331 1481 2373; x_wconf 83' lang='lat' dir='ltr'>luxui,</span> <span class='ocrx_word' id='word_1_537' title='bbox 1507 2333 1655 2379; x_wconf 76' lang='lat' dir='ltr'>aliisque</span> <span class='ocrx_word' id='word_1_538' title='bbox 1672 2334 1913 2378; x_wconf 78' lang='lat' dir='ltr'>voluptatibus</span> <span class='ocrx_word' id='word_1_539' title='bbox 1932 2337 2042 2370; x_wconf 88' lang='lat' dir='ltr'>dediti</span> <span class='ocrx_word' id='word_1_540' title='bbox 2068 2339 2154 2372; x_wconf 81' lang='lat' dir='ltr'>resi·</span> 
     </span>
    </p>
   </div>
   <div class='ocr_carea' id='block_1_24' title="bbox 1197 2464 1901 2498">
    <p class='ocr_par' dir='ltr' id='par_1_24' title="bbox 1197 2464 1901 2498">
     <span class='ocr_line' id='line_1_90' title="bbox 1197 2464 1901 2498; baseline 0.009 -11"><span class='ocrx_word' id='word_1_541' title='bbox 1197 2464 1244 2492; x_wconf 82' lang='lat'>41)</span> <span class='ocrx_word' id='word_1_542' title='bbox 1264 2464 1360 2493; x_wconf 84' lang='lat' dir='ltr'>horto]</span> <span class='ocrx_word' id='word_1_543' title='bbox 1379 2465 1428 2490; x_wconf 82' lang='lat' dir='ltr'>Ed.</span> <span class='ocrx_word' id='word_1_544' title='bbox 1445 2465 1520 2490; x_wconf 81' lang='lat'>1571.</span> <span class='ocrx_word' id='word_1_545' title='bbox 1542 2472 1639 2490; x_wconf 77' lang='lat' dir='ltr'>errore</span> <span class='ocrx_word' id='word_1_546' title='bbox 1657 2467 1785 2498; x_wconf 64' lang='lat' dir='ltr'>typogr.:</span> <span class='ocrx_word' id='word_1_547' title='bbox 1812 2469 1901 2494; x_wconf 83' lang='lat' dir='ltr'>hortu.</span> 
     </span>
    </p>
   </div>
   <div class='ocr_carea' id='block_1_25' title="bbox 1197 2515 2150 2640">
    <p class='ocr_par' dir='ltr' id='par_1_25' title="bbox 1197 2515 2150 2640">
     <span class='ocr_line' id='line_1_91' title="bbox 1197 2515 2150 2551; baseline 0.012 -14"><span class='ocrx_word' id='word_1_548' title='bbox 1197 2515 1244 2542; x_wconf 84' lang='grc'>42)</span> <span class='ocrx_word' id='word_1_549' title='bbox 1264 2515 1332 2538; x_wconf 75' lang='lat' dir='ltr'>Huic</span> <span class='ocrx_word' id='word_1_550' title='bbox 1358 2516 1418 2538; x_wconf 86' lang='lat' dir='ltr'>voci</span> <span class='ocrx_word' id='word_1_551' title='bbox 1445 2516 1470 2538; x_wconf 87' lang='lat' dir='ltr'>in</span> <span class='ocrx_word' id='word_1_552' title='bbox 1498 2516 1579 2539; x_wconf 80' lang='lat' dir='ltr'>Editt.</span> <span class='ocrx_word' id='word_1_553' title='bbox 1602 2518 1667 2540; x_wconf 74' lang='lat'>1540</span> <span class='ocrx_word' id='word_1_554' title='bbox 1682 2519 1823 2549; x_wconf 78' lang='lat'>-1545.,</span> <span class='ocrx_word' id='word_1_555' title='bbox 1850 2521 1942 2551; x_wconf 73' lang='lat'>1554.‚</span> <span class='ocrx_word' id='word_1_556' title='bbox 1964 2523 2056 2551; x_wconf 65' lang='lat'>1557..</span> <span class='ocrx_word' id='word_1_557' title='bbox 2077 2525 2150 2551; x_wconf 76' lang='lat'>1560,</span> 
     </span>
     <span class='ocr_line' id='line_1_92' title="bbox 1232 2550 2149 2588; baseline 0.013 -17"><span class='ocrx_word' id='word_1_558' title='bbox 1232 2550 1352 2579; x_wconf 80' lang='lat' dir='ltr'>praefixa</span> <span class='ocrx_word' id='word_1_559' title='bbox 1371 2551 1433 2572; x_wconf 83' lang='lat' dir='ltr'>sunt</span> <span class='ocrx_word' id='word_1_560' title='bbox 1449 2550 1504 2573; x_wconf 81' lang='lat' dir='ltr'>Cic.</span> <span class='ocrx_word' id='word_1_561' title='bbox 1525 2552 1611 2574; x_wconf 77' lang='lat' dir='ltr'>verba</span> <span class='ocrx_word' id='word_1_562' title='bbox 1630 2551 1670 2580; x_wconf 72' lang='lat' dir='ltr'>(g.</span> <span class='ocrx_word' id='word_1_563' title='bbox 1690 2552 1740 2577; x_wconf 81' lang='grc'>1.);</span> <span class='ocrx_word' id='word_1_564' title='bbox 1767 2554 1858 2583; x_wconf 83' lang='lat' dir='ltr'>Quum</span> <span class='ocrx_word' id='word_1_565' title='bbox 1876 2557 2067 2588; x_wconf 73' lang='lat' dir='ltr'>vehementer,</span> <span class='ocrx_word' id='word_1_566' title='bbox 2088 2561 2149 2588; x_wconf 80' lang='lat' dir='ltr'>qui-</span> 
     </span>
     <span class='ocr_line' id='line_1_93' title="bbox 1229 2584 2148 2640; baseline 0.014 -36"><span class='ocrx_word' id='word_1_567' title='bbox 1229 2584 1347 2640; x_wconf 50' lang='lat' dir='ltr'>Igiutinllioe</span> <span class='ocrx_word' id='word_1_568' title='bbox 1367 2586 1556 2614; x_wconf 77' lang='lat' dir='ltr'>argumentum</span> <span class='ocrx_word' id='word_1_569' title='bbox 1583 2585 1608 2607; x_wconf 84' lang='lat' dir='ltr'>in</span> <span class='ocrx_word' id='word_1_570' title='bbox 1628 2586 1768 2611; x_wconf 65' lang='lat' dir='ltr'>tid-1537.</span> <span class='ocrx_word' id='word_1_571' title='bbox 1797 2588 1824 2612; x_wconf 89' lang='lat' dir='ltr'>in</span> <span class='ocrx_word' id='word_1_572' title='bbox 1848 2591 1972 2621; x_wconf 78' lang='lat' dir='ltr'>margine</span> <span class='ocrx_word' id='word_1_573' title='bbox 1997 2595 2040 2617; x_wconf 84' lang='lat' dir='ltr'>est</span> <span class='ocrx_word' id='word_1_574' title='bbox 2064 2600 2148 2625; x_wconf 78' lang='lat' dir='ltr'>appu-</span> 
     </span>
    </p>
   </div>
   <div class='ocr_carea' id='block_1_26' title="bbox 1193 2666 2150 2731">
    <p class='ocr_par' dir='ltr' id='par_1_26' title="bbox 1193 2666 2150 2731">
     <span class='ocr_line' id='line_1_94' title="bbox 1193 2666 2150 2708; baseline 0.016 -20"><span class='ocrx_word' id='word_1_575' title='bbox 1193 2666 1240 2697; x_wconf 80' lang='lat'>43)</span> <span class='ocrx_word' id='word_1_576' title='bbox 1262 2667 1318 2690; x_wconf 82' lang='lat' dir='ltr'>Hoc</span> <span class='ocrx_word' id='word_1_577' title='bbox 1335 2670 1525 2697; x_wconf 73' lang='lat' dir='ltr'>argumentum</span> <span class='ocrx_word' id='word_1_578' title='bbox 1545 2672 1573 2693; x_wconf 88' lang='lat' dir='ltr'>et</span> <span class='ocrx_word' id='word_1_579' title='bbox 1591 2670 1642 2694; x_wconf 89' lang='lat' dir='ltr'>duo</span> <span class='ocrx_word' id='word_1_580' title='bbox 1663 2673 1806 2702; x_wconf 82' lang='lat' dir='ltr'>sequentia</span> <span class='ocrx_word' id='word_1_581' title='bbox 1824 2674 1851 2698; x_wconf 88' lang='lat' dir='ltr'>in</span> <span class='ocrx_word' id='word_1_582' title='bbox 1870 2676 1954 2702; x_wconf 79' lang='lat' dir='ltr'>Editt.</span> <span class='ocrx_word' id='word_1_583' title='bbox 1971 2678 2042 2702; x_wconf 82' lang='lat'>1556.</span> <span class='ocrx_word' id='word_1_584' title='bbox 2054 2695 2061 2708; x_wconf 83' lang='lat'>,</span> <span class='ocrx_word' id='word_1_585' title='bbox 2085 2679 2150 2703; x_wconf 73' lang='lat'>1565</span> 
     </span>
     <span class='ocr_line' id='line_1_95' title="bbox 1229 2702 1550 2731; baseline 0.009 -7"><span class='ocrx_word' id='word_1_586' title='bbox 1229 2715 1259 2718; x_wconf 97' lang='lat'><strong>—</strong></span> <span class='ocrx_word' id='word_1_587' title='bbox 1272 2702 1344 2725; x_wconf 80' lang='lat'>1596.</span> <span class='ocrx_word' id='word_1_588' title='bbox 1363 2704 1550 2731; x_wconf 77' lang='lat' dir='ltr'>repernmtur.</span> 
     </span>
    </p>
   </div>
  </div>
 </body>
</html>
