2294 2975
78 122 125 158 41
199 120 321 157 XXIII.
375 119 684 157 ARGUMENTA
717 119 784 156 ΕΤ
818 119 1023 156 SCHOLIA
1055 120 1102 157 IN

77 214 160 255 post
181 209 404 243 consulatum
420 207 588 253 Pompeii
604 207 735 243 Caesar
752 208 846 242 civili
868 208 961 241 bello
986 219 1079 241 rem-

78 260 260 306 publicam
279 259 467 306 oppressit.

328 344 466 379 Aliud
494 350 822 390 argumentum.

181 414 278 448 Haec
294 414 442 459 epistola
461 413 592 458 scripta
612 420 683 455 est,
711 425 792 447 cum
808 413 927 448 civiles
946 413 1079 448 discor-

78 466 157 499 diae
183 465 322 499 Romae
346 471 570 506 sererentur,
608 477 649 498 ex
675 465 804 511 quibus
828 465 1077 510 gravissimum

76 517 211 551 bellum
235 523 358 562 postea
384 523 546 550 exortum
569 523 632 550 est.
693 517 785 551 Nam
810 523 881 551 tres
906 517 1079 562 potentis-

77 568 159 603 simi
183 569 295 609 cives,
323 568 474 609 Caesar,
503 567 672 609 Crassus,
707 574 741 602 et
762 568 976 613 Pompeius,
1004 568 1078 602 Ro-

75 620 177 654 mani
206 620 349 665 imperii
380 620 580 664 occupandi
612 619 799 654 consilium
826 620 1001 660 inierant,
1036 632 1075 653 ea

75 684 158 717 spe,
185 679 225 706 ut
243 671 312 717 ipsi
328 671 395 706 soli
413 684 534 706 rerum
553 671 768 716 potirentur,
796 671 832 705 id
850 684 922 718 quo
932 671 978 718 16)
993 671 1077 704 faci-

75 724 143 758 lius
159 723 277 764 fieret,
304 724 429 758 foedus
439 750 448 763 ‚
478 736 557 757 cum
569 723 700 757 Caesar
715 736 733 757 e
745 723 871 757 Galliis
883 722 1017 756 Lucam
1029 721 1075 769 ¹'¹)

75 774 249 816 venisset,
275 776 454 815 fecerunt,
482 781 522 807 ut
547 776 741 809 secundum
765 774 989 809 consulatum
1016 786 1076 818 pe-

74 833 192 861 terent
210 827 357 861 Crassus
386 833 420 860 et
436 825 649 871 Pompeius,
685 832 719 859 et
744 826 906 860 consules
929 825 1012 858 facti
1038 825 1075 858 in

74 878 173 912 aliud
191 878 478 925 quinquennium
498 877 640 911 Caesari
656 876 811 910 Galliam
829 877 1076 917 decernerent,

73 930 216 976 Syriam
242 930 408 969 Crassus,
456 927 668 972 Hispaniam
692 928 888 973 Pompeius
920 929 1074 961 admini-

73 988 219 1022 straret,
262 980 426 1013 videlicet
448 986 489 1012 ut
510 980 558 1013 sic
582 980 679 1013 viam
711 986 912 1013 sternerent
933 979 1001 1013 sibi
1029 981 1073 1013 ad

72 1033 319 1077 occupandum
336 1031 543 1065 Romanum
560 1031 764 1076 imperium.
815 1031 998 1076 Significat
1013 1044 1074 1065 au-

71 1090 143 1118 tem
163 1084 287 1118 Cicero
303 1084 340 1116 in
355 1082 422 1117 hac
440 1082 588 1127 epistola
599 1109 609 1123 ,
638 1095 709 1128 quo
729 1083 766 1115 in
780 1090 875 1117 statu
892 1083 936 1118 sit
952 1095 1074 1127 respu-

71 1136 162 1170 blica
183 1142 218 1170 et
235 1134 411 1180 Pompeio
430 1146 464 1168 se
485 1135 638 1167 maxime
656 1135 787 1167 favere.

322 1220 455 1254 Aliud
485 1226 815 1264 argumentum.

174 1292 381 1335 Rogaverat
404 1288 577 1323 Lentulus
602 1288 810 1322 Ciceronem
836 1299 900 1332 per
923 1287 1072 1327 litteras,

71 1351 111 1379 ut
144 1343 181 1376 in
212 1341 384 1388 petitione
409 1341 613 1375 consulatus
638 1340 675 1373 in
701 1352 836 1373 annum
862 1346 1069 1386 sequentem

70 1395 259 1440 diligenter
278 1394 464 1427 adiuvaret
481 1392 716 1437 Pompeium,
745 1405 816 1438 quo
841 1391 984 1426 consule
1005 1404 1070 1436 pu-

72 1448 172 1481 tabat
188 1446 289 1480 facile
306 1457 408 1490 posse
425 1444 521 1485 fieri,
547 1450 588 1478 ut
609 1444 745 1489 regium
772 1443 955 1489 negotium
980 1443 1070 1476 obti-

69 1505 182 1533 neret.
236 1497 357 1543 Quare
376 1496 532 1541 primum
549 1494 615 1530 hac
637 1496 785 1540 epistola
804 1496 997 1540 respondet
1014 1495 1070 1528 Ci-

69 1563 164 1591 cero,
175 1561 211 1584 se
226 1549 262 1582 id
279 1549 431 1582 libenter
447 1554 596 1593 propter
610 1554 724 1582 certas
741 1559 863 1582 causas
880 1548 1070 1587 facturum,

68 1603 190 1648 itaque
208 1601 357 1635 omnino
374 1606 580 1635 secuturum
595 1607 712 1644 partes
724 1599 902 1645 Pompeii.
930 1598 1069 1632 Deinde

70 1659 329 1688 commemorat
359 1652 459 1696 gravi
492 1653 635 1697 querela
676 1658 807 1685 statum
849 1651 1067 1696 reipublicae

67 1703 237 1740 nonnihil
254 1709 513 1738 commutatum
533 1716 605 1738 esse
618 1730 627 1744 ‚
656 1703 704 1736 ita
721 1710 760 1737 ut
777 1716 818 1736 ex
842 1703 1066 1737 aristocratia

65 1759 158 1793 facta
175 1757 220 1791 sit
235 1752 452 1804 ὀλιγαρχία,
477 1755 538 1787 ubi
553 1754 691 1789 sublata
707 1755 880 1798 dignitate
897 1754 933 1787 in
950 1754 1069 1788 dicen-

66 1810 122 1845 dis
138 1808 321 1844 sententiis
343 1813 376 1840 et
392 1807 555 1839 libertate
574 1806 610 1839 in
631 1806 813 1851 republica
839 1807 1068 1850 capessenda,

67 1861 190 1897 omnia
214 1866 366 1904 agantur
386 1858 513 1903 opibus
532 1865 566 1892 et
591 1857 953 1903 potentia‘Pompeii‚
982 1858 1069 1891 Cae-

66 1914 156 1951 saris
180 1919 215 1946 et
232 1910 361 1946 Crassi.
381 1950 384 1952 ,
423 1910 599 1956 Querelae
624 1909 765 1944 subiicit
790 1910 936 1943 brevem
962 1909 1069 1954 signi-

65 1966 269 2002 ficationem
287 1962 482 1997 voluntatis
493 1961 657 2007 Pompeii
676 1974 758 2006 erga
768 1960 974 1996 Lentulum,
1006 1961 1069 1994 Ul-

66 2019 155 2053 timo
173 2018 252 2050 loco
269 2014 417 2061 ponitur
438 2014 650 2059 pollicitatio
669 2013 794 2054 officii,
829 2013 947 2046 addita
967 2025 1069 2058 prae-

65 2069 245 2106 dicatione
271 2078 495 2102 summorum
518 2066 730 2100 meritorum
749 2064 912 2105 Lentuli,
940 2064 1069 2111 quibus

67 2128 240 2168 perpetuo
260 2120 333 2165 ipse
350 2131 424 2152 non
442 2118 555 2163 possit
569 2118 784 2152 satisfacere.

106 2237 434 2281 Argumentum
472 2238 513 2265 et
547 2229 725 2265 scholia
762 2231 808 2263 in
846 2230 1021 2275 episto-

477 2284 564 2316 lam
594 2282 653 2318 IX.

169 2362 330 2407 Epistola
361 2367 413 2395 est
442 2360 662 2405 amplissima
692 2366 726 2393 et
751 2360 856 2393 rebus
880 2365 913 2392 et
938 2360 1067 2394 verbis.

66 2417 187 2452 Status
203 2413 374 2459 epistolae
390 2419 460 2446 est:
486 2412 645 2445 Remitto
663 2411 799 2457 aliquid
822 2412 865 2444 de
892 2411 1067 2452 libertate,

69 2469 129 2504 sed
147 2468 195 2500 ita
213 2473 354 2504 tamen,
381 2471 419 2498 ut
435 2462 502 2497 hoc
521 2461 635 2509 ipsum
662 2469 783 2508 putem
810 2463 974 2507 expedire
1001 2464 1067 2496 rei-

70 2519 243 2566 publicae.
287 2516 394 2549 Ratio
410 2514 515 2549 huius
533 2515 751 2549 remissionis
769 2522 830 2549 est.
874 2514 993 2548 Maior
1004 2514 1065 2562 18);

106 2634 151 2667 16)
165 2635 239 2665 'quo]
259 2633 298 2658 sie
317 2633 367 2656 Ed.
389 2631 479 2663 1577.;
504 2633 588 2657 Editt.
610 2633 703 2666 1556.,
726 2633 817 2661 1565.,
839 2633 913 2658 1569.
935 2633 1013 2664 quod.

103 2679 152 2707 17)
170 2679 261 2703 Luca.
280 2675 407 2707 oppidum
425 2675 572 2707 Etruriae,
597 2676 677 2701 hodie
695 2677 795 2702 Lueca.

105 2722 152 2751 18)
171 2721 260 2745 Maior
279 2739 285 2744 .
306 2738 312 2743 .
332 2737 338 2743 .
358 2737 364 2744 .
386 2719 488 2748 Minor]
504 2719 555 2743 hae
569 2719 638 2743 duae
651 2725 734 2744 voces
747 2719 776 2743 in
790 2720 839 2744 Ed.
852 2719 928 2744 1537.
948 2720 976 2743 in
990 2725 1067 2744 mar·
1090 2747 1092 2749 ‚

144 2756 207 2787 gine
226 2755 399 2787 adscriptae,
426 2754 452 2778 in
472 2754 556 2780 Editt.
580 2754 673 2785 1540.,
694 2754 786 2784 1544„
809 2754 900 2784 1554.‚
921 2754 996 2779 1557.
1016 2761 1067 2779 au-
1092 2749 1096 2773 Ι

1139 123 1287 159 EPIST.
1321 124 1434 161 FAM.
1470 125 1553 162 ClC.
1589 127 1679 164 ΜΒ.
1700 128 1725 166 Ι,
1761 129 1834 165 Ep,
1861 131 1894 166 7.
1914 132 1948 166 8.
1965 131 2006 166 9.'
2074 132 2125 169 42

1132 209 1215 244 Non
1242 224 1382 257 semper
1405 213 1498 246 idem
1518 214 1741 249 sentiendum
1767 224 1836 257 est,
1872 219 1934 252 sed
1957 217 2129 251 flectenda

1133 263 1306 296 sententia
1337 265 1382 297 ad
1411 264 1604 298 utilitatem
1636 267 1852 312 reipublicae
1887 275 1922 303 et
1942 269 2129 314 propriam

1133 313 1295 349 salutem.
1347 315 1471 350 Minor
1480 315 1545 363 18);
1567 317 1644 363 Ego
1661 331 1736 352 non
1752 320 1855 364 potui
1873 320 1948 355 sine
1966 321 2128 365 periculo

1132 365 1255 400 salutis
1277 373 1310 400 et
1334 367 1451 401 famae
1475 369 1630 404 retinere
1654 370 1877 412 libertatem,
1912 372 1995 418 quia
2006 372 2052 419 l⁵³)
2077 372 2130 406 fui

1132 416 1236 450 initio
1255 418 1345 452 liber
1360 419 1397 453 in
1412 420 1616 466 loquendo,
1637 423 1697 456 sed
1722 429 1845 467 postea
1862 423 2057 468 Pompeius
2083 425 2128 457 de

1131 480 1190 501 me
1207 476 1349 514 questus
1360 470 1406 517 ²⁰)
1427 479 1488 506 est.
1540 471 1646 507 Item:
1674 472 1773 509 Nihil
1792 476 2016 519 proficerem,
2044 475 2128 522 quia

1131 520 1226 554 solus
1243 533 1439 565 pugnarem
1457 524 1607 566 frustra,
1635 532 1825 572 postquam
1850 539 2042 561 consensus
2064 528 2129 560 ho-

1130 582 1262 605 norum
1281 572 1496 620 dissiliitffl),
1524 588 1581 609 me
1600 589 1706 611 nemo
1732 577 1896 619 adiuvat,
1923 576 2013 612 mihi
2037 578 2129 612 invi-

1130 622 1261 656 derunt
1276 625 1395 657 statim
1412 625 1448 658 in
1467 627 1595 661 reditu.
1649 627 1688 661 [n
1705 629 1845 663 minore
1866 630 2021 664 maxima
2047 642 2131 675 pars

1131 673 1300 718 epistolae
1324 677 1558 712 consumitur.
1619 678 1724 713 Item:
1760 681 1946 726 Principes
1971 681 2021 715 illi
2046 688 2129 716 sunt

1130 725 1354 767 tolerabiles,
1384 734 1417 761 et
1441 729 1645 763 coniunctio
1672 744 1795 766 eorum
1825 733 1987 777 proderit
2010 733 2130 778 reipu-

1129 776 1253 811 blicae.
1332 778 1522 814 Conclusio
1538 781 1602 826 22);
1644 782 1740 827 Ergo
1778 786 2043 818 concedendum
2078 791 2131 820 est

1129 826 1240 868 mihi,
1267 828 1352 876 si‘23)
1374 831 1637 877 aliquantulum
1664 836 1707 867 de
1732 835 1896 869 libertate
1914 836 2059 870 remitto
2069 836 2129 883 ¹²‘²).

1128 878 1192 913 Est
1208 886 1327 914 autem
1345 883 1493 927 epistola
1511 885 1650 928 generis
1668 886 1892 920 deliberativi
1909 888 1965 920 vel
1981 888 2129 922 iudicia-

1128 931 1189 965 lis:
1218 931 1466 968 Honestumne
1482 935 1527 969 sit
1544 936 1680 983 aliquid
1700 938 1882 972 remittere
1903 940 1947 972 de
1964 939 2127 973 libertate

1128 983 1271 1017 dicendi
1288 984 1325 1017 in
1343 987 1524 1030 republica
1537 988 1597 1034 ⁴³5).

1233 1034 1263 1079 ᾗ.
1289 1037 1322 1070 1.
1362 1040 1598 1073 Ρθνίιισιιηάιιε
1621 1041 1706 1075 mihi
1726 1041 1866 1084 ficerunt
1893 1040 1979 1090 etc.]
2014 1041 2127 1076 Exor-

1128 1085 1227 1120 dium
1247 1099 1266 1119 a
1288 1092 1632 1125 commemoratione
1652 1093 1757 1125 officii
1776 1093 1849 1133 sui,
1875 1100 2050 1139 quantum
2069 1094 2130 1127 de-

1127 1138 1208 1171 beat
1233 1138 1404 1181 Lentulo,
1441 1154 1481 1175 ac
1505 1143 1666 1188 sequitur
1689 1145 1929 1189 comparatio:
1964 1145 2000 1179 Si
2026 1157 2130 1191 prae-

1127 1202 1206 1223 sens
1227 1190 1403 1233 affuisses,
1426 1194 1599 1227 maiorem
1621 1196 1774 1229 fructum
1793 1197 1954 1241 cepisses.

1231 1240 1260 1286 §-
1277 1245 1312 1278 2.
1347 1246 1556 1291 Quamquam
1578 1252 1637 1280 tua
1661 1249 1793 1293 quidem
1818 1245 2005 1295 causaw)]
2039 1247 2127 1281 Cor-

1125 1292 1236 1326 rectio
1245 1293 1304 1341 2⁷).
1398 1298 1441 1330 ln
1465 1300 1516 1331 eis
1537 1309 1614 1332 vero
1635 1297 1921 1346 211cisce12dis28)]
1958 1299 2124 1333 Clodium

1126 1351 1160 1377 et
1177 1345 1372 1381 Clodianos
1392 1347 1571 1392 intelligit.

1230 1395 1260 1441 ἓ.
1279 1397 1314 1432 4.
1357 1401 1489 1434 Certior
1511 1405 1544 1433 te
1570 1413 1633 1444 per
1661 1399 1816 1449 litteras]
1850 1402 2040 1443 Narratio,
2088 1403 2126 1436 in

1125 1460 1194 1494 qua
1221 1450 1369 1493 ponitur
1390 1451 1609 1496 propositio:
1645 1452 1729 1486 Non
1751 1459 1825 1485 tarn
1843 1454 1972 1486 acriter
1991 1466 2127 1499 pugno,

1125 1512 1233 1546 quam
1258 1508 1361 1535 antea
1383 1503 1556 1537 solebam.
1644 1506 1714 1548 Eyo
1734 1516 1803 1544 me,
1840 1506 1984 1539 Lentule
1992 1531 2003 1546 ,
2038 1504 2125 1554 etc.]

1125 1551 1238 1586 Causa
1258 1553 1415 1588 consilii:
1445 1554 1539 1600 Quia
1556 1555 1594 1587 in
1616 1554 1797 1599 republica
1821 1567 1895 1589 non
1919 1557 2038 1600 potuit
2063 1558 2126 1590 ob·

1123 1604 1236 1638 tinere
1248 1633 1256 1646 ,
1286 1606 1383 1651 quod
1399 1606 1537 1646 decuit,
1568 1606 1682 1640 tenuit
1700 1606 1808 1650 igitur
1826 1620 1891 1652 pro
1912 1608 2125 1653 opportuni-

1123 1662 1195 1689 tate
1212 1664 1437 1702 temporum,
1466 1659 1563 1703 quod
1588 1658 1780 1705 potuit‘·‘·⁹):
1811 1660 1955 1693 servivit
1965 1659 2012 1706 ³⁰)
2036 1667 2125 1693 tem-

1123 1708 1215 1752 pori.
1269 1709 1474 1743 Videndum
1493 1716 1544 1743 est
1562 1710 1657 1743 enim
1676 1710 1838 1751 cuilibet,
1872 1711 2013 1758 quidm)
2033 1712 2124 1746 obti-

1122 1772 1208 1794 nere
1226 1762 1348 1805 possit.
1402 1761 1448 1794 Et
1466 1761 1565 1795 addit
1582 1762 1760 1795 rationem
1773 1789 1782 1803 ,
1811 1769 1876 1796 etc.

1193 1884 1248 1906 tem
1265 1881 1309 1905 his
1329 1881 1398 1906 locis
1416 1883 1491 1906 recte
1509 1881 1651 1913 insertae,
1671 1881 1698 1905 in
1717 1880 1802 1905 Editt.
1818 1880 1905 1911 1545,
1926 1881 2012 1913 15⁴6„
2032 1881 2119 1912 1560„

1194 1917 1268 1941 1601.
1291 1916 1410 1941 omissae
1429 1918 1502 1942 sunt.

1158 1959 1204 1988 19)
1224 1959 1301 1990 quia]
1321 1960 1371 1983 Ed.
1393 1960 1467 1983 1546.
1487 1965 1584 1984 errore
1603 1960 1736 1990 typogr.:
1763 1964 1824 1990 qua.

1156 2001 1204 2033 20)
1227 2003 1356 2032 questus]
1376 2002 1426 2026 Ed.
1447 2002 1521 2025 1546.
1541 2002 1689 2032 quaestus,
1715 2001 1764 2025 Ed.
1787 2000 1861 2025 1560.
1880 2002 2057 2032 conquestus.

1156 2045 1206 2072 21)
1227 2044 1355 2073 dissiliit]
1375 2044 1424 2068 Ed.
1445 2044 1520 2069 1560.
1540 2043 1633 2069 desiit.

1156 2087 1205 2116 22)
1225 2087 1388 2116 Conclusio]
1414 2088 1481 2111 haec
1506 2092 1611 2118 quoque
1637 2092 1690 2111 vox
1714 2086 1742 2110 in
1767 2087 1816 2111 Ed.
1838 2086 1912 2111 1537.
1941 2086 1968 2110 in
1991 2086 2118 2119 margine

1192 2122 1337 2152 apposita,
1356 2122 1383 2145 in
1399 2122 1481 2145 Editt.
1498 2122 1585 2150 1540..
1606 2122 1692 2151 1544..
1713 2121 1800 2153 1554„
1822 2121 1895 2146 1557.
1916 2122 1940 2145 h.
1961 2122 1978 2145 1.
1998 2121 2117 2154 inserta,

1187 2158 1214 2180 in
1234 2156 1317 2180 Editt.
1334 2156 1426 2187 1545„
1446 2156 1540 2187 1546.,
1561 2156 1651 2185 1560.,
1673 2156 1747 2180 1601.
1768 2156 1854 2182 deest.

1156 2199 1206 2229 23)
1225 2200 1264 2229 si]
1284 2199 1367 2223 Editt.
1384 2199 1478 2230 1546„
1500 2199 1575 2224 1601.
1595 2200 1633 2223 ut.

1156 2244 1205 2272 24)
1226 2242 1362 2271 remitto.]
1382 2243 1432 2268 Ed.
1453 2242 1528 2268 1601.
1548 2242 1697 2267 remittam.

1156 2287 1204 2315 25)
1226 2288 1284 2311 Hoc
1296 2288 1486 2317 argumentum
1501 2287 1600 2311 habent
1608 2286 1692 2310 Editt.
1705 2284 1910 2317 1537-1554„
1927 2286 2014 2319 1552,
2030 2287 2117 2319 1560„

1192 2322 1267 2346 1601.

1156 2365 1206 2393 26)
1224 2366 1279 2390 Pro
1299 2366 1341 2389 his
1361 2365 1417 2390 Cic.
1437 2364 1531 2389 verbis
1552 2364 1772 2395 quditt.1545.‚
1794 2364 1868 2388 1560.
1887 2364 1949 2390 huic
1965 2366 2047 2390 notae
2065 2366 2117 2391 ad-

1191 2401 1295 2431 scripta
1312 2402 1376 2424 sunt
1396 2401 1480 2424 verba
1498 2399 1639 2424 anteced.:
1666 2399 1722 2423 Sed
1739 2399 1818 2424 certe
1836 2400 1864 2424 et
1883 2406 1943 2432 eqo.

1155 2443 1204 2472 2⁷)
1223 2444 1253 2467 ln
1276 2443 1358 2467 Editt.
1379 2443 1473 2472 1544„
1495 2442 1587 2472 155-1.7
1609 2441 1682 2465 1557.
1703 2442 1770 2466 haec
1788 2443 1855 2466 uota
1876 2443 1962 2467 deest.

1155 2488 1205 2515 28)
1224 2487 1279 2511 Pro
1305 2486 1348 2511 his
1373 2486 1429 2511 Cic.
1455 2485 1547 2510 verbis
1572 2485 1600 2509 in
1624 2484 1707 2509 Editt.
1728 2486 1821 2516 1545.,
1847 2485 1922 2510 1560.
1947 2486 2009 2512 huic
2032 2489 2116 2513 notae

1191 2522 1315 2552 praefixa
1334 2523 1397 2545 suut
1417 2520 1575 2551 sequentia:
1603 2519 1741 2544 Inimicus
1761 2527 1830 2545 esse.

1155 2565 1204 2594 29)
1224 2565 1317 2589 Causa
1341 2563 1448 2588 consilii
1474 2577 1507 2580 ο
1536 2563 1607 2593 quod
1631 2562 1743 2593 potuit]
1773 2563 1840 2587 haec
1864 2564 1950 2588 verba
1974 2564 2003 2588 in
2027 2564 2112 2590 Editt.

1192 2599 1279 2630 1545,
1300 2599 1374 2622 1560.
1386 2615 1393 2628 ,
1412 2598 1467 2622 Cic.
1489 2598 1581 2622 verbis
1600 2597 1661 2629 Eyo
1679 2604 1723 2622 me
1742 2598 1864 2624 Lentule
1882 2598 2011 2631 omissis,
2030 2601 2114 2624 notae

1190 2633 1365 2664 praecedenti
1384 2632 1507 2663 proxime
1526 2634 1591 2656 suut
1608 2632 1744 2657 adiuncta.

1156 2678 1204 2706 30)
1224 2677 1341 2701 servivit
1360 2678 1426 2705 eto]
1446 2676 1474 2700 in
1494 2675 1577 2701 Editt.
1599 2676 1691 2707 1545.,
1719 2676 1791 2700 1560.
1815 2677 1849 2700 ab
1867 2677 1918 2701 hoc
1935 2677 2018 2701 verbo
2037 2682 2110 2702 nova

1191 2712 1284 2741 incipit
1302 2711 1445 2735 annotatio
1464 2711 1519 2735 sic:
1548 2711 1653 2736 Primis
1670 2711 1861 2742 temporibus]
1882 2712 1974 2736 servit
1993 2712 2043 2736 etc.

1155 2754 1204 2783 31)
1223 2754 1300 2786 quid]
1319 2755 1368 2780 Ed.
1385 2754 1458 2779 1545.
1478 2755 1558 2785 quod.
