<?xml version="1.0" encoding="UTF-8"?>
<!DOCTYPE html PUBLIC "-//W3C//DTD XHTML 1.0 Transitional//EN"
    "http://www.w3.org/TR/xhtml1/DTD/xhtml1-transitional.dtd">
<html xmlns="http://www.w3.org/1999/xhtml" xml:lang="en" lang="en">
 <head>
  <title>
</title>
<meta http-equiv="Content-Type" content="text/html;charset=utf-8" />
  <meta name='ocr-system' content='tesseract 3.04.00' />
  <meta name='ocr-capabilities' content='ocr_page ocr_carea ocr_par ocr_line ocrx_word'/>
</head>
<body>
  <div class='ocr_page' id='page_1' title='image "./operaquaesupersu17melauoft/operaquaesupersu17melauoft_0558.png"; bbox 0 0 2351 2990; ppageno 0'>
   <div class='ocr_carea' id='block_1_1' title="bbox 132 118 227 155">
    <p class='ocr_par' dir='ltr' id='par_1_1' title="bbox 132 118 227 155">
     <span class='ocr_line' id='line_1_1' title="bbox 132 118 227 155; baseline -0.011 0"><span class='ocrx_word' id='word_1_1' title='bbox 132 118 227 155; x_wconf 87' lang='lat'>1091</span> 
     </span>
    </p>
   </div>
   <div class='ocr_carea' id='block_1_2' title="bbox 135 203 1134 2410">
    <p class='ocr_par' dir='ltr' id='par_1_2' title="bbox 135 203 1130 1279">
     <span class='ocr_line' id='line_1_2' title="bbox 237 203 1128 249; baseline -0.001 -12"><span class='ocrx_word' id='word_1_2' title='bbox 237 204 292 238; x_wconf 86' lang='lat' dir='ltr'>Sic</span> <span class='ocrx_word' id='word_1_3' title='bbox 309 210 340 237; x_wconf 87' lang='lat' dir='ltr'>et</span> <span class='ocrx_word' id='word_1_4' title='bbox 355 216 419 238; x_wconf 86' lang='lat' dir='ltr'>nos</span> <span class='ocrx_word' id='word_1_5' title='bbox 435 210 469 237; x_wconf 87' lang='lat' dir='ltr'>ct</span> <span class='ocrx_word' id='word_1_6' title='bbox 486 204 545 237; x_wconf 87' lang='lat' dir='ltr'>alii</span> <span class='ocrx_word' id='word_1_7' title='bbox 565 204 714 249; x_wconf 84' lang='lat' dir='ltr'>imperia</span> <span class='ocrx_word' id='word_1_8' title='bbox 735 203 1022 249; x_wconf 75' lang='lat' dir='ltr'>acquisiverunt,</span> <span class='ocrx_word' id='word_1_9' title='bbox 1050 216 1128 237; x_wconf 90' lang='lat' dir='ltr'>cae-</span> 
     </span>
     <span class='ocr_line' id='line_1_3' title="bbox 136 255 1128 301; baseline -0.002 -12"><span class='ocrx_word' id='word_1_10' title='bbox 136 256 219 290; x_wconf 86' lang='lat' dir='ltr'>teris</span> <span class='ocrx_word' id='word_1_11' title='bbox 238 255 397 289; x_wconf 70' lang='lat' dir='ltr'>celeriter</span> <span class='ocrx_word' id='word_1_12' title='bbox 415 267 519 300; x_wconf 88' lang='lat' dir='ltr'>opem</span> <span class='ocrx_word' id='word_1_13' title='bbox 545 256 704 289; x_wconf 85' lang='lat' dir='ltr'>serendo.</span> <span class='ocrx_word' id='word_1_14' title='bbox 758 255 793 288; x_wconf 84' lang='lat' dir='ltr'>Si</span> <span class='ocrx_word' id='word_1_15' title='bbox 820 256 915 288; x_wconf 87' lang='lat' dir='ltr'>enirn</span> <span class='ocrx_word' id='word_1_16' title='bbox 942 262 1003 289; x_wconf 90' lang='lat' dir='ltr'>aut</span> <span class='ocrx_word' id='word_1_17' title='bbox 1029 255 1128 301; x_wconf 83' lang='lat' dir='ltr'>quie-</span> 
     </span>
     <span class='ocr_line' id='line_1_4' title="bbox 136 306 1125 351; baseline -0.003 -9"><span class='ocrx_word' id='word_1_18' title='bbox 136 313 292 347; x_wconf 80' lang='lat' dir='ltr'>scerent,</span> <span class='ocrx_word' id='word_1_19' title='bbox 328 313 390 340; x_wconf 85' lang='lat' dir='ltr'>aut</span> <span class='ocrx_word' id='word_1_20' title='bbox 414 314 498 341; x_wconf 91' lang='lat' dir='ltr'>tunc</span> <span class='ocrx_word' id='word_1_21' title='bbox 521 306 779 351; x_wconf 72' lang='lat' dir='ltr'>disputationes</span> <span class='ocrx_word' id='word_1_22' title='bbox 803 313 1011 347; x_wconf 76' lang='lat' dir='ltr'>moverent,</span> <span class='ocrx_word' id='word_1_23' title='bbox 1044 319 1125 340; x_wconf 87' lang='lat' dir='ltr'>cum</span> 
     </span>
     <span class='ocr_line' id='line_1_5' title="bbox 135 357 1127 403; baseline -0.001 -12"><span class='ocrx_word' id='word_1_24' title='bbox 135 358 332 392; x_wconf 80' lang='lat' dir='ltr'>necessaria</span> <span class='ocrx_word' id='word_1_25' title='bbox 350 365 401 392; x_wconf 85' lang='lat' dir='ltr'>est</span> <span class='ocrx_word' id='word_1_26' title='bbox 418 358 575 392; x_wconf 78' lang='lat' dir='ltr'><strong>defensio</strong></span> <span class='ocrx_word' id='word_1_27' title='bbox 587 385 596 397; x_wconf 88' lang='lat'>,</span> <span class='ocrx_word' id='word_1_28' title='bbox 622 357 729 390; x_wconf 86' lang='lat' dir='ltr'>etiam</span> <span class='ocrx_word' id='word_1_29' title='bbox 748 364 829 391; x_wconf 89' lang='lat' dir='ltr'>ante</span> <span class='ocrx_word' id='word_1_30' title='bbox 848 364 948 403; x_wconf 90' lang='lat' dir='ltr'>parta</span> <span class='ocrx_word' id='word_1_31' title='bbox 966 358 1127 403; x_wconf 88' lang='lat' dir='ltr'>potentia</span> 
     </span>
     <span class='ocr_line' id='line_1_6' title="bbox 136 408 1129 455; baseline -0.001 -12"><span class='ocrx_word' id='word_1_32' title='bbox 136 410 204 443; x_wconf 89' lang='lat' dir='ltr'>cito</span> <span class='ocrx_word' id='word_1_33' title='bbox 232 409 466 443; x_wconf 86' lang='lat' dir='ltr'>amitteretur.</span> <span class='ocrx_word' id='word_1_34' title='bbox 517 408 609 442; x_wconf 84' lang='lat' dir='ltr'>Eum</span> <span class='ocrx_word' id='word_1_35' title='bbox 637 409 752 450; x_wconf 89' lang='lat' dir='ltr'>enim,</span> <span class='ocrx_word' id='word_1_36' title='bbox 787 409 847 455; x_wconf 89' lang='lat' dir='ltr'>qui</span> <span class='ocrx_word' id='word_1_37' title='bbox 872 409 1006 444; x_wconf 65' lang='lat' dir='ltr'>viribus</span> <span class='ocrx_word' id='word_1_38' title='bbox 1030 416 1129 442; x_wconf 87' lang='lat' dir='ltr'>ante-</span> 
     </span>
     <span class='ocr_line' id='line_1_7' title="bbox 136 460 1130 507; baseline -0.002 -12"><span class='ocrx_word' id='word_1_39' title='bbox 136 461 247 501; x_wconf 86' lang='lat' dir='ltr'>cellit,</span> <span class='ocrx_word' id='word_1_40' title='bbox 273 473 348 494; x_wconf 88' lang='lat' dir='ltr'>non</span> <span class='ocrx_word' id='word_1_41' title='bbox 365 461 478 495; x_wconf 90' lang='lat' dir='ltr'>solum</span> <span class='ocrx_word' id='word_1_42' title='bbox 498 466 580 494; x_wconf 87' lang='lat' dir='ltr'>tunc</span> <span class='ocrx_word' id='word_1_43' title='bbox 600 460 791 505; x_wconf 81' lang='lat' dir='ltr'>reprimas,</span> <span class='ocrx_word' id='word_1_44' title='bbox 818 467 1008 507; x_wconf 78' lang='lat' dir='ltr'>postquam</span> <span class='ocrx_word' id='word_1_45' title='bbox 1029 461 1130 506; x_wconf 90' lang='lat' dir='ltr'>prior</span> 
     </span>
     <span class='ocr_line' id='line_1_8' title="bbox 136 511 1129 557; baseline 0 -11"><span class='ocrx_word' id='word_1_46' title='bbox 136 513 255 546; x_wconf 87' lang='lat' dir='ltr'>intulit</span> <span class='ocrx_word' id='word_1_47' title='bbox 277 513 429 551; x_wconf 86' lang='lat' dir='ltr'>bellum,</span> <span class='ocrx_word' id='word_1_48' title='bbox 454 512 514 545; x_wconf 87' lang='lat' dir='ltr'>sed</span> <span class='ocrx_word' id='word_1_49' title='bbox 540 511 646 545; x_wconf 86' lang='lat' dir='ltr'>etiam</span> <span class='ocrx_word' id='word_1_50' title='bbox 672 519 873 546; x_wconf 76' lang='lat' dir='ltr'>antevertas</span> <span class='ocrx_word' id='word_1_51' title='bbox 898 519 1059 557; x_wconf 77' lang='lat' dir='ltr'>oportet,</span> <span class='ocrx_word' id='word_1_52' title='bbox 1084 524 1129 545; x_wconf 85' lang='lat' dir='ltr'>ne</span> 
     </span>
     <span class='ocr_line' id='line_1_9' title="bbox 136 562 1130 610; baseline 0 -14"><span class='ocrx_word' id='word_1_53' title='bbox 136 564 294 597; x_wconf 76' lang='lat' dir='ltr'>invadat.</span> <span class='ocrx_word' id='word_1_54' title='bbox 354 562 427 598; x_wconf 73' lang='lat' dir='ltr'>Nec</span> <span class='ocrx_word' id='word_1_55' title='bbox 464 575 548 596; x_wconf 71' lang='lat' dir='ltr'>vero</span> <span class='ocrx_word' id='word_1_56' title='bbox 585 563 688 597; x_wconf 91' lang='lat' dir='ltr'>nobis</span> <span class='ocrx_word' id='word_1_57' title='bbox 716 576 888 608; x_wconf 81' lang='lat' dir='ltr'>seponere</span> <span class='ocrx_word' id='word_1_58' title='bbox 914 564 993 598; x_wconf 88' lang='lat' dir='ltr'>licet</span> <span class='ocrx_word' id='word_1_59' title='bbox 1028 563 1130 610; x_wconf 87' lang='lat' dir='ltr'>quasi</span> 
     </span>
     <span class='ocr_line' id='line_1_10' title="bbox 137 613 1130 660; baseline 0 -12"><span class='ocrx_word' id='word_1_60' title='bbox 137 622 248 648; x_wconf 84' lang='lat' dir='ltr'>metas</span> <span class='ocrx_word' id='word_1_61' title='bbox 266 614 428 658; x_wconf 87' lang='lat' dir='ltr'>imperii,</span> <span class='ocrx_word' id='word_1_62' title='bbox 455 615 513 648; x_wconf 82' lang='lat' dir='ltr'>scd</span> <span class='ocrx_word' id='word_1_63' title='bbox 533 614 616 660; x_wconf 84' lang='lat' dir='ltr'>quia</span> <span class='ocrx_word' id='word_1_64' title='bbox 634 615 824 659; x_wconf 90' lang='lat' dir='ltr'>imperium</span> <span class='ocrx_word' id='word_1_65' title='bbox 851 613 1044 656; x_wconf 89' lang='lat' dir='ltr'>habemus,</span> <span class='ocrx_word' id='word_1_66' title='bbox 1069 627 1130 648; x_wconf 90' lang='lat' dir='ltr'>ne-</span> 
     </span>
     <span class='ocr_line' id='line_1_11' title="bbox 137 665 1130 707; baseline 0.001 -8"><span class='ocrx_word' id='word_1_67' title='bbox 137 678 227 700; x_wconf 80' lang='lat' dir='ltr'>cesse</span> <span class='ocrx_word' id='word_1_68' title='bbox 244 672 293 699; x_wconf 87' lang='lat' dir='ltr'>est</span> <span class='ocrx_word' id='word_1_69' title='bbox 311 665 388 700; x_wconf 88' lang='lat' dir='ltr'>aliis</span> <span class='ocrx_word' id='word_1_70' title='bbox 409 665 591 705; x_wconf 88' lang='lat' dir='ltr'>insidiari,</span> <span class='ocrx_word' id='word_1_71' title='bbox 626 666 703 700; x_wconf 87' lang='lat' dir='ltr'>aliis</span> <span class='ocrx_word' id='word_1_72' title='bbox 722 679 806 700; x_wconf 77' lang='lat' dir='ltr'>vero</span> <span class='ocrx_word' id='word_1_73' title='bbox 831 679 905 700; x_wconf 92' lang='lat' dir='ltr'>non</span> <span class='ocrx_word' id='word_1_74' title='bbox 923 668 1130 707; x_wconf 81' lang='lat' dir='ltr'>concedere,</span> 
     </span>
     <span class='ocr_line' id='line_1_12' title="bbox 137 717 1129 763; baseline 0.001 -13"><span class='ocrx_word' id='word_1_75' title='bbox 137 724 175 751; x_wconf 87' lang='lat' dir='ltr'>ut</span> <span class='ocrx_word' id='word_1_76' title='bbox 200 719 368 750; x_wconf 59' lang='lat' dir='ltr'>adversus</span> <span class='ocrx_word' id='word_1_77' title='bbox 394 729 460 750; x_wconf 87' lang='lat' dir='ltr'>nos</span> <span class='ocrx_word' id='word_1_78' title='bbox 492 717 627 763; x_wconf 82' lang='lat' dir='ltr'>aliquid</span> <span class='ocrx_word' id='word_1_79' title='bbox 655 719 862 752; x_wconf 87' lang='lat' dir='ltr'>moliantur.</span> <span class='ocrx_word' id='word_1_80' title='bbox 931 719 1009 753; x_wconf 83' lang='lat' dir='ltr'>Nisi</span> <span class='ocrx_word' id='word_1_81' title='bbox 1033 718 1129 751; x_wconf 91' lang='lat' dir='ltr'>enim</span> 
     </span>
     <span class='ocr_line' id='line_1_13' title="bbox 136 768 1129 815; baseline 0.001 -14"><span class='ocrx_word' id='word_1_82' title='bbox 136 781 202 803; x_wconf 87' lang='lat' dir='ltr'>nos</span> <span class='ocrx_word' id='word_1_83' title='bbox 219 768 296 802; x_wconf 87' lang='lat' dir='ltr'>aliis</span> <span class='ocrx_word' id='word_1_84' title='bbox 314 768 544 813; x_wconf 79' lang='lat' dir='ltr'>imperemus,</span> <span class='ocrx_word' id='word_1_85' title='bbox 568 769 671 803; x_wconf 87' lang='lat' dir='ltr'>nobis</span> <span class='ocrx_word' id='word_1_86' title='bbox 686 770 884 814; x_wconf 91' lang='lat' dir='ltr'>periculum</span> <span class='ocrx_word' id='word_1_87' title='bbox 905 777 956 804; x_wconf 88' lang='lat' dir='ltr'>est</span> <span class='ocrx_word' id='word_1_88' title='bbox 973 770 1129 815; x_wconf 79' lang='lat' dir='ltr'>opprimi</span> 
     </span>
     <span class='ocr_line' id='line_1_14' title="bbox 136 819 1130 867; baseline 0.002 -14"><span class='ocrx_word' id='word_1_89' title='bbox 136 820 180 853; x_wconf 87' lang='lat' dir='ltr'>ab</span> <span class='ocrx_word' id='word_1_90' title='bbox 201 820 290 854; x_wconf 90' lang='lat' dir='ltr'>aliis.</span> <span class='ocrx_word' id='word_1_91' title='bbox 341 819 415 854; x_wconf 88' lang='lat' dir='ltr'>Nec</span> <span class='ocrx_word' id='word_1_92' title='bbox 432 832 496 854; x_wconf 90' lang='lat' dir='ltr'>nos</span> <span class='ocrx_word' id='word_1_93' title='bbox 515 821 655 854; x_wconf 87' lang='lat' dir='ltr'>easdem</span> <span class='ocrx_word' id='word_1_94' title='bbox 675 821 738 854; x_wconf 91' lang='lat' dir='ltr'>otii</span> <span class='ocrx_word' id='word_1_95' title='bbox 757 833 879 855; x_wconf 85' lang='lat' dir='ltr'>causas</span> <span class='ocrx_word' id='word_1_96' title='bbox 903 834 1130 867; x_wconf 79' lang='lat' dir='ltr'>quaeramus,</span> 
     </span>
     <span class='ocr_line' id='line_1_15' title="bbox 138 871 1129 917; baseline 0.003 -13"><span class='ocrx_word' id='word_1_97' title='bbox 138 884 225 917; x_wconf 88' lang='lat' dir='ltr'>quas</span> <span class='ocrx_word' id='word_1_98' title='bbox 249 871 308 904; x_wconf 91' lang='lat' dir='ltr'>alii</span> <span class='ocrx_word' id='word_1_99' title='bbox 332 878 528 917; x_wconf 87' lang='lat' dir='ltr'>quaerunt,</span> <span class='ocrx_word' id='word_1_100' title='bbox 557 884 637 905; x_wconf 84' lang='lat' dir='ltr'>cum</span> <span class='ocrx_word' id='word_1_101' title='bbox 657 879 777 906; x_wconf 87' lang='lat' dir='ltr'>nostra</span> <span class='ocrx_word' id='word_1_102' title='bbox 797 873 921 907; x_wconf 77' lang='lat' dir='ltr'>civitas</span> <span class='ocrx_word' id='word_1_103' title='bbox 949 873 1129 908; x_wconf 88' lang='lat' dir='ltr'>dissimilis</span> 
     </span>
     <span class='ocr_line' id='line_1_16' title="bbox 136 922 1130 970; baseline 0.001 -14"><span class='ocrx_word' id='word_1_104' title='bbox 136 923 181 957; x_wconf 86' lang='lat' dir='ltr'>sit</span> <span class='ocrx_word' id='word_1_105' title='bbox 204 922 368 957; x_wconf 84' lang='lat' dir='ltr'>aliarum.</span> <span class='ocrx_word' id='word_1_106' title='bbox 433 922 587 957; x_wconf 68' lang='lat' dir='ltr'>Nostrae</span> <span class='ocrx_word' id='word_1_107' title='bbox 610 936 665 957; x_wconf 89' lang='lat' dir='ltr'>res</span> <span class='ocrx_word' id='word_1_108' title='bbox 690 931 865 965; x_wconf 81' lang='lat' dir='ltr'>crescent,</span> <span class='ocrx_word' id='word_1_109' title='bbox 894 925 921 959; x_wconf 92' lang='lat' dir='ltr'>si</span> <span class='ocrx_word' id='word_1_110' title='bbox 939 925 1130 970; x_wconf 90' lang='lat' dir='ltr'>proficisci—</span> 
     </span>
     <span class='ocr_line' id='line_1_17' title="bbox 137 974 1130 1018; baseline 0.003 -11"><span class='ocrx_word' id='word_1_111' title='bbox 137 986 236 1012; x_wconf 80' lang='lat' dir='ltr'>mur3</span> <span class='ocrx_word' id='word_1_112' title='bbox 272 974 481 1018; x_wconf 71' lang='lat' dir='ltr'>navigantes</span> <span class='ocrx_word' id='word_1_113' title='bbox 506 975 599 1007; x_wconf 87' lang='lat' dir='ltr'>enim</span> <span class='ocrx_word' id='word_1_114' title='bbox 632 975 844 1010; x_wconf 86' lang='lat' dir='ltr'>incutiemus</span> <span class='ocrx_word' id='word_1_115' title='bbox 867 983 1000 1010; x_wconf 89' lang='lat' dir='ltr'>metum</span> <span class='ocrx_word' id='word_1_116' title='bbox 1025 977 1130 1010; x_wconf 87' lang='lat' dir='ltr'>Pelo-</span> 
     </span>
     <span class='ocr_line' id='line_1_18' title="bbox 136 1026 1130 1073; baseline 0.003 -14"><span class='ocrx_word' id='word_1_117' title='bbox 136 1026 337 1071; x_wconf 86' lang='lat' dir='ltr'>ponnesiis,</span> <span class='ocrx_word' id='word_1_118' title='bbox 373 1038 452 1059; x_wconf 90' lang='lat' dir='ltr'>cum</span> <span class='ocrx_word' id='word_1_119' title='bbox 489 1026 691 1060; x_wconf 70' lang='lat' dir='ltr'>videbimur</span> <span class='ocrx_word' id='word_1_120' title='bbox 726 1040 785 1062; x_wconf 86' lang='lat' dir='ltr'>eos</span> <span class='ocrx_word' id='word_1_121' title='bbox 820 1028 908 1061; x_wconf 90' lang='lat' dir='ltr'>adeo</span> <span class='ocrx_word' id='word_1_122' title='bbox 938 1029 1130 1073; x_wconf 83' lang='lat' dir='ltr'>despicere,</span> 
     </span>
     <span class='ocr_line' id='line_1_19' title="bbox 136 1075 1128 1121; baseline 0.001 -10"><span class='ocrx_word' id='word_1_123' title='bbox 136 1084 175 1111; x_wconf 89' lang='lat' dir='ltr'>ut</span> <span class='ocrx_word' id='word_1_124' title='bbox 199 1089 273 1110; x_wconf 91' lang='lat' dir='ltr'>non</span> <span class='ocrx_word' id='word_1_125' title='bbox 299 1078 516 1121; x_wconf 76' lang='lat' dir='ltr'>gaudeamus</span> <span class='ocrx_word' id='word_1_126' title='bbox 539 1075 593 1111; x_wconf 82' lang='lat' dir='ltr'>his</span> <span class='ocrx_word' id='word_1_127' title='bbox 620 1078 791 1120; x_wconf 87' lang='lat' dir='ltr'>induciis,</span> <span class='ocrx_word' id='word_1_128' title='bbox 826 1080 884 1113; x_wconf 90' lang='lat' dir='ltr'>sed</span> <span class='ocrx_word' id='word_1_129' title='bbox 911 1079 948 1112; x_wconf 89' lang='lat' dir='ltr'>in</span> <span class='ocrx_word' id='word_1_130' title='bbox 970 1080 1128 1114; x_wconf 87' lang='lat' dir='ltr'>Siciliam</span> 
     </span>
     <span class='ocr_line' id='line_1_20' title="bbox 136 1128 1130 1174; baseline 0.003 -12"><span class='ocrx_word' id='word_1_131' title='bbox 136 1128 376 1169; x_wconf 86' lang='lat' dir='ltr'>traiiciamus,</span> <span class='ocrx_word' id='word_1_132' title='bbox 404 1135 438 1162; x_wconf 88' lang='lat' dir='ltr'>et</span> <span class='ocrx_word' id='word_1_133' title='bbox 461 1135 521 1162; x_wconf 90' lang='lat' dir='ltr'>aut</span> <span class='ocrx_word' id='word_1_134' title='bbox 546 1129 649 1174; x_wconf 89' lang='lat' dir='ltr'>potiti</span> <span class='ocrx_word' id='word_1_135' title='bbox 665 1130 783 1164; x_wconf 78' lang='lat' dir='ltr'>Sicilia</span> <span class='ocrx_word' id='word_1_136' title='bbox 808 1131 995 1165; x_wconf 69' lang='lat' dir='ltr'>universae</span> <span class='ocrx_word' id='word_1_137' title='bbox 1020 1132 1130 1165; x_wconf 80' lang='lat' dir='ltr'>Grae-</span> 
     </span>
     <span class='ocr_line' id='line_1_21' title="bbox 137 1180 1130 1229; baseline 0.005 -17"><span class='ocrx_word' id='word_1_138' title='bbox 137 1181 212 1213; x_wconf 81' lang='lat' dir='ltr'>ciae</span> <span class='ocrx_word' id='word_1_139' title='bbox 229 1180 420 1224; x_wconf 89' lang='lat' dir='ltr'>imperium</span> <span class='ocrx_word' id='word_1_140' title='bbox 437 1180 698 1225; x_wconf 79' lang='lat' dir='ltr'>adipiscamur,</span> <span class='ocrx_word' id='word_1_141' title='bbox 728 1189 790 1216; x_wconf 88' lang='lat' dir='ltr'>aut</span> <span class='ocrx_word' id='word_1_142' title='bbox 812 1183 1005 1217; x_wconf 85' lang='lat' dir='ltr'>debilitatis</span> <span class='ocrx_word' id='word_1_143' title='bbox 1025 1183 1130 1229; x_wconf 85' lang='lat' dir='ltr'>Syra-</span> 
     </span>
     <span class='ocr_line' id='line_1_22' title="bbox 138 1231 966 1279; baseline 0.005 -14"><span class='ocrx_word' id='word_1_144' title='bbox 138 1231 296 1271; x_wconf 88' lang='lat' dir='ltr'>cusanis,</span> <span class='ocrx_word' id='word_1_145' title='bbox 318 1232 422 1266; x_wconf 86' lang='lat' dir='ltr'>nobis</span> <span class='ocrx_word' id='word_1_146' title='bbox 439 1238 473 1265; x_wconf 88' lang='lat' dir='ltr'>et</span> <span class='ocrx_word' id='word_1_147' title='bbox 487 1232 591 1266; x_wconf 88' lang='lat' dir='ltr'>sociis</span> <span class='ocrx_word' id='word_1_148' title='bbox 608 1234 759 1267; x_wconf 86' lang='lat' dir='ltr'>multum</span> <span class='ocrx_word' id='word_1_149' title='bbox 775 1235 966 1279; x_wconf 89' lang='lat' dir='ltr'>prosimus.</span> 
     </span>
    </p>

    <p class='ocr_par' dir='ltr' id='par_1_3' title="bbox 135 1283 1132 1951">
     <span class='ocr_line' id='line_1_23' title="bbox 240 1283 1130 1330; baseline 0.006 -15"><span class='ocrx_word' id='word_1_150' title='bbox 240 1283 473 1317; x_wconf 77' lang='lat' dir='ltr'>Securitatem</span> <span class='ocrx_word' id='word_1_151' title='bbox 497 1296 581 1317; x_wconf 66' lang='lat' dir='ltr'>vero</span> <span class='ocrx_word' id='word_1_152' title='bbox 599 1285 702 1318; x_wconf 88' lang='lat' dir='ltr'>nobis</span> <span class='ocrx_word' id='word_1_153' title='bbox 717 1292 901 1330; x_wconf 86' lang='lat' dir='ltr'>praestant</span> <span class='ocrx_word' id='word_1_154' title='bbox 922 1299 1050 1327; x_wconf 74' lang='lat' dir='ltr'>naves,</span> <span class='ocrx_word' id='word_1_155' title='bbox 1077 1292 1130 1326; x_wconf 87' lang='lat' dir='ltr'>ut,</span> 
     </span>
     <span class='ocr_line' id='line_1_24' title="bbox 138 1335 1130 1378; baseline 0.002 -10"><span class='ocrx_word' id='word_1_156' title='bbox 138 1335 165 1368; x_wconf 89' lang='lat' dir='ltr'>si</span> <span class='ocrx_word' id='word_1_157' title='bbox 184 1346 239 1368; x_wconf 88' lang='lat' dir='ltr'>res</span> <span class='ocrx_word' id='word_1_158' title='bbox 257 1335 327 1369; x_wconf 90' lang='lat' dir='ltr'>sint</span> <span class='ocrx_word' id='word_1_159' title='bbox 344 1336 538 1376; x_wconf 88' lang='lat' dir='ltr'>secundae,</span> <span class='ocrx_word' id='word_1_160' title='bbox 566 1348 796 1378; x_wconf 88' lang='lat' dir='ltr'>maneamus,</span> <span class='ocrx_word' id='word_1_161' title='bbox 820 1338 873 1371; x_wconf 91' lang='lat' dir='ltr'>sin</span> <span class='ocrx_word' id='word_1_162' title='bbox 898 1351 983 1372; x_wconf 71' lang='lat' dir='ltr'>vero</span> <span class='ocrx_word' id='word_1_163' title='bbox 1004 1339 1130 1371; x_wconf 65' lang='lat' dir='ltr'>adver-</span> 
     </span>
     <span class='ocr_line' id='line_1_25' title="bbox 137 1386 1130 1434; baseline 0.002 -15"><span class='ocrx_word' id='word_1_164' title='bbox 137 1398 216 1426; x_wconf 88' lang='lat' dir='ltr'>sae,</span> <span class='ocrx_word' id='word_1_165' title='bbox 244 1387 441 1421; x_wconf 79' lang='lat' dir='ltr'>redeamus.</span> <span class='ocrx_word' id='word_1_166' title='bbox 484 1386 569 1422; x_wconf 88' lang='lat' dir='ltr'>Eius</span> <span class='ocrx_word' id='word_1_167' title='bbox 586 1388 681 1421; x_wconf 85' lang='lat' dir='ltr'>enirn</span> <span class='ocrx_word' id='word_1_168' title='bbox 696 1389 748 1422; x_wconf 85' lang='lat' dir='ltr'>rei</span> <span class='ocrx_word' id='word_1_169' title='bbox 767 1396 924 1434; x_wconf 85' lang='lat' dir='ltr'>potestas</span> <span class='ocrx_word' id='word_1_170' title='bbox 941 1402 1048 1434; x_wconf 89' lang='lat' dir='ltr'>penes</span> <span class='ocrx_word' id='word_1_171' title='bbox 1065 1401 1130 1422; x_wconf 88' lang='lat' dir='ltr'>nos</span> 
     </span>
     <span class='ocr_line' id='line_1_26' title="bbox 137 1437 1130 1486; baseline 0.002 -15"><span class='ocrx_word' id='word_1_172' title='bbox 137 1437 223 1479; x_wconf 83' lang='lat' dir='ltr'>erit,</span> <span class='ocrx_word' id='word_1_173' title='bbox 251 1438 388 1472; x_wconf 90' lang='lat' dir='ltr'>etiamsi</span> <span class='ocrx_word' id='word_1_174' title='bbox 406 1439 571 1473; x_wconf 73' lang='lat' dir='ltr'>universa</span> <span class='ocrx_word' id='word_1_175' title='bbox 590 1439 707 1473; x_wconf 85' lang='lat' dir='ltr'>Sicilia</span> <span class='ocrx_word' id='word_1_176' title='bbox 726 1453 791 1475; x_wconf 90' lang='lat' dir='ltr'>nos</span> <span class='ocrx_word' id='word_1_177' title='bbox 809 1441 982 1486; x_wconf 89' lang='lat' dir='ltr'>impedire</span> <span class='ocrx_word' id='word_1_178' title='bbox 1009 1440 1130 1473; x_wconf 76' lang='lat' dir='ltr'>volue—</span> 
     </span>
     <span class='ocr_line' id='line_1_27' title="bbox 135 1489 1130 1538; baseline 0.002 -15"><span class='ocrx_word' id='word_1_179' title='bbox 135 1489 193 1523; x_wconf 87' lang='lat' dir='ltr'>rit.</span> <span class='ocrx_word' id='word_1_180' title='bbox 247 1490 320 1524; x_wconf 75' lang='lat' dir='ltr'>Nec</span> <span class='ocrx_word' id='word_1_181' title='bbox 338 1503 400 1524; x_wconf 77' lang='lat' dir='ltr'>vos</span> <span class='ocrx_word' id='word_1_182' title='bbox 417 1497 554 1524; x_wconf 80' lang='lat' dir='ltr'>avertat</span> <span class='ocrx_word' id='word_1_183' title='bbox 572 1491 709 1532; x_wconf 86' lang='lat' dir='ltr'>Nicias,</span> <span class='ocrx_word' id='word_1_184' title='bbox 739 1492 800 1538; x_wconf 90' lang='lat' dir='ltr'>qui</span> <span class='ocrx_word' id='word_1_185' title='bbox 824 1493 981 1526; x_wconf 90' lang='lat' dir='ltr'>studium</span> <span class='ocrx_word' id='word_1_186' title='bbox 1001 1492 1130 1538; x_wconf 89' lang='lat' dir='ltr'>quietis</span> 
     </span>
     <span class='ocr_line' id='line_1_28' title="bbox 138 1542 1130 1588; baseline -0.001 -12"><span class='ocrx_word' id='word_1_187' title='bbox 138 1542 305 1583; x_wconf 87' lang='lat' dir='ltr'>ostendit,</span> <span class='ocrx_word' id='word_1_188' title='bbox 330 1548 363 1575; x_wconf 87' lang='lat' dir='ltr'>et</span> <span class='ocrx_word' id='word_1_189' title='bbox 379 1543 536 1576; x_wconf 86' lang='lat' dir='ltr'>seniores</span> <span class='ocrx_word' id='word_1_190' title='bbox 553 1555 572 1575; x_wconf 88' lang='lat' dir='ltr'>a</span> <span class='ocrx_word' id='word_1_191' title='bbox 590 1543 791 1578; x_wconf 85' lang='lat' dir='ltr'>iunioribus</span> <span class='ocrx_word' id='word_1_192' title='bbox 808 1543 1009 1588; x_wconf 85' lang='lat' dir='ltr'>disiungere</span> <span class='ocrx_word' id='word_1_193' title='bbox 1025 1556 1130 1576; x_wconf 90' lang='lat' dir='ltr'>cona-</span> 
     </span>
     <span class='ocr_line' id='line_1_29' title="bbox 138 1594 1131 1635; baseline 0 -9"><span class='ocrx_word' id='word_1_194' title='bbox 138 1600 212 1631; x_wconf 90' lang='lat' dir='ltr'>tur;</span> <span class='ocrx_word' id='word_1_195' title='bbox 240 1595 301 1627; x_wconf 85' lang='lat' dir='ltr'>sed</span> <span class='ocrx_word' id='word_1_196' title='bbox 318 1594 546 1627; x_wconf 68' lang='lat' dir='ltr'>convenienti</span> <span class='ocrx_word' id='word_1_197' title='bbox 562 1594 700 1635; x_wconf 77' lang='lat' dir='ltr'>ordIne,</span> <span class='ocrx_word' id='word_1_198' title='bbox 728 1595 818 1628; x_wconf 84' lang='lat' dir='ltr'>sicut</span> <span class='ocrx_word' id='word_1_199' title='bbox 835 1596 989 1629; x_wconf 84' lang='lat' dir='ltr'>maiores</span> <span class='ocrx_word' id='word_1_200' title='bbox 1005 1594 1131 1635; x_wconf 81' lang='lat' dir='ltr'>nostri,</span> 
     </span>
     <span class='ocr_line' id='line_1_30' title="bbox 137 1645 1130 1691; baseline 0 -12"><span class='ocrx_word' id='word_1_201' title='bbox 137 1658 216 1679; x_wconf 88' lang='lat' dir='ltr'>cum</span> <span class='ocrx_word' id='word_1_202' title='bbox 254 1645 398 1680; x_wconf 72' lang='lat' dir='ltr'>iuvenes</span> <span class='ocrx_word' id='word_1_203' title='bbox 434 1646 576 1680; x_wconf 87' lang='lat' dir='ltr'>senibus</span> <span class='ocrx_word' id='word_1_204' title='bbox 618 1646 862 1691; x_wconf 85' lang='lat' dir='ltr'>adiunguntur</span> <span class='ocrx_word' id='word_1_205' title='bbox 893 1647 931 1680; x_wconf 91' lang='lat' dir='ltr'>in</span> <span class='ocrx_word' id='word_1_206' title='bbox 963 1646 1130 1687; x_wconf 83' lang='lat' dir='ltr'>consiliis,</span> 
     </span>
     <span class='ocr_line' id='line_1_31' title="bbox 138 1696 1130 1743; baseline 0 -13"><span class='ocrx_word' id='word_1_207' title='bbox 138 1697 396 1742; x_wconf 81' lang='lat' dir='ltr'>rempublicam</span> <span class='ocrx_word' id='word_1_208' title='bbox 418 1697 454 1730; x_wconf 90' lang='lat' dir='ltr'>in</span> <span class='ocrx_word' id='word_1_209' title='bbox 474 1696 568 1731; x_wconf 89' lang='lat' dir='ltr'>hunc</span> <span class='ocrx_word' id='word_1_210' title='bbox 585 1703 716 1731; x_wconf 89' lang='lat' dir='ltr'>statum</span> <span class='ocrx_word' id='word_1_211' title='bbox 734 1699 996 1743; x_wconf 81' lang='lat' dir='ltr'>perduxerunt,</span> <span class='ocrx_word' id='word_1_212' title='bbox 1024 1698 1130 1733; x_wconf 87' lang='lat' dir='ltr'>simili</span> 
     </span>
     <span class='ocr_line' id='line_1_32' title="bbox 138 1750 1131 1795; baseline 0.002 -13"><span class='ocrx_word' id='word_1_213' title='bbox 138 1750 246 1782; x_wconf 81' lang='lat' dir='ltr'>niodo</span> <span class='ocrx_word' id='word_1_214' title='bbox 264 1762 358 1782; x_wconf 91' lang='lat' dir='ltr'>nunc</span> <span class='ocrx_word' id='word_1_215' title='bbox 383 1750 480 1783; x_wconf 87' lang='lat' dir='ltr'>urbis</span> <span class='ocrx_word' id='word_1_216' title='bbox 497 1750 695 1794; x_wconf 88' lang='lat' dir='ltr'>potentiam</span> <span class='ocrx_word' id='word_1_217' title='bbox 715 1751 890 1795; x_wconf 86' lang='lat' dir='ltr'>augeatis,</span> <span class='ocrx_word' id='word_1_218' title='bbox 919 1758 952 1785; x_wconf 89' lang='lat' dir='ltr'>et</span> <span class='ocrx_word' id='word_1_219' title='bbox 976 1751 1131 1791; x_wconf 87' lang='lat' dir='ltr'>statuite,</span> 
     </span>
     <span class='ocr_line' id='line_1_33' title="bbox 136 1801 1132 1843; baseline 0.003 -10"><span class='ocrx_word' id='word_1_220' title='bbox 136 1801 283 1835; x_wconf 79' lang='lat' dir='ltr'>iuvenes</span> <span class='ocrx_word' id='word_1_221' title='bbox 306 1807 339 1834; x_wconf 90' lang='lat' dir='ltr'>et</span> <span class='ocrx_word' id='word_1_222' title='bbox 362 1813 462 1836; x_wconf 85' lang='lat' dir='ltr'>senes</span> <span class='ocrx_word' id='word_1_223' title='bbox 485 1802 616 1835; x_wconf 84' lang='lat' dir='ltr'>alteros</span> <span class='ocrx_word' id='word_1_224' title='bbox 641 1801 716 1835; x_wconf 91' lang='lat' dir='ltr'>sine</span> <span class='ocrx_word' id='word_1_225' title='bbox 740 1803 859 1837; x_wconf 86' lang='lat' dir='ltr'>alteris</span> <span class='ocrx_word' id='word_1_226' title='bbox 886 1801 976 1836; x_wconf 90' lang='lat' dir='ltr'>nihil</span> <span class='ocrx_word' id='word_1_227' title='bbox 1001 1803 1132 1843; x_wconf 73' lang='lat' dir='ltr'>valere,</span> 
     </span>
     <span class='ocr_line' id='line_1_34' title="bbox 138 1853 1132 1900; baseline -0.001 -12"><span class='ocrx_word' id='word_1_228' title='bbox 138 1856 198 1889; x_wconf 82' lang='lat' dir='ltr'>sed</span> <span class='ocrx_word' id='word_1_229' title='bbox 222 1853 369 1894; x_wconf 84' lang='lat' dir='ltr'>mixtos,</span> <span class='ocrx_word' id='word_1_230' title='bbox 413 1853 624 1894; x_wconf 86' lang='lat' dir='ltr'>imbecilles,</span> <span class='ocrx_word' id='word_1_231' title='bbox 666 1854 803 1889; x_wconf 91' lang='lat' dir='ltr'>medios</span> <span class='ocrx_word' id='word_1_232' title='bbox 837 1861 871 1888; x_wconf 90' lang='lat' dir='ltr'>et</span> <span class='ocrx_word' id='word_1_233' title='bbox 896 1867 993 1889; x_wconf 88' lang='lat' dir='ltr'>acres</span> <span class='ocrx_word' id='word_1_234' title='bbox 1018 1855 1132 1900; x_wconf 91' lang='lat' dir='ltr'>pluri-</span> 
     </span>
     <span class='ocr_line' id='line_1_35' title="bbox 139 1918 371 1951; baseline -0.004 -11"><span class='ocrx_word' id='word_1_235' title='bbox 139 1919 237 1940; x_wconf 90' lang='lat' dir='ltr'>mum</span> <span class='ocrx_word' id='word_1_236' title='bbox 256 1918 371 1951; x_wconf 88' lang='lat' dir='ltr'>posse.</span> 
     </span>
    </p>

    <p class='ocr_par' dir='ltr' id='par_1_4' title="bbox 138 1957 1134 2410">
     <span class='ocr_line' id='line_1_36' title="bbox 241 1957 1133 2002; baseline -0.001 -11"><span class='ocrx_word' id='word_1_237' title='bbox 241 1957 430 1991; x_wconf 64' lang='lat' dir='ltr'>Civitatem</span> <span class='ocrx_word' id='word_1_238' title='bbox 459 1969 544 1991; x_wconf 75' lang='lat' dir='ltr'>vero</span> <span class='ocrx_word' id='word_1_239' title='bbox 573 1958 710 1991; x_wconf 89' lang='lat' dir='ltr'>conteri</span> <span class='ocrx_word' id='word_1_240' title='bbox 738 1958 812 1991; x_wconf 89' lang='lat' dir='ltr'>otio</span> <span class='ocrx_word' id='word_1_241' title='bbox 846 1970 910 2002; x_wconf 93' lang='lat' dir='ltr'>per</span> <span class='ocrx_word' id='word_1_242' title='bbox 937 1970 973 1992; x_wconf 90' lang='lat' dir='ltr'>se</span> <span class='ocrx_word' id='word_1_243' title='bbox 1006 1957 1133 2002; x_wconf 87' lang='lat' dir='ltr'>ipsam,</span> 
     </span>
     <span class='ocr_line' id='line_1_37' title="bbox 139 2009 1133 2049; baseline -0.003 -5"><span class='ocrx_word' id='word_1_244' title='bbox 139 2010 228 2044; x_wconf 89' lang='lat' dir='ltr'>sicut</span> <span class='ocrx_word' id='word_1_245' title='bbox 254 2022 308 2043; x_wconf 88' lang='lat' dir='ltr'>res</span> <span class='ocrx_word' id='word_1_246' title='bbox 330 2015 506 2049; x_wconf 88' lang='lat' dir='ltr'>caeteras,</span> <span class='ocrx_word' id='word_1_247' title='bbox 536 2015 569 2042; x_wconf 89' lang='lat' dir='ltr'>et</span> <span class='ocrx_word' id='word_1_248' title='bbox 597 2021 776 2043; x_wconf 87' lang='lat' dir='ltr'>senescere</span> <span class='ocrx_word' id='word_1_249' title='bbox 800 2009 1033 2049; x_wconf 86' lang='lat' dir='ltr'>industriam,</span> <span class='ocrx_word' id='word_1_250' title='bbox 1060 2009 1133 2042; x_wconf 91' lang='lat' dir='ltr'>bel-</span> 
     </span>
     <span class='ocr_line' id='line_1_38' title="bbox 138 2060 1133 2106; baseline -0.001 -12"><span class='ocrx_word' id='word_1_251' title='bbox 138 2063 245 2095; x_wconf 89' lang='lat' dir='ltr'>lando</span> <span class='ocrx_word' id='word_1_252' title='bbox 274 2073 359 2094; x_wconf 71' lang='lat' dir='ltr'>vero</span> <span class='ocrx_word' id='word_1_253' title='bbox 387 2061 558 2105; x_wconf 90' lang='lat' dir='ltr'>proficere</span> <span class='ocrx_word' id='word_1_254' title='bbox 588 2061 858 2106; x_wconf 81' lang='lat' dir='ltr'>experimentis,</span> <span class='ocrx_word' id='word_1_255' title='bbox 893 2067 927 2094; x_wconf 89' lang='lat' dir='ltr'>et</span> <span class='ocrx_word' id='word_1_256' title='bbox 955 2060 1133 2095; x_wconf 88' lang='lat' dir='ltr'>assuefieri</span> 
     </span>
     <span class='ocr_line' id='line_1_39' title="bbox 138 2112 1134 2157; baseline -0.001 -11"><span class='ocrx_word' id='word_1_257' title='bbox 138 2126 212 2146; x_wconf 91' lang='lat' dir='ltr'>non</span> <span class='ocrx_word' id='word_1_258' title='bbox 238 2112 372 2152; x_wconf 72' lang='lat' dir='ltr'>verbis,</span> <span class='ocrx_word' id='word_1_259' title='bbox 417 2114 477 2146; x_wconf 92' lang='lat' dir='ltr'>sed</span> <span class='ocrx_word' id='word_1_260' title='bbox 501 2125 567 2146; x_wconf 90' lang='lat' dir='ltr'>usu</span> <span class='ocrx_word' id='word_1_261' title='bbox 599 2119 633 2145; x_wconf 91' lang='lat' dir='ltr'>et</span> <span class='ocrx_word' id='word_1_262' title='bbox 664 2113 809 2157; x_wconf 91' lang='lat' dir='ltr'>proeliis</span> <span class='ocrx_word' id='word_1_263' title='bbox 835 2114 880 2146; x_wconf 91' lang='lat' dir='ltr'>ad</span> <span class='ocrx_word' id='word_1_264' title='bbox 904 2113 1134 2157; x_wconf 89' lang='lat' dir='ltr'>depellendos</span> 
     </span>
     <span class='ocr_line' id='line_1_40' title="bbox 139 2163 1133 2209; baseline -0.001 -11"><span class='ocrx_word' id='word_1_265' title='bbox 139 2163 268 2199; x_wconf 87' lang='lat' dir='ltr'>hostes.</span> <span class='ocrx_word' id='word_1_266' title='bbox 338 2163 501 2209; x_wconf 86' lang='lat' dir='ltr'>Denique</span> <span class='ocrx_word' id='word_1_267' title='bbox 537 2163 585 2197; x_wconf 87' lang='lat' dir='ltr'>sic</span> <span class='ocrx_word' id='word_1_268' title='bbox 617 2176 741 2198; x_wconf 90' lang='lat' dir='ltr'>censeo</span> <span class='ocrx_word' id='word_1_269' title='bbox 757 2191 765 2203; x_wconf 89' lang='lat'>,</span> <span class='ocrx_word' id='word_1_270' title='bbox 801 2165 1000 2205; x_wconf 81' lang='lat' dir='ltr'>civitatem,</span> <span class='ocrx_word' id='word_1_271' title='bbox 1043 2176 1133 2209; x_wconf 91' lang='lat' dir='ltr'>quae</span> 
     </span>
     <span class='ocr_line' id='line_1_41' title="bbox 141 2215 1133 2256; baseline -0.002 -7"><span class='ocrx_word' id='word_1_272' title='bbox 141 2223 244 2249; x_wconf 86' lang='lat' dir='ltr'>antea</span> <span class='ocrx_word' id='word_1_273' title='bbox 262 2227 335 2248; x_wconf 91' lang='lat' dir='ltr'>non</span> <span class='ocrx_word' id='word_1_274' title='bbox 354 2215 420 2248; x_wconf 86' lang='lat' dir='ltr'>fuit</span> <span class='ocrx_word' id='word_1_275' title='bbox 439 2216 573 2255; x_wconf 86' lang='lat' dir='ltr'>otiosa,</span> <span class='ocrx_word' id='word_1_276' title='bbox 601 2216 719 2249; x_wconf 88' lang='lat' dir='ltr'>statim</span> <span class='ocrx_word' id='word_1_277' title='bbox 739 2216 885 2256; x_wconf 84' lang='lat' dir='ltr'>destrui,</span> <span class='ocrx_word' id='word_1_278' title='bbox 907 2228 985 2249; x_wconf 88' lang='lat' dir='ltr'>cum</span> <span class='ocrx_word' id='word_1_279' title='bbox 1002 2215 1133 2249; x_wconf 84' lang='lat' dir='ltr'>labori-</span> 
     </span>
     <span class='ocr_line' id='line_1_42' title="bbox 141 2266 1134 2307; baseline 0.001 -7"><span class='ocrx_word' id='word_1_280' title='bbox 141 2269 205 2301; x_wconf 82' lang='lat' dir='ltr'>bus</span> <span class='ocrx_word' id='word_1_281' title='bbox 223 2266 379 2307; x_wconf 90' lang='lat' dir='ltr'>omissis,</span> <span class='ocrx_word' id='word_1_282' title='bbox 406 2267 478 2299; x_wconf 91' lang='lat' dir='ltr'>otio</span> <span class='ocrx_word' id='word_1_283' title='bbox 505 2279 540 2300; x_wconf 91' lang='lat' dir='ltr'>se</span> <span class='ocrx_word' id='word_1_284' title='bbox 567 2267 684 2307; x_wconf 88' lang='lat' dir='ltr'>dedit,</span> <span class='ocrx_word' id='word_1_285' title='bbox 713 2274 747 2300; x_wconf 87' lang='lat' dir='ltr'>et</span> <span class='ocrx_word' id='word_1_286' title='bbox 767 2268 909 2301; x_wconf 88' lang='lat' dir='ltr'>illorum</span> <span class='ocrx_word' id='word_1_287' title='bbox 932 2273 1063 2301; x_wconf 86' lang='lat' dir='ltr'>statum</span> <span class='ocrx_word' id='word_1_288' title='bbox 1080 2273 1134 2301; x_wconf 88' lang='lat' dir='ltr'>tu-</span> 
     </span>
     <span class='ocr_line' id='line_1_43' title="bbox 143 2318 1133 2364; baseline 0 -13"><span class='ocrx_word' id='word_1_289' title='bbox 143 2319 315 2353; x_wconf 83' lang='lat' dir='ltr'>tissimum</span> <span class='ocrx_word' id='word_1_290' title='bbox 328 2331 412 2357; x_wconf 84' lang='lat' dir='ltr'>esse,</span> <span class='ocrx_word' id='word_1_291' title='bbox 431 2318 490 2364; x_wconf 85' lang='lat' dir='ltr'>qui</span> <span class='ocrx_word' id='word_1_292' title='bbox 508 2318 675 2364; x_wconf 82' lang='lat' dir='ltr'>antiquos</span> <span class='ocrx_word' id='word_1_293' title='bbox 691 2332 810 2353; x_wconf 85' lang='lat' dir='ltr'>mores</span> <span class='ocrx_word' id='word_1_294' title='bbox 826 2326 859 2353; x_wconf 89' lang='lat' dir='ltr'>et</span> <span class='ocrx_word' id='word_1_295' title='bbox 871 2319 977 2363; x_wconf 83' lang='lat' dir='ltr'>leges,</span> <span class='ocrx_word' id='word_1_296' title='bbox 995 2319 1133 2352; x_wconf 86' lang='lat' dir='ltr'>etiamsi</span> 
     </span>
     <span class='ocr_line' id='line_1_44' title="bbox 143 2369 648 2410; baseline 0.004 -8"><span class='ocrx_word' id='word_1_297' title='bbox 143 2371 335 2404; x_wconf 84' lang='lat' dir='ltr'>deteriores</span> <span class='ocrx_word' id='word_1_298' title='bbox 351 2376 454 2410; x_wconf 89' lang='lat' dir='ltr'>sunt,</span> <span class='ocrx_word' id='word_1_299' title='bbox 482 2369 648 2404; x_wconf 87' lang='lat' dir='ltr'>retinent.</span> 
     </span>
    </p>
   </div>
   <div class='ocr_carea' id='block_1_3' title="bbox 143 2447 1134 2705">
    <p class='ocr_par' dir='ltr' id='par_1_5' title="bbox 424 2447 851 2493">
     <span class='ocr_line' id='line_1_45' title="bbox 424 2447 851 2493; baseline 0.002 -12"><span class='ocrx_word' id='word_1_300' title='bbox 424 2447 585 2481; x_wconf 86' lang='lat' dir='ltr'>Oratio</span> <span class='ocrx_word' id='word_1_301' title='bbox 612 2447 773 2482; x_wconf 70' lang='lat' dir='ltr'>Niciae</span> <span class='ocrx_word' id='word_1_302' title='bbox 793 2447 851 2493; x_wconf 72' lang='grc'>53).</span> 
     </span>
    </p>

    <p class='ocr_par' dir='ltr' id='par_1_6' title="bbox 143 2505 1134 2705">
     <span class='ocr_line' id='line_1_46' title="bbox 245 2505 1134 2551; baseline 0.004 -12"><span class='ocrx_word' id='word_1_303' title='bbox 245 2505 440 2551; x_wconf 89' lang='lat' dir='ltr'>Postquam</span> <span class='ocrx_word' id='word_1_304' title='bbox 478 2507 627 2541; x_wconf 89' lang='lat' dir='ltr'>omnino</span> <span class='ocrx_word' id='word_1_305' title='bbox 659 2507 762 2540; x_wconf 68' lang='lat' dir='ltr'>video</span> <span class='ocrx_word' id='word_1_306' title='bbox 789 2520 852 2542; x_wconf 75' lang='lat' dir='ltr'>vos</span> <span class='ocrx_word' id='word_1_307' title='bbox 875 2507 1040 2542; x_wconf 83' lang='lat' dir='ltr'>incitatos</span> <span class='ocrx_word' id='word_1_308' title='bbox 1062 2521 1134 2543; x_wconf 89' lang='lat' dir='ltr'>esse</span> 
     </span>
     <span class='ocr_line' id='line_1_47' title="bbox 143 2556 1134 2604; baseline 0.002 -12"><span class='ocrx_word' id='word_1_309' title='bbox 143 2559 187 2592; x_wconf 77' lang='lat' dir='ltr'>ad</span> <span class='ocrx_word' id='word_1_310' title='bbox 222 2556 482 2601; x_wconf 84' lang='lat' dir='ltr'>suscipiendam</span> <span class='ocrx_word' id='word_1_311' title='bbox 526 2559 786 2604; x_wconf 83' lang='lat' dir='ltr'>expeditionem</span> <span class='ocrx_word' id='word_1_312' title='bbox 805 2586 814 2600; x_wconf 91' lang='lat'>,</span> <span class='ocrx_word' id='word_1_313' title='bbox 859 2559 1134 2602; x_wconf 87' lang='lat' dir='ltr'>consideremus,</span> 
     </span>
     <span class='ocr_line' id='line_1_48' title="bbox 143 2609 1134 2656; baseline 0.003 -14"><span class='ocrx_word' id='word_1_314' title='bbox 143 2609 326 2655; x_wconf 89' lang='lat' dir='ltr'>quomodo</span> <span class='ocrx_word' id='word_1_315' title='bbox 345 2621 423 2642; x_wconf 90' lang='lat' dir='ltr'>eam</span> <span class='ocrx_word' id='word_1_316' title='bbox 441 2610 623 2644; x_wconf 87' lang='lat' dir='ltr'>instituere</span> <span class='ocrx_word' id='word_1_317' title='bbox 642 2610 803 2644; x_wconf 74' lang='lat' dir='ltr'>velimus.</span> <span class='ocrx_word' id='word_1_318' title='bbox 857 2611 957 2656; x_wconf 85' lang='lat' dir='ltr'>Quae</span> <span class='ocrx_word' id='word_1_319' title='bbox 973 2612 1009 2644; x_wconf 89' lang='lat' dir='ltr'>in</span> <span class='ocrx_word' id='word_1_320' title='bbox 1031 2624 1134 2656; x_wconf 88' lang='lat' dir='ltr'>prae-</span> 
     </span>
     <span class='ocr_line' id='line_1_49' title="bbox 143 2660 1133 2705; baseline 0.002 -10"><span class='ocrx_word' id='word_1_321' title='bbox 143 2660 254 2695; x_wconf 87' lang='lat' dir='ltr'>sentia</span> <span class='ocrx_word' id='word_1_322' title='bbox 274 2672 337 2704; x_wconf 92' lang='lat' dir='ltr'>ego</span> <span class='ocrx_word' id='word_1_323' title='bbox 356 2661 471 2705; x_wconf 71' lang='lat' dir='ltr'>cogito</span> <span class='ocrx_word' id='word_1_324' title='bbox 484 2688 493 2701; x_wconf 92' lang='lat'>,</span> <span class='ocrx_word' id='word_1_325' title='bbox 523 2662 701 2696; x_wconf 87' lang='lat' dir='ltr'>indicabo.</span> <span class='ocrx_word' id='word_1_326' title='bbox 763 2660 850 2695; x_wconf 85' lang='lat' dir='ltr'>Ituri</span> <span class='ocrx_word' id='word_1_327' title='bbox 870 2675 991 2697; x_wconf 90' lang='lat' dir='ltr'>sumus</span> <span class='ocrx_word' id='word_1_328' title='bbox 1009 2664 1133 2697; x_wconf 69' lang='lat' dir='ltr'>adver-</span> 
     </span>
    </p>
   </div>
   <div class='ocr_carea' id='block_1_4' title="bbox 176 2744 569 2775">
    <p class='ocr_par' dir='ltr' id='par_1_7' title="bbox 176 2744 569 2775">
     <span class='ocr_line' id='line_1_50' title="bbox 176 2744 569 2775; baseline 0.005 -6"><span class='ocrx_word' id='word_1_329' title='bbox 176 2745 224 2770; x_wconf 67' lang='lat'>5³]</span> <span class='ocrx_word' id='word_1_330' title='bbox 244 2744 426 2775; x_wconf 77' lang='lat' dir='ltr'>Thucyd.V1.</span> <span class='ocrx_word' id='word_1_331' title='bbox 446 2744 569 2771; x_wconf 76' lang='lat'>20—23.</span> 
     </span>
    </p>
   </div>
   <div class='ocr_carea' id='block_1_5' title="bbox 709 116 1585 154">
    <p class='ocr_par' dir='ltr' id='par_1_8' title="bbox 709 116 1585 154">
     <span class='ocr_line' id='line_1_51' title="bbox 709 116 1585 154; baseline 0.001 -1"><span class='ocrx_word' id='word_1_332' title='bbox 709 117 832 153; x_wconf 85' lang='lat' dir='ltr'>PHIL.</span> <span class='ocrx_word' id='word_1_333' title='bbox 865 117 977 153; x_wconf 88' lang='lat' dir='ltr'>MEL.</span> <span class='ocrx_word' id='word_1_334' title='bbox 1013 116 1216 153; x_wconf 78' lang='lat' dir='ltr'>SCRIPTA</span> <span class='ocrx_word' id='word_1_335' title='bbox 1248 117 1585 154; x_wconf 86' lang='lat' dir='ltr'>PHILOLOGICA.</span> 
     </span>
    </p>
   </div>
   <div class='ocr_carea' id='block_1_6' title="bbox 2074 119 2174 157">
    <p class='ocr_par' dir='ltr' id='par_1_9' title="bbox 2074 119 2174 157">
     <span class='ocr_line' id='line_1_52' title="bbox 2074 119 2174 157; baseline 0.03 -3"><span class='ocrx_word' id='word_1_336' title='bbox 2074 119 2174 157; x_wconf 73' lang='lat'><strong>1092</strong></span> 
     </span>
    </p>
   </div>
   <div class='ocr_carea' id='block_1_7' title="bbox 1179 203 2184 2673">
    <p class='ocr_par' dir='ltr' id='par_1_10' title="bbox 1179 203 2183 1217">
     <span class='ocr_line' id='line_1_53' title="bbox 1180 203 2175 250; baseline 0.002 -13"><span class='ocrx_word' id='word_1_337' title='bbox 1180 216 1238 237; x_wconf 89' lang='lat' dir='ltr'>sus</span> <span class='ocrx_word' id='word_1_338' title='bbox 1263 203 1441 245; x_wconf 82' lang='lat' dir='ltr'>civitates,</span> <span class='ocrx_word' id='word_1_339' title='bbox 1469 211 1643 250; x_wconf 89' lang='lat' dir='ltr'>quantum</span> <span class='ocrx_word' id='word_1_340' title='bbox 1669 216 1732 248; x_wconf 88' lang='lat' dir='ltr'>ego</span> <span class='ocrx_word' id='word_1_341' title='bbox 1760 203 1886 244; x_wconf 87' lang='lat' dir='ltr'>audio,</span> <span class='ocrx_word' id='word_1_342' title='bbox 1913 216 2082 249; x_wconf 86' lang='lat' dir='ltr'>magnas,</span> <span class='ocrx_word' id='word_1_343' title='bbox 2109 217 2175 239; x_wconf 90' lang='lat' dir='ltr'>nec</span> 
     </span>
     <span class='ocr_line' id='line_1_54' title="bbox 1180 255 2177 301; baseline 0.005 -14"><span class='ocrx_word' id='word_1_344' title='bbox 1180 255 1273 288; x_wconf 90' lang='lat' dir='ltr'>inter</span> <span class='ocrx_word' id='word_1_345' title='bbox 1289 267 1324 289; x_wconf 90' lang='lat' dir='ltr'>se</span> <span class='ocrx_word' id='word_1_346' title='bbox 1341 255 1520 295; x_wconf 86' lang='lat' dir='ltr'>subditas,</span> <span class='ocrx_word' id='word_1_347' title='bbox 1547 268 1611 289; x_wconf 90' lang='lat' dir='ltr'>nec</span> <span class='ocrx_word' id='word_1_348' title='bbox 1635 255 1835 289; x_wconf 85' lang='lat' dir='ltr'>mutatione</span> <span class='ocrx_word' id='word_1_349' title='bbox 1861 256 2068 301; x_wconf 85' lang='lat' dir='ltr'>indigentes</span> <span class='ocrx_word' id='word_1_350' title='bbox 2085 256 2177 292; x_wconf 87' lang='lat' dir='ltr'>eius-</span> 
     </span>
     <span class='ocr_line' id='line_1_55' title="bbox 1179 306 2178 353; baseline 0.004 -14"><span class='ocrx_word' id='word_1_351' title='bbox 1179 306 1291 347; x_wconf 88' lang='lat' dir='ltr'>modi,</span> <span class='ocrx_word' id='word_1_352' title='bbox 1313 319 1382 352; x_wconf 86' lang='lat' dir='ltr'>qua</span> <span class='ocrx_word' id='word_1_353' title='bbox 1401 307 1480 353; x_wconf 88' lang='lat' dir='ltr'>quis</span> <span class='ocrx_word' id='word_1_354' title='bbox 1497 319 1538 340; x_wconf 87' lang='lat' dir='ltr'>ex</span> <span class='ocrx_word' id='word_1_355' title='bbox 1553 307 1708 341; x_wconf 81' lang='lat' dir='ltr'>violenta</span> <span class='ocrx_word' id='word_1_356' title='bbox 1725 307 1895 341; x_wconf 86' lang='lat' dir='ltr'>servitute</span> <span class='ocrx_word' id='word_1_357' title='bbox 1913 308 2038 343; x_wconf 90' lang='lat' dir='ltr'>lubens</span> <span class='ocrx_word' id='word_1_358' title='bbox 2060 314 2178 343; x_wconf 88' lang='lat' dir='ltr'>trans-</span> 
     </span>
     <span class='ocr_line' id='line_1_56' title="bbox 1181 357 2178 405; baseline 0.002 -15"><span class='ocrx_word' id='word_1_359' title='bbox 1181 364 1239 391; x_wconf 89' lang='lat' dir='ltr'>eat</span> <span class='ocrx_word' id='word_1_360' title='bbox 1254 357 1291 390; x_wconf 91' lang='lat' dir='ltr'>in</span> <span class='ocrx_word' id='word_1_361' title='bbox 1308 358 1526 399; x_wconf 83' lang='lat' dir='ltr'>faciliorem,</span> <span class='ocrx_word' id='word_1_362' title='bbox 1554 371 1619 392; x_wconf 92' lang='lat' dir='ltr'>nec</span> <span class='ocrx_word' id='word_1_363' title='bbox 1646 366 1849 404; x_wconf 87' lang='lat' dir='ltr'>recepturas</span> <span class='ocrx_word' id='word_1_364' title='bbox 1874 365 2037 394; x_wconf 88' lang='lat' dir='ltr'>nostrum</span> <span class='ocrx_word' id='word_1_365' title='bbox 2063 359 2178 405; x_wconf 88' lang='lat' dir='ltr'>impe-</span> 
     </span>
     <span class='ocr_line' id='line_1_57' title="bbox 1182 409 2178 454; baseline 0.004 -13"><span class='ocrx_word' id='word_1_366' title='bbox 1182 409 1276 442; x_wconf 89' lang='lat' dir='ltr'>rium</span> <span class='ocrx_word' id='word_1_367' title='bbox 1293 421 1358 454; x_wconf 86' lang='lat' dir='ltr'>pro</span> <span class='ocrx_word' id='word_1_368' title='bbox 1375 422 1437 444; x_wconf 88' lang='lat' dir='ltr'>sua</span> <span class='ocrx_word' id='word_1_369' title='bbox 1454 409 1637 450; x_wconf 88' lang='lat' dir='ltr'>libertate,</span> <span class='ocrx_word' id='word_1_370' title='bbox 1663 416 1703 444; x_wconf 85' lang='lat' dir='ltr'>ut</span> <span class='ocrx_word' id='word_1_371' title='bbox 1727 417 2004 445; x_wconf 88' lang='lat' dir='ltr'>consentaneum</span> <span class='ocrx_word' id='word_1_372' title='bbox 2020 417 2090 452; x_wconf 87' lang='lat' dir='ltr'>est,</span> <span class='ocrx_word' id='word_1_373' title='bbox 2116 412 2178 445; x_wconf 89' lang='lat' dir='ltr'>de-</span> 
     </span>
     <span class='ocr_line' id='line_1_58' title="bbox 1182 460 2180 506; baseline 0.004 -13"><span class='ocrx_word' id='word_1_374' title='bbox 1182 460 1291 506; x_wconf 87' lang='lat' dir='ltr'>nique</span> <span class='ocrx_word' id='word_1_375' title='bbox 1327 461 1495 495; x_wconf 84' lang='lat' dir='ltr'>adversus</span> <span class='ocrx_word' id='word_1_376' title='bbox 1529 461 1659 495; x_wconf 88' lang='lat' dir='ltr'>multas</span> <span class='ocrx_word' id='word_1_377' title='bbox 1693 461 1731 494; x_wconf 89' lang='lat' dir='ltr'>in</span> <span class='ocrx_word' id='word_1_378' title='bbox 1763 475 1835 496; x_wconf 87' lang='lat' dir='ltr'>una</span> <span class='ocrx_word' id='word_1_379' title='bbox 1869 463 1985 497; x_wconf 85' lang='lat' dir='ltr'>insula</span> <span class='ocrx_word' id='word_1_380' title='bbox 2019 461 2180 497; x_wconf 85' lang='lat' dir='ltr'>civitates</span> 
     </span>
     <span class='ocr_line' id='line_1_59' title="bbox 1184 512 2177 560; baseline 0.003 -15"><span class='ocrx_word' id='word_1_381' title='bbox 1184 512 1350 546; x_wconf 86' lang='lat' dir='ltr'>Graecas.</span> <span class='ocrx_word' id='word_1_382' title='bbox 1393 512 1487 547; x_wconf 84' lang='lat' dir='ltr'>Nam</span> <span class='ocrx_word' id='word_1_383' title='bbox 1504 519 1646 558; x_wconf 87' lang='lat' dir='ltr'>praeter</span> <span class='ocrx_word' id='word_1_384' title='bbox 1661 512 1801 547; x_wconf 81' lang='lat' dir='ltr'>Naxum</span> <span class='ocrx_word' id='word_1_385' title='bbox 1818 520 1852 548; x_wconf 90' lang='lat' dir='ltr'>et</span> <span class='ocrx_word' id='word_1_386' title='bbox 1869 514 2063 554; x_wconf 77' lang='lat' dir='ltr'>catanam,</span> <span class='ocrx_word' id='word_1_387' title='bbox 2088 526 2177 560; x_wconf 83' lang='lat' dir='ltr'>quas</span> 
     </span>
     <span class='ocr_line' id='line_1_60' title="bbox 1184 564 2175 610; baseline 0.003 -14"><span class='ocrx_word' id='word_1_388' title='bbox 1184 575 1287 608; x_wconf 90' lang='lat' dir='ltr'>spero</span> <span class='ocrx_word' id='word_1_389' title='bbox 1305 564 1349 596; x_wconf 89' lang='lat' dir='ltr'>ad</span> <span class='ocrx_word' id='word_1_390' title='bbox 1368 575 1433 598; x_wconf 93' lang='lat' dir='ltr'>nos</span> <span class='ocrx_word' id='word_1_391' title='bbox 1450 576 1650 598; x_wconf 86' lang='lat' dir='ltr'>accessuras</span> <span class='ocrx_word' id='word_1_392' title='bbox 1668 576 1740 598; x_wconf 87' lang='lat' dir='ltr'>esse</span> <span class='ocrx_word' id='word_1_393' title='bbox 1760 571 1908 610; x_wconf 88' lang='lat' dir='ltr'>propter</span> <span class='ocrx_word' id='word_1_394' title='bbox 1924 565 2175 610; x_wconf 82' lang='lat' dir='ltr'>cognationem</span> 
     </span>
     <span class='ocr_line' id='line_1_61' title="bbox 1184 614 2179 662; baseline 0.003 -14"><span class='ocrx_word' id='word_1_395' title='bbox 1184 627 1265 649; x_wconf 89' lang='lat' dir='ltr'>cum</span> <span class='ocrx_word' id='word_1_396' title='bbox 1287 614 1494 657; x_wconf 87' lang='lat' dir='ltr'>Leontinis,</span> <span class='ocrx_word' id='word_1_397' title='bbox 1530 616 1620 649; x_wconf 86' lang='lat' dir='ltr'>aliae</span> <span class='ocrx_word' id='word_1_398' title='bbox 1647 622 1729 649; x_wconf 87' lang='lat' dir='ltr'>sunt</span> <span class='ocrx_word' id='word_1_399' title='bbox 1750 622 1884 661; x_wconf 88' lang='lat' dir='ltr'>septem</span> <span class='ocrx_word' id='word_1_400' title='bbox 1909 616 2088 657; x_wconf 87' lang='lat' dir='ltr'>civitates,</span> <span class='ocrx_word' id='word_1_401' title='bbox 2116 629 2179 662; x_wconf 88' lang='lat' dir='ltr'>ap·-</span> 
     </span>
     <span class='ocr_line' id='line_1_62' title="bbox 1184 667 2180 711; baseline 0.003 -12"><span class='ocrx_word' id='word_1_402' title='bbox 1184 673 1314 711; x_wconf 88' lang='lat' dir='ltr'>paratu</span> <span class='ocrx_word' id='word_1_403' title='bbox 1328 679 1475 711; x_wconf 88' lang='lat' dir='ltr'>prorsus</span> <span class='ocrx_word' id='word_1_404' title='bbox 1492 667 1585 700; x_wconf 90' lang='lat' dir='ltr'>inter</span> <span class='ocrx_word' id='word_1_405' title='bbox 1602 679 1676 711; x_wconf 78' lang='lat' dir='ltr'>sese</span> <span class='ocrx_word' id='word_1_406' title='bbox 1694 667 1827 702; x_wconf 89' lang='lat' dir='ltr'>similes</span> <span class='ocrx_word' id='word_1_407' title='bbox 1850 674 1884 701; x_wconf 89' lang='lat' dir='ltr'>et</span> <span class='ocrx_word' id='word_1_408' title='bbox 1899 668 2002 702; x_wconf 90' lang='lat' dir='ltr'>nobis</span> <span class='ocrx_word' id='word_1_409' title='bbox 2021 668 2180 709; x_wconf 90' lang='lat' dir='ltr'>Graecis,</span> 
     </span>
     <span class='ocr_line' id='line_1_63' title="bbox 1184 718 2179 766; baseline 0.002 -15"><span class='ocrx_word' id='word_1_410' title='bbox 1184 724 1218 751; x_wconf 92' lang='lat' dir='ltr'>et</span> <span class='ocrx_word' id='word_1_411' title='bbox 1234 718 1425 762; x_wconf 87' lang='lat' dir='ltr'>praecipue</span> <span class='ocrx_word' id='word_1_412' title='bbox 1434 718 1497 766; x_wconf 73' lang='lat'>53²³)</span> <span class='ocrx_word' id='word_1_413' title='bbox 1521 720 1610 752; x_wconf 90' lang='lat' dir='ltr'>duae</span> <span class='ocrx_word' id='word_1_414' title='bbox 1627 719 1722 759; x_wconf 90' lang='lat' dir='ltr'>illae,</span> <span class='ocrx_word' id='word_1_415' title='bbox 1745 731 1833 765; x_wconf 91' lang='lat' dir='ltr'>quas</span> <span class='ocrx_word' id='word_1_416' title='bbox 1848 719 2017 764; x_wconf 90' lang='lat' dir='ltr'>petimus,</span> <span class='ocrx_word' id='word_1_417' title='bbox 2040 719 2179 754; x_wconf 90' lang='lat' dir='ltr'>Selinus</span> 
     </span>
     <span class='ocr_line' id='line_1_64' title="bbox 1184 768 2180 816; baseline 0.001 -13"><span class='ocrx_word' id='word_1_418' title='bbox 1184 775 1217 803; x_wconf 90' lang='lat' dir='ltr'>et</span> <span class='ocrx_word' id='word_1_419' title='bbox 1232 769 1439 814; x_wconf 81' lang='lat' dir='ltr'>Syracusae.</span> <span class='ocrx_word' id='word_1_420' title='bbox 1487 768 1539 803; x_wconf 92' lang='lat' dir='ltr'>Ibi</span> <span class='ocrx_word' id='word_1_421' title='bbox 1557 770 1650 803; x_wconf 91' lang='lat' dir='ltr'>enim</span> <span class='ocrx_word' id='word_1_422' title='bbox 1668 770 1772 803; x_wconf 90' lang='lat' dir='ltr'>multi</span> <span class='ocrx_word' id='word_1_423' title='bbox 1789 777 1873 804; x_wconf 90' lang='lat' dir='ltr'>sunt</span> <span class='ocrx_word' id='word_1_424' title='bbox 1887 771 2044 816; x_wconf 89' lang='lat' dir='ltr'>pedites,</span> <span class='ocrx_word' id='word_1_425' title='bbox 2069 770 2180 815; x_wconf 88' lang='lat' dir='ltr'>legio-</span> 
     </span>
     <span class='ocr_line' id='line_1_65' title="bbox 1183 820 2179 866; baseline 0.002 -13"><span class='ocrx_word' id='word_1_426' title='bbox 1183 820 1277 854; x_wconf 88' lang='lat' dir='ltr'>narii</span> <span class='ocrx_word' id='word_1_427' title='bbox 1302 827 1335 854; x_wconf 90' lang='lat' dir='ltr'>et</span> <span class='ocrx_word' id='word_1_428' title='bbox 1367 821 1561 866; x_wconf 86' lang='lat' dir='ltr'>sagittarii,</span> <span class='ocrx_word' id='word_1_429' title='bbox 1596 822 1729 855; x_wconf 89' lang='lat' dir='ltr'>multae</span> <span class='ocrx_word' id='word_1_430' title='bbox 1758 821 1942 863; x_wconf 85' lang='lat' dir='ltr'>triremes,</span> <span class='ocrx_word' id='word_1_431' title='bbox 1982 829 2017 856; x_wconf 87' lang='lat' dir='ltr'>et</span> <span class='ocrx_word' id='word_1_432' title='bbox 2048 833 2179 866; x_wconf 85' lang='lat' dir='ltr'>magna</span> 
     </span>
     <span class='ocr_line' id='line_1_66' title="bbox 1183 871 2179 919; baseline 0.003 -14"><span class='ocrx_word' id='word_1_433' title='bbox 1183 871 1376 906; x_wconf 87' lang='lat' dir='ltr'>multitudo</span> <span class='ocrx_word' id='word_1_434' title='bbox 1403 874 1449 906; x_wconf 91' lang='lat' dir='ltr'>ad</span> <span class='ocrx_word' id='word_1_435' title='bbox 1475 885 1533 907; x_wconf 89' lang='lat' dir='ltr'>eas</span> <span class='ocrx_word' id='word_1_436' title='bbox 1566 873 1777 918; x_wconf 89' lang='lat' dir='ltr'>implendas.</span> <span class='ocrx_word' id='word_1_437' title='bbox 1845 873 1989 907; x_wconf 86' lang='lat' dir='ltr'>Habent</span> <span class='ocrx_word' id='word_1_438' title='bbox 2015 880 2050 908; x_wconf 89' lang='lat' dir='ltr'>et</span> <span class='ocrx_word' id='word_1_439' title='bbox 2072 886 2179 919; x_wconf 89' lang='lat' dir='ltr'>pecu-</span> 
     </span>
     <span class='ocr_line' id='line_1_67' title="bbox 1182 924 2180 971; baseline 0.001 -14"><span class='ocrx_word' id='word_1_440' title='bbox 1182 924 1281 957; x_wconf 86' lang='lat' dir='ltr'>niam</span> <span class='ocrx_word' id='word_1_441' title='bbox 1305 930 1380 958; x_wconf 90' lang='lat' dir='ltr'>tum</span> <span class='ocrx_word' id='word_1_442' title='bbox 1407 924 1606 969; x_wconf 81' lang='lat' dir='ltr'>privatam,</span> <span class='ocrx_word' id='word_1_443' title='bbox 1645 931 1721 959; x_wconf 88' lang='lat' dir='ltr'>tum</span> <span class='ocrx_word' id='word_1_444' title='bbox 1746 925 1949 970; x_wconf 85' lang='lat' dir='ltr'>publicam,</span> <span class='ocrx_word' id='word_1_445' title='bbox 1983 925 2180 971; x_wconf 85' lang='lat' dir='ltr'>repositam</span> 
     </span>
     <span class='ocr_line' id='line_1_68' title="bbox 1184 975 2180 1023; baseline 0.002 -15"><span class='ocrx_word' id='word_1_446' title='bbox 1184 975 1221 1008; x_wconf 90' lang='lat' dir='ltr'>in</span> <span class='ocrx_word' id='word_1_447' title='bbox 1244 975 1386 1020; x_wconf 87' lang='lat' dir='ltr'>templis</span> <span class='ocrx_word' id='word_1_448' title='bbox 1414 976 1634 1011; x_wconf 87' lang='lat' dir='ltr'>Selinuntiis.</span> <span class='ocrx_word' id='word_1_449' title='bbox 1688 976 1884 1022; x_wconf 84' lang='lat' dir='ltr'>Syracusiis</span> <span class='ocrx_word' id='word_1_450' title='bbox 1907 989 1993 1010; x_wconf 77' lang='lat' dir='ltr'>vero</span> <span class='ocrx_word' id='word_1_451' title='bbox 2017 977 2180 1023; x_wconf 89' lang='lat' dir='ltr'>pendun-</span> 
     </span>
     <span class='ocr_line' id='line_1_69' title="bbox 1184 1027 2182 1075; baseline 0.002 -15"><span class='ocrx_word' id='word_1_452' title='bbox 1184 1034 1242 1061; x_wconf 87' lang='lat' dir='ltr'>tur</span> <span class='ocrx_word' id='word_1_453' title='bbox 1268 1033 1303 1060; x_wconf 91' lang='lat' dir='ltr'>et</span> <span class='ocrx_word' id='word_1_454' title='bbox 1327 1027 1507 1071; x_wconf 86' lang='lat' dir='ltr'>primitiae</span> <span class='ocrx_word' id='word_1_455' title='bbox 1533 1039 1551 1060; x_wconf 91' lang='lat' dir='ltr'>a</span> <span class='ocrx_word' id='word_1_456' title='bbox 1574 1027 1737 1062; x_wconf 89' lang='lat' dir='ltr'>barbaris</span> <span class='ocrx_word' id='word_1_457' title='bbox 1765 1029 2000 1074; x_wconf 91' lang='lat' dir='ltr'>quibusdam,</span> <span class='ocrx_word' id='word_1_458' title='bbox 2047 1040 2117 1075; x_wconf 87' lang='lat' dir='ltr'>qua</span> <span class='ocrx_word' id='word_1_459' title='bbox 2135 1029 2182 1062; x_wconf 85' lang='lat' dir='ltr'>&#39;re</span> 
     </span>
     <span class='ocr_line' id='line_1_70' title="bbox 1183 1078 2183 1126; baseline 0.002 -15"><span class='ocrx_word' id='word_1_460' title='bbox 1183 1078 1337 1111; x_wconf 79' lang='lat' dir='ltr'>maxime</span> <span class='ocrx_word' id='word_1_461' title='bbox 1364 1079 1591 1113; x_wconf 83' lang='lat' dir='ltr'>antecellunt.</span> <span class='ocrx_word' id='word_1_462' title='bbox 1644 1079 1833 1113; x_wconf 87' lang='lat' dir='ltr'>Praeterea</span> <span class='ocrx_word' id='word_1_463' title='bbox 1860 1086 1894 1113; x_wconf 92' lang='lat' dir='ltr'>et</span> <span class='ocrx_word' id='word_1_464' title='bbox 1919 1092 2030 1126; x_wconf 91' lang='lat' dir='ltr'>equos</span> <span class='ocrx_word' id='word_1_465' title='bbox 2048 1080 2183 1114; x_wconf 89' lang='lat' dir='ltr'>multos</span> 
     </span>
     <span class='ocr_line' id='line_1_71' title="bbox 1184 1129 2181 1175; baseline 0.001 -12"><span class='ocrx_word' id='word_1_466' title='bbox 1184 1129 1386 1175; x_wconf 84' lang='lat' dir='ltr'>possident,</span> <span class='ocrx_word' id='word_1_467' title='bbox 1415 1136 1449 1163; x_wconf 89' lang='lat' dir='ltr'>et</span> <span class='ocrx_word' id='word_1_468' title='bbox 1470 1137 1621 1164; x_wconf 88' lang='lat' dir='ltr'>utuntur</span> <span class='ocrx_word' id='word_1_469' title='bbox 1645 1131 1825 1165; x_wconf 80' lang='lat' dir='ltr'>frumento</span> <span class='ocrx_word' id='word_1_470' title='bbox 1852 1131 1951 1165; x_wconf 91' lang='lat' dir='ltr'>domi</span> <span class='ocrx_word' id='word_1_471' title='bbox 1973 1137 2081 1173; x_wconf 84' lang='lat' dir='ltr'>nato,</span> <span class='ocrx_word' id='word_1_472' title='bbox 2106 1143 2181 1164; x_wconf 90' lang='lat' dir='ltr'>non</span> 
     </span>
     <span class='ocr_line' id='line_1_72' title="bbox 1185 1181 1510 1217; baseline 0.009 -3"><span class='ocrx_word' id='word_1_473' title='bbox 1185 1181 1327 1216; x_wconf 91' lang='lat' dir='ltr'>aliunde</span> <span class='ocrx_word' id='word_1_474' title='bbox 1348 1182 1510 1217; x_wconf 77' lang='lat' dir='ltr'>advecto-</span> 
     </span>
    </p>

    <p class='ocr_par' dir='ltr' id='par_1_11' title="bbox 1184 1232 2184 2673">
     <span class='ocr_line' id='line_1_73' title="bbox 1288 1232 2181 1278; baseline 0 -12"><span class='ocrx_word' id='word_1_475' title='bbox 1288 1232 1468 1267; x_wconf 70' lang='lat' dir='ltr'>Adversus</span> <span class='ocrx_word' id='word_1_476' title='bbox 1500 1239 1637 1267; x_wconf 87' lang='lat' dir='ltr'>tantam</span> <span class='ocrx_word' id='word_1_477' title='bbox 1671 1233 1869 1278; x_wconf 86' lang='lat' dir='ltr'>potentiam</span> <span class='ocrx_word' id='word_1_478' title='bbox 1901 1246 1991 1278; x_wconf 90' lang='lat' dir='ltr'>opus</span> <span class='ocrx_word' id='word_1_479' title='bbox 2023 1239 2076 1268; x_wconf 92' lang='lat' dir='ltr'>est</span> <span class='ocrx_word' id='word_1_480' title='bbox 2105 1245 2181 1267; x_wconf 88' lang='lat' dir='ltr'>non</span> 
     </span>
     <span class='ocr_line' id='line_1_74' title="bbox 1184 1284 2180 1330; baseline 0.001 -13"><span class='ocrx_word' id='word_1_481' title='bbox 1184 1290 1324 1318; x_wconf 89' lang='lat' dir='ltr'>tantum</span> <span class='ocrx_word' id='word_1_482' title='bbox 1348 1285 1489 1318; x_wconf 89' lang='lat' dir='ltr'>nautica</span> <span class='ocrx_word' id='word_1_483' title='bbox 1517 1291 1550 1318; x_wconf 87' lang='lat' dir='ltr'>et</span> <span class='ocrx_word' id='word_1_484' title='bbox 1579 1284 1706 1329; x_wconf 81' lang='lat' dir='ltr'>ignava</span> <span class='ocrx_word' id='word_1_485' title='bbox 1730 1286 1855 1326; x_wconf 86' lang='lat' dir='ltr'>turba,</span> <span class='ocrx_word' id='word_1_486' title='bbox 1883 1287 1944 1319; x_wconf 89' lang='lat' dir='ltr'>sed</span> <span class='ocrx_word' id='word_1_487' title='bbox 1966 1296 2099 1329; x_wconf 88' lang='lat' dir='ltr'>magno</span> <span class='ocrx_word' id='word_1_488' title='bbox 2119 1297 2180 1330; x_wconf 88' lang='lat' dir='ltr'>pe-</span> 
     </span>
     <span class='ocr_line' id='line_1_75' title="bbox 1185 1335 2178 1381; baseline 0 -12"><span class='ocrx_word' id='word_1_489' title='bbox 1185 1335 1318 1376; x_wconf 89' lang='lat' dir='ltr'>ditatu,</span> <span class='ocrx_word' id='word_1_490' title='bbox 1354 1336 1382 1369; x_wconf 91' lang='lat' dir='ltr'>si</span> <span class='ocrx_word' id='word_1_491' title='bbox 1410 1336 1496 1381; x_wconf 88' lang='lat' dir='ltr'>quid</span> <span class='ocrx_word' id='word_1_492' title='bbox 1518 1336 1684 1371; x_wconf 82' lang='lat' dir='ltr'>volumus</span> <span class='ocrx_word' id='word_1_493' title='bbox 1706 1336 1853 1381; x_wconf 84' lang='lat' dir='ltr'>dignum</span> <span class='ocrx_word' id='word_1_494' title='bbox 1878 1347 2000 1381; x_wconf 85' lang='lat' dir='ltr'>gerere</span> <span class='ocrx_word' id='word_1_495' title='bbox 2027 1336 2178 1370; x_wconf 90' lang='lat' dir='ltr'>consilio</span> 
     </span>
     <span class='ocr_line' id='line_1_76' title="bbox 1184 1387 2180 1433; baseline 0.001 -13"><span class='ocrx_word' id='word_1_496' title='bbox 1184 1393 1329 1428; x_wconf 86' lang='lat' dir='ltr'>nostr0‚</span> <span class='ocrx_word' id='word_1_497' title='bbox 1357 1393 1392 1420; x_wconf 91' lang='lat' dir='ltr'>et</span> <span class='ocrx_word' id='word_1_498' title='bbox 1412 1400 1487 1420; x_wconf 87' lang='lat' dir='ltr'>non</span> <span class='ocrx_word' id='word_1_499' title='bbox 1511 1388 1625 1421; x_wconf 88' lang='lat' dir='ltr'>arceri</span> <span class='ocrx_word' id='word_1_500' title='bbox 1647 1400 1666 1420; x_wconf 88' lang='lat' dir='ltr'>a</span> <span class='ocrx_word' id='word_1_501' title='bbox 1689 1394 1783 1420; x_wconf 88' lang='lat' dir='ltr'>terra</span> <span class='ocrx_word' id='word_1_502' title='bbox 1807 1399 1871 1432; x_wconf 89' lang='lat' dir='ltr'>per</span> <span class='ocrx_word' id='word_1_503' title='bbox 1894 1387 2050 1433; x_wconf 88' lang='lat' dir='ltr'>equites,</span> <span class='ocrx_word' id='word_1_504' title='bbox 2076 1399 2180 1432; x_wconf 90' lang='lat' dir='ltr'>prae-</span> 
     </span>
     <span class='ocr_line' id='line_1_77' title="bbox 1185 1430 2180 1483; baseline 0 -11"><span class='ocrx_word' id='word_1_505' title='bbox 1185 1438 1306 1472; x_wconf 90' lang='lat' dir='ltr'>sertim</span> <span class='ocrx_word' id='word_1_506' title='bbox 1331 1439 1361 1472; x_wconf 86' lang='lat' dir='ltr'>si</span> <span class='ocrx_word' id='word_1_507' title='bbox 1385 1430 1545 1473; x_wconf 73' lang='lat' dir='ltr'>civit&#39;ates</span> <span class='ocrx_word' id='word_1_508' title='bbox 1570 1445 1667 1472; x_wconf 89' lang='lat' dir='ltr'>metu</span> <span class='ocrx_word' id='word_1_509' title='bbox 1689 1452 1762 1473; x_wconf 86' lang='lat' dir='ltr'>sese</span> <span class='ocrx_word' id='word_1_510' title='bbox 1781 1438 2018 1483; x_wconf 88' lang='lat' dir='ltr'>coniungant,</span> <span class='ocrx_word' id='word_1_511' title='bbox 2045 1451 2111 1472; x_wconf 91' lang='lat' dir='ltr'>nec</span> <span class='ocrx_word' id='word_1_512' title='bbox 2128 1439 2180 1472; x_wconf 83' lang='lat' dir='ltr'>vi-</span> 
     </span>
     <span class='ocr_line' id='line_1_78' title="bbox 1186 1489 2180 1536; baseline 0.001 -13"><span class='ocrx_word' id='word_1_513' title='bbox 1186 1489 1302 1524; x_wconf 89' lang='lat' dir='ltr'>cissim</span> <span class='ocrx_word' id='word_1_514' title='bbox 1326 1490 1430 1523; x_wconf 89' lang='lat' dir='ltr'>nobis</span> <span class='ocrx_word' id='word_1_515' title='bbox 1453 1497 1595 1535; x_wconf 89' lang='lat' dir='ltr'>praesto</span> <span class='ocrx_word' id='word_1_516' title='bbox 1621 1490 1691 1524; x_wconf 89' lang='lat' dir='ltr'>sint</span> <span class='ocrx_word' id='word_1_517' title='bbox 1713 1490 1775 1523; x_wconf 90' lang='lat' dir='ltr'>alii</span> <span class='ocrx_word' id='word_1_518' title='bbox 1800 1490 1904 1524; x_wconf 90' lang='lat' dir='ltr'>amici</span> <span class='ocrx_word' id='word_1_519' title='bbox 1925 1490 2068 1535; x_wconf 85' lang='lat' dir='ltr'>praeter</span> <span class='ocrx_word' id='word_1_520' title='bbox 2089 1489 2180 1536; x_wconf 83' lang='lat' dir='ltr'>Ege-</span> 
     </span>
     <span class='ocr_line' id='line_1_79' title="bbox 1185 1542 2182 1588; baseline 0 -13"><span class='ocrx_word' id='word_1_521' title='bbox 1185 1548 1326 1582; x_wconf 88' lang='lat' dir='ltr'>stanos,</span> <span class='ocrx_word' id='word_1_522' title='bbox 1354 1554 1509 1587; x_wconf 89' lang='lat' dir='ltr'>quorum</span> <span class='ocrx_word' id='word_1_523' title='bbox 1531 1542 1664 1576; x_wconf 76' lang='lat' dir='ltr'>auxilio</span> <span class='ocrx_word' id='word_1_524' title='bbox 1688 1543 1823 1588; x_wconf 88' lang='lat' dir='ltr'>equites</span> <span class='ocrx_word' id='word_1_525' title='bbox 1848 1542 2079 1588; x_wconf 86' lang='lat' dir='ltr'>depellamus.</span> <span class='ocrx_word' id='word_1_526' title='bbox 2130 1542 2182 1575; x_wconf 90' lang='lat' dir='ltr'>Ac</span> 
     </span>
     <span class='ocr_line' id='line_1_80' title="bbox 1185 1592 2182 1639; baseline 0.001 -13"><span class='ocrx_word' id='word_1_527' title='bbox 1185 1599 1289 1638; x_wconf 86' lang='lat' dir='ltr'>turpe</span> <span class='ocrx_word' id='word_1_528' title='bbox 1311 1592 1397 1634; x_wconf 92' lang='lat' dir='ltr'>erit,</span> <span class='ocrx_word' id='word_1_529' title='bbox 1426 1606 1491 1628; x_wconf 92' lang='lat' dir='ltr'>nos</span> <span class='ocrx_word' id='word_1_530' title='bbox 1517 1601 1578 1628; x_wconf 88' lang='lat' dir='ltr'>aut</span> <span class='ocrx_word' id='word_1_531' title='bbox 1603 1594 1636 1627; x_wconf 74' lang='lat' dir='ltr'>vi</span> <span class='ocrx_word' id='word_1_532' title='bbox 1664 1595 1786 1639; x_wconf 91' lang='lat' dir='ltr'>pulsos</span> <span class='ocrx_word' id='word_1_533' title='bbox 1800 1594 1960 1639; x_wconf 85' lang='lat' dir='ltr'>regredi,</span> <span class='ocrx_word' id='word_1_534' title='bbox 1988 1596 2050 1628; x_wconf 82' lang='lat' dir='ltr'>aut</span> <span class='ocrx_word' id='word_1_535' title='bbox 2067 1606 2182 1628; x_wconf 89' lang='lat' dir='ltr'>accer-</span> 
     </span>
     <span class='ocr_line' id='line_1_81' title="bbox 1185 1645 2182 1691; baseline 0 -12"><span class='ocrx_word' id='word_1_536' title='bbox 1185 1657 1261 1679; x_wconf 91' lang='lat' dir='ltr'>sere</span> <span class='ocrx_word' id='word_1_537' title='bbox 1279 1657 1374 1679; x_wconf 74' lang='lat' dir='ltr'>nova</span> <span class='ocrx_word' id='word_1_538' title='bbox 1399 1645 1550 1687; x_wconf 83' lang='lat' dir='ltr'>auxilia,</span> <span class='ocrx_word' id='word_1_539' title='bbox 1577 1645 1735 1691; x_wconf 89' lang='lat' dir='ltr'>primum</span> <span class='ocrx_word' id='word_1_540' title='bbox 1759 1658 1797 1679; x_wconf 90' lang='lat' dir='ltr'>re</span> <span class='ocrx_word' id='word_1_541' title='bbox 1822 1645 2085 1680; x_wconf 83' lang='lat' dir='ltr'>inconsiderate</span> <span class='ocrx_word' id='word_1_542' title='bbox 2105 1651 2182 1679; x_wconf 90' lang='lat' dir='ltr'>ten-</span> 
     </span>
     <span class='ocr_line' id='line_1_82' title="bbox 1185 1696 2182 1743; baseline 0.002 -13"><span class='ocrx_word' id='word_1_543' title='bbox 1185 1703 1271 1732; x_wconf 83' lang='lat' dir='ltr'>tata.</span> <span class='ocrx_word' id='word_1_544' title='bbox 1328 1696 1463 1731; x_wconf 90' lang='lat' dir='ltr'>Idcirco</span> <span class='ocrx_word' id='word_1_545' title='bbox 1498 1697 1716 1742; x_wconf 88' lang='lat' dir='ltr'>praestiterit</span> <span class='ocrx_word' id='word_1_546' title='bbox 1749 1697 1853 1732; x_wconf 89' lang='lat' dir='ltr'>initio</span> <span class='ocrx_word' id='word_1_547' title='bbox 1888 1710 1968 1732; x_wconf 89' lang='lat' dir='ltr'>cum</span> <span class='ocrx_word' id='word_1_548' title='bbox 2004 1704 2182 1743; x_wconf 87' lang='lat' dir='ltr'>apparatu</span> 
     </span>
     <span class='ocr_line' id='line_1_83' title="bbox 1185 1748 2181 1796; baseline 0.001 -15"><span class='ocrx_word' id='word_1_549' title='bbox 1185 1748 1294 1794; x_wconf 86' lang='lat' dir='ltr'>digno</span> <span class='ocrx_word' id='word_1_550' title='bbox 1319 1750 1485 1782; x_wconf 89' lang='lat' dir='ltr'>accedere</span> <span class='ocrx_word' id='word_1_551' title='bbox 1507 1756 1541 1783; x_wconf 88' lang='lat' dir='ltr'>et</span> <span class='ocrx_word' id='word_1_552' title='bbox 1565 1750 1741 1794; x_wconf 83' lang='lat' dir='ltr'>cogitare,</span> <span class='ocrx_word' id='word_1_553' title='bbox 1770 1750 1867 1796; x_wconf 89' lang='lat' dir='ltr'>quod</span> <span class='ocrx_word' id='word_1_554' title='bbox 1889 1749 2015 1795; x_wconf 91' lang='lat' dir='ltr'>procul</span> <span class='ocrx_word' id='word_1_555' title='bbox 2031 1749 2181 1783; x_wconf 89' lang='lat' dir='ltr'>discedi-</span> 
     </span>
     <span class='ocr_line' id='line_1_84' title="bbox 1186 1801 2178 1847; baseline 0 -13"><span class='ocrx_word' id='word_1_556' title='bbox 1186 1814 1266 1835; x_wconf 87' lang='lat' dir='ltr'>mus</span> <span class='ocrx_word' id='word_1_557' title='bbox 1294 1812 1312 1833; x_wconf 92' lang='lat' dir='ltr'>a</span> <span class='ocrx_word' id='word_1_558' title='bbox 1336 1801 1452 1846; x_wconf 90' lang='lat' dir='ltr'>patria</span> <span class='ocrx_word' id='word_1_559' title='bbox 1476 1808 1599 1836; x_wconf 87' lang='lat' dir='ltr'>nostra</span> <span class='ocrx_word' id='word_1_560' title='bbox 1612 1828 1621 1842; x_wconf 94' lang='lat'>,</span> <span class='ocrx_word' id='word_1_561' title='bbox 1649 1813 1714 1834; x_wconf 90' lang='lat' dir='ltr'>nec</span> <span class='ocrx_word' id='word_1_562' title='bbox 1732 1801 1923 1835; x_wconf 83' lang='lat' dir='ltr'>militaturi</span> <span class='ocrx_word' id='word_1_563' title='bbox 1939 1801 2049 1835; x_wconf 86' lang='lat' dir='ltr'>simus</span> <span class='ocrx_word' id='word_1_564' title='bbox 2063 1812 2178 1847; x_wconf 87' lang='lat' dir='ltr'>aequo</span> 
     </span>
     <span class='ocr_line' id='line_1_85' title="bbox 1185 1852 2180 1897; baseline 0 -11"><span class='ocrx_word' id='word_1_565' title='bbox 1185 1853 1279 1893; x_wconf 91' lang='lat' dir='ltr'>loco,</span> <span class='ocrx_word' id='word_1_566' title='bbox 1295 1864 1360 1886; x_wconf 89' lang='lat' dir='ltr'>nec</span> <span class='ocrx_word' id='word_1_567' title='bbox 1371 1865 1436 1897; x_wconf 89' lang='lat' dir='ltr'>per</span> <span class='ocrx_word' id='word_1_568' title='bbox 1449 1853 1526 1886; x_wconf 88' lang='lat' dir='ltr'>loca</span> <span class='ocrx_word' id='word_1_569' title='bbox 1543 1852 1782 1894; x_wconf 88' lang='lat' dir='ltr'>subditorum,</span> <span class='ocrx_word' id='word_1_570' title='bbox 1798 1854 1893 1887; x_wconf 89' lang='lat' dir='ltr'>unde</span> <span class='ocrx_word' id='word_1_571' title='bbox 1909 1852 2028 1887; x_wconf 87' lang='lat' dir='ltr'>faciles</span> <span class='ocrx_word' id='word_1_572' title='bbox 2043 1852 2180 1897; x_wconf 89' lang='lat' dir='ltr'>impor-</span> 
     </span>
     <span class='ocr_line' id='line_1_86' title="bbox 1187 1903 2181 1950; baseline 0.001 -13"><span class='ocrx_word' id='word_1_573' title='bbox 1187 1904 1340 1938; x_wconf 90' lang='lat' dir='ltr'>tationes</span> <span class='ocrx_word' id='word_1_574' title='bbox 1356 1917 1477 1939; x_wconf 89' lang='lat' dir='ltr'>rerum</span> <span class='ocrx_word' id='word_1_575' title='bbox 1494 1904 1775 1938; x_wconf 88' lang='lat' dir='ltr'>necessariarum</span> <span class='ocrx_word' id='word_1_576' title='bbox 1795 1911 1979 1950; x_wconf 85' lang='lat' dir='ltr'>expectare</span> <span class='ocrx_word' id='word_1_577' title='bbox 1990 1903 2181 1950; x_wconf 88' lang='lat' dir='ltr'>possimus,</span> 
     </span>
     <span class='ocr_line' id='line_1_87' title="bbox 1187 1956 2181 2002; baseline -0.001 -12"><span class='ocrx_word' id='word_1_578' title='bbox 1187 1957 1247 1990; x_wconf 91' lang='lat' dir='ltr'>sed</span> <span class='ocrx_word' id='word_1_579' title='bbox 1271 1968 1419 2001; x_wconf 88' lang='lat' dir='ltr'>prorsus</span> <span class='ocrx_word' id='word_1_580' title='bbox 1436 1956 1473 1989; x_wconf 89' lang='lat' dir='ltr'>in</span> <span class='ocrx_word' id='word_1_581' title='bbox 1491 1956 1643 1990; x_wconf 90' lang='lat' dir='ltr'>alienam</span> <span class='ocrx_word' id='word_1_582' title='bbox 1659 1963 1791 1990; x_wconf 84' lang='lat' dir='ltr'>terram</span> <span class='ocrx_word' id='word_1_583' title='bbox 1810 1956 2026 1997; x_wconf 79' lang='lat' dir='ltr'>avellamur,</span> <span class='ocrx_word' id='word_1_584' title='bbox 2053 1968 2094 1989; x_wconf 85' lang='lat' dir='ltr'>ex</span> <span class='ocrx_word' id='word_1_585' title='bbox 2110 1967 2181 2002; x_wconf 88' lang='lat' dir='ltr'>qua</span> 
     </span>
     <span class='ocr_line' id='line_1_88' title="bbox 1187 2006 2180 2054; baseline -0.001 -12"><span class='ocrx_word' id='word_1_586' title='bbox 1187 2021 1252 2053; x_wconf 89' lang='lat' dir='ltr'>per</span> <span class='ocrx_word' id='word_1_587' title='bbox 1270 2014 1426 2054; x_wconf 89' lang='lat' dir='ltr'>quatuor</span> <span class='ocrx_word' id='word_1_588' title='bbox 1443 2006 1613 2042; x_wconf 89' lang='lat' dir='ltr'>hibernos</span> <span class='ocrx_word' id='word_1_589' title='bbox 1630 2020 1769 2042; x_wconf 90' lang='lat' dir='ltr'>menses</span> <span class='ocrx_word' id='word_1_590' title='bbox 1788 2008 1848 2041; x_wconf 73' lang='lat' dir='ltr'>vix</span> <span class='ocrx_word' id='word_1_591' title='bbox 1864 2007 2000 2041; x_wconf 89' lang='lat' dir='ltr'>nuntiis</span> <span class='ocrx_word' id='word_1_592' title='bbox 2018 2007 2070 2040; x_wconf 89' lang='lat' dir='ltr'>ire</span> <span class='ocrx_word' id='word_1_593' title='bbox 2087 2007 2180 2041; x_wconf 89' lang='lat' dir='ltr'>redi-</span> 
     </span>
     <span class='ocr_line' id='line_1_89' title="bbox 1187 2057 2181 2106; baseline -0.001 -13"><span class='ocrx_word' id='word_1_594' title='bbox 1187 2072 1297 2106; x_wconf 88' lang='lat' dir='ltr'>reque</span> <span class='ocrx_word' id='word_1_595' title='bbox 1313 2060 1414 2093; x_wconf 90' lang='lat' dir='ltr'>facile</span> <span class='ocrx_word' id='word_1_596' title='bbox 1431 2060 1509 2095; x_wconf 87' lang='lat' dir='ltr'>erit.</span> <span class='ocrx_word' id='word_1_597' title='bbox 1544 2057 1636 2093; x_wconf 86' lang='lat' dir='ltr'>Mihi</span> <span class='ocrx_word' id='word_1_598' title='bbox 1650 2060 1769 2105; x_wconf 90' lang='lat' dir='ltr'>itaque</span> <span class='ocrx_word' id='word_1_599' title='bbox 1787 2059 1947 2100; x_wconf 72' lang='lat' dir='ltr'>videtur,</span> <span class='ocrx_word' id='word_1_600' title='bbox 1971 2071 2037 2093; x_wconf 90' lang='lat' dir='ltr'>nos</span> <span class='ocrx_word' id='word_1_601' title='bbox 2053 2060 2181 2093; x_wconf 90' lang='lat' dir='ltr'>ducere</span> 
     </span>
     <span class='ocr_line' id='line_1_90' title="bbox 1189 2110 2183 2157; baseline 0.001 -13"><span class='ocrx_word' id='word_1_602' title='bbox 1189 2118 1355 2157; x_wconf 91' lang='lat' dir='ltr'>oportere</span> <span class='ocrx_word' id='word_1_603' title='bbox 1386 2112 1602 2157; x_wconf 83' lang='lat' dir='ltr'>legionarios</span> <span class='ocrx_word' id='word_1_604' title='bbox 1625 2111 1756 2145; x_wconf 89' lang='lat' dir='ltr'>multos</span> <span class='ocrx_word' id='word_1_605' title='bbox 1780 2123 1821 2145; x_wconf 84' lang='lat' dir='ltr'>ex</span> <span class='ocrx_word' id='word_1_606' title='bbox 1840 2111 1963 2152; x_wconf 89' lang='lat' dir='ltr'>nobis,</span> <span class='ocrx_word' id='word_1_607' title='bbox 1998 2123 2040 2144; x_wconf 81' lang='lat' dir='ltr'>ex</span> <span class='ocrx_word' id='word_1_608' title='bbox 2066 2110 2183 2152; x_wconf 89' lang='lat' dir='ltr'>sociis,</span> 
     </span>
     <span class='ocr_line' id='line_1_91' title="bbox 1189 2162 2180 2209; baseline 0 -12"><span class='ocrx_word' id='word_1_609' title='bbox 1189 2170 1223 2197; x_wconf 86' lang='lat' dir='ltr'>et</span> <span class='ocrx_word' id='word_1_610' title='bbox 1245 2176 1286 2197; x_wconf 84' lang='lat' dir='ltr'>ex</span> <span class='ocrx_word' id='word_1_611' title='bbox 1310 2163 1477 2205; x_wconf 84' lang='lat' dir='ltr'>subditis,</span> <span class='ocrx_word' id='word_1_612' title='bbox 1510 2176 1551 2197; x_wconf 85' lang='lat' dir='ltr'>ex</span> <span class='ocrx_word' id='word_1_613' title='bbox 1576 2163 1847 2207; x_wconf 86' lang='lat' dir='ltr'>Peloponnesiis</span> <span class='ocrx_word' id='word_1_614' title='bbox 1876 2162 2003 2203; x_wconf 90' lang='lat' dir='ltr'>etiam,</span> <span class='ocrx_word' id='word_1_615' title='bbox 2036 2162 2065 2196; x_wconf 88' lang='lat' dir='ltr'>si</span> <span class='ocrx_word' id='word_1_616' title='bbox 2090 2175 2180 2209; x_wconf 90' lang='lat' dir='ltr'>quos</span> 
     </span>
     <span class='ocr_line' id='line_1_92' title="bbox 1189 2214 2180 2260; baseline -0.001 -12"><span class='ocrx_word' id='word_1_617' title='bbox 1189 2221 1251 2249; x_wconf 89' lang='lat' dir='ltr'>aut</span> <span class='ocrx_word' id='word_1_618' title='bbox 1273 2216 1507 2260; x_wconf 87' lang='lat' dir='ltr'>persuadere,</span> <span class='ocrx_word' id='word_1_619' title='bbox 1535 2221 1573 2249; x_wconf 91' lang='lat' dir='ltr'>ut</span> <span class='ocrx_word' id='word_1_620' title='bbox 1590 2214 1774 2248; x_wconf 90' lang='lat' dir='ltr'>nobiscum</span> <span class='ocrx_word' id='word_1_621' title='bbox 1800 2215 1975 2256; x_wconf 87' lang='lat' dir='ltr'>militent,</span> <span class='ocrx_word' id='word_1_622' title='bbox 2002 2220 2064 2248; x_wconf 88' lang='lat' dir='ltr'>aut</span> <span class='ocrx_word' id='word_1_623' title='bbox 2086 2226 2180 2247; x_wconf 89' lang='lat' dir='ltr'>mer-</span> 
     </span>
     <span class='ocr_line' id='line_1_93' title="bbox 1190 2263 2181 2311; baseline 0 -11"><span class='ocrx_word' id='word_1_624' title='bbox 1190 2267 1272 2300; x_wconf 91' lang='lat' dir='ltr'>cede</span> <span class='ocrx_word' id='word_1_625' title='bbox 1297 2266 1401 2301; x_wconf 88' lang='lat' dir='ltr'>nobis</span> <span class='ocrx_word' id='word_1_626' title='bbox 1424 2267 1617 2311; x_wconf 83' lang='lat' dir='ltr'>adiungere</span> <span class='ocrx_word' id='word_1_627' title='bbox 1640 2278 1846 2310; x_wconf 89' lang='lat' dir='ltr'>possumus;</span> <span class='ocrx_word' id='word_1_628' title='bbox 1880 2272 1914 2300; x_wconf 91' lang='lat' dir='ltr'>et</span> <span class='ocrx_word' id='word_1_629' title='bbox 1936 2272 2079 2311; x_wconf 88' lang='lat' dir='ltr'>praeter</span> <span class='ocrx_word' id='word_1_630' title='bbox 2100 2263 2181 2307; x_wconf 88' lang='lat' dir='ltr'>hos,</span> 
     </span>
     <span class='ocr_line' id='line_1_94' title="bbox 1189 2317 2181 2364; baseline -0.002 -12"><span class='ocrx_word' id='word_1_631' title='bbox 1189 2318 1391 2362; x_wconf 84' lang='lat' dir='ltr'>sagittarios</span> <span class='ocrx_word' id='word_1_632' title='bbox 1407 2319 1538 2352; x_wconf 87' lang='lat' dir='ltr'>multos</span> <span class='ocrx_word' id='word_1_633' title='bbox 1555 2324 1587 2351; x_wconf 89' lang='lat' dir='ltr'>et</span> <span class='ocrx_word' id='word_1_634' title='bbox 1603 2318 1814 2359; x_wconf 88' lang='lat' dir='ltr'>funditores,</span> <span class='ocrx_word' id='word_1_635' title='bbox 1835 2318 1895 2364; x_wconf 90' lang='lat' dir='ltr'>qui</span> <span class='ocrx_word' id='word_1_636' title='bbox 1913 2317 2087 2364; x_wconf 89' lang='lat' dir='ltr'>equitatui</span> <span class='ocrx_word' id='word_1_637' title='bbox 2102 2318 2181 2350; x_wconf 80' lang='lat' dir='ltr'>illo-</span> 
     </span>
     <span class='ocr_line' id='line_1_95' title="bbox 1188 2369 2182 2414; baseline -0.001 -11"><span class='ocrx_word' id='word_1_638' title='bbox 1188 2381 1269 2404; x_wconf 89' lang='lat' dir='ltr'>rum</span> <span class='ocrx_word' id='word_1_639' title='bbox 1281 2370 1458 2404; x_wconf 84' lang='lat' dir='ltr'>resistant.</span> <span class='ocrx_word' id='word_1_640' title='bbox 1496 2369 1635 2402; x_wconf 89' lang='lat' dir='ltr'>Deinde</span> <span class='ocrx_word' id='word_1_641' title='bbox 1645 2370 1795 2404; x_wconf 72' lang='lat' dir='ltr'>navibus</span> <span class='ocrx_word' id='word_1_642' title='bbox 1804 2382 1869 2404; x_wconf 91' lang='lat' dir='ltr'>nos</span> <span class='ocrx_word' id='word_1_643' title='bbox 1879 2369 2062 2403; x_wconf 88' lang='lat' dir='ltr'>abundare</span> <span class='ocrx_word' id='word_1_644' title='bbox 2075 2381 2182 2414; x_wconf 92' lang='lat' dir='ltr'>opor-</span> 
     </span>
     <span class='ocr_line' id='line_1_96' title="bbox 1188 2418 2184 2467; baseline -0.002 -12"><span class='ocrx_word' id='word_1_645' title='bbox 1188 2427 1239 2455; x_wconf 86' lang='lat' dir='ltr'>tet</span> <span class='ocrx_word' id='word_1_646' title='bbox 1247 2434 1326 2455; x_wconf 91' lang='lat' dir='ltr'>cum</span> <span class='ocrx_word' id='word_1_647' title='bbox 1344 2421 1433 2462; x_wconf 89' lang='lat' dir='ltr'>aliis,</span> <span class='ocrx_word' id='word_1_648' title='bbox 1449 2421 1577 2467; x_wconf 87' lang='lat' dir='ltr'>quibus</span> <span class='ocrx_word' id='word_1_649' title='bbox 1593 2421 1789 2455; x_wconf 89' lang='lat' dir='ltr'>necessaria</span> <span class='ocrx_word' id='word_1_650' title='bbox 1805 2421 1906 2454; x_wconf 86' lang='lat' dir='ltr'>facile</span> <span class='ocrx_word' id='word_1_651' title='bbox 1923 2418 2184 2462; x_wconf 75' lang='lat' dir='ltr'>convellantur,</span> 
     </span>
     <span class='ocr_line' id='line_1_97' title="bbox 1189 2470 2183 2518; baseline -0.002 -11"><span class='ocrx_word' id='word_1_652' title='bbox 1189 2479 1265 2507; x_wconf 91' lang='lat' dir='ltr'>tum</span> <span class='ocrx_word' id='word_1_653' title='bbox 1290 2472 1482 2514; x_wconf 87' lang='lat' dir='ltr'>onerariis,</span> <span class='ocrx_word' id='word_1_654' title='bbox 1510 2472 1637 2518; x_wconf 90' lang='lat' dir='ltr'>quibus</span> <span class='ocrx_word' id='word_1_655' title='bbox 1661 2473 1817 2507; x_wconf 85' lang='lat' dir='ltr'>triticum</span> <span class='ocrx_word' id='word_1_656' title='bbox 1841 2479 1875 2507; x_wconf 91' lang='lat' dir='ltr'>et</span> <span class='ocrx_word' id='word_1_657' title='bbox 1899 2470 2076 2506; x_wconf 87' lang='lat' dir='ltr'>hordeum</span> <span class='ocrx_word' id='word_1_658' title='bbox 2110 2478 2183 2505; x_wconf 91' lang='lat' dir='ltr'>tor-</span> 
     </span>
     <span class='ocr_line' id='line_1_98' title="bbox 1188 2524 2180 2570; baseline -0.002 -12"><span class='ocrx_word' id='word_1_659' title='bbox 1188 2526 1361 2559; x_wconf 89' lang='lat' dir='ltr'>refactum</span> <span class='ocrx_word' id='word_1_660' title='bbox 1386 2525 1611 2569; x_wconf 85' lang='lat' dir='ltr'>importetur.</span> <span class='ocrx_word' id='word_1_661' title='bbox 1659 2525 1846 2559; x_wconf 84' lang='lat' dir='ltr'>Adducere</span> <span class='ocrx_word' id='word_1_662' title='bbox 1863 2530 2006 2570; x_wconf 90' lang='lat' dir='ltr'>oportet</span> <span class='ocrx_word' id='word_1_663' title='bbox 2022 2529 2055 2557; x_wconf 92' lang='lat' dir='ltr'>et</span> <span class='ocrx_word' id='word_1_664' title='bbox 2070 2524 2180 2568; x_wconf 87' lang='lat' dir='ltr'>pisto-</span> 
     </span>
     <span class='ocr_line' id='line_1_99' title="bbox 1188 2576 2180 2622; baseline -0.001 -13"><span class='ocrx_word' id='word_1_665' title='bbox 1188 2589 1245 2610; x_wconf 89' lang='lat' dir='ltr'>res</span> <span class='ocrx_word' id='word_1_666' title='bbox 1282 2589 1323 2610; x_wconf 85' lang='lat' dir='ltr'>ex</span> <span class='ocrx_word' id='word_1_667' title='bbox 1352 2576 1596 2617; x_wconf 83' lang='lat' dir='ltr'>molitoribus,</span> <span class='ocrx_word' id='word_1_668' title='bbox 1640 2589 1705 2621; x_wconf 91' lang='lat' dir='ltr'>pro</span> <span class='ocrx_word' id='word_1_669' title='bbox 1740 2583 1841 2621; x_wconf 89' lang='lat' dir='ltr'>parte</span> <span class='ocrx_word' id='word_1_670' title='bbox 1877 2576 1997 2622; x_wconf 87' lang='lat' dir='ltr'>aliqua</span> <span class='ocrx_word' id='word_1_671' title='bbox 2026 2581 2180 2616; x_wconf 89' lang='lat' dir='ltr'>coactos,</span> 
     </span>
     <span class='ocr_line' id='line_1_100' title="bbox 1186 2627 2182 2673; baseline -0.002 -12"><span class='ocrx_word' id='word_1_672' title='bbox 1186 2628 1318 2673; x_wconf 87' lang='lat' dir='ltr'>partim</span> <span class='ocrx_word' id='word_1_673' title='bbox 1334 2628 1495 2661; x_wconf 90' lang='lat' dir='ltr'>mercede</span> <span class='ocrx_word' id='word_1_674' title='bbox 1514 2629 1726 2669; x_wconf 85' lang='lat' dir='ltr'>conductos,</span> <span class='ocrx_word' id='word_1_675' title='bbox 1752 2634 1809 2669; x_wconf 85' lang='lat' dir='ltr'>ut,</span> <span class='ocrx_word' id='word_1_676' title='bbox 1840 2627 1951 2662; x_wconf 84' lang='lat' dir='ltr'>sicubi</span> <span class='ocrx_word' id='word_1_677' title='bbox 1967 2627 2182 2660; x_wconf 87' lang='lat' dir='ltr'>intercluda-</span> 
     </span>
    </p>
   </div>
   <div class='ocr_carea' id='block_1_8' title="bbox 1222 2705 2179 2777">
    <p class='ocr_par' dir='ltr' id='par_1_12' title="bbox 1222 2705 2179 2777">
     <span class='ocr_line' id='line_1_101' title="bbox 1222 2705 2179 2742; baseline -0.002 -7"><span class='ocrx_word' id='word_1_678' title='bbox 1222 2712 1285 2740; x_wconf 65' lang='lat'><strong>53³)</strong></span> <span class='ocrx_word' id='word_1_679' title='bbox 1307 2711 1466 2741; x_wconf 82' lang='lat' dir='ltr'>praecipue]</span> <span class='ocrx_word' id='word_1_680' title='bbox 1488 2710 1527 2734; x_wconf 77' lang='lat' dir='ltr'>sie</span> <span class='ocrx_word' id='word_1_681' title='bbox 1547 2710 1708 2742; x_wconf 81' lang='lat' dir='ltr'>scripsimus</span> <span class='ocrx_word' id='word_1_682' title='bbox 1727 2719 1756 2732; x_wconf 67' lang='grc' dir='ltr'>ε</span> <span class='ocrx_word' id='word_1_683' title='bbox 1777 2711 1897 2742; x_wconf 77' lang='lat' dir='ltr'>Thucyd.</span> <span class='ocrx_word' id='word_1_684' title='bbox 1917 2705 1970 2742; x_wconf 67' lang='grc' dir='ltr'>οὐχ</span> <span class='ocrx_word' id='word_1_685' title='bbox 1988 2705 2105 2741; x_wconf 50' lang='lat' dir='ltr'>{mmm</span> <span class='ocrx_word' id='word_1_686' title='bbox 2125 2707 2179 2734; x_wconf 82' lang='lat' dir='ltr'>Ed.</span> 
     </span>
     <span class='ocr_line' id='line_1_102' title="bbox 1258 2746 1516 2777; baseline -0.008 -7"><span class='ocrx_word' id='word_1_687' title='bbox 1258 2746 1329 2770; x_wconf 77' lang='lat'>1562.</span> <span class='ocrx_word' id='word_1_688' title='bbox 1347 2746 1516 2777; x_wconf 83' lang='lat' dir='ltr'>praecipuae.</span> 
     </span>
    </p>
   </div>
  </div>
 </body>
</html>
