<?xml version="1.0" encoding="UTF-8"?>
<!DOCTYPE html PUBLIC "-//W3C//DTD XHTML 1.0 Transitional//EN"
    "http://www.w3.org/TR/xhtml1/DTD/xhtml1-transitional.dtd">
<html xmlns="http://www.w3.org/1999/xhtml" xml:lang="en" lang="en">
 <head>
  <title>
</title>
<meta http-equiv="Content-Type" content="text/html;charset=utf-8" />
  <meta name='ocr-system' content='tesseract 3.04.00' />
  <meta name='ocr-capabilities' content='ocr_page ocr_carea ocr_par ocr_line ocrx_word'/>
</head>
<body>
  <div class='ocr_page' id='page_1' title='image "./operaquaesupersu17melauoft/operaquaesupersu17melauoft_0264.png"; bbox 0 0 2351 2990; ppageno 0'>
   <div class='ocr_carea' id='block_1_1' title="bbox 408 206 968 252">
    <p class='ocr_par' dir='ltr' id='par_1_1' title="bbox 408 206 968 252">
     <span class='ocr_line' id='line_1_1' title="bbox 408 206 968 252; baseline 0.004 -14"><span class='ocrx_word' id='word_1_1' title='bbox 408 206 543 240; x_wconf 82' lang='lat' dir='ltr'>Aliud</span> <span class='ocrx_word' id='word_1_2' title='bbox 577 213 888 252; x_wconf 74' lang='lat' dir='ltr'>argumentum</span> <span class='ocrx_word' id='word_1_3' title='bbox 907 206 968 251; x_wconf 62' lang='grc'>51).</span> 
     </span>
    </p>
   </div>
   <div class='ocr_carea' id='block_1_2' title="bbox 190 279 1180 529">
    <p class='ocr_par' dir='ltr' id='par_1_2' title="bbox 190 279 1180 529">
     <span class='ocr_line' id='line_1_2' title="bbox 292 279 1180 327; baseline 0.001 -14"><span class='ocrx_word' id='word_1_4' title='bbox 292 279 396 313; x_wconf 87' lang='lat' dir='ltr'>lnitio</span> <span class='ocrx_word' id='word_1_5' title='bbox 432 287 483 314; x_wconf 87' lang='lat' dir='ltr'>est</span> <span class='ocrx_word' id='word_1_6' title='bbox 514 282 629 316; x_wconf 70' lang='lat' dir='ltr'>brevis</span> <span class='ocrx_word' id='word_1_7' title='bbox 654 282 863 325; x_wconf 77' lang='lat' dir='ltr'>gratulatio,</span> <span class='ocrx_word' id='word_1_8' title='bbox 905 282 1002 327; x_wconf 88' lang='lat' dir='ltr'>quod</span> <span class='ocrx_word' id='word_1_9' title='bbox 1033 280 1180 314; x_wconf 85' lang='lat' dir='ltr'>redierit</span> 
     </span>
     <span class='ocr_line' id='line_1_3' title="bbox 192 331 1180 376; baseline -0.001 -11"><span class='ocrx_word' id='word_1_10' title='bbox 192 331 307 365; x_wconf 70' lang='lat' dir='ltr'>salvus</span> <span class='ocrx_word' id='word_1_11' title='bbox 339 338 372 364; x_wconf 86' lang='lat' dir='ltr'>ct</span> <span class='ocrx_word' id='word_1_12' title='bbox 402 331 589 365; x_wconf 86' lang='lat' dir='ltr'>incolumis</span> <span class='ocrx_word' id='word_1_13' title='bbox 623 345 663 365; x_wconf 81' lang='lat' dir='ltr'>cx</span> <span class='ocrx_word' id='word_1_14' title='bbox 690 332 885 376; x_wconf 68' lang='lat' dir='ltr'>provincia.</span> <span class='ocrx_word' id='word_1_15' title='bbox 954 332 1083 366; x_wconf 80' lang='lat' dir='ltr'>Postea</span> <span class='ocrx_word' id='word_1_16' title='bbox 1107 332 1180 376; x_wconf 85' lang='lat' dir='ltr'>agit</span> 
     </span>
     <span class='ocr_line' id='line_1_4' title="bbox 190 382 1179 427; baseline 0.002 -14"><span class='ocrx_word' id='word_1_17' title='bbox 190 382 332 425; x_wconf 75' lang='lat' dir='ltr'>gratias.</span> <span class='ocrx_word' id='word_1_18' title='bbox 395 383 528 416; x_wconf 85' lang='lat' dir='ltr'>Ultimo</span> <span class='ocrx_word' id='word_1_19' title='bbox 551 384 759 426; x_wconf 83' lang='lat' dir='ltr'>deprecatur</span> <span class='ocrx_word' id='word_1_20' title='bbox 781 395 846 427; x_wconf 89' lang='lat' dir='ltr'>pro</span> <span class='ocrx_word' id='word_1_21' title='bbox 872 383 1053 417; x_wconf 87' lang='lat' dir='ltr'>cuiusdam</span> <span class='ocrx_word' id='word_1_22' title='bbox 1075 383 1179 416; x_wconf 84' lang='lat' dir='ltr'>amici</span> 
     </span>
     <span class='ocr_line' id='line_1_5' title="bbox 192 432 1179 478; baseline 0.003 -14"><span class='ocrx_word' id='word_1_23' title='bbox 192 433 289 470; x_wconf 74' lang='lat' dir='ltr'>tiliis,</span> <span class='ocrx_word' id='word_1_24' title='bbox 315 433 375 478; x_wconf 86' lang='lat' dir='ltr'>qui</span> <span class='ocrx_word' id='word_1_25' title='bbox 400 446 418 466; x_wconf 85' lang='lat' dir='ltr'>a</span> <span class='ocrx_word' id='word_1_26' title='bbox 435 432 601 476; x_wconf 80' lang='lat' dir='ltr'>Philippo</span> <span class='ocrx_word' id='word_1_27' title='bbox 630 440 777 478; x_wconf 86' lang='lat' dir='ltr'>propter</span> <span class='ocrx_word' id='word_1_28' title='bbox 799 446 929 467; x_wconf 79' lang='lat' dir='ltr'>noxam</span> <span class='ocrx_word' id='word_1_29' title='bbox 956 434 1068 478; x_wconf 87' lang='lat' dir='ltr'>patris</span> <span class='ocrx_word' id='word_1_30' title='bbox 1092 434 1179 467; x_wconf 88' lang='lat' dir='ltr'>deti-</span> 
     </span>
     <span class='ocr_line' id='line_1_6' title="bbox 191 483 1121 529; baseline 0.004 -14"><span class='ocrx_word' id='word_1_31' title='bbox 191 484 377 518; x_wconf 76' lang='lat' dir='ltr'>nebantur.</span> <span class='ocrx_word' id='word_1_32' title='bbox 430 483 561 528; x_wconf 85' lang='lat' dir='ltr'>Estque</span> <span class='ocrx_word' id='word_1_33' title='bbox 578 483 705 524; x_wconf 79' lang='lat' dir='ltr'>mixta,</span> <span class='ocrx_word' id='word_1_34' title='bbox 733 485 870 529; x_wconf 81' lang='lat' dir='ltr'>generis</span> <span class='ocrx_word' id='word_1_35' title='bbox 888 485 1121 519; x_wconf 76' lang='lat' dir='ltr'>deliberativi.</span> 
     </span>
    </p>
   </div>
   <div class='ocr_carea' id='block_1_3' title="bbox 193 589 1181 849">
    <p class='ocr_par' dir='ltr' id='par_1_3' title="bbox 193 589 1181 849">
     <span class='ocr_line' id='line_1_7' title="bbox 336 589 1047 638; baseline 0.007 -14"><span class='ocrx_word' id='word_1_36' title='bbox 336 589 519 625; x_wconf 80' lang='lat' dir='ltr'>Scholia</span> <span class='ocrx_word' id='word_1_37' title='bbox 548 591 593 625; x_wconf 89' lang='lat' dir='ltr'>in</span> <span class='ocrx_word' id='word_1_38' title='bbox 621 593 865 638; x_wconf 89' lang='lat' dir='ltr'>epistolam</span> <span class='ocrx_word' id='word_1_39' title='bbox 893 594 1047 630; x_wconf 81' lang='lat' dir='ltr'>LXXIV.</span> 
     </span>
     <span class='ocr_line' id='line_1_8' title="bbox 294 669 1181 718; baseline 0.005 -18"><span class='ocrx_word' id='word_1_40' title='bbox 294 669 369 700; x_wconf 71' lang='lat' dir='ltr'>Etsi</span> <span class='ocrx_word' id='word_1_41' title='bbox 393 679 458 700; x_wconf 77' lang='lat' dir='ltr'>non</span> <span class='ocrx_word' id='word_1_42' title='bbox 480 669 593 702; x_wconf 76' lang='lat' dir='ltr'>dubito</span> <span class='ocrx_word' id='word_1_43' title='bbox 613 681 676 713; x_wconf 84' lang='lat' dir='ltr'>pro</span> <span class='ocrx_word' id='word_1_44' title='bbox 697 675 777 711; x_wconf 79' lang='lat' dir='ltr'>tua,</span> <span class='ocrx_word' id='word_1_45' title='bbox 813 669 897 718; x_wconf 80' lang='lat' dir='ltr'>etc.]</span> <span class='ocrx_word' id='word_1_46' title='bbox 937 670 1105 706; x_wconf 81' lang='lat' dir='ltr'>Narratio</span> <span class='ocrx_word' id='word_1_47' title='bbox 1123 670 1181 718; x_wconf 73' lang='lat'>5⁵).</span> 
     </span>
     <span class='ocr_line' id='line_1_9' title="bbox 193 715 589 764; baseline 0.008 -14"><span class='ocrx_word' id='word_1_48' title='bbox 193 715 419 764; x_wconf 75' lang='lat' dir='ltr'><strong><em>Quapropter]</em></strong></span> <span class='ocrx_word' id='word_1_49' title='bbox 446 717 589 753; x_wconf 86' lang='lat' dir='ltr'>Petitio.</span> 
     </span>
     <span class='ocr_line' id='line_1_10' title="bbox 484 800 885 849; baseline 0.007 -15"><span class='ocrx_word' id='word_1_50' title='bbox 484 800 813 847; x_wconf 83' lang='lat' dir='ltr'>Argumentum</span> <span class='ocrx_word' id='word_1_51' title='bbox 827 802 885 849; x_wconf 67' lang='grc'>56).</span> 
     </span>
    </p>
   </div>
   <div class='ocr_carea' id='block_1_4' title="bbox 194 865 1183 1106">
    <p class='ocr_par' dir='ltr' id='par_1_4' title="bbox 194 865 1183 1106">
     <span class='ocr_line' id='line_1_11' title="bbox 293 865 1182 915; baseline 0.004 -16"><span class='ocrx_word' id='word_1_52' title='bbox 293 865 390 901; x_wconf 89' lang='lat' dir='ltr'>Haec</span> <span class='ocrx_word' id='word_1_53' title='bbox 410 867 577 913; x_wconf 87' lang='lat' dir='ltr'>epistola,</span> <span class='ocrx_word' id='word_1_54' title='bbox 604 881 694 915; x_wconf 87' lang='lat' dir='ltr'>quae</span> <span class='ocrx_word' id='word_1_55' title='bbox 711 868 820 904; x_wconf 87' lang='lat' dir='ltr'>habet</span> <span class='ocrx_word' id='word_1_56' title='bbox 836 870 980 903; x_wconf 81' lang='lat' dir='ltr'>brevem</span> <span class='ocrx_word' id='word_1_57' title='bbox 1005 881 1182 903; x_wconf 86' lang='lat' dir='ltr'>commcn-</span> 
     </span>
     <span class='ocr_line' id='line_1_12' title="bbox 194 915 1183 966; baseline 0.006 -18"><span class='ocrx_word' id='word_1_58' title='bbox 194 915 376 950; x_wconf 76' lang='lat' dir='ltr'>dationem</span> <span class='ocrx_word' id='word_1_59' title='bbox 393 918 503 963; x_wconf 85' lang='lat' dir='ltr'>Oppii</span> <span class='ocrx_word' id='word_1_60' title='bbox 519 925 553 952; x_wconf 88' lang='lat' dir='ltr'>et</span> <span class='ocrx_word' id='word_1_61' title='bbox 568 919 712 964; x_wconf 84' lang='lat' dir='ltr'>Egnatii</span> <span class='ocrx_word' id='word_1_62' title='bbox 724 948 733 961; x_wconf 86' lang='lat'>,</span> <span class='ocrx_word' id='word_1_63' title='bbox 761 921 988 966; x_wconf 69' lang='lat' dir='ltr'>praecedenti</span> <span class='ocrx_word' id='word_1_64' title='bbox 1007 927 1058 954; x_wconf 87' lang='lat' dir='ltr'>est</span> <span class='ocrx_word' id='word_1_65' title='bbox 1081 933 1183 965; x_wconf 88' lang='lat' dir='ltr'>prae-</span> 
     </span>
     <span class='ocr_line' id='line_1_13' title="bbox 195 968 1183 1015; baseline 0.006 -16"><span class='ocrx_word' id='word_1_66' title='bbox 195 969 372 1010; x_wconf 91' lang='lat' dir='ltr'>ponenda.</span> <span class='ocrx_word' id='word_1_67' title='bbox 397 968 594 1003; x_wconf 76' lang='lat' dir='ltr'>Exordium</span> <span class='ocrx_word' id='word_1_68' title='bbox 610 972 798 1015; x_wconf 83' lang='lat' dir='ltr'>figuratum</span> <span class='ocrx_word' id='word_1_69' title='bbox 816 979 867 1005; x_wconf 87' lang='lat' dir='ltr'>est</span> <span class='ocrx_word' id='word_1_70' title='bbox 883 972 1183 1005; x_wconf 84' lang='lat' dir='ltr'>circumductione</span> 
     </span>
     <span class='ocr_line' id='line_1_14' title="bbox 195 1018 1183 1068; baseline 0.006 -18"><span class='ocrx_word' id='word_1_71' title='bbox 195 1018 237 1050; x_wconf 85' lang='lat' dir='ltr'>de</span> <span class='ocrx_word' id='word_1_72' title='bbox 255 1030 358 1053; x_wconf 84' lang='lat' dir='ltr'>causa</span> <span class='ocrx_word' id='word_1_73' title='bbox 377 1022 707 1057; x_wconf 71' lang='lat' dir='ltr'>commendationis.</span> <span class='ocrx_word' id='word_1_74' title='bbox 759 1023 929 1068; x_wconf 78' lang='lat' dir='ltr'>Sequitur</span> <span class='ocrx_word' id='word_1_75' title='bbox 948 1023 1093 1067; x_wconf 88' lang='lat' dir='ltr'>petitio,</span> <span class='ocrx_word' id='word_1_76' title='bbox 1128 1023 1183 1056; x_wconf 87' lang='lat' dir='ltr'>cui</span> 
     </span>
     <span class='ocr_line' id='line_1_15' title="bbox 199 1070 571 1106; baseline 0.013 -5"><span class='ocrx_word' id='word_1_77' title='bbox 199 1075 249 1102; x_wconf 76' lang='lat' dir='ltr'>est</span> <span class='ocrx_word' id='word_1_78' title='bbox 267 1070 385 1103; x_wconf 87' lang='lat' dir='ltr'>addita</span> <span class='ocrx_word' id='word_1_79' title='bbox 405 1071 571 1106; x_wconf 86' lang='lat' dir='ltr'>clausula.</span> 
     </span>
    </p>
   </div>
   <div class='ocr_carea' id='block_1_5' title="bbox 446 1156 934 1202">
    <p class='ocr_par' dir='ltr' id='par_1_5' title="bbox 446 1156 934 1202">
     <span class='ocr_line' id='line_1_16' title="bbox 446 1156 934 1202; baseline 0.006 -13"><span class='ocrx_word' id='word_1_80' title='bbox 446 1156 582 1190; x_wconf 89' lang='lat' dir='ltr'>Aliud</span> <span class='ocrx_word' id='word_1_81' title='bbox 608 1164 934 1202; x_wconf 79' lang='lat' dir='ltr'>argumentum.</span> 
     </span>
    </p>
   </div>
   <div class='ocr_carea' id='block_1_6' title="bbox 198 1222 1184 1372">
    <p class='ocr_par' dir='ltr' id='par_1_6' title="bbox 198 1222 1184 1372">
     <span class='ocr_line' id='line_1_17' title="bbox 293 1222 1184 1270; baseline 0.001 -15"><span class='ocrx_word' id='word_1_82' title='bbox 293 1222 460 1256; x_wconf 65' lang='lat' dir='ltr'>Narratio</span> <span class='ocrx_word' id='word_1_83' title='bbox 478 1225 662 1259; x_wconf 87' lang='lat' dir='ltr'>continens</span> <span class='ocrx_word' id='word_1_84' title='bbox 679 1226 927 1270; x_wconf 84' lang='lat' dir='ltr'>repetitionem</span> <span class='ocrx_word' id='word_1_85' title='bbox 943 1224 1074 1270; x_wconf 83' lang='lat' dir='ltr'>prioris</span> <span class='ocrx_word' id='word_1_86' title='bbox 1090 1236 1184 1257; x_wconf 89' lang='lat' dir='ltr'>com-</span> 
     </span>
     <span class='ocr_line' id='line_1_18' title="bbox 198 1274 1184 1321; baseline 0.003 -17"><span class='ocrx_word' id='word_1_87' title='bbox 198 1274 435 1308; x_wconf 87' lang='lat' dir='ltr'>mendationis</span> <span class='ocrx_word' id='word_1_88' title='bbox 451 1282 483 1308; x_wconf 91' lang='lat' dir='ltr'>et</span> <span class='ocrx_word' id='word_1_89' title='bbox 503 1276 723 1310; x_wconf 71' lang='lat' dir='ltr'>occasionem</span> <span class='ocrx_word' id='word_1_90' title='bbox 741 1277 938 1321; x_wconf 86' lang='lat' dir='ltr'>praesentis</span> <span class='ocrx_word' id='word_1_91' title='bbox 958 1276 1184 1309; x_wconf 86' lang='lat' dir='ltr'>commenda-</span> 
     </span>
     <span class='ocr_line' id='line_1_19' title="bbox 199 1323 1184 1372; baseline 0.003 -17"><span class='ocrx_word' id='word_1_92' title='bbox 199 1323 316 1358; x_wconf 85' lang='lat' dir='ltr'>tionis.</span> <span class='ocrx_word' id='word_1_93' title='bbox 351 1325 519 1371; x_wconf 88' lang='lat' dir='ltr'>Sequitur</span> <span class='ocrx_word' id='word_1_94' title='bbox 535 1327 673 1371; x_wconf 83' lang='lat' dir='ltr'>petitio.</span> <span class='ocrx_word' id='word_1_95' title='bbox 712 1326 753 1360; x_wconf 90' lang='lat' dir='ltr'>In</span> <span class='ocrx_word' id='word_1_96' title='bbox 768 1328 838 1361; x_wconf 91' lang='lat' dir='ltr'>fine</span> <span class='ocrx_word' id='word_1_97' title='bbox 852 1327 1000 1372; x_wconf 89' lang='lat' dir='ltr'>ponitur</span> <span class='ocrx_word' id='word_1_98' title='bbox 1017 1326 1184 1360; x_wconf 75' lang='lat' dir='ltr'>clausula.</span> 
     </span>
    </p>
   </div>
   <div class='ocr_carea' id='block_1_7' title="bbox 349 1431 1050 1479">
    <p class='ocr_par' dir='ltr' id='par_1_7' title="bbox 349 1431 1050 1479">
     <span class='ocr_line' id='line_1_20' title="bbox 349 1431 1050 1479; baseline 0.006 -13"><span class='ocrx_word' id='word_1_99' title='bbox 349 1431 534 1467; x_wconf 88' lang='lat' dir='ltr'>Scholia</span> <span class='ocrx_word' id='word_1_100' title='bbox 567 1434 612 1468; x_wconf 89' lang='lat' dir='ltr'>in</span> <span class='ocrx_word' id='word_1_101' title='bbox 643 1434 883 1479; x_wconf 89' lang='lat' dir='ltr'>epistolam</span> <span class='ocrx_word' id='word_1_102' title='bbox 910 1435 1050 1470; x_wconf 89' lang='lat' dir='ltr'>LXXV.</span> 
     </span>
    </p>
   </div>
   <div class='ocr_carea' id='block_1_8' title="bbox 199 1506 1185 1605">
    <p class='ocr_par' dir='ltr' id='par_1_8' title="bbox 199 1506 1185 1605">
     <span class='ocr_line' id='line_1_21' title="bbox 299 1506 1185 1556; baseline 0.002 -14"><span class='ocrx_word' id='word_1_103' title='bbox 299 1506 329 1552; x_wconf 62' lang='grc' dir='ltr'>ἓ.</span> <span class='ocrx_word' id='word_1_104' title='bbox 351 1509 385 1543; x_wconf 91' lang='grc'>1.</span> <span class='ocrx_word' id='word_1_105' title='bbox 410 1510 486 1542; x_wconf 75' lang='lat' dir='ltr'>Etsi</span> <span class='ocrx_word' id='word_1_106' title='bbox 501 1521 565 1542; x_wconf 81' lang='lat' dir='ltr'>non</span> <span class='ocrx_word' id='word_1_107' title='bbox 580 1507 712 1556; x_wconf 74' lang='lat' dir='ltr'>dubito]</span> <span class='ocrx_word' id='word_1_108' title='bbox 740 1509 937 1544; x_wconf 76' lang='lat' dir='ltr'>Exordium</span> <span class='ocrx_word' id='word_1_109' title='bbox 953 1522 995 1544; x_wconf 79' lang='lat' dir='ltr'>ex</span> <span class='ocrx_word' id='word_1_110' title='bbox 1011 1521 1113 1544; x_wconf 85' lang='lat' dir='ltr'>causa</span> <span class='ocrx_word' id='word_1_111' title='bbox 1131 1522 1185 1543; x_wconf 88' lang='lat' dir='ltr'>re-</span> 
     </span>
     <span class='ocr_line' id='line_1_22' title="bbox 199 1558 734 1605; baseline 0.002 -13"><span class='ocrx_word' id='word_1_112' title='bbox 199 1558 328 1602; x_wconf 82' lang='lat' dir='ltr'>petitae</span> <span class='ocrx_word' id='word_1_113' title='bbox 337 1559 383 1605; x_wconf 72' lang='grc'>57)</span> <span class='ocrx_word' id='word_1_114' title='bbox 402 1560 734 1594; x_wconf 79' lang='lat' dir='ltr'>commendationis.</span> 
     </span>
    </p>
   </div>
   <div class='ocr_carea' id='block_1_9' title="bbox 300 1616 881 1667">
    <p class='ocr_par' dir='ltr' id='par_1_9' title="bbox 300 1616 881 1667">
     <span class='ocr_line' id='line_1_23' title="bbox 300 1616 881 1667; baseline 0.003 -14"><span class='ocrx_word' id='word_1_115' title='bbox 300 1616 332 1662; x_wconf 63' lang='grc' dir='ltr'>ἓ.</span> <span class='ocrx_word' id='word_1_116' title='bbox 348 1621 384 1655; x_wconf 78' lang='lat'>2.</span> <span class='ocrx_word' id='word_1_117' title='bbox 408 1621 442 1654; x_wconf 84' lang='lat' dir='ltr'><strong><em>A</em></strong></span> <span class='ocrx_word' id='word_1_118' title='bbox 457 1624 489 1654; x_wconf 86' lang='lat' dir='ltr'>te</span> <span class='ocrx_word' id='word_1_119' title='bbox 506 1621 592 1653; x_wconf 77' lang='lat' dir='ltr'>idem</span> <span class='ocrx_word' id='word_1_120' title='bbox 610 1618 710 1667; x_wconf 77' lang='lat' dir='ltr'><em>illud]</em></span> <span class='ocrx_word' id='word_1_121' title='bbox 737 1619 881 1655; x_wconf 77' lang='lat' dir='ltr'>Petitio.</span> 
     </span>
    </p>
   </div>
   <div class='ocr_carea' id='block_1_10' title="bbox 489 1702 878 1751">
    <p class='ocr_par' dir='ltr' id='par_1_10' title="bbox 489 1702 878 1751">
     <span class='ocr_line' id='line_1_24' title="bbox 489 1702 878 1751; baseline 0.005 -15"><span class='ocrx_word' id='word_1_122' title='bbox 489 1702 878 1751; x_wconf 61' lang='lat' dir='ltr'>Argumentumf’ss).</span> 
     </span>
    </p>
   </div>
   <div class='ocr_carea' id='block_1_11' title="bbox 196 1768 1185 1863">
    <p class='ocr_par' dir='ltr' id='par_1_11' title="bbox 196 1768 1185 1863">
     <span class='ocr_line' id='line_1_25' title="bbox 301 1768 1185 1804; baseline 0.001 -2"><span class='ocrx_word' id='word_1_123' title='bbox 301 1768 535 1803; x_wconf 74' lang='lat' dir='ltr'>Commendat</span> <span class='ocrx_word' id='word_1_124' title='bbox 554 1782 696 1804; x_wconf 86' lang='lat' dir='ltr'>causam</span> <span class='ocrx_word' id='word_1_125' title='bbox 713 1771 845 1804; x_wconf 66' lang='lat' dir='ltr'>Aviani</span> <span class='ocrx_word' id='word_1_126' title='bbox 861 1771 903 1804; x_wconf 91' lang='lat' dir='ltr'>de</span> <span class='ocrx_word' id='word_1_127' title='bbox 922 1771 1101 1803; x_wconf 84' lang='lat' dir='ltr'>frumento</span> <span class='ocrx_word' id='word_1_128' title='bbox 1126 1771 1185 1803; x_wconf 87' lang='lat' dir='ltr'>de-</span> 
     </span>
     <span class='ocr_line' id='line_1_26' title="bbox 196 1820 1185 1863; baseline 0.002 -11"><span class='ocrx_word' id='word_1_129' title='bbox 196 1821 386 1863; x_wconf 81' lang='lat' dir='ltr'>portando,</span> <span class='ocrx_word' id='word_1_130' title='bbox 415 1820 612 1854; x_wconf 77' lang='lat' dir='ltr'>Exordium</span> <span class='ocrx_word' id='word_1_131' title='bbox 631 1821 782 1855; x_wconf 87' lang='lat' dir='ltr'>sumitur</span> <span class='ocrx_word' id='word_1_132' title='bbox 798 1834 817 1854; x_wconf 89' lang='lat' dir='ltr'>a</span> <span class='ocrx_word' id='word_1_133' title='bbox 836 1833 939 1855; x_wconf 85' lang='lat' dir='ltr'>causa</span> <span class='ocrx_word' id='word_1_134' title='bbox 956 1833 1071 1854; x_wconf 87' lang='lat' dir='ltr'>novae</span> <span class='ocrx_word' id='word_1_135' title='bbox 1089 1834 1185 1854; x_wconf 90' lang='lat' dir='ltr'>com-</span> 
     </span>
    </p>
   </div>
   <div class='ocr_carea' id='block_1_12' title="bbox 195 1870 1183 2006">
    <p class='ocr_par' dir='ltr' id='par_1_12' title="bbox 195 1870 1183 2006">
     <span class='ocr_line' id='line_1_27' title="bbox 196 1870 1183 1917; baseline 0.003 -15"><span class='ocrx_word' id='word_1_136' title='bbox 196 1871 445 1905; x_wconf 87' lang='lat' dir='ltr'>mendationis.</span> <span class='ocrx_word' id='word_1_137' title='bbox 503 1871 671 1917; x_wconf 86' lang='lat' dir='ltr'>Sequitur</span> <span class='ocrx_word' id='word_1_138' title='bbox 696 1873 840 1917; x_wconf 89' lang='lat' dir='ltr'>petitio,</span> <span class='ocrx_word' id='word_1_139' title='bbox 875 1879 914 1906; x_wconf 92' lang='lat' dir='ltr'>ut</span> <span class='ocrx_word' id='word_1_140' title='bbox 939 1870 1122 1905; x_wconf 89' lang='lat' dir='ltr'>hominem</span> <span class='ocrx_word' id='word_1_141' title='bbox 1146 1873 1183 1905; x_wconf 90' lang='lat' dir='ltr'>in</span> 
     </span>
     <span class='ocr_line' id='line_1_28' title="bbox 195 1921 1183 1968; baseline 0.004 -15"><span class='ocrx_word' id='word_1_142' title='bbox 195 1932 234 1953; x_wconf 91' lang='lat' dir='ltr'>ea</span> <span class='ocrx_word' id='word_1_143' title='bbox 251 1933 288 1954; x_wconf 90' lang='lat' dir='ltr'>re</span> <span class='ocrx_word' id='word_1_144' title='bbox 306 1921 459 1956; x_wconf 80' lang='lat' dir='ltr'>adiuvet.</span> <span class='ocrx_word' id='word_1_145' title='bbox 512 1922 700 1956; x_wconf 88' lang='lat' dir='ltr'>Conclusio</span> <span class='ocrx_word' id='word_1_146' title='bbox 720 1921 827 1956; x_wconf 87' lang='lat' dir='ltr'>habet</span> <span class='ocrx_word' id='word_1_147' title='bbox 848 1923 1096 1967; x_wconf 87' lang='lat' dir='ltr'>repetitionem</span> <span class='ocrx_word' id='word_1_148' title='bbox 1124 1935 1183 1968; x_wconf 88' lang='lat' dir='ltr'>pe-</span> 
     </span>
     <span class='ocr_line' id='line_1_29' title="bbox 195 1971 341 2006; baseline 0.007 -1"><span class='ocrx_word' id='word_1_149' title='bbox 195 1971 341 2006; x_wconf 84' lang='lat' dir='ltr'>titionis.</span> 
     </span>
    </p>
   </div>
   <div class='ocr_carea' id='block_1_13' title="bbox 443 2056 931 2102">
    <p class='ocr_par' dir='ltr' id='par_1_13' title="bbox 443 2056 931 2102">
     <span class='ocr_line' id='line_1_30' title="bbox 443 2056 931 2102; baseline 0.004 -12"><span class='ocrx_word' id='word_1_150' title='bbox 443 2056 577 2091; x_wconf 88' lang='lat' dir='ltr'>Aliud</span> <span class='ocrx_word' id='word_1_151' title='bbox 603 2064 931 2102; x_wconf 84' lang='lat' dir='ltr'>argumentum.</span> 
     </span>
    </p>
   </div>
   <div class='ocr_carea' id='block_1_14' title="bbox 194 2123 1182 2272">
    <p class='ocr_par' dir='ltr' id='par_1_14' title="bbox 194 2123 1182 2272">
     <span class='ocr_line' id='line_1_31' title="bbox 297 2123 1182 2169; baseline 0.002 -12"><span class='ocrx_word' id='word_1_152' title='bbox 297 2123 492 2158; x_wconf 82' lang='lat' dir='ltr'>Exordium</span> <span class='ocrx_word' id='word_1_153' title='bbox 515 2137 556 2158; x_wconf 82' lang='lat' dir='ltr'>ex</span> <span class='ocrx_word' id='word_1_154' title='bbox 579 2136 682 2158; x_wconf 83' lang='lat' dir='ltr'>causa</span> <span class='ocrx_word' id='word_1_155' title='bbox 707 2125 878 2169; x_wconf 75' lang='lat' dir='ltr'>repetitae</span> <span class='ocrx_word' id='word_1_156' title='bbox 903 2126 1182 2160; x_wconf 89' lang='lat' dir='ltr'>commendatio-</span> 
     </span>
     <span class='ocr_line' id='line_1_32' title="bbox 194 2175 1181 2221; baseline 0.003 -14"><span class='ocrx_word' id='word_1_157' title='bbox 194 2175 260 2209; x_wconf 85' lang='lat' dir='ltr'>nis.</span> <span class='ocrx_word' id='word_1_158' title='bbox 309 2176 476 2221; x_wconf 87' lang='lat' dir='ltr'>Sequitur</span> <span class='ocrx_word' id='word_1_159' title='bbox 491 2176 638 2220; x_wconf 90' lang='lat' dir='ltr'>petitio,</span> <span class='ocrx_word' id='word_1_160' title='bbox 664 2182 704 2208; x_wconf 91' lang='lat' dir='ltr'>ut</span> <span class='ocrx_word' id='word_1_161' title='bbox 720 2177 889 2209; x_wconf 88' lang='lat' dir='ltr'>concedat</span> <span class='ocrx_word' id='word_1_162' title='bbox 905 2176 1044 2210; x_wconf 74' lang='lat' dir='ltr'>Aviano</span> <span class='ocrx_word' id='word_1_163' title='bbox 1071 2183 1105 2210; x_wconf 90' lang='lat' dir='ltr'>et</span> <span class='ocrx_word' id='word_1_164' title='bbox 1129 2178 1181 2210; x_wconf 92' lang='lat' dir='ltr'>lo-</span> 
     </span>
     <span class='ocr_line' id='line_1_33' title="bbox 197 2226 956 2272; baseline 0.005 -14"><span class='ocrx_word' id='word_1_165' title='bbox 197 2237 273 2259; x_wconf 90' lang='lat' dir='ltr'>cum</span> <span class='ocrx_word' id='word_1_166' title='bbox 291 2233 324 2259; x_wconf 88' lang='lat' dir='ltr'>et</span> <span class='ocrx_word' id='word_1_167' title='bbox 342 2233 481 2272; x_wconf 81' lang='lat' dir='ltr'>teinpus</span> <span class='ocrx_word' id='word_1_168' title='bbox 499 2226 711 2272; x_wconf 70' lang='lat' dir='ltr'>deportandi</span> <span class='ocrx_word' id='word_1_169' title='bbox 727 2227 956 2262; x_wconf 85' lang='lat' dir='ltr'>frumentum.</span> 
     </span>
    </p>
   </div>
   <div class='ocr_carea' id='block_1_15' title="bbox 195 2310 395 2317">
    <p class='ocr_par' dir='ltr' id='par_1_15' title="bbox 195 2310 395 2317">
     <span class='ocr_line' id='line_1_34' title="bbox 195 2310 395 2317; baseline 0 673"><span class='ocrx_word' id='word_1_170' title='bbox 195 2310 395 2317; x_wconf 95' lang='lat' dir='ltr'> </span> 
     </span>
    </p>
   </div>
   <div class='ocr_carea' id='block_1_16' title="bbox 231 2356 1181 2417">
    <p class='ocr_par' dir='ltr' id='par_1_16' title="bbox 231 2356 1181 2417">
     <span class='ocr_line' id='line_1_35' title="bbox 231 2356 1181 2414; baseline 0.002 -33"><span class='ocrx_word' id='word_1_171' title='bbox 231 2357 354 2414; x_wconf 40' lang='lat' dir='ltr'>bodg-oc</span> <span class='ocrx_word' id='word_1_172' title='bbox 371 2359 560 2388; x_wconf 82' lang='lat' dir='ltr'>argumentum</span> <span class='ocrx_word' id='word_1_173' title='bbox 574 2356 761 2387; x_wconf 82' lang='lat' dir='ltr'>superioribus</span> <span class='ocrx_word' id='word_1_174' title='bbox 782 2356 809 2380; x_wconf 89' lang='lat' dir='ltr'>in</span> <span class='ocrx_word' id='word_1_175' title='bbox 827 2356 911 2380; x_wconf 83' lang='lat' dir='ltr'>Editt.</span> <span class='ocrx_word' id='word_1_176' title='bbox 927 2357 1120 2382; x_wconf 76' lang='lat'>1565—1596.</span> <span class='ocrx_word' id='word_1_177' title='bbox 1140 2360 1181 2383; x_wconf 84' lang='lat' dir='ltr'>est</span> 
     </span>
     <span class='ocr_line' id='line_1_36' title="bbox 264 2394 391 2417; baseline 0.024 -3"><span class='ocrx_word' id='word_1_178' title='bbox 264 2397 280 2414; x_wconf 89' lang='lat' dir='ltr'>a</span> <span class='ocrx_word' id='word_1_179' title='bbox 319 2394 391 2417; x_wconf 73' lang='lat' dir='ltr'>itum.</span> 
     </span>
    </p>
   </div>
   <div class='ocr_carea' id='block_1_17' title="bbox 231 2439 1179 2506">
    <p class='ocr_par' dir='ltr' id='par_1_17' title="bbox 231 2439 1179 2506">
     <span class='ocr_line' id='line_1_37' title="bbox 231 2439 1179 2472; baseline 0.003 -9"><span class='ocrx_word' id='word_1_180' title='bbox 231 2441 278 2468; x_wconf 81' lang='lat'>55)</span> <span class='ocrx_word' id='word_1_181' title='bbox 298 2441 372 2463; x_wconf 82' lang='lat' dir='ltr'>Haec</span> <span class='ocrx_word' id='word_1_182' title='bbox 390 2442 455 2464; x_wconf 88' lang='lat' dir='ltr'>nota</span> <span class='ocrx_word' id='word_1_183' title='bbox 474 2442 501 2463; x_wconf 89' lang='lat' dir='ltr'>et</span> <span class='ocrx_word' id='word_1_184' title='bbox 518 2446 634 2470; x_wconf 86' lang='lat' dir='ltr'>sequens</span> <span class='ocrx_word' id='word_1_185' title='bbox 654 2439 679 2463; x_wconf 88' lang='lat' dir='ltr'>in</span> <span class='ocrx_word' id='word_1_186' title='bbox 690 2439 773 2464; x_wconf 83' lang='lat' dir='ltr'>Editt.</span> <span class='ocrx_word' id='word_1_187' title='bbox 786 2439 871 2468; x_wconf 55' lang='lat'>1537„</span> <span class='ocrx_word' id='word_1_188' title='bbox 891 2439 979 2469; x_wconf 57' lang='lat'>1540..</span> <span class='ocrx_word' id='word_1_189' title='bbox 998 2441 1084 2472; x_wconf 59' lang='lat'>1545„</span> <span class='ocrx_word' id='word_1_190' title='bbox 1104 2442 1179 2468; x_wconf 82' lang='lat'>1560.</span> 
     </span>
     <span class='ocr_line' id='line_1_38' title="bbox 267 2474 994 2506; baseline 0.001 -8"><span class='ocrx_word' id='word_1_191' title='bbox 267 2476 391 2505; x_wconf 80' lang='lat' dir='ltr'>exstant;</span> <span class='ocrx_word' id='word_1_192' title='bbox 423 2474 450 2497; x_wconf 87' lang='lat' dir='ltr'>in</span> <span class='ocrx_word' id='word_1_193' title='bbox 469 2475 552 2498; x_wconf 87' lang='lat' dir='ltr'>Editt.</span> <span class='ocrx_word' id='word_1_194' title='bbox 570 2475 660 2506; x_wconf 57' lang='lat'>1544„</span> <span class='ocrx_word' id='word_1_195' title='bbox 682 2475 755 2498; x_wconf 76' lang='lat'>1554.</span> <span class='ocrx_word' id='word_1_196' title='bbox 767 2491 775 2505; x_wconf 92' lang='lat'>‚</span> <span class='ocrx_word' id='word_1_197' title='bbox 794 2474 868 2499; x_wconf 83' lang='lat'>1557.</span> <span class='ocrx_word' id='word_1_198' title='bbox 887 2474 994 2499; x_wconf 88' lang='lat' dir='ltr'>desunt.</span> 
     </span>
    </p>
   </div>
   <div class='ocr_carea' id='block_1_18' title="bbox 229 2523 1176 2582">
    <p class='ocr_par' dir='ltr' id='par_1_18' title="bbox 229 2523 1176 2582">
     <span class='ocr_line' id='line_1_39' title="bbox 229 2523 1176 2580; baseline 0.003 -33"><span class='ocrx_word' id='word_1_199' title='bbox 229 2525 277 2553; x_wconf 79' lang='grc'>56)</span> <span class='ocrx_word' id='word_1_200' title='bbox 296 2524 353 2562; x_wconf 73' lang='lat' dir='ltr'>Hoc</span> <span class='ocrx_word' id='word_1_201' title='bbox 372 2526 558 2580; x_wconf 42' lang='lat' dir='ltr'>anigumentum</span> <span class='ocrx_word' id='word_1_202' title='bbox 577 2526 605 2549; x_wconf 87' lang='lat' dir='ltr'>et</span> <span class='ocrx_word' id='word_1_203' title='bbox 617 2530 735 2556; x_wconf 87' lang='lat' dir='ltr'>sequens</span> <span class='ocrx_word' id='word_1_204' title='bbox 753 2524 780 2548; x_wconf 84' lang='lat' dir='ltr'>in</span> <span class='ocrx_word' id='word_1_205' title='bbox 798 2523 981 2556; x_wconf 75' lang='lat' dir='ltr'>Editt.1556.,</span> <span class='ocrx_word' id='word_1_206' title='bbox 1001 2524 1176 2550; x_wconf 84' lang='lat'>1565—1596.</span> 
     </span>
     <span class='ocr_line' id='line_1_40' title="bbox 263 2564 445 2582; baseline 0 0"><span class='ocrx_word' id='word_1_207' title='bbox 263 2564 390 2582; x_wconf 84' lang='lat' dir='ltr'>mvemuu</span> <span class='ocrx_word' id='word_1_208' title='bbox 406 2564 445 2582; x_wconf 89' lang='lat' dir='ltr'>ur.</span> 
     </span>
    </p>
   </div>
   <div class='ocr_carea' id='block_1_19' title="bbox 231 2609 1023 2641">
    <p class='ocr_par' dir='ltr' id='par_1_19' title="bbox 231 2609 1023 2641">
     <span class='ocr_line' id='line_1_41' title="bbox 231 2609 1023 2641; baseline -0.001 -7"><span class='ocrx_word' id='word_1_209' title='bbox 231 2609 279 2641; x_wconf 83' lang='lat'>5⁷)</span> <span class='ocrx_word' id='word_1_210' title='bbox 298 2609 445 2639; x_wconf 80' lang='lat' dir='ltr'>repetitae]</span> <span class='ocrx_word' id='word_1_211' title='bbox 464 2609 513 2633; x_wconf 88' lang='lat' dir='ltr'>Ed.</span> <span class='ocrx_word' id='word_1_212' title='bbox 535 2609 606 2633; x_wconf 76' lang='lat'>1560.</span> <span class='ocrx_word' id='word_1_213' title='bbox 626 2615 724 2634; x_wconf 87' lang='lat' dir='ltr'>errore</span> <span class='ocrx_word' id='word_1_214' title='bbox 742 2612 870 2640; x_wconf 69' lang='lat' dir='ltr'>typogr.:</span> <span class='ocrx_word' id='word_1_215' title='bbox 897 2609 1023 2639; x_wconf 75' lang='lat' dir='ltr'>repetita.</span> 
     </span>
    </p>
   </div>
   <div class='ocr_carea' id='block_1_20' title="bbox 225 2661 1176 2720">
    <p class='ocr_par' dir='ltr' id='par_1_20' title="bbox 225 2661 1176 2720">
     <span class='ocr_line' id='line_1_42' title="bbox 225 2661 1176 2720; baseline 0.006 -38"><span class='ocrx_word' id='word_1_216' title='bbox 225 2662 350 2720; x_wconf 35' lang='lat'>582³?</span> <span class='ocrx_word' id='word_1_217' title='bbox 367 2662 556 2718; x_wconf 43' lang='lat' dir='ltr'>argumentum</span> <span class='ocrx_word' id='word_1_218' title='bbox 575 2661 602 2684; x_wconf 88' lang='lat' dir='ltr'>et</span> <span class='ocrx_word' id='word_1_219' title='bbox 619 2667 736 2691; x_wconf 81' lang='lat' dir='ltr'>sequens</span> <span class='ocrx_word' id='word_1_220' title='bbox 751 2662 784 2686; x_wconf 86' lang='lat' dir='ltr'>ab</span> <span class='ocrx_word' id='word_1_221' title='bbox 794 2661 878 2687; x_wconf 73' lang='lat' dir='ltr'>Edttt.</span> <span class='ocrx_word' id='word_1_222' title='bbox 892 2661 977 2692; x_wconf 59' lang='lat'>1556„</span> <span class='ocrx_word' id='word_1_223' title='bbox 999 2661 1176 2688; x_wconf 78' lang='lat'>1565—1596.</span> 
     </span>
     <span class='ocr_line' id='line_1_43' title="bbox 259 2700 426 2720; baseline 0 0"><span class='ocrx_word' id='word_1_224' title='bbox 259 2702 274 2720; x_wconf 85' lang='lat' dir='ltr'>e</span> <span class='ocrx_word' id='word_1_225' title='bbox 311 2702 319 2719; x_wconf 82' lang='grc' dir='ltr'>ι</span> <span class='ocrx_word' id='word_1_226' title='bbox 339 2700 371 2719; x_wconf 85' lang='lat' dir='ltr'>en</span> <span class='ocrx_word' id='word_1_227' title='bbox 386 2700 426 2720; x_wconf 85' lang='lat' dir='ltr'>ur.</span> 
     </span>
    </p>
   </div>
   <div class='ocr_carea' id='block_1_21' title="bbox 761 119 1638 157">
    <p class='ocr_par' dir='ltr' id='par_1_21' title="bbox 761 119 1638 157">
     <span class='ocr_line' id='line_1_44' title="bbox 761 119 1638 157; baseline 0 -1"><span class='ocrx_word' id='word_1_228' title='bbox 761 120 883 157; x_wconf 88' lang='lat' dir='ltr'>PHlL.</span> <span class='ocrx_word' id='word_1_229' title='bbox 917 120 1029 156; x_wconf 91' lang='lat' dir='ltr'>MEL.</span> <span class='ocrx_word' id='word_1_230' title='bbox 1068 119 1271 155; x_wconf 79' lang='lat' dir='ltr'>SCRIPTA</span> <span class='ocrx_word' id='word_1_231' title='bbox 1303 119 1638 157; x_wconf 84' lang='lat' dir='ltr'>PHILOLOGICA.</span> 
     </span>
    </p>
   </div>
   <div class='ocr_carea' id='block_1_22' title="bbox 1364 125 2216 252">
    <p class='ocr_par' dir='ltr' id='par_1_22' title="bbox 1364 125 2216 252">
     <span class='ocr_line' id='line_1_45' title="bbox 2141 125 2216 163; baseline 0.013 -1"><span class='ocrx_word' id='word_1_232' title='bbox 2141 125 2216 163; x_wconf 86' lang='lat'>504</span> 
     </span>
     <span class='ocr_line' id='line_1_46' title="bbox 1364 204 2084 252; baseline 0.007 -13"><span class='ocrx_word' id='word_1_233' title='bbox 1364 204 1545 240; x_wconf 85' lang='lat' dir='ltr'>Scholia</span> <span class='ocrx_word' id='word_1_234' title='bbox 1581 207 1627 240; x_wconf 90' lang='lat' dir='ltr'>in</span> <span class='ocrx_word' id='word_1_235' title='bbox 1655 208 1904 252; x_wconf 81' lang='lat' dir='ltr'>epistolam</span> <span class='ocrx_word' id='word_1_236' title='bbox 1931 209 2084 245; x_wconf 78' lang='lat' dir='ltr'>LXXVI.</span> 
     </span>
    </p>
   </div>
   <div class='ocr_carea' id='block_1_23' title="bbox 1231 270 2221 371">
    <p class='ocr_par' dir='ltr' id='par_1_23' title="bbox 1231 270 2221 371">
     <span class='ocr_line' id='line_1_47' title="bbox 1335 270 2221 320; baseline 0.006 -13"><span class='ocrx_word' id='word_1_237' title='bbox 1335 270 1365 316; x_wconf 65' lang='lat'>§-</span> <span class='ocrx_word' id='word_1_238' title='bbox 1385 273 1418 307; x_wconf 89' lang='lat'>1.</span> <span class='ocrx_word' id='word_1_239' title='bbox 1456 276 1584 308; x_wconf 78' lang='lat' dir='ltr'>Tantae</span> <span class='ocrx_word' id='word_1_240' title='bbox 1610 276 1709 320; x_wconf 73' lang='lat' dir='ltr'>milei]</span> <span class='ocrx_word' id='word_1_241' title='bbox 1734 274 1932 310; x_wconf 80' lang='lat' dir='ltr'>Exordium</span> <span class='ocrx_word' id='word_1_242' title='bbox 1955 289 1974 310; x_wconf 88' lang='lat' dir='ltr'>a</span> <span class='ocrx_word' id='word_1_243' title='bbox 1999 289 2064 311; x_wconf 88' lang='lat' dir='ltr'>suo</span> <span class='ocrx_word' id='word_1_244' title='bbox 2092 279 2221 319; x_wconf 86' lang='lat' dir='ltr'>officio,</span> 
     </span>
     <span class='ocr_line' id='line_1_48' title="bbox 1231 323 1842 371; baseline 0.008 -16"><span class='ocrx_word' id='word_1_245' title='bbox 1231 323 1325 356; x_wconf 88' lang='lat' dir='ltr'>unde</span> <span class='ocrx_word' id='word_1_246' title='bbox 1343 335 1484 357; x_wconf 87' lang='lat' dir='ltr'>causam</span> <span class='ocrx_word' id='word_1_247' title='bbox 1504 325 1681 359; x_wconf 87' lang='lat' dir='ltr'>scribendi</span> <span class='ocrx_word' id='word_1_248' title='bbox 1697 327 1842 371; x_wconf 85' lang='lat' dir='ltr'>colligit.</span> 
     </span>
    </p>
   </div>
   <div class='ocr_carea' id='block_1_24' title="bbox 1335 372 2044 423">
    <p class='ocr_par' dir='ltr' id='par_1_24' title="bbox 1335 372 2044 423">
     <span class='ocr_line' id='line_1_49' title="bbox 1335 372 2044 423; baseline 0.004 -14"><span class='ocrx_word' id='word_1_249' title='bbox 1335 372 1365 417; x_wconf 55' lang='grc' dir='ltr'>ᾗ.</span> <span class='ocrx_word' id='word_1_250' title='bbox 1383 376 1418 410; x_wconf 78' lang='lat'>2.</span> <span class='ocrx_word' id='word_1_251' title='bbox 1451 377 1664 411; x_wconf 71' lang='lat' dir='ltr'>Vehementer</span> <span class='ocrx_word' id='word_1_252' title='bbox 1682 379 1790 422; x_wconf 73' lang='lat' dir='ltr'>iyitur</span> <span class='ocrx_word' id='word_1_253' title='bbox 1806 377 1874 423; x_wconf 81' lang='lat' dir='ltr'>vos]</span> <span class='ocrx_word' id='word_1_254' title='bbox 1901 377 2044 413; x_wconf 80' lang='lat' dir='ltr'>Petitio.</span> 
     </span>
    </p>
   </div>
   <div class='ocr_carea' id='block_1_25' title="bbox 1527 451 1928 500">
    <p class='ocr_par' dir='ltr' id='par_1_25' title="bbox 1527 451 1928 500">
     <span class='ocr_line' id='line_1_50' title="bbox 1527 451 1928 500; baseline 0.01 -16"><span class='ocrx_word' id='word_1_255' title='bbox 1527 451 1928 500; x_wconf 62' lang='lat' dir='ltr'>Argumentumffl‘).</span> 
     </span>
    </p>
   </div>
   <div class='ocr_carea' id='block_1_26' title="bbox 1234 516 2223 814">
    <p class='ocr_par' dir='ltr' id='par_1_26' title="bbox 1234 516 2223 814">
     <span class='ocr_line' id='line_1_51' title="bbox 1335 516 2223 566; baseline 0.009 -17"><span class='ocrx_word' id='word_1_256' title='bbox 1335 516 1412 550; x_wconf 93' lang='lat' dir='ltr'>Hoc</span> <span class='ocrx_word' id='word_1_257' title='bbox 1426 518 1528 551; x_wconf 79' lang='lat' dir='ltr'>brevi</span> <span class='ocrx_word' id='word_1_258' title='bbox 1543 519 1674 564; x_wconf 87' lang='lat' dir='ltr'>scripto</span> <span class='ocrx_word' id='word_1_259' title='bbox 1689 527 1793 565; x_wconf 82' lang='lat' dir='ltr'>rogat</span> <span class='ocrx_word' id='word_1_260' title='bbox 1810 527 1964 566; x_wconf 87' lang='lat' dir='ltr'>quatuor</span> <span class='ocrx_word' id='word_1_261' title='bbox 1987 522 2082 557; x_wconf 84' lang='lat' dir='ltr'>viros</span> <span class='ocrx_word' id='word_1_262' title='bbox 2106 529 2140 556; x_wconf 88' lang='lat' dir='ltr'>et</span> <span class='ocrx_word' id='word_1_263' title='bbox 2163 523 2223 557; x_wconf 84' lang='lat' dir='ltr'>de-</span> 
     </span>
     <span class='ocr_line' id='line_1_52' title="bbox 1234 567 2222 616; baseline 0.009 -17"><span class='ocrx_word' id='word_1_264' title='bbox 1234 567 1416 608; x_wconf 88' lang='lat' dir='ltr'>curiones,</span> <span class='ocrx_word' id='word_1_265' title='bbox 1442 575 1483 602; x_wconf 87' lang='lat' dir='ltr'>ut</span> <span class='ocrx_word' id='word_1_266' title='bbox 1497 569 1643 614; x_wconf 83' lang='lat' dir='ltr'>Valgius</span> <span class='ocrx_word' id='word_1_267' title='bbox 1667 584 1767 605; x_wconf 87' lang='lat' dir='ltr'>suam</span> <span class='ocrx_word' id='word_1_268' title='bbox 1791 572 2049 616; x_wconf 85' lang='lat' dir='ltr'>possessionem</span> <span class='ocrx_word' id='word_1_269' title='bbox 2071 574 2222 608; x_wconf 82' lang='lat' dir='ltr'>liberam</span> 
     </span>
     <span class='ocr_line' id='line_1_53' title="bbox 1234 618 2222 659; baseline 0.009 -9"><span class='ocrx_word' id='word_1_270' title='bbox 1234 630 1274 650; x_wconf 90' lang='lat' dir='ltr'>ac</span> <span class='ocrx_word' id='word_1_271' title='bbox 1290 618 1485 652; x_wconf 88' lang='lat' dir='ltr'>immunem</span> <span class='ocrx_word' id='word_1_272' title='bbox 1502 621 1663 655; x_wconf 88' lang='lat' dir='ltr'>retineat.</span> <span class='ocrx_word' id='word_1_273' title='bbox 1695 621 1894 656; x_wconf 84' lang='lat' dir='ltr'>Exordium</span> <span class='ocrx_word' id='word_1_274' title='bbox 1911 624 2063 658; x_wconf 86' lang='lat' dir='ltr'>sumitur</span> <span class='ocrx_word' id='word_1_275' title='bbox 2079 637 2098 658; x_wconf 83' lang='lat' dir='ltr'>a</span> <span class='ocrx_word' id='word_1_276' title='bbox 2116 636 2222 659; x_wconf 80' lang='lat' dir='ltr'>causa</span> 
     </span>
     <span class='ocr_line' id='line_1_54' title="bbox 1234 669 2223 715; baseline 0.007 -14"><span class='ocrx_word' id='word_1_277' title='bbox 1234 669 1428 710; x_wconf 83' lang='lat' dir='ltr'>scribendi,</span> <span class='ocrx_word' id='word_1_278' title='bbox 1461 671 1580 704; x_wconf 81' lang='lat' dir='ltr'>addita</span> <span class='ocrx_word' id='word_1_279' title='bbox 1605 671 1860 715; x_wconf 85' lang='lat' dir='ltr'>significatione</span> <span class='ocrx_word' id='word_1_280' title='bbox 1884 685 1967 707; x_wconf 87' lang='lat' dir='ltr'>suae</span> <span class='ocrx_word' id='word_1_281' title='bbox 1989 676 2223 710; x_wconf 79' lang='lat' dir='ltr'>verecundiae</span> 
     </span>
     <span class='ocr_line' id='line_1_55' title="bbox 1234 719 2222 767; baseline 0.009 -17"><span class='ocrx_word' id='word_1_282' title='bbox 1234 719 1271 750; x_wconf 87' lang='lat' dir='ltr'>in</span> <span class='ocrx_word' id='word_1_283' title='bbox 1294 722 1460 763; x_wconf 78' lang='lat' dir='ltr'>petendo,</span> <span class='ocrx_word' id='word_1_284' title='bbox 1511 721 1680 767; x_wconf 88' lang='lat' dir='ltr'>Sequitur</span> <span class='ocrx_word' id='word_1_285' title='bbox 1701 723 1846 767; x_wconf 86' lang='lat' dir='ltr'>petitio,</span> <span class='ocrx_word' id='word_1_286' title='bbox 1885 724 1941 758; x_wconf 88' lang='lat' dir='ltr'>cui</span> <span class='ocrx_word' id='word_1_287' title='bbox 1965 727 2106 761; x_wconf 83' lang='lat' dir='ltr'>additur</span> <span class='ocrx_word' id='word_1_288' title='bbox 2130 727 2222 760; x_wconf 76' lang='lat' dir='ltr'>ratio</span> 
     </span>
     <span class='ocr_line' id='line_1_56' title="bbox 1235 771 1502 814; baseline 0.011 -12"><span class='ocrx_word' id='word_1_289' title='bbox 1235 782 1254 802; x_wconf 88' lang='lat' dir='ltr'>a</span> <span class='ocrx_word' id='word_1_290' title='bbox 1275 771 1502 814; x_wconf 78' lang='lat' dir='ltr'>gratitudine.</span> 
     </span>
    </p>
   </div>
   <div class='ocr_carea' id='block_1_27' title="bbox 1478 848 1979 894">
    <p class='ocr_par' dir='ltr' id='par_1_27' title="bbox 1478 848 1979 894">
     <span class='ocr_line' id='line_1_57' title="bbox 1478 848 1979 894; baseline 0.006 -12"><span class='ocrx_word' id='word_1_291' title='bbox 1478 848 1615 883; x_wconf 90' lang='lat' dir='ltr'>Aliud</span> <span class='ocrx_word' id='word_1_292' title='bbox 1649 857 1979 894; x_wconf 84' lang='lat' dir='ltr'>argumentum.</span> 
     </span>
    </p>
   </div>
   <div class='ocr_carea' id='block_1_28' title="bbox 1235 913 2223 1012">
    <p class='ocr_par' dir='ltr' id='par_1_28' title="bbox 1235 913 2223 1012">
     <span class='ocr_line' id='line_1_58' title="bbox 1319 913 2223 964; baseline 0.008 -18"><span class='ocrx_word' id='word_1_293' title='bbox 1319 913 1515 948; x_wconf 86' lang='lat' dir='ltr'>Exordium</span> <span class='ocrx_word' id='word_1_294' title='bbox 1535 917 1577 949; x_wconf 90' lang='lat' dir='ltr'>de</span> <span class='ocrx_word' id='word_1_295' title='bbox 1595 929 1659 950; x_wconf 87' lang='lat' dir='ltr'>suo</span> <span class='ocrx_word' id='word_1_296' title='bbox 1676 918 1805 958; x_wconf 82' lang='lat' dir='ltr'>officio,</span> <span class='ocrx_word' id='word_1_297' title='bbox 1821 918 1916 952; x_wconf 90' lang='lat' dir='ltr'>unde</span> <span class='ocrx_word' id='word_1_298' title='bbox 1934 918 2066 963; x_wconf 84' lang='lat' dir='ltr'>colligit</span> <span class='ocrx_word' id='word_1_299' title='bbox 2082 930 2223 964; x_wconf 84' lang='lat' dir='ltr'>causam</span> 
     </span>
     <span class='ocr_line' id='line_1_59' title="bbox 1235 965 2200 1012; baseline 0.005 -13"><span class='ocrx_word' id='word_1_300' title='bbox 1235 965 1422 1000; x_wconf 87' lang='lat' dir='ltr'>scribendi.</span> <span class='ocrx_word' id='word_1_301' title='bbox 1464 967 1632 1012; x_wconf 86' lang='lat' dir='ltr'>Sequitur</span> <span class='ocrx_word' id='word_1_302' title='bbox 1648 969 1785 1012; x_wconf 87' lang='lat' dir='ltr'>petitio.</span> <span class='ocrx_word' id='word_1_303' title='bbox 1824 967 1864 1002; x_wconf 89' lang='lat' dir='ltr'>In</span> <span class='ocrx_word' id='word_1_304' title='bbox 1880 970 1949 1002; x_wconf 81' lang='lat' dir='ltr'>fine</span> <span class='ocrx_word' id='word_1_305' title='bbox 1965 976 2016 1004; x_wconf 86' lang='lat' dir='ltr'>est</span> <span class='ocrx_word' id='word_1_306' title='bbox 2033 970 2200 1005; x_wconf 84' lang='lat' dir='ltr'>clausula.</span> 
     </span>
    </p>
   </div>
   <div class='ocr_carea' id='block_1_29' title="bbox 1370 1057 2092 1105">
    <p class='ocr_par' dir='ltr' id='par_1_29' title="bbox 1370 1057 2092 1105">
     <span class='ocr_line' id='line_1_60' title="bbox 1370 1057 2092 1105; baseline 0.004 -13"><span class='ocrx_word' id='word_1_307' title='bbox 1370 1057 1556 1093; x_wconf 88' lang='lat' dir='ltr'>Scholia</span> <span class='ocrx_word' id='word_1_308' title='bbox 1583 1059 1629 1092; x_wconf 89' lang='lat' dir='ltr'>in</span> <span class='ocrx_word' id='word_1_309' title='bbox 1656 1060 1895 1105; x_wconf 86' lang='lat' dir='ltr'>epistolam</span> <span class='ocrx_word' id='word_1_310' title='bbox 1922 1060 2092 1096; x_wconf 83' lang='lat' dir='ltr'>LXXVII.</span> 
     </span>
    </p>
   </div>
   <div class='ocr_carea' id='block_1_30' title="bbox 1236 1133 2224 1434">
    <p class='ocr_par' dir='ltr' id='par_1_30' title="bbox 1236 1133 2224 1270">
     <span class='ocr_line' id='line_1_61' title="bbox 1340 1133 2224 1183; baseline 0 -15"><span class='ocrx_word' id='word_1_311' title='bbox 1340 1133 1371 1178; x_wconf 61' lang='grc' dir='ltr'>ἓ.</span> <span class='ocrx_word' id='word_1_312' title='bbox 1397 1135 1429 1168; x_wconf 88' lang='grc'>1.</span> <span class='ocrx_word' id='word_1_313' title='bbox 1472 1136 1579 1176; x_wconf 80' lang='lat' dir='ltr'>Quum</span> <span class='ocrx_word' id='word_1_314' title='bbox 1607 1137 1661 1169; x_wconf 72' lang='lat' dir='ltr'>leis</span> <span class='ocrx_word' id='word_1_315' title='bbox 1689 1133 1906 1183; x_wconf 73' lang='lat' dir='ltr'>temporibus]</span> <span class='ocrx_word' id='word_1_316' title='bbox 1939 1136 2029 1170; x_wconf 87' lang='lat' dir='ltr'>Tres</span> <span class='ocrx_word' id='word_1_317' title='bbox 2056 1136 2224 1180; x_wconf 89' lang='lat' dir='ltr'>epistolae</span> 
     </span>
     <span class='ocr_line' id='line_1_62' title="bbox 1236 1184 2224 1234; baseline 0.006 -18"><span class='ocrx_word' id='word_1_318' title='bbox 1236 1190 1372 1228; x_wconf 79' lang='lat' dir='ltr'>partes,</span> <span class='ocrx_word' id='word_1_319' title='bbox 1401 1186 1502 1230; x_wconf 87' lang='lat' dir='ltr'>quasi</span> <span class='ocrx_word' id='word_1_320' title='bbox 1517 1186 1675 1219; x_wconf 86' lang='lat' dir='ltr'>diversae</span> <span class='ocrx_word' id='word_1_321' title='bbox 1693 1186 1874 1230; x_wconf 85' lang='lat' dir='ltr'>epistolae.</span> <span class='ocrx_word' id='word_1_322' title='bbox 1933 1189 2050 1234; x_wconf 81' lang='lat' dir='ltr'>Itaque</span> <span class='ocrx_word' id='word_1_323' title='bbox 2064 1184 2224 1234; x_wconf 62' lang='lat' dir='ltr'>affiaeifflss</span> 
     </span>
     <span class='ocr_line' id='line_1_63' title="bbox 1237 1236 1419 1270; baseline 0 0"><span class='ocrx_word' id='word_1_324' title='bbox 1237 1236 1419 1270; x_wconf 56' lang='lat' dir='ltr'>Narratio.</span> 
     </span>
    </p>

    <p class='ocr_par' dir='ltr' id='par_1_31' title="bbox 1340 1285 2087 1333">
     <span class='ocr_line' id='line_1_64' title="bbox 1340 1285 2087 1333; baseline 0.001 -14"><span class='ocrx_word' id='word_1_325' title='bbox 1340 1286 1419 1329; x_wconf 59' lang='lat'>§.2</span> <span class='ocrx_word' id='word_1_326' title='bbox 1446 1288 1500 1321; x_wconf 85' lang='lat' dir='ltr'>M.</span> <span class='ocrx_word' id='word_1_327' title='bbox 1517 1285 1773 1333; x_wconf 79' lang='lat' dir='ltr'>Bollanum⁶¹)]</span> <span class='ocrx_word' id='word_1_328' title='bbox 1804 1287 2087 1320; x_wconf 88' lang='lat' dir='ltr'>Commendatio.</span> 
     </span>
    </p>

    <p class='ocr_par' dir='ltr' id='par_1_32' title="bbox 1236 1336 2075 1434">
     <span class='ocr_line' id='line_1_65' title="bbox 1341 1336 2075 1381; baseline 0.001 -11"><span class='ocrx_word' id='word_1_329' title='bbox 1341 1337 1414 1380; x_wconf 54' lang='lat' dir='ltr'>5..ss</span> <span class='ocrx_word' id='word_1_330' title='bbox 1442 1339 1642 1381; x_wconf 72' lang='lat' dir='ltr'>Dionysius,</span> <span class='ocrx_word' id='word_1_331' title='bbox 1657 1336 1789 1381; x_wconf 75' lang='lat' dir='ltr'>servus]</span> <span class='ocrx_word' id='word_1_332' title='bbox 1809 1338 1887 1371; x_wconf 84' lang='lat' dir='ltr'>Alia</span> <span class='ocrx_word' id='word_1_333' title='bbox 1903 1338 2075 1373; x_wconf 86' lang='lat' dir='ltr'>narratio.</span> 
     </span>
     <span class='ocr_line' id='line_1_66' title="bbox 1236 1385 1460 1434; baseline 0.004 -14"><span class='ocrx_word' id='word_1_334' title='bbox 1236 1385 1289 1434; x_wconf 78' lang='lat' dir='ltr'>tu]</span> <span class='ocrx_word' id='word_1_335' title='bbox 1317 1387 1460 1421; x_wconf 74' lang='lat' dir='ltr'>Potitio.</span> 
     </span>
    </p>
   </div>
   <div class='ocr_carea' id='block_1_31' title="bbox 2127 1340 2225 1372">
    <p class='ocr_par' dir='ltr' id='par_1_33' title="bbox 2127 1340 2225 1372">
     <span class='ocr_line' id='line_1_67' title="bbox 2127 1340 2225 1372; baseline -0.01 0"><span class='ocrx_word' id='word_1_336' title='bbox 2127 1340 2225 1372; x_wconf 75' lang='lat' dir='ltr'>Hune</span> 
     </span>
    </p>
   </div>
   <div class='ocr_carea' id='block_1_32' title="bbox 1536 1459 1929 1505">
    <p class='ocr_par' dir='ltr' id='par_1_34' title="bbox 1536 1459 1929 1505">
     <span class='ocr_line' id='line_1_68' title="bbox 1536 1459 1929 1505; baseline 0 -13"><span class='ocrx_word' id='word_1_337' title='bbox 1536 1459 1929 1505; x_wconf 59' lang='lat' dir='ltr'>Argumentum‘ffl).</span> 
     </span>
    </p>
   </div>
   <div class='ocr_carea' id='block_1_33' title="bbox 1235 1524 2225 2028">
    <p class='ocr_par' dir='ltr' id='par_1_35' title="bbox 1235 1524 2225 2028">
     <span class='ocr_line' id='line_1_69' title="bbox 1338 1524 2225 1570; baseline -0.002 -10"><span class='ocrx_word' id='word_1_338' title='bbox 1338 1526 1430 1560; x_wconf 86' lang='lat' dir='ltr'>Satis</span> <span class='ocrx_word' id='word_1_339' title='bbox 1454 1531 1604 1569; x_wconf 85' lang='lat' dir='ltr'>apparet</span> <span class='ocrx_word' id='word_1_340' title='bbox 1624 1537 1666 1558; x_wconf 87' lang='lat' dir='ltr'>ex</span> <span class='ocrx_word' id='word_1_341' title='bbox 1692 1525 1848 1570; x_wconf 86' lang='lat' dir='ltr'>epistolis</span> <span class='ocrx_word' id='word_1_342' title='bbox 1865 1525 2003 1558; x_wconf 83' lang='lat' dir='ltr'>Vatinii</span> <span class='ocrx_word' id='word_1_343' title='bbox 2022 1524 2067 1558; x_wconf 89' lang='lat' dir='ltr'>ad</span> <span class='ocrx_word' id='word_1_344' title='bbox 2085 1524 2225 1558; x_wconf 89' lang='lat' dir='ltr'>Cicero·</span> 
     </span>
     <span class='ocr_line' id='line_1_70' title="bbox 1237 1574 2224 1621; baseline -0.003 -10"><span class='ocrx_word' id='word_1_345' title='bbox 1237 1590 1320 1611; x_wconf 89' lang='lat' dir='ltr'>nem</span> <span class='ocrx_word' id='word_1_346' title='bbox 1342 1578 1402 1611; x_wconf 90' lang='lat' dir='ltr'>lib.</span> <span class='ocrx_word' id='word_1_347' title='bbox 1421 1575 1456 1611; x_wconf 85' lang='lat'>5.</span> <span class='ocrx_word' id='word_1_348' title='bbox 1479 1577 1517 1609; x_wconf 92' lang='lat' dir='ltr'>in</span> <span class='ocrx_word' id='word_1_349' title='bbox 1534 1576 1568 1610; x_wconf 86' lang='lat'>9.</span> <span class='ocrx_word' id='word_1_350' title='bbox 1587 1582 1621 1609; x_wconf 83' lang='lat' dir='ltr'>et</span> <span class='ocrx_word' id='word_1_351' title='bbox 1640 1578 1697 1610; x_wconf 86' lang='lat'>10.</span> <span class='ocrx_word' id='word_1_352' title='bbox 1722 1577 1888 1621; x_wconf 85' lang='lat' dir='ltr'>epistola,</span> <span class='ocrx_word' id='word_1_353' title='bbox 1921 1574 2012 1610; x_wconf 89' lang='lat' dir='ltr'>hanc</span> <span class='ocrx_word' id='word_1_354' title='bbox 2038 1575 2224 1620; x_wconf 85' lang='lat' dir='ltr'>epistolam</span> 
     </span>
     <span class='ocr_line' id='line_1_71' title="bbox 1237 1627 2225 1671; baseline -0.003 -9"><span class='ocrx_word' id='word_1_355' title='bbox 1237 1641 1311 1662; x_wconf 89' lang='lat' dir='ltr'>non</span> <span class='ocrx_word' id='word_1_356' title='bbox 1336 1641 1406 1662; x_wconf 87' lang='lat' dir='ltr'>esse</span> <span class='ocrx_word' id='word_1_357' title='bbox 1426 1627 1600 1671; x_wconf 85' lang='lat' dir='ltr'>Sulpicio,</span> <span class='ocrx_word' id='word_1_358' title='bbox 1635 1627 1737 1661; x_wconf 89' lang='lat' dir='ltr'>sicuti</span> <span class='ocrx_word' id='word_1_359' title='bbox 1760 1628 1833 1660; x_wconf 84' lang='lat' dir='ltr'>fere</span> <span class='ocrx_word' id='word_1_360' title='bbox 1858 1628 1895 1660; x_wconf 91' lang='lat' dir='ltr'>in</span> <span class='ocrx_word' id='word_1_361' title='bbox 1922 1628 2086 1661; x_wconf 89' lang='lat' dir='ltr'>omnibus</span> <span class='ocrx_word' id='word_1_362' title='bbox 2110 1638 2225 1660; x_wconf 83' lang='lat' dir='ltr'>exem-</span> 
     </span>
     <span class='ocr_line' id='line_1_72' title="bbox 1237 1677 2225 1726; baseline -0.002 -14"><span class='ocrx_word' id='word_1_363' title='bbox 1237 1679 1395 1724; x_wconf 86' lang='lat' dir='ltr'>plaribus</span> <span class='ocrx_word' id='word_1_364' title='bbox 1404 1679 1449 1724; x_wconf 63' lang='grc'>63)</span> <span class='ocrx_word' id='word_1_365' title='bbox 1466 1678 1594 1722; x_wconf 81' lang='lat' dir='ltr'>legitur</span> <span class='ocrx_word' id='word_1_366' title='bbox 1607 1705 1616 1719; x_wconf 91' lang='lat'>‚</span> <span class='ocrx_word' id='word_1_367' title='bbox 1643 1680 1703 1711; x_wconf 87' lang='lat' dir='ltr'>sed</span> <span class='ocrx_word' id='word_1_368' title='bbox 1718 1678 1862 1711; x_wconf 85' lang='lat' dir='ltr'>Vatinio</span> <span class='ocrx_word' id='word_1_369' title='bbox 1871 1678 1918 1726; x_wconf 73' lang='lat'>⁶¹)</span> <span class='ocrx_word' id='word_1_370' title='bbox 1937 1679 2116 1724; x_wconf 88' lang='lat' dir='ltr'>scriptam.</span> <span class='ocrx_word' id='word_1_371' title='bbox 2160 1677 2225 1711; x_wconf 84' lang='lat' dir='ltr'>Est</span> 
     </span>
     <span class='ocr_line' id='line_1_73' title="bbox 1237 1729 2225 1773; baseline -0.003 -10"><span class='ocrx_word' id='word_1_372' title='bbox 1237 1738 1354 1764; x_wconf 85' lang='lat' dir='ltr'>autem</span> <span class='ocrx_word' id='word_1_373' title='bbox 1379 1730 1604 1773; x_wconf 81' lang='lat' dir='ltr'>responsoria</span> <span class='ocrx_word' id='word_1_374' title='bbox 1630 1736 1662 1761; x_wconf 90' lang='lat' dir='ltr'>et</span> <span class='ocrx_word' id='word_1_375' title='bbox 1686 1729 1872 1773; x_wconf 85' lang='lat' dir='ltr'>petitoria,</span> <span class='ocrx_word' id='word_1_376' title='bbox 1914 1729 2012 1763; x_wconf 89' lang='lat' dir='ltr'>cuius</span> <span class='ocrx_word' id='word_1_377' title='bbox 2041 1735 2111 1762; x_wconf 87' lang='lat' dir='ltr'>tres</span> <span class='ocrx_word' id='word_1_378' title='bbox 2142 1735 2225 1761; x_wconf 84' lang='lat' dir='ltr'>sunt</span> 
     </span>
     <span class='ocr_line' id='line_1_74' title="bbox 1236 1777 2222 1826; baseline -0.004 -12"><span class='ocrx_word' id='word_1_379' title='bbox 1236 1788 1366 1826; x_wconf 84' lang='lat' dir='ltr'>partes.</span> <span class='ocrx_word' id='word_1_380' title='bbox 1417 1780 1600 1824; x_wconf 89' lang='lat' dir='ltr'>Principio</span> <span class='ocrx_word' id='word_1_381' title='bbox 1618 1777 1725 1812; x_wconf 80' lang='lat' dir='ltr'>habet</span> <span class='ocrx_word' id='word_1_382' title='bbox 1744 1780 2044 1824; x_wconf 87' lang='lat' dir='ltr'>praedicationem</span> <span class='ocrx_word' id='word_1_383' title='bbox 2063 1791 2102 1812; x_wconf 87' lang='lat' dir='ltr'>ac</span> <span class='ocrx_word' id='word_1_384' title='bbox 2118 1779 2222 1822; x_wconf 89' lang='lat' dir='ltr'>polli-</span> 
     </span>
     <span class='ocr_line' id='line_1_75' title="bbox 1237 1829 2222 1865; baseline -0.002 0"><span class='ocrx_word' id='word_1_385' title='bbox 1237 1832 1439 1865; x_wconf 75' lang='lat' dir='ltr'>citationem</span> <span class='ocrx_word' id='word_1_386' title='bbox 1463 1831 1518 1864; x_wconf 88' lang='lat' dir='ltr'>sui</span> <span class='ocrx_word' id='word_1_387' title='bbox 1543 1831 1658 1864; x_wconf 83' lang='lat' dir='ltr'>officii.</span> <span class='ocrx_word' id='word_1_388' title='bbox 1716 1830 1852 1864; x_wconf 87' lang='lat' dir='ltr'>Deinde</span> <span class='ocrx_word' id='word_1_389' title='bbox 1871 1837 1924 1865; x_wconf 86' lang='lat' dir='ltr'>est</span> <span class='ocrx_word' id='word_1_390' title='bbox 1947 1829 2222 1864; x_wconf 85' lang='lat' dir='ltr'>commendatio.</span> 
     </span>
     <span class='ocr_line' id='line_1_76' title="bbox 1236 1881 2223 1927; baseline -0.004 -11"><span class='ocrx_word' id='word_1_391' title='bbox 1236 1884 1423 1917; x_wconf 76' lang='lat' dir='ltr'>Postremo</span> <span class='ocrx_word' id='word_1_392' title='bbox 1442 1883 1520 1914; x_wconf 91' lang='lat' dir='ltr'>loco</span> <span class='ocrx_word' id='word_1_393' title='bbox 1538 1883 1685 1927; x_wconf 90' lang='lat' dir='ltr'>ponitur</span> <span class='ocrx_word' id='word_1_394' title='bbox 1701 1883 1860 1914; x_wconf 84' lang='lat' dir='ltr'>narratio</span> <span class='ocrx_word' id='word_1_395' title='bbox 1883 1883 1925 1915; x_wconf 89' lang='lat' dir='ltr'>de</span> <span class='ocrx_word' id='word_1_396' title='bbox 1939 1881 2113 1926; x_wconf 87' lang='lat' dir='ltr'>Dionysio</span> <span class='ocrx_word' id='word_1_397' title='bbox 2138 1892 2223 1913; x_wconf 81' lang='lat' dir='ltr'>ana-</span> 
     </span>
     <span class='ocr_line' id='line_1_77' title="bbox 1236 1931 2222 1978; baseline -0.003 -12"><span class='ocrx_word' id='word_1_398' title='bbox 1236 1940 1358 1978; x_wconf 84' lang='lat' dir='ltr'>gnoste</span> <span class='ocrx_word' id='word_1_399' title='bbox 1375 1934 1544 1977; x_wconf 83' lang='lat' dir='ltr'>fugitivo,</span> <span class='ocrx_word' id='word_1_400' title='bbox 1572 1933 1691 1967; x_wconf 87' lang='lat' dir='ltr'>addita</span> <span class='ocrx_word' id='word_1_401' title='bbox 1708 1932 1898 1977; x_wconf 87' lang='lat' dir='ltr'>petitione,</span> <span class='ocrx_word' id='word_1_402' title='bbox 1932 1939 1972 1966; x_wconf 88' lang='lat' dir='ltr'>ut</span> <span class='ocrx_word' id='word_1_403' title='bbox 1989 1945 2070 1966; x_wconf 81' lang='lat' dir='ltr'>euni</span> <span class='ocrx_word' id='word_1_404' title='bbox 2087 1931 2222 1976; x_wconf 87' lang='lat' dir='ltr'>inquiri</span> 
     </span>
     <span class='ocr_line' id='line_1_78' title="bbox 1235 1985 1490 2028; baseline -0.004 -10"><span class='ocrx_word' id='word_1_405' title='bbox 1235 1991 1269 2018; x_wconf 88' lang='lat' dir='ltr'>et</span> <span class='ocrx_word' id='word_1_406' title='bbox 1287 1985 1366 2028; x_wconf 87' lang='lat' dir='ltr'>capi</span> <span class='ocrx_word' id='word_1_407' title='bbox 1381 1990 1490 2018; x_wconf 86' lang='lat' dir='ltr'>curet.</span> 
     </span>
    </p>
   </div>
   <div class='ocr_carea' id='block_1_34' title="bbox 1481 2058 1963 2102">
    <p class='ocr_par' dir='ltr' id='par_1_36' title="bbox 1481 2058 1963 2102">
     <span class='ocr_line' id='line_1_79' title="bbox 1481 2058 1963 2102; baseline 0 -11"><span class='ocrx_word' id='word_1_408' title='bbox 1481 2058 1617 2091; x_wconf 86' lang='lat' dir='ltr'>Aliud</span> <span class='ocrx_word' id='word_1_409' title='bbox 1639 2063 1963 2102; x_wconf 86' lang='lat' dir='ltr'>argumentum.</span> 
     </span>
    </p>
   </div>
   <div class='ocr_carea' id='block_1_35' title="bbox 1234 2125 2220 2221">
    <p class='ocr_par' dir='ltr' id='par_1_37' title="bbox 1234 2125 2220 2221">
     <span class='ocr_line' id='line_1_80' title="bbox 1337 2125 2220 2171; baseline -0.002 -10"><span class='ocrx_word' id='word_1_410' title='bbox 1337 2126 1507 2161; x_wconf 72' lang='lat' dir='ltr'>Narratio</span> <span class='ocrx_word' id='word_1_411' title='bbox 1525 2128 1567 2159; x_wconf 91' lang='lat' dir='ltr'>de</span> <span class='ocrx_word' id='word_1_412' title='bbox 1583 2138 1646 2160; x_wconf 88' lang='lat' dir='ltr'>suo</span> <span class='ocrx_word' id='word_1_413' title='bbox 1667 2125 1794 2159; x_wconf 77' lang='lat' dir='ltr'>officio.</span> <span class='ocrx_word' id='word_1_414' title='bbox 1847 2125 2016 2171; x_wconf 90' lang='lat' dir='ltr'>Sequitur</span> <span class='ocrx_word' id='word_1_415' title='bbox 2041 2138 2220 2159; x_wconf 87' lang='lat' dir='ltr'>commen-</span> 
     </span>
     <span class='ocr_line' id='line_1_81' title="bbox 1234 2175 2220 2221; baseline 0.001 -11"><span class='ocrx_word' id='word_1_416' title='bbox 1234 2177 1350 2218; x_wconf 84' lang='lat' dir='ltr'>datio,</span> <span class='ocrx_word' id='word_1_417' title='bbox 1378 2178 1475 2211; x_wconf 88' lang='lat' dir='ltr'>cuius</span> <span class='ocrx_word' id='word_1_418' title='bbox 1494 2177 1584 2211; x_wconf 87' lang='lat' dir='ltr'>ratio</span> <span class='ocrx_word' id='word_1_419' title='bbox 1600 2183 1739 2221; x_wconf 83' lang='lat' dir='ltr'>sumpta</span> <span class='ocrx_word' id='word_1_420' title='bbox 1765 2182 1816 2210; x_wconf 85' lang='lat' dir='ltr'>est</span> <span class='ocrx_word' id='word_1_421' title='bbox 1838 2188 1879 2209; x_wconf 81' lang='lat' dir='ltr'>ex</span> <span class='ocrx_word' id='word_1_422' title='bbox 1899 2175 2049 2210; x_wconf 86' lang='lat' dir='ltr'>honesto</span> <span class='ocrx_word' id='word_1_423' title='bbox 2071 2183 2106 2209; x_wconf 91' lang='lat' dir='ltr'>et</span> <span class='ocrx_word' id='word_1_424' title='bbox 2129 2177 2220 2212; x_wconf 87' lang='lat' dir='ltr'>utili.</span> 
     </span>
    </p>
   </div>
   <div class='ocr_carea' id='block_1_36' title="bbox 1238 2247 1442 2253">
    <p class='ocr_par' dir='ltr' id='par_1_38' title="bbox 1238 2247 1442 2253">
     <span class='ocr_line' id='line_1_82' title="bbox 1238 2247 1442 2253; baseline 0 0"><span class='ocrx_word' id='word_1_425' title='bbox 1238 2247 1442 2253; x_wconf 95' lang='lat' dir='ltr'> </span> 
     </span>
    </p>
   </div>
   <div class='ocr_carea' id='block_1_37' title="bbox 1265 2276 2220 2336">
    <p class='ocr_par' dir='ltr' id='par_1_39' title="bbox 1265 2276 2220 2336">
     <span class='ocr_line' id='line_1_83' title="bbox 1265 2276 2220 2309; baseline 0 -7"><span class='ocrx_word' id='word_1_426' title='bbox 1265 2279 1314 2306; x_wconf 77' lang='lat'>59]</span> <span class='ocrx_word' id='word_1_427' title='bbox 1334 2279 1391 2302; x_wconf 84' lang='lat' dir='ltr'>Hoc</span> <span class='ocrx_word' id='word_1_428' title='bbox 1408 2278 1596 2309; x_wconf 83' lang='lat' dir='ltr'>argumentum</span> <span class='ocrx_word' id='word_1_429' title='bbox 1615 2278 1642 2300; x_wconf 90' lang='lat' dir='ltr'>et</span> <span class='ocrx_word' id='word_1_430' title='bbox 1660 2282 1779 2307; x_wconf 82' lang='lat' dir='ltr'>sequens</span> <span class='ocrx_word' id='word_1_431' title='bbox 1797 2276 1824 2301; x_wconf 88' lang='lat' dir='ltr'>iu</span> <span class='ocrx_word' id='word_1_432' title='bbox 1843 2276 2024 2306; x_wconf 76' lang='lat' dir='ltr'>Editt.155⁶.‚</span> <span class='ocrx_word' id='word_1_433' title='bbox 2044 2277 2220 2303; x_wconf 77' lang='lat'>1565—1596.</span> 
     </span>
     <span class='ocr_line' id='line_1_84' title="bbox 1303 2314 1421 2336; baseline 0.008 -1"><span class='ocrx_word' id='word_1_434' title='bbox 1303 2314 1421 2336; x_wconf 78' lang='lat' dir='ltr'>exstant.</span> 
     </span>
    </p>
   </div>
   <div class='ocr_carea' id='block_1_38' title="bbox 1265 2353 2217 2418">
    <p class='ocr_par' dir='ltr' id='par_1_40' title="bbox 1265 2353 2217 2418">
     <span class='ocr_line' id='line_1_85' title="bbox 1265 2353 2217 2386; baseline 0.002 -8"><span class='ocrx_word' id='word_1_435' title='bbox 1265 2354 1312 2386; x_wconf 88' lang='grc'>60)</span> <span class='ocrx_word' id='word_1_436' title='bbox 1332 2354 1420 2385; x_wconf 80' lang='lat' dir='ltr'>affui]</span> <span class='ocrx_word' id='word_1_437' title='bbox 1440 2354 1480 2377; x_wconf 85' lang='lat' dir='ltr'>sic</span> <span class='ocrx_word' id='word_1_438' title='bbox 1498 2354 1546 2377; x_wconf 86' lang='lat' dir='ltr'>Ed.</span> <span class='ocrx_word' id='word_1_439' title='bbox 1566 2354 1652 2377; x_wconf 83' lang='lat' dir='ltr'>orell.</span> <span class='ocrx_word' id='word_1_440' title='bbox 1679 2355 1706 2377; x_wconf 87' lang='lat' dir='ltr'>et</span> <span class='ocrx_word' id='word_1_441' title='bbox 1735 2359 1827 2378; x_wconf 79' lang='lat' dir='ltr'>omnes</span> <span class='ocrx_word' id='word_1_442' title='bbox 1851 2353 1917 2378; x_wconf 81' lang='lat' dir='ltr'>illae</span> <span class='ocrx_word' id='word_1_443' title='bbox 1934 2353 2018 2377; x_wconf 78' lang='lat' dir='ltr'>Editt.</span> <span class='ocrx_word' id='word_1_444' title='bbox 2037 2355 2150 2384; x_wconf 83' lang='lat' dir='ltr'>praeter</span> <span class='ocrx_word' id='word_1_445' title='bbox 2167 2354 2217 2380; x_wconf 71' lang='lat'>1⁴:21.</span> 
     </span>
     <span class='ocr_line' id='line_1_86' title="bbox 1302 2388 1753 2418; baseline -0.002 -6"><span class='ocrx_word' id='word_1_446' title='bbox 1302 2389 1394 2417; x_wconf 58' lang='lat'>1537„</span> <span class='ocrx_word' id='word_1_447' title='bbox 1423 2389 1449 2411; x_wconf 85' lang='lat' dir='ltr'>in</span> <span class='ocrx_word' id='word_1_448' title='bbox 1469 2394 1522 2417; x_wconf 82' lang='lat' dir='ltr'>qna</span> <span class='ocrx_word' id='word_1_449' title='bbox 1540 2389 1641 2417; x_wconf 66' lang='lat' dir='ltr'>iegitur</span> <span class='ocrx_word' id='word_1_450' title='bbox 1660 2388 1753 2418; x_wconf 74' lang='lat' dir='ltr'>adfui.</span> 
     </span>
    </p>
   </div>
   <div class='ocr_carea' id='block_1_39' title="bbox 1265 2429 2215 2528">
    <p class='ocr_par' dir='ltr' id='par_1_41' title="bbox 1265 2429 2215 2528">
     <span class='ocr_line' id='line_1_87' title="bbox 1265 2429 2214 2461; baseline -0.001 -6"><span class='ocrx_word' id='word_1_451' title='bbox 1265 2431 1313 2461; x_wconf 84' lang='lat'>61)</span> <span class='ocrx_word' id='word_1_452' title='bbox 1331 2432 1501 2459; x_wconf 68' lang='lat' dir='ltr'>Bellunum]</span> <span class='ocrx_word' id='word_1_453' title='bbox 1521 2431 1561 2453; x_wconf 86' lang='lat' dir='ltr'>sie</span> <span class='ocrx_word' id='word_1_454' title='bbox 1580 2436 1672 2453; x_wconf 82' lang='lat' dir='ltr'>omnes</span> <span class='ocrx_word' id='word_1_455' title='bbox 1692 2430 1757 2453; x_wconf 82' lang='lat' dir='ltr'>illae</span> <span class='ocrx_word' id='word_1_456' title='bbox 1771 2429 1869 2459; x_wconf 77' lang='lat' dir='ltr'>Editt.;</span> <span class='ocrx_word' id='word_1_457' title='bbox 1894 2430 1942 2453; x_wconf 82' lang='lat' dir='ltr'>Ed.</span> <span class='ocrx_word' id='word_1_458' title='bbox 1957 2429 2043 2454; x_wconf 83' lang='lat' dir='ltr'>oren.</span> <span class='ocrx_word' id='word_1_459' title='bbox 2062 2430 2214 2454; x_wconf 75' lang='lat' dir='ltr'>Bolanum.</span> 
     </span>
     <span class='ocr_line' id='line_1_88' title="bbox 1300 2464 2215 2494; baseline 0 -6"><span class='ocrx_word' id='word_1_460' title='bbox 1300 2478 1332 2483; x_wconf 97' lang='lat'><strong>—</strong></span> <span class='ocrx_word' id='word_1_461' title='bbox 1352 2466 1381 2488; x_wconf 85' lang='lat'>111</span> <span class='ocrx_word' id='word_1_462' title='bbox 1394 2464 1477 2488; x_wconf 83' lang='lat' dir='ltr'>Editt.</span> <span class='ocrx_word' id='word_1_463' title='bbox 1495 2465 1578 2491; x_wconf 59' lang='lat'>1545..</span> <span class='ocrx_word' id='word_1_464' title='bbox 1601 2465 1673 2487; x_wconf 78' lang='lat'>1560.</span> <span class='ocrx_word' id='word_1_465' title='bbox 1693 2465 1753 2487; x_wconf 80' lang='lat' dir='ltr'>huic</span> <span class='ocrx_word' id='word_1_466' title='bbox 1771 2466 1853 2487; x_wconf 83' lang='lat' dir='ltr'>notae</span> <span class='ocrx_word' id='word_1_467' title='bbox 1872 2470 1921 2493; x_wconf 81' lang='lat' dir='ltr'>pro</span> <span class='ocrx_word' id='word_1_468' title='bbox 1940 2464 1989 2487; x_wconf 81' lang='lat' dir='ltr'>hoc</span> <span class='ocrx_word' id='word_1_469' title='bbox 2007 2464 2114 2487; x_wconf 87' lang='lat' dir='ltr'>nomine</span> <span class='ocrx_word' id='word_1_470' title='bbox 2131 2470 2215 2494; x_wconf 78' lang='lat' dir='ltr'>prae-</span> 
     </span>
     <span class='ocr_line' id='line_1_89' title="bbox 1299 2498 2086 2528; baseline -0.004 -5"><span class='ocrx_word' id='word_1_471' title='bbox 1299 2500 1352 2523; x_wconf 72' lang='lat' dir='ltr'>fixa</span> <span class='ocrx_word' id='word_1_472' title='bbox 1371 2501 1435 2522; x_wconf 85' lang='lat' dir='ltr'>sunt</span> <span class='ocrx_word' id='word_1_473' title='bbox 1453 2498 1596 2528; x_wconf 77' lang='lat' dir='ltr'>sequentia</span> <span class='ocrx_word' id='word_1_474' title='bbox 1615 2498 1671 2523; x_wconf 82' lang='lat' dir='ltr'>Cic,</span> <span class='ocrx_word' id='word_1_475' title='bbox 1692 2500 1790 2522; x_wconf 78' lang='lat' dir='ltr'>verba:</span> <span class='ocrx_word' id='word_1_476' title='bbox 1818 2499 1988 2528; x_wconf 65' lang='lat' dir='ltr'>Per-„qratiam</span> <span class='ocrx_word' id='word_1_477' title='bbox 2007 2498 2086 2521; x_wconf 74' lang='lat' dir='ltr'>milei.</span> 
     </span>
    </p>
   </div>
   <div class='ocr_carea' id='block_1_40' title="bbox 1262 2539 2216 2726">
    <p class='ocr_par' dir='ltr' id='par_1_42' title="bbox 1262 2539 2216 2605">
     <span class='ocr_line' id='line_1_90' title="bbox 1262 2539 2216 2571; baseline -0.002 -5"><span class='ocrx_word' id='word_1_478' title='bbox 1262 2543 1312 2570; x_wconf 78' lang='lat'>62)</span> <span class='ocrx_word' id='word_1_479' title='bbox 1330 2543 1387 2565; x_wconf 82' lang='lat' dir='ltr'>Hoc</span> <span class='ocrx_word' id='word_1_480' title='bbox 1409 2542 1596 2571; x_wconf 76' lang='lat' dir='ltr'>argumentum</span> <span class='ocrx_word' id='word_1_481' title='bbox 1616 2543 1643 2564; x_wconf 88' lang='lat' dir='ltr'>et</span> <span class='ocrx_word' id='word_1_482' title='bbox 1662 2542 1714 2564; x_wconf 86' lang='lat' dir='ltr'>duo</span> <span class='ocrx_word' id='word_1_483' title='bbox 1734 2540 1876 2571; x_wconf 81' lang='lat' dir='ltr'>sequentia</span> <span class='ocrx_word' id='word_1_484' title='bbox 1894 2539 1922 2564; x_wconf 85' lang='lat' dir='ltr'>in</span> <span class='ocrx_word' id='word_1_485' title='bbox 1939 2539 2125 2570; x_wconf 75' lang='lat' dir='ltr'>Editt.1556.,</span> <span class='ocrx_word' id='word_1_486' title='bbox 2149 2540 2216 2564; x_wconf 68' lang='lat'>1563</span> 
     </span>
     <span class='ocr_line' id='line_1_91' title="bbox 1298 2575 1618 2605; baseline 0 -6"><span class='ocrx_word' id='word_1_487' title='bbox 1298 2576 1413 2600; x_wconf 82' lang='grc'>-1596,</span> <span class='ocrx_word' id='word_1_488' title='bbox 1436 2575 1618 2605; x_wconf 82' lang='lat' dir='ltr'>reperiuntur.</span> 
     </span>
    </p>

    <p class='ocr_par' dir='ltr' id='par_1_43' title="bbox 1262 2616 1699 2646">
     <span class='ocr_line' id='line_1_92' title="bbox 1262 2616 1699 2646; baseline -0.007 -4"><span class='ocrx_word' id='word_1_489' title='bbox 1262 2618 1311 2646; x_wconf 81' lang='lat'>63)</span> <span class='ocrx_word' id='word_1_490' title='bbox 1331 2617 1376 2642; x_wconf 82' lang='lat' dir='ltr'>Sic</span> <span class='ocrx_word' id='word_1_491' title='bbox 1396 2617 1477 2641; x_wconf 75' lang='lat' dir='ltr'>etiam</span> <span class='ocrx_word' id='word_1_492' title='bbox 1497 2617 1525 2640; x_wconf 82' lang='lat' dir='ltr'>in</span> <span class='ocrx_word' id='word_1_493' title='bbox 1544 2617 1593 2642; x_wconf 86' lang='lat' dir='ltr'>Ed.</span> <span class='ocrx_word' id='word_1_494' title='bbox 1614 2616 1699 2641; x_wconf 88' lang='lat' dir='ltr'>Orell.</span> 
     </span>
    </p>

    <p class='ocr_par' dir='ltr' id='par_1_44' title="bbox 1262 2656 2211 2726">
     <span class='ocr_line' id='line_1_93' title="bbox 1262 2656 2211 2690; baseline -0.003 -6"><span class='ocrx_word' id='word_1_495' title='bbox 1262 2663 1311 2687; x_wconf 72' lang='lat'>64)</span> <span class='ocrx_word' id='word_1_496' title='bbox 1332 2661 1377 2683; x_wconf 66' lang='lat' dir='ltr'>sic</span> <span class='ocrx_word' id='word_1_497' title='bbox 1401 2660 1481 2683; x_wconf 73' lang='lat' dir='ltr'>etiam</span> <span class='ocrx_word' id='word_1_498' title='bbox 1501 2659 1635 2684; x_wconf 54' lang='lat' dir='ltr'>xvieland</span> <span class='ocrx_word' id='word_1_499' title='bbox 1658 2658 1685 2681; x_wconf 87' lang='lat' dir='ltr'>in</span> <span class='ocrx_word' id='word_1_500' title='bbox 1712 2656 1889 2688; x_wconf 78' lang='lat' dir='ltr'>epistolarum</span> <span class='ocrx_word' id='word_1_501' title='bbox 1907 2656 2049 2683; x_wconf 79' lang='lat' dir='ltr'>Ciceronis</span> <span class='ocrx_word' id='word_1_502' title='bbox 2074 2657 2211 2690; x_wconf 71' lang='lat' dir='ltr'>iuterpre-</span> 
     </span>
     <span class='ocr_line' id='line_1_94' title="bbox 1297 2691 1855 2726; baseline -0.009 -6"><span class='ocrx_word' id='word_1_503' title='bbox 1297 2695 1400 2720; x_wconf 67' lang='lat' dir='ltr'>tattone</span> <span class='ocrx_word' id='word_1_504' title='bbox 1417 2694 1584 2726; x_wconf 62' lang='lat' dir='ltr'>germaium.</span> <span class='ocrx_word' id='word_1_505' title='bbox 1609 2693 1673 2718; x_wconf 72' lang='lat' dir='ltr'>Vol.</span> <span class='ocrx_word' id='word_1_506' title='bbox 1692 2692 1726 2717; x_wconf 75' lang='grc' dir='ltr'>Υ.</span> <span class='ocrx_word' id='word_1_507' title='bbox 1748 2698 1774 2723; x_wconf 75' lang='lat' dir='ltr'>p.</span> <span class='ocrx_word' id='word_1_508' title='bbox 1793 2691 1855 2715; x_wconf 81' lang='lat'>505.</span> 
     </span>
    </p>
   </div>
   <div class='ocr_carea' id='block_1_41' title="bbox 2324 0 2351 1222">
    <p class='ocr_par' dir='ltr' id='par_1_45' title="bbox 2324 0 2351 1222">
     <span class='ocr_line' id='line_1_95' title="bbox 2324 0 2351 1222; baseline 0 0"><span class='ocrx_word' id='word_1_509' title='bbox 2324 0 2351 1222; x_wconf 95' lang='lat' dir='ltr'> </span> 
     </span>
    </p>
   </div>
  </div>
 </body>
</html>
