2294 2975
739 74 860 110 PHIL.
896 74 1007 109 MEL.
1044 72 1246 108 SCRIPTA
1278 71 1613 110 PHILOLOGICA.
2161 86 2185 120 4

1038 159 1089 186 llis
1112 165 1313 187 accesserunt:

678 204 796 231 Lemma
820 201 954 230 Omnium
978 201 1189 239 Epistularum,
1218 211 1272 239 per
1293 201 1447 230 Gibertum
1471 203 1651 242 Longolimu.

680 246 787 273 Yariae
811 245 950 272 lectiones
974 252 1010 271 ex
1034 244 1190 272 collatione
1213 245 1318 272 vetusti
1341 244 1463 281 codicis,
1491 255 1545 283 per
1568 247 1718 275 Nicolaum
1743 248 1912 279 Scaelsimn.

300 308 346 339 31.
375 306 478 337 Tullii
501 304 664 335 Ciceronis
685 302 901 342 epistolarum
918 301 1151 340 familiarium
1173 300 1230 331 lib.
1257 300 1359 333 ⁴l'VI.
1404 300 1560 340 Caetera,
1595 314 1680 343 quae
1701 306 1833 337 adiecta
1861 314 1956 343 sunt,
1993 319 2087 340 uersa
2118 320 2181 349 pa-

343 352 424 389 gina
449 346 619 378 indicabit.
664 345 820 375 Rasilcac
845 344 938 382 apud
951 343 1126 373 Nicolaum
1147 343 1301 384 Bryle'ng.
1343 342 1445 374 ..Anno
1460 343 1512 375 M.
1529 346 1574 377 D.
1591 346 1705 379 A'LV.
1749 350 1792 380 47
1807 352 1903 389 plagg.
1928 354 1956 381 S.
1989 363 2051 381 cnm
2077 355 2180 392 signat.

344 404 449 430 a--z‚
477 391 596 424 ..x—Z,
617 392 650 418 A.
697 389 735 417 ¹4
758 388 820 416 soll.
842 397 898 415 non
923 397 1019 424 num.‚
1043 387 1106 417 588
1128 397 1232 425 pagg„
1263 396 1334 425 quas
1355 386 1397 417 68
1419 388 1482 417 foll.
1505 398 1561 418 non
1584 400 1661 420 uum.
1686 400 1854 430 sequuntur.
1878 410 1917 415 -—
1971 395 2000 422 lu
2023 397 2072 423 illa
2096 406 2179 425 uersa

343 437 448 473 pagina
473 435 543 462 haec
566 433 720 470 leguntur:

940 470 972 500 Iu
997 471 1049 499 hoc
1073 472 1228 499 Yolmnine
1252 472 1404 501 Contenta.

383 519 422 546 M.
445 519 478 545 T.
503 516 648 544 Ciceronis
670 515 865 552 Epistol-irum
888 515 1081 541 Familiarium
1106 515 1134 542 li.
1160 513 1238 542 XVI.
1281 514 1326 541 Ex
1348 514 1545 552 Christophori
1568 516 1716 556 Lougolij,
1740 520 1967 556 eloquentissimi
1991 522 2110 548 oratoris
2133 531 2181 549 ca-

428 559 624 596 stigatiouihus
646 558 787 594 recogniti
811 563 839 584 ct
861 557 1007 592 annotati,
1038 557 1139 594 quibus
1162 555 1234 583 haec
1256 562 1452 592 accesserunt,

383 601 507 637 Philippi
530 599 759 627 Melanchthouis
781 599 912 633 Scholia,
942 609 1004 626 cum
1028 598 1230 636 Argumentis,
1260 607 1334 635 quae
1357 599 1385 626 in
1408 599 1517 628 calcem
1542 600 1605 628 libri
1628 603 1821 639 apposuimus.

383 642 584 679 (flu-istophori
607 641 846 678 Uegendorphiui
870 641 1070 669 annotationes
1094 641 1276 677 marginales.

383 686 533 712 Lemmata
556 685 683 712 omnium
707 684 918 720 Epistularum,
951 692 1004 720 per
1027 684 1187 717 Gybertum
1210 682 1392 720 Longolium.

382 728 413 755 ln
438 727 523 764 primi
548 727 612 755 libri
634 726 795 754 obscuriora
821 726 882 752 loca
904 725 1023 753 alterius
1045 724 1190 753 cniusdam
1215 726 1311 753 breuis
1334 726 1513 763 explanatio.

383 769 542 796 illustrium
567 770 692 796 uirorum
716 768 917 795 annotationes
939 768 965 794 in
991 777 1076 795 unam
1098 768 1203 795 seriem
1228 777 1314 804 quam
1336 769 1564 796 commodissime
1588 767 1729 805 digestae.

384 812 562 839 Graecarum
585 820 685 837 uocum
710 810 856 838 luculenta
879 810 1091 847 interpretatio.

383 853 463 882 Pauli
485 853 608 890 Manutij
632 853 763 886 Scholia,
793 853 895 889 quibus
918 857 947 879 et
970 852 1023 879 loci
1047 851 1230 879 familiarium
1254 852 1438 889 epistolarum
1463 852 1642 881 obscuriores
1667 852 1882 890 explanantur,
1906 859 1934 882 et
1958 856 2183 893 castigationmu,

426 904 500 932 quae
523 896 552 923 iu
577 896 678 931 ijsdem
702 895 831 932 epistolis
852 894 945 922 factae
968 900 1051 931 suut,
1078 894 1148 922 ratio
1171 894 1312 923 redditur.

384 939 456 965 (mu
480 938 672 975 copiosissimo
696 938 790 965 iudice
800 936 838 975 *).

302 996 350 1026 1⁸1.
377 994 412 1025 T.
437 993 600 1024 Ciceronis
620 993 852 1033 Epistolarum
867 993 1107 1024 Familiarium
1123 992 1196 1024 Lib.
1213 993 1316 1024 XVI.
1331 993 1542 1026 Summarum
1561 994 1718 1025 Virorum
1740 995 1907 1024 industria
1924 995 2182 1036 Exemplarium

341 1048 413 1067 cum
436 1043 598 1074 ueterum,
627 1042 692 1066 tum
716 1039 938 1067 recentiorum
961 1038 1137 1067 collatione
1159 1039 1314 1067 restituti.
1357 1036 1485 1075 Quibus
1509 1036 1591 1067 baec
1612 1043 1832 1068 accesserunt.

341 1078 503 1110 Ioacbimi
524 1080 710 1110 camerarii
731 1078 955 1117 Pabergensis
977 1082 1160 1117 recognitio
1181 1077 1372 1110 elaborata:
1409 1082 1503 1109 cuius
1532 1086 1563 1109 et
1592 1080 1739 1109 locorum
1768 1081 1897 1119 aliquot
1919 1083 2181 1120 praecipuorum

424 1122 667 1152 Annotationes
691 1120 948 1159 subiunguntur.

340 1163 495 1203 Philippi
515 1162 789 1193 Melanchtlwnis
812 1168 1030 1202 argumenta,
1059 1173 1143 1203 quae
1166 1163 1317 1203 epistolis
1341 1160 1583 1203 praefiximus.
1627 1162 1785 1194 Eiusdem
1806 1162 1945 1196 Scholia
1975 1164 2182 1203 marginalia

425 1207 685 1244 elegantissima.

339 1246 571 1288 christophori
591 1246 756 1287 Longolij
778 1248 912 1278 clariss.
934 1250 1077 1278 oratoris
1102 1247 1356 1286 Castigationes.

339 1291 427 1321 Alcli
449 1291 616 1331 Manutij,
651 1288 845 1321 »sebastiani
867 1290 1023 1327 Corrade',
1052 1290 1150 1320 Petri
1173 1289 1335 1330 Victoris,
1370 1288 1585 1320 Bernardini
1610 1288 1741 1331 Rutilij
1759 1290 2004 1322 Annotationes
2029 1290 2183 1330 castiga-

429 1336 612 1372 tionesque,
641 1343 724 1373 quas
747 1335 781 1362 in
807 1334 929 1363 calcem
952 1331 1129 1363 cuiuslibet
1151 1332 1232 1362 libri
1253 1334 1485 1372 apposuimus.

342 1374 385 1405 In
407 1376 533 1416 aliquot
555 1375 658 1406 libros
681 1374 875 1406 obscuriora
896 1375 988 1406 Loca
1016 1385 1078 1413 per
1101 1374 1142 1405 A.
1164 1374 1323 1411 Gellium,
1354 1375 1527 1414 Angelum
1550 1374 1772 1411 Politianum-‚
1802 1375 1979 1406 Erasmum
2000 1375 2182 1407 Roteroda.

428 1418 469 1450 G.
492 1418 686 1454 Eudamum,
716 1418 804 1448 LmI.
827 1417 990 1454 Caelium,
1020 1416 1145 1456 Philip.
1168 1415 1389 1454 Beroaldum,
1418 1416 1628 1456 Stephanum
1648 1417 1823 1453 Boletum,
1851 1418 2054 1457 explanata.

342 1459 514 1490 Lemmata
536 1464 679 1490 omnium
702 1459 946 1499 Epistolarnm,
975 1469 1038 1499 per
1060 1458 1242 1499 Gybertum
1263 1459 1475 1498 Longolium.

341 1502 548 1533 Graecarum
571 1513 689 1533 uocum
712 1503 901 1532 luculentae
924 1504 1215 1541 interpretationes
1238 1501 1456 1541 marginales.

343 1544 576 1585 christophori
596 1544 881 1584 Hegendorpbini
899 1545 1146 1575 Annotationes
1168 1544 1388 1582 marginales.

344 1588 391 1625 (In
414 1588 504 1628 finez)
526 1587 687 1618 Basileae
709 1588 804 1627 apud
824 1587 1119 1627 Barptolomaeum
1149 1584 1420 1623 lVesfflemcrum,
1452 1595 1540 1615 anno
1562 1585 1610 1616 M.
1624 1584 1669 1616 D.
1685 1584 1822 1617 XLVI.
1864 1585 1907 1615 45
1927 1587 2047 1625 plagg.,
2077 1588 2181 1616 litteris

339 1640 446 1668 a—z,
467 1633 579 1660 A—Y
601 1633 675 1670 sign.
715 1631 746 1661 8.
790 1630 853 1661 714
875 1641 979 1670 pagg„
1005 1641 1077 1670 quas
1099 1629 1121 1660 3
1143 1630 1205 1660 soll.
1229 1641 1286 1659 non
1310 1641 1389 1660 num.
1412 1635 1589 1668 sequuntur,
1617 1639 1740 1667 quorum
1763 1629 1895 1657 ultimum
1918 1636 2011 1658 vacat.

299 1695 419 1729 stlat-ci
443 1697 549 1728 Tullii
571 1697 735 1728 Ciceronis
765 1697 991 1738 Epistularum
1019 1697 1252 1728 Familiarium
1274 1695 1375 1727 Libri
1394 1695 1494 1727 XVI.
1548 1694 1626 1725 Cum
1659 1696 1907 1726 Commentariis
1933 1695 2051 1727 lodoci·
2078 1696 2183 1726 Radia·

337 1740 498 1771 Ascensii
518 1741 720 1776 ordinariis,
749 1747 782 1770 et
806 1742 947 1771 aliorum
970 1740 1230 1771 doctissimorum
1257 1739 1413 1771 Virorum
1431 1736 1714 1769 Annotationibus
1735 1739 1881 1777 sparsim
1903 1741 2087 1777 appositis,
2108 1739 2181 1777 qui-

339 1781 399 1812 bus
421 1781 631 1822 difficillima
652 1793 800 1822 quaeque
823 1784 987 1815 Ciceronis
1007 1784 1080 1814 loca
1103 1783 1341 1823 explicantur,
1363 1787 1395 1811 et
1416 1781 1657 1820 ea-planantur.
1707 1779 1856 1818 „Quorum
1883 1782 2016 1810 nomina
2043 1790 2181 1819 sequens

340 1828 473 1865 pagina
497 1825 668 1856 indicabit.
719 1826 873 1856 Adiectis
895 1832 1074 1866 praeterea
1096 1827 1304 1864 argumentis
1328 1822 1559 1863 Christoplzori
1578 1821 1876 1862 Hegendorplzini,
1903 1828 1936 1852 et
1958 1822 2182 1853 Lemmatibus

342 1866 471 1898 Giberti
491 1868 652 1907 Longolii
671 1870 707 1897 in
722 1867 902 1908 frontibus
925 1870 1136 1908 singularum
1158 1868 1385 1908 epistolarum.
1430 1865 1472 1896 In
1494 1864 1612 1905 quibus
1634 1863 1783 1895 omnibus
1805 1866 2033 1903 imprimendis
2054 1870 2181 1905 quanta

341 1920 424 1940 cura
447 1915 479 1940 et
502 1911 681 1950 diligentia
703 1910 857 1941 adhibita
880 1917 927 1941 est
948 1929 990 1934 ——
1013 1912 1115 1942 lector
1130 1910 1243 1951 facile
1264 1912 1389 1950 poterit
1411 1909 1685 1939 animadvertere.
1739 1905 1902 1943 Venetiis,
1931 1908 2040 1949 Apud
2059 1907 2181 1938 Hiero-

340 1963 474 1992 nymum
497 1952 642 1984 Scotum.
679 1952 879 1984 MDLIIII.
903 1971 944 1977 --
976 1954 1023 1996 (lu
1046 1956 1106 1984 fine
1127 1956 1179 1983 sub
1202 1955 1308 1992 gryphi
1330 1955 1411 1992 signo
1433 1954 1521 1982 etiam
1542 1953 1570 1980 iu
1594 1952 1689 1980 indice
1710 1951 1849 1989 praeced.
1873 1951 2045 1992 expresso:)
2079 1951 2181 1982 Vene-

344 1997 419 2032 tiis‚
437 1995 545 2034 Apud
564 1995 806 2036 Hieronymum
828 1996 971 2028 Scotum.
1015 1998 1078 2027 Fol.
1105 1996 1126 2027 4
1147 1997 1211 2026 foll.
1233 2007 1290 2025 non
1314 2006 1410 2031 num.‚
1432 1995 1567 2024 asterisco
1589 1995 1717 2032 signata,
1739 1998 1769 2021 et
1790 1991 1930 2023 236f011.
1956 2005 2053 2032 num.,
2076 1994 2181 2023 litteris

341 2039 458 2074 A—Z,
480 2040 640 2072 AA—QQ
664 2040 754 2077 sign.‚
777 2049 852 2078 quae
874 2049 975 2069 omnes
997 2041 1146 2069 terniones
1168 2046 1252 2075 sunt,
1273 2044 1392 2077 praeter
1414 2038 1458 2075 B,
1480 2045 1555 2075 quae
1577 2041 1621 2064 est
1644 2036 1774 2073 duerna,
1796 2041 1825 2064 et
1840 2037 1863 2064 A
1886 2042 1916 2066 et
1931 2038 1986 2071 QQ
2009 2034 2178 2075 quaternio-

341 2089 408 2116 nes5
433 2082 482 2110 ult.
506 2091 571 2120 pag.
595 2087 684 2111 vacat.
708 2099 750 2103 —-—
793 2083 923 2118 Folium,
947 2083 1024 2121 quod
1046 2083 1172 2111 indicem
1194 2083 1341 2120 sequitur,
1363 2081 1442 2109 initio
1464 2080 1542 2108 hunc
1564 2079 1758 2116 interpretum
1776 2078 1937 2117 catalogum
1960 2080 2097 2117 praebet:

851 2125 913 2152 Viri
935 2132 1032 2154 autem
1054 2125 1098 2153 illi
1120 2131 1149 2154 et
1173 2125 1349 2162 interpretes
1370 2123 1400 2151 hi
1422 2126 1504 2151 sunt:

595 2166 685 2194 Aulus
707 2166 829 2195 Gellius.
1495 2163 1604 2193 Paulus
1625 2163 1780 2191 Manutius.

595 2208 763 2236 Alexander
786 2210 820 2237 ab
843 2208 1018 2238 Alexandro.
1495 2205 1682 2234 Sebastianus
1701 2205 1854 2233 Corradus.

594 2250 747 2288 Philippus
768 2251 937 2280 Beroaldus.
1499 2247 1698 2276 Bernardinus
1719 2247 1854 2275 Rutilius.

593 2292 712 2320 Coelius
735 2292 926 2331 Rhodiginus.
1498 2290 1628 2327 Angelus
1648 2289 1814 2318 Pontianus.

592 2334 632 2362 Io.
656 2334 787 2371 Baptista
809 2335 960 2371 Egnatius.
1496 2333 1600 2360 Petrus
1622 2331 1758 2361 Criuitus.

597 2376 761 2405 Guilelmus
783 2377 912 2406 Budeus.
1497 2373 1642 2411 Georgius
1663 2373 1787 2401 Merula.

590 2418 727 2447 Erasmus
748 2419 989 2448 Rhoterodamus.
1495 2416 1566 2444 Luc.
1589 2415 1711 2443 Ioannes
1732 2414 1825 2452 Scopa
1846 2414 2090 2452 Parthenopaeus.

594 2460 671 2489 Ioan.
694 2461 796 2490 Riuius
817 2461 1041 2490 Atthendorien.
1494 2458 1662 2486 Franciscus
1684 2456 1889 2485 Rhobortelius
1909 2455 2064 2486 Vtinensis.

593 2501 696 2530 Petrus
718 2504 869 2533 Victorius.
1493 2500 1622 2528 Marinus
1642 2499 1862 2529 Bechichemus.

342 2550 414 2578 Huic
429 2551 559 2589 catalogo
573 2551 741 2581 addendum
755 2559 799 2583 est
807 2553 1002 2584 Melanthonis
1016 2560 1133 2589 nomen,
1155 2552 1235 2582 cuius
1249 2555 1422 2591 argumenta
1436 2555 1465 2579 et
1479 2549 1587 2579 scholia
1601 2550 1717 2579 illorum
1732 2549 1964 2588 interpretationi
1976 2553 2042 2577 sunt
2055 2548 2177 2578 adiecta.

209 2677 242 2706 ss)
260 2677 334 2702 Haec
352 2677 448 2708 editio,
468 2682 536 2709 quae
555 2677 581 2702 in
602 2678 762 2704 bibliotheca
779 2679 941 2704 Academiae
959 2680 1141 2711 Erlaugensis
1161 2678 1317 2709 iuvenitur,
1343 2677 1549 2709 Schweigerum
1567 2678 1594 2702 et
1614 2676 1747 2702 Orellium
1765 2673 1844 2706 fugit.
