2351 2990
245 118 316 153 8:31

243 204 354 236 nium.
408 202 479 235 Mc
499 200 563 233 hoc.
582 201 709 234 scelere
730 206 915 232 contentus
932 199 1018 237 l'uit,
1045 199 1105 232 sed
1124 198 1231 231 etiam

243 261 364 299 postea
400 253 488 284 clam
519 252 560 284 ad
596 253 855 295 exploratorem
888 247 1046 294 Philippi
1079 249 1232 288 accessit,

243 306 302 338 ubi
320 301 559 347 deprehensus
578 310 639 336 cst.
692 301 762 346 Qui
780 312 864 333 vero
889 301 983 334 solus
1007 314 1086 333 cum
1114 300 1232 344 explo-

243 362 362 389 ratore
385 355 619 400 colloquitur,
649 351 704 385 hic
729 352 881 396 perfidus
905 358 938 384 et
960 351 1095 396 patriae
1122 349 1232 384 hostis

244 414 305 440 est.
347 406 463 451 Atque
481 405 565 438 haec
584 417 601 436 a
622 416 675 436 mc
692 415 774 436 vere
793 403 861 436 dici
879 410 918 436 ut
934 409 1116 447 appareat,
1145 415 1231 435 voca

242 457 329 492 mihi
347 455 476 490 horum
500 462 614 489 testes.

614 545 865 577 Testes.

346 614 530 647 celedenms
547 611 676 645 Cleonis
689 610 795 653 filius,
823 612 1011 654 Hyperides
1028 610 1233 645 Callaeschri

239 666 351 708 filius,
397 663 617 696 Nicomachus
640 662 827 704 Diophanti.
854 661 965 704 filius,
1010 661 1233 703 testificantur

243 716 459 750 Demosthene·
483 715 700 747 iureiurando
724 715 835 746 adacti
859 726 879 746 a
905 713 1060 752 ducibus,
1091 714 1177 745 scire
1198 723 1233 745 se

242 767 440 801 Aeschinem
471 766 638 798 Atromest‘
667 763 777 805 filium
809 765 1013 798 Gothos-idem
1045 765 1233 796 convenisse

242 823 336 851 noctu
357 819 390 849 in
409 817 505 849 aedes
525 816 728 854 ΤΙιναεοηὶε,
756 820 787 848 et
810 815 949 848 consilia
976 816 1233 848 communicasse

239 881 312 902 cum
330 869 496 901 Anas-ino
505 891 516 906 ‚
543 868 599 911 qui
615 867 782 899 iudicatus
793 866 861 909 fuit
880 867 1002 899 missus
1022 877 1090 899 esse
1114 866 1232 908 explo-

241 925 336 953 rator
353 931 373 951 a
389 918 554 960 Philippo.
608 918 697 950 Haec
711 918 902 950 testimonia
916 918 1024 951 relata
1040 921 1119 950 sunt
1130 927 1232 959 prae-

240 976 310 1004 tore
328 971 431 1003 Nicia
448 970 547 1002 tertio
562 969 616 1000 die
632 969 736 1001 Ιιιηίἱ.

341 1020 480 1052 Omitto
515 1018 584 1051 alia
617 1018 748 1057 multa,
796 1030 886 1063 quae
925 1017 1073 1050 recitare
1100 1015 1232 1050 horum

239 1071 369 1105 similia
387 1082 537 1114 possem.
580 1069 636 1101 Sic
653 1068 748 1102 enim
765 1068 842 1101 fieri
857 1069 959 1102 solet.
1007 1068 1118 1112 Saepe
1138 1080 1233 1100 com-

239 1122 378 1167 peristis
396 1134 476 1154 eum
495 1132 574 1153 curn
592 1117 753 1153 hostibus
770 1120 948 1153 colludere
961 1146 970 1159 ,
1005 1126 1038 1152 et
1060 1132 1117 1152 me
1141 1118 1233 1151 iniu-

238 1173 291 1207 ria
313 1173 472 1211 afficere,
503 1172 562 1205 sed
588 1171 780 1204 multitudo
806 1183 870 1203 nec
895 1171 1097 1204 meminisse
1120 1176 1232 1209 curat,

239 1237 303 1258 nec
321 1230 510 1268 propterea
527 1222 619 1256 serio
636 1222 875 1261 excandescit,
909 1234 948 1255 ac
973 1234 1122 1266 pravam
1148 1232 1232 1254 con-

238 1275 462 1310 suetudinem
480 1273 517 1306 in
534 1274 790 1318 rempublicam
814 1271 1000 1313 invehitis,
1035 1285 1114 1306 cum
1139 1271 1233 1306 salu-

240 1327 329 1361 taria
348 1326 537 1360 suadentes
553 1324 740 1358 calumniis
756 1325 947 1364 deterreri,
978 1330 1011 1357 et
1026 1324 1149 1357 fraude
1167 1323 1232 1355 im-

238 1377 374 1423 pediri,
409 1389 449 1409 ac
470 1375 693 1420 supplantari
717 1375 928 1415 conceditis,
962 1375 1045 1420 quia
1070 1375 1232 1418 volupta-

238 1437 331 1468 tem,
364 1440 469 1474 quam
489 1426 613 1471 capitis
631 1439 671 1459 ex
689 1426 877 1465 conviciis,
910 1425 1091 1458 antefertis
1117 1423 1232 1469 publi-

239 1493 298 1514 cae
317 1479 433 1513 saluti.
484 1477 637 1510 Facilius
660 1484 712 1510 est
734 1484 768 1510 et
790 1477 899 1510 tutius
925 1476 1102 1509 inflectere
1127 1488 1164 1509 se
1187 1476 1233 1508 ad

239 1530 377 1570 hostes,
413 1536 447 1563 et
470 1529 649 1561 mercedes
674 1529 717 1561 ab
746 1528 795 1561 eis
822 1528 1000 1572 accipere,
1038 1539 1145 1572 quam
1170 1538 1232 1571 pa-

239 1583 345 1616 triam
367 1581 457 1613 veris
475 1585 509 1612 et
530 1579 675 1612 utilibus
698 1579 853 1612 consiliis
877 1579 966 1611 velle
991 1589 1232 1622 propugnare.

239 1634 346 1679 Quod
373 1638 490 1664 autem
518 1636 599 1663 ante
618 1630 749 1663 bellum
768 1631 852 1662 facit
867 1629 1015 1662 Macedo
1032 1627 1233 1673 Philippus,

240 1695 457 1730 quamquam
476 1694 531 1715 res
548 1687 649 1714 atrox
671 1688 739 1721 est,
774 1681 984 1725 praesertim
1007 1692 1086 1713 cum
1108 1685 1231 1712 contra

238 1735 391 1780 patriam
409 1734 524 1766 facere
543 1732 742 1771 videretur,
770 1738 889 1765 tamen
908 1730 990 1765 huic
1012 1729 1080 1764 hoe
1104 1730 1232 1774 largia-

239 1799 332 1819 mur.
385 1784 453 1817 Sed
468 1790 656 1829 postquam
675 1795 783 1816 naves
803 1789 945 1816 nostrae
972 1789 1113 1827 ereptae
1138 1788 1232 1822 sunt,

240 1836 472 1882 populatione
496 1840 632 1868 vastata
660 1832 919 1874 Chersonesus,
958 1841 993 1868 et
1016 1841 1111 1867 recta
1136 1839 1232 1878 pete-

240 1890 344 1921 batur
368 1886 504 1925 Attica,
539 1898 603 1918 nec
628 1885 833 1929 ambiguum
859 1892 953 1926 erat,
985 1885 1073 1931 quin
1098 1885 1232 1917 bellum

240 1939 342 1972 nobis
358 1938 520 1971 illaturus
543 1944 631 1970 esset
650 1936 799 1970 Macedo
813 1963 821 1977 ,
848 1949 922 1969 non
947 1943 1063 1981 potest
1085 1936 1148 1970 iste
1175 1948 1232 1968 ve-

240 1997 374 2023 terator
401 1995 435 2021 et
455 1986 580 2021 histrio
607 1988 743 2027 dicere,
785 1988 871 2033 quid
895 2000 960 2032 pro
984 1987 1085 2020 vobis
1110 1987 1232 2031 egerit,

240 2048 300 2074 aut
318 2041 413 2086 quod
433 2041 611 2072 decretum
631 2039 829 2083 scripserit,
859 2046 921 2072 aut
944 2039 973 2072 si
999 2039 1096 2083 quod
1114 2036 1232 2079 habet,

239 2093 397 2137 proferat
414 2103 524 2124 unum
537 2117 545 2129 ,
571 2090 627 2123 vel
647 2090 761 2134 spatio
779 2087 868 2122 mihi
884 2091 926 2122 ad
944 2090 1132 2123 dicendum
1150 2102 1232 2122 con-

240 2156 357 2183 cesso,
385 2143 444 2176 sed
461 2142 598 2175 nullum
616 2153 689 2175 esse
711 2147 845 2174 certum
871 2148 933 2175 est.
994 2140 1084 2174 Cum
1114 2147 1231 2174 autem

240 2207 335 2228 nunc
351 2193 521 2232 tacuerit,
549 2205 687 2225 necesse
703 2198 753 2225 est
780 2192 930 2225 alterum
951 2189 1082 2225 horum
1107 2205 1230 2225 verum

241 2258 332 2280 esse:
369 2252 431 2278 aut
447 2251 549 2283 tunc,
579 2244 674 2289 quod
696 2241 990 2287 reprehenderet,
1026 2255 1101 2276 non
1124 2241 1233 2276 habe-

240 2298 320 2336 bat,
364 2303 442 2336 aut,
479 2295 507 2329 si
531 2295 675 2328 utiliora
700 2294 861 2334 videbat,
902 2294 1089 2338 perfidiose
1116 2295 1231 2339 ipsum

241 2348 389 2381 tacuisse
407 2359 468 2387 eo,
497 2347 580 2392 quia
604 2345 784 2379 silentium
809 2343 968 2379 hostibus
989 2346 1156 2390 prodesse
1180 2346 1232 2379 in-

241 2398 432 2441 telligebat.
501 2397 656 2430 Econtra
689 2397 865 2437 tacuitne,
906 2409 984 2429 cum
1017 2409 1144 2430 nocere
1170 2410 1233 2442 po-

242 2449 308 2481 tuit
319 2449 333 2481 2>
386 2448 487 2481 Tunc
505 2462 588 2481 vero
604 2448 740 2481 nemini
759 2448 898 2481 dicendi
917 2448 1032 2481 locum
1055 2449 1232 2494 relinque—

241 2500 319 2539 bat,
348 2511 386 2531 ac
405 2506 539 2532 caetera
560 2500 703 2545 quidem
723 2499 925 2533 obscuriora
944 2505 1123 2544 utcunque
1139 2501 1231 2532 ferre

242 2551 365 2583 civitas
385 2550 510 2594 potuit.
572 2551 638 2583 Sed
658 2563 768 2583 unum
786 2557 836 2583 est
853 2550 960 2594 ipsius
977 2550 1107 2590 scelus,
1136 2552 1231 2596 quod

243 2602 343 2647 quasi
362 2607 556 2634 extremam
584 2614 728 2635 manum
753 2602 899 2635 caeteris
922 2601 1075 2640 addidit,
1112 2609 1145 2634 et
1170 2600 1231 2635 ha-

242 2665 321 2685 rum
350 2652 589 2684 calamitatum
614 2665 715 2685 causa
740 2658 808 2692 est,
854 2665 932 2685 cum
964 2650 1128 2685 hortator
1154 2653 1230 2693 fuit,

243 2709 281 2736 ut
299 2710 420 2736 contra
439 2701 705 2747 Ampliissenses
725 2716 822 2735 arma
843 2710 1070 2747 caperentur,
1100 2716 1168 2749 qua
1188 2705 1230 2737 dc

823 114 943 147 PfflL.
978 112 1088 147 MEL.
1123 110 1325 146 SCRIPTA
1357 111 1693 146 PHILOLOGICA.

2204 116 2278 153 832

1286 210 1322 230 re
1358 197 1501 241 longam
1537 198 1694 231 fabulam
1729 204 1874 238 narrat,
1925 205 1963 231 ut
2000 199 2185 233 veritatem
2219 203 2279 235 de-

1286 254 1422 293 pravet.

1386 299 1454 332 Sed
1472 299 1575 343 longe
1593 299 1695 332 aliter
1709 312 1744 333 se
1761 311 1815 332 res
1834 296 1957 339 habet,
1986 312 2093 345 quam
2111 301 2175 335 iste
2193 313 2276 335 nar-

1286 356 1359 388 rat,
1394 362 1458 382 nec
1481 350 1574 384 elues
1599 348 1690 383 hanc
1714 357 1850 383 tantam
1877 351 2073 391 maculam,
2112 353 2275 398 quamvis

1286 400 1396 433 multa
1421 401 1525 434 dices.
1590 401 1655 434 Hic
1687 401 1794 445 igitur
1816 401 1911 435 Deos
1935 402 2116 446 praesides
2136 403 2274 437 Atticae

1286 451 1433 491 invoco,
1466 458 1526 492 ut,
1560 451 1590 485 si
1617 464 1701 485 vera
1727 452 1825 492 dico,
1860 458 1895 486 et
1920 459 2004 486 tunc
2028 454 2166 498 publice
2191 455 2276 496 dixi,

1287 503 1430 547 quando
1454 500 1548 536 hunc
1571 503 1780 536 sceleratum
1803 501 1870 536 hoc
1892 505 2075 549 negotium
2102 505 2275 550 attingere

1286 553 1378 593 vidi,
1406 566 1484 586 cum
1503 553 1646 599 quidem
1661 553 1779 586 statim
1803 554 2056 600 intelligerem,
2091 555 2177 601 quid
2200 569 2277 590 mo-

1285 603 1432 644 liretur,
1472 611 1511 637 ut
1535 602 1625 637 mihi
1648 616 1752 648 opem
1775 605 1911 645 serant,
1953 619 2081 652 meque
2107 607 2277 642 adversus

1286 652 1381 688 hunc
1404 655 1700 688 calumniatorem
1730 661 1909 689 tueantur.
1974 658 2036 691 Sin
2069 664 2188 692 autem
2218 659 2277 692 vel

1286 706 1369 738 odio
1388 707 1442 739 vel
1457 706 1649 751 cupiditate
1666 706 1905 740 contentionis
1920 707 2047 742 falsum
2063 709 2198 743 crimen
2215 711 2276 743 ad-

1286 769 1406 791 versus
1425 770 1504 791 eum
1524 757 1798 798 comminiscor,
1825 763 1864 790 ut
1891 769 1946 790 me
1973 760 2138 793 deserant
2161 761 2276 794 omni—

1285 809 1350 842 bus
1374 815 1517 842 exutum
1543 808 1775 841 ornamentis.
1837 807 1910 842 Cur
1932 808 2039 853 igitur
2064 816 2138 843 tam
2165 813 2278 846 atroci

1285 859 1544 904 imprecatione
1581 872 1664 893 usus
1699 858 1803 892 sum?
1846 871 1909 892 cur
1939 866 2012 894 tam
2046 859 2274 897 vehementer

1285 910 1474 944 assevero?
1526 910 1610 956 quia
1642 916 1676 943 et
1706 909 1845 943 litterae
1878 910 1916 943 in
1946 912 2097 956 publicis
2142 926 2272 948 monu-

1286 961 1415 995 mentis
1432 961 1574 1001 omnia,
1601 973 1692 1006 quae
1708 961 1844 1001 dicam,
1871 963 2096 998 confirmant.
2137 963 2278 999 Deinde

1286 1025 1330 1045 ne
1348 1012 1428 1046 ideo
1447 1012 1570 1045 videar
1587 1011 1808 1045 incredibilia
1830 1012 1967 1054 dicere,
1997 1014 2080 1060 quia
2102 1027 2178 1049 non
2198 1022 2277 1050 tan-

1286 1070 1362 1097 tum
1386 1063 1588 1097 autoritatis
1615 1064 1652 1096 in
1676 1063 1742 1097 isto
1768 1075 1841 1098 esse
1866 1064 2025 1106 videtur,
2067 1072 2107 1100 ut
2136 1073 2277 1101 tantum

1285 1115 1421 1148 malum
1444 1114 1596 1148 excitare
1620 1114 1797 1159 potuerit,
1831 1116 1928 1160 quod
1955 1122 1989 1149 et
2013 1123 2117 1150 antea
2140 1118 2279 1160 accidit,

1286 1178 1365 1199 cum
1386 1166 1513 1199 falsum
1529 1166 1698 1200 nuntians
1713 1178 1816 1199 causa
1832 1166 1900 1199 fuit
1915 1166 2012 1200 exitii
2027 1166 2278 1204 Phocensium.

1285 1217 1377 1251 Nam
1407 1223 1447 1250 ut
1476 1217 1608 1250 bellum
1631 1215 1883 1261 Amphissense
1914 1225 2137 1261 moveretur,
2179 1221 2277 1255 cuius

1286 1268 1471 1301 occasione
1497 1266 1684 1312 Philippus
1706 1267 1866 1301 Elateam
1898 1271 2103 1314 occupavit,
2145 1277 2179 1304 et
2206 1273 2278 1306 dux

1286 1325 1423 1352 creatus
1439 1325 1490 1352 est
1506 1316 1830 1364 Amphictyonum,
1864 1332 1934 1365 quo
1958 1320 1996 1353 in
2016 1321 2109 1354 bello
2127 1321 2276 1357 Graecia

1285 1370 1454 1404 servitute
1473 1381 1641 1414 oppressa
1660 1376 1726 1403 est:
1754 1367 1811 1403 hic
1826 1383 1919 1404 unus
1936 1371 1990 1403 vir
2014 1366 2118 1405 autor
2141 1379 2193 1407 est
2213 1372 2278 1407 ho-

1284 1433 1365 1454 rum
1385 1421 1548 1454 omnium
1567 1421 1763 1458 maloru1n;
1791 1433 1943 1467 cumque
1960 1427 2045 1455 tunc
2060 1422 2278 1459 vociferarer

1285 1472 1323 1504 in
1341 1472 1532 1512 concione,
1556 1471 1690 1504 bellum
1708 1471 1744 1504 in
1754 1471 1908 1505 Atticam
1927 1471 2083 1508 attrahes
2091 1472 2279 1517 Aeschine,

1286 1523 1347 1555 alii
1367 1522 1555 1556 subornati
1575 1534 1631 1555 me
1657 1522 1773 1556 dicere
1793 1522 2055 1568 impediebant,
2087 1525 2149 1558 alii
2170 1526 2279 1560 mira-

1285 1575 1434 1615 bantur,
1463 1580 1496 1607 et
1514 1573 1655 1618 privato
1673 1574 1756 1607 odio
1773 1574 1901 1608 falsum
1918 1575 2053 1610 crimen
2075 1588 2133 1609 me
2158 1577 2191 1610 ei
2216 1578 2278 1612 ob-

1285 1625 1389 1659 iicere
1411 1625 1672 1659 existimabant.
1740 1625 1842 1670 Quae
1871 1626 1979 1660 suerit
2004 1633 2122 1660 autem
2146 1625 2277 1663 horum

1284 1677 1510 1722 negotiorum
1527 1683 1675 1716 natura,
1704 1682 1738 1710 et
1759 1678 1942 1722 quomodo
1967 1675 2054 1711 haec
2078 1679 2198 1712 omnia
2222 1679 2278 1713 in-

1285 1735 1416 1763 structa
1435 1727 1587 1767 fuerint,
1614 1739 1709 1760 nunc
1730 1728 1871 1768 audite,
1904 1728 1989 1774 quia
2009 1735 2094 1763 tunc
2116 1730 2280 1775 impediti

1285 1780 1378 1814 estis.
1430 1778 1605 1812 Videbitis
1619 1778 1713 1811 enim
1734 1779 1824 1812 mira
1847 1785 1923 1812 arte
1946 1786 2024 1813 acta
2045 1792 2117 1814 esse
2142 1782 2277 1824 omnia,

1285 1839 1319 1865 et
1338 1830 1500 1876 proderit
1522 1827 1609 1862 haec
1633 1842 1737 1863 nosse
1763 1831 1808 1863 ad
1833 1830 2048 1875 reipublicae
2075 1833 2276 1867 considera-

1286 1883 1419 1916 tionem
1430 1909 1440 1923 ,
1467 1888 1501 1915 et
1518 1882 1562 1913 ad
1579 1880 1808 1914 calliditatem
1825 1878 1980 1915 hostium
1997 1882 2277 1927 intelligendam.

1388 1934 1460 1968 Nec
1486 1932 1589 1966 finire
1613 1932 1767 1972 bellum,
1800 1944 1864 1965 nec
1889 1945 1953 1966 vos
1975 1934 2170 1977 reprimere
2191 1933 2277 1969 Phi-

1285 1985 1402 2030 lippus
1418 1990 1576 2030 poterat,
1601 1983 1669 2017 nisi
1684 1981 1873 2017 Thessalos
1892 1990 1925 2017 et
1939 1982 2130 2019 Thebanos
2151 1993 2275 2020 contra

1285 2050 1348 2071 vos
1366 2037 1433 2070 sibi
1452 2034 1679 2069 adiunxisset.
1741 2034 1809 2068 Sed
1832 2046 2053 2081 quamquam
2075 2037 2189 2070 nostri
2212 2038 2277 2072 du-

1286 2101 1340 2122 ces
1355 2088 1447 2121 male
1462 2087 1688 2132 pugnabant,
1714 2091 1834 2118 tamen
1849 2092 1997 2130 propter
2012 2087 2128 2131 ipsum
2142 2089 2274 2122 bellum

1285 2146 1320 2172 et
1345 2146 1492 2184 propter
1516 2138 1714 2183 praedones
1740 2137 1859 2170 multis
1891 2137 2113 2173 detrimentis
2146 2140 2275 2174 afficie—

1285 2191 1428 2224 bantur.
1493 2190 1585 2224 Nam
1611 2200 1675 2221 nec
1698 2187 1879 2232 exportari
1903 2201 1958 2222 res
1980 2189 2030 2222 ibi
2053 2196 2178 2231 natae,
2209 2203 2275 2225 nec

1286 2242 1474 2287 importari
1491 2253 1546 2274 res
1561 2239 1778 2273 necessariae
1796 2246 1974 2284 poterant.
2026 2241 2099 2275 Nec
2121 2241 2159 2274 in
2181 2242 2275 2276 mari

1286 2294 1386 2327 vobis
1402 2293 1565 2338 superior
1582 2297 1677 2330 erat,
1711 2303 1776 2324 nec
1799 2291 1836 2324 in
1852 2291 2006 2324 Atticam
2026 2293 2196 2327 exercitus
2214 2294 2275 2326 ad-

1286 2346 1414 2378 ducere
1445 2348 1605 2389 poterat,
1638 2340 1817 2376 Thessalis
1847 2354 1921 2375 non
1949 2344 2198 2389 sequentibus,
2239 2350 2274 2378 et

1285 2395 1466 2429 Thebanis
1497 2393 1684 2427 transitum
1718 2406 1791 2427 non
1822 2394 2116 2435 concedentibus,
2148 2407 2272 2441 quam-

1286 2460 1391 2493 quam
1416 2447 1521 2480 duces
1551 2451 1694 2478 nostros
1722 2445 1931 2489 praeliando
1955 2445 2129 2480 vincebat.
2199 2445 2272 2480 Vos

1285 2499 1406 2544 quales
1424 2496 1628 2535 emiseritis,
1655 2496 1770 2529 dicere
1788 2496 1872 2529 nolo
1885 2522 1894 2536 ,
1922 2502 2040 2530 tamen
2055 2503 2204 2541 propter
2219 2497 2272 2530 lo-

1285 2563 1408 2583 corum
1425 2555 1590 2581 naturam
1607 2554 1640 2580 et
1661 2551 1809 2593 'propter
1832 2554 2065 2594 utrorumque
2088 2548 2272 2582 facultates

1284 2602 1394 2635 multa
1430 2600 1658 2632 incommoda
1694 2599 1725 2631 ei
1758 2598 1975 2632 accidebant.
2052 2598 2129 2633 Nisi
2163 2599 2272 2643 igitur

1285 2650 1473 2685 Thessalos
1490 2657 1523 2683 et
1539 2648 1730 2683 Thebanos
1748 2656 1822 2683 arte
1840 2656 2085 2694 permoveret,
2118 2657 2158 2684 ut
2176 2651 2270 2684 ultro

1284 2702 1439 2748 propriis
1461 2701 1597 2735 incitati
1622 2701 1712 2735 odiis
1738 2713 1838 2734 arma
1863 2707 1984 2734 contra
2009 2713 2070 2735 vos
2094 2708 2272 2746 caperent,
