2351 2990
183 124 257 158 907

288 208 390 242 Nunc
414 203 501 238 mihi
527 206 570 237 de
596 204 700 237 tertio
726 210 886 245 tempore
907 199 1094 232 dicendum
1112 203 1175 236 est,

187 262 346 304 adeoque
360 259 402 291 de
418 256 642 290 acerbissimo
655 251 985 295 luctuosissimoque
1001 248 1175 286 omnium,

187 311 221 343 in
239 323 309 355 quo
328 306 585 342 Demosthenes
603 306 805 338 universam
825 302 1011 336 Graeciam
1028 306 1062 333 et
1082 298 1175 332 hanc

186 369 345 394 nostram
371 360 547 393 civitatem
577 356 722 393 exertit,
758 367 836 387 cum
864 353 1029 386 violasset
1052 351 1173 383 sanum

186 414 221 446 in
246 410 413 456 Delphis,
446 417 477 443 ct
502 415 605 441 autor
638 407 759 440 suisset
781 405 931 438 iniustae
963 416 1003 436 ac
1032 402 1175 447 iniquae

186 464 363 498 societatis
382 474 459 495 cum
479 458 661 492 Thebanis
678 457 871 490 faciendae.
926 454 1097 498 Incipiam
1115 464 1175 485 au-

187 523 256 548 tem
282 514 481 547 orationem
509 524 526 543 a
552 509 735 553 sacrilegio
755 514 788 540 et
808 507 948 540 violatis
967 506 1010 538 ab
1027 505 1104 548 ipso
1122 515 1176 536 re-

185 566 387 610 ligionibus.
446 563 540 606 Ager
565 561 707 606 quidem
734 565 802 598 est,
831 570 937 604 quem
965 553 1175 590 Cirrhaenm

187 617 395 653 nominant,
424 626 463 646 ac
491 619 632 657 portus,
662 611 721 656 qni
747 623 841 643 nunc
864 609 1021 653 pollutus
1042 613 1075 639 et
1100 617 1176 638 cxc-

188 675 302 701 cratus
338 671 504 703 vocatur,
540 661 631 696 hanc
653 662 837 706 regionem
869 664 1062 693 tenuerunt
1091 656 1175 690 olim

188 717 349 753 Cirrhaei
369 723 398 749 et
411 715 657 759 Acragallidae
676 713 806 757 impiae
824 717 957 755 gentes,
984 721 1074 755 quae
1091 714 1177 741 tem-

186 771 284 815 plum
317 769 352 801 in
377 765 526 811 Delphis
559 772 593 799 et
622 764 772 797 donaria
805 763 1109 807 profanaverunt,
1145 764 1179 790 et

186 833 314 855 manus
339 819 536 853 iniecerunt
559 814 893 861 Amphictyonibus.
954 813 1001 845 At
1024 811 1178 844 maiores

187 872 321 910 nostri,
349 876 532 915 praeterea
551 868 656 901 etiam
667 864 947 911 Amphictyones
966 861 1178 907 indignitate

187 925 238 958 rei
257 930 289 956 et
310 920 554 965 magnitudine
572 918 711 953 sceleris
728 916 898 950 commoti
923 915 1179 948 consuluerunt

189 974 394 1013 oraculum,
424 972 526 1018 quale
545 969 757 1014 supplicium
776 969 818 1001 de
835 966 1013 1010 sacrilegis
1037 975 1179 999 sumen-

189 1028 272 1060 dum
304 1031 403 1058 esset.
472 1021 523 1055 lbi
556 1020 740 1065 respondit
762 1017 891 1064 Pythia
924 1015 1114 1052 Cirrhaeos
1146 1019 1179 1047 et

189 1076 432 1119 Acragallidas
451 1073 506 1107 die
526 1078 705 1117 noctuque
720 1071 813 1104 bello
832 1069 1119 1115 persequendos,
1146 1070 1180 1097 et

188 1127 335 1162 vastatis
367 1125 459 1169 agris
487 1124 582 1169 ipsos
613 1124 677 1156 sub
703 1134 835 1155 corona
863 1120 1071 1154 vendendos
1094 1128 1179 1155 esse,

188 1188 226 1215 ut
253 1178 350 1222 regio
378 1177 516 1210 addicta
535 1174 695 1218 Apollini
710 1171 841 1218 Pythio
860 1183 958 1206 sacra
979 1176 1087 1210 esset,
1115 1180 1179 1201 nec

190 1232 364 1265 coleretur
391 1229 446 1261 vel
470 1227 512 1259 ab
539 1225 624 1270 ipsis
653 1225 707 1258 vel
735 1224 824 1257 aliis.
886 1223 975 1256 Cum
1006 1220 1074 1254 hoc
1099 1231 1178 1252 ora-

192 1283 307 1317 culum
346 1279 561 1323 accepissent
591 1274 891 1320 Amphictyones,
934 1275 1180 1309 decreverunt,

190 1341 228 1368 ut
259 1332 389 1365 bellum
422 1331 589 1363 adversus
623 1327 813 1371 sacrilegos
847 1325 1103 1369 susciperetur,
1147 1327 1181 1354 et

190 1384 282 1419 hanc
308 1381 519 1417 sententiam
548 1379 636 1412 dixit
664 1379 794 1417 Solon,
835 1377 890 1409 vir
918 1377 955 1409 in
987 1372 1180 1408 condendis

191 1436 325 1477 legibus
347 1432 518 1477 singulari
541 1430 714 1474 sapientia
732 1428 933 1473 praeditus,
964 1433 998 1459 et
1022 1430 1181 1458 versatus

192 1489 228 1521 in
243 1485 342 1531 poesi
365 1497 403 1517 ac
419 1480 659 1528 philosophia.
710 1479 867 1513 Proinde
884 1483 1066 1511 contracto
1086 1486 1181 1508 exer-

193 1540 263 1573 citu
288 1535 470 1580 regionem
502 1537 786 1577 occupaverunt,
826 1535 951 1574 portus
985 1529 1183 1561 obruerunt

192 1592 326 1633 ingesta
349 1593 463 1626 terra,
491 1585 616 1618 urbem
640 1587 864 1621 everterunt,
892 1586 926 1613 et
949 1592 1073 1623 agrum
1095 1589 1182 1611 con-

194 1645 377 1676 sectarunt
394 1635 553 1681 Apollini
571 1635 667 1667 iuxta
686 1633 882 1666 oraculum.
918 1630 973 1663 Ad
988 1628 1076 1663 haec
1090 1629 1184 1662 iure-

195 1691 347 1727 iurando
363 1702 397 1723 se
419 1687 707 1723 obstrinxerunt,
734 1696 769 1717 se
788 1695 903 1728 neque
923 1688 1087 1715 araturos
1111 1692 1184 1714 esse

195 1756 271 1778 eam
296 1748 449 1779 terram,
490 1749 605 1783 neque
633 1747 799 1780 passuros
826 1746 929 1767 arare
955 1743 1185 1779 quemquam,

194 1796 252 1829 sed
279 1793 490 1840 defensuros,
502 1788 619 1821 Deum
644 1794 677 1820 et
701 1798 838 1820 sacram
862 1792 995 1818 terram
1020 1784 1185 1817 manibus

196 1859 233 1880 ac
250 1844 398 1890 pedibus
418 1848 451 1875 et
471 1840 637 1873 omnibus
653 1838 799 1871 viribus.
851 1837 924 1871 Nec
941 1836 1099 1870 contenti
1117 1833 1187 1869 hoc

195 1895 427 1931 iureiurando
449 1893 612 1931 suerunt,
647 1890 707 1923 sed
736 1889 950 1922 addiderunt
975 1887 1185 1931 religionem

197 1955 230 1982 et
252 1944 563 1990 imprecationem3
599 1941 647 1975 sic
670 1940 764 1973 enim
788 1940 958 1983 scriptum
984 1945 1035 1973 est
1058 1939 1095 1971 in
1121 1938 1187 1971 im-

197 1997 419 2045 precatione:
463 1995 499 2028 Si
525 1994 603 2039 quis
626 1990 713 2025 haec
731 2003 806 2024 non
826 1990 1021 2024 servaverit
1042 1990 1114 2024 sive
1141 1989 1187 2022 ci-

198 2052 300 2089 vitas,
328 2048 400 2082 sive
419 2046 590 2091 privatus,
619 2044 691 2078 sive
708 2055 804 2087 gens,
819 2042 997 2086 piaculum
1018 2041 1063 2075 sit
1077 2041 1187 2085 Apol-

198 2102 262 2136 lini
285 2107 319 2134 et
339 2099 494 2135 Dianae;
531 2102 564 2129 et
591 2096 807 2139 imprecatur
829 2093 932 2137 ipsis,
966 2105 1030 2126 nec
1054 2099 1186 2126 terram

198 2155 316 2198 fruges
331 2152 423 2184 ferre
435 2176 443 2190 ,
469 2160 584 2193 neque
602 2158 749 2180 uxorem
768 2145 898 2178 liberos
914 2144 1045 2178 similes
1061 2155 1189 2188 paren-

201 2206 294 2238 tibus
328 2212 474 2247 parere,
513 2199 573 2233 sed
603 2203 847 2236 monstrosos,
890 2208 1005 2241 neque
1037 2196 1189 2240 pecudes

199 2255 380 2290 naturales
396 2253 510 2285 foetus
529 2251 653 2290 edere,
683 2256 717 2282 et
735 2254 775 2282 ut
799 2248 1031 2281 succumbant
1058 2248 1095 2280 in
1117 2247 1189 2280 bel-

200 2308 242 2341 lis
254 2334 262 2347 ‚
290 2305 429 2339 iudiciis
447 2309 480 2336 et
497 2303 595 2342 soro,
623 2306 657 2334 et
672 2307 712 2334 ut
727 2299 885 2333 funditus
902 2305 1049 2344 pereant
1072 2298 1140 2343 ipsi
1158 2304 1191 2332 et

203 2360 329 2391 domus
346 2362 380 2389 et
398 2367 506 2400 genus
523 2365 659 2393 eorum,
676 2358 710 2384 et
724 2363 908 2397 nunquam
927 2357 1059 2396 queant
1072 2356 1190 2384 sancte

204 2409 399 2443 sacrificare
418 2404 577 2450 Apollini
602 2409 636 2436 et
661 2402 817 2443 Dianae,
848 2414 963 2448 neque
986 2401 1037 2434 illi
1060 2401 1191 2435 sacrifi-

206 2461 258 2494 cia
284 2471 407 2491 eorum
439 2456 625 2500 recipiant.
683 2454 789 2500 Quod
813 2460 930 2488 autem
955 2465 1037 2486 vera
1063 2452 1192 2493 dham,

204 2511 312 2545 recita
330 2508 525 2542 oraculum.

306 2592 437 2628 Audite
461 2589 774 2634 imprecationem,
814 2586 1054 2621 recordamini
1086 2586 1193 2620 iusiu-

206 2646 379 2684 randum,
406 2642 502 2688 quod
524 2640 675 2674 maiores
699 2639 804 2673 vestri
828 2652 906 2673 cum
922 2636 1195 2684 Amphictyoni-

205 2700 270 2732 bus
288 2696 478 2730 dederunt:

770 115 890 150 PHlL.
922 113 1034 147 MEL.
1070 110 1271 145 SCRIPTA
1302 106 1637 142 PHILOLOGICA.

2144 103 2219 138 908

1278 197 1352 229 Non
1373 196 1560 228 renovanda
1572 196 1671 237 prius
1686 198 1764 227 sunt
1780 193 1874 225 urbis
1891 193 2020 225 moenia
2036 194 2163 233 captae,

1278 246 1384 286 Quam
1401 250 1490 279 vetus
1505 246 1564 278 hoc
1579 245 1747 288 templum,
1764 249 1898 277 sancias
1907 248 1939 277 et
1948 243 2119 285 Apollinis
2135 253 2217 275 aras

1278 298 1356 340 Ipsa
1373 298 1463 330 mari
1478 298 1583 330 medio
1599 298 1796 330 demerserit
1811 295 2029 337 Amphitrite.

1303 363 1392 398 Cum
1405 362 1491 397 haec
1503 364 1678 397 execratio
1689 371 1722 397 et
1731 363 1979 397 iusiurandum
1991 368 2024 394 et
2034 362 2217 395 oraculum

1229 413 1344 448 adhuc
1359 422 1477 448 extent
1496 415 1533 448 in
1550 415 1677 448 litteris
1692 443 1701 455 ,
1728 413 1998 458 Amphissenses
2019 419 2139 446 tamen
2163 413 2219 445 vel

1230 467 1347 510 potius
1366 478 1488 498 eorum
1508 466 1686 510 principes
1703 466 1865 509 sacrilegi
1886 463 2068 505 homines,
2096 475 2221 508 coepe-

1230 524 1313 550 runt
1335 517 1449 550 colere
1474 529 1618 560 agrum,
1646 524 1680 550 et
1704 524 1847 562 portum
1875 522 2074 549 execratum
2098 526 2221 548 rursus

1230 568 1439 602 munierunt
1473 575 1507 601 et
1544 574 1827 612 occupaverunt,
1861 573 1895 600 et
1923 580 1941 600 a
1970 565 2221 611 navigantibus

1230 619 1431 664 portorium
1450 625 1651 663 exegerunt.

1231 672 1313 704 dam
1348 670 1499 715 pecunia
1535 683 1575 703 ex
1613 670 1763 703 concilio
1797 667 2094 714 Amphictyonico
2126 669 2220 701 inter

1232 734 1321 767 quos
1351 728 1385 754 et
1408 719 1667 755 Demosthenes
1692 721 1770 755 suit.
1830 721 1923 755 Nam
1954 733 2033 753 cum
2066 732 2085 752 a
2117 719 2220 753 vobis

1231 774 1320 807 istuc
1337 772 1462 807 missus
1482 779 1583 813 esset,
1599 773 1733 817 accepit
1751 773 1795 805 ab
1804 769 2115 816 Amphissensibus
2125 770 2221 803 mille.

1232 822 1440 864 drachmas,
1468 836 1512 857 ne
1538 836 1645 869 quam
1672 824 1892 857 mentionem
1917 823 2049 857 sineret
2069 822 2111 855 de
2137 821 2222 866 ipsis

1232 876 1327 920 apud
1349 873 1631 920 Amphictyonas
1655 875 1742 908 fieri.
1795 875 1985 908 Praeterea
2009 872 2103 918 pacti
2129 878 2224 912 sunt,

1233 939 1268 960 se
1288 926 1452 971 deinceps
1471 926 1663 972 quotannis
1687 926 1718 959 ei
1733 923 1892 960 Athenas
1908 924 2035 969 viginti
2050 924 2165 957 minas
2182 935 2225 956 ex

1232 978 1293 1010 illo
1314 977 1499 1022 sacrilegio
1518 990 1581 1010 suo
1600 977 1770 1011 missuros
1797 989 1890 1017 esse,
1917 982 1957 1010 ut
1981 975 2225 1020 patrocinare-

1233 1035 1291 1062 tur
1314 1028 1398 1072 ipsis
1421 1029 1516 1073 apud
1540 1026 1785 1062 Athenienses.
1852 1028 1957 1061 Unde
1979 1026 2092 1071 magis
2116 1027 2225 1059 etiam

1234 1080 1380 1120 accidit,
1412 1092 1519 1125 quam
1547 1086 1671 1119 antea,
1706 1086 1746 1112 ut
1770 1078 2091 1112 immedicabilibus
2121 1076 2224 1110 malis

1233 1131 1504 1176 implicarentur
1532 1143 1674 1170 omnes,
1719 1142 1950 1176 quoscunque
1973 1129 2109 1173 attigit,
2148 1134 2226 1162 tum

1234 1182 1367 1227 privati
1400 1180 1582 1222 homines,
1620 1188 1695 1215 tum
1729 1181 1908 1226 principes
1942 1187 1975 1214 et
2009 1181 2142 1214 liberae
2179 1178 2226 1212 ci-

1233 1240 1371 1266 vitates.

1338 1283 1570 1317 Considerate
1598 1289 1715 1316 autem
1730 1308 1739 1322 ,
1773 1295 1861 1327 quas
1885 1293 2018 1327 poenas
2039 1280 2117 1313 Deo
2140 1279 2226 1313 Am-

1233 1332 1432 1378 phissenses
1450 1345 1515 1377 pro
1533 1333 1715 1377 impietate
1733 1334 1907 1367 dederint.
1952 1332 2044 1367 Nam
2061 1337 2227 1376 praetore

1234 1382 1506 1429 Theophrasto,
1541 1385 1654 1418 scriba
1679 1384 1858 1428 Diogneto
1884 1383 2053 1427 elegistis,
2081 1381 2144 1427 qui
2167 1393 2226 1415 ve-

1235 1442 1308 1470 stro
1333 1436 1481 1468 nomine
1507 1435 1544 1468 in
1570 1434 1720 1468 concilio
1737 1433 2037 1479 Amphictyonico
2053 1433 2229 1474 sederent,

1235 1487 1385 1520 Midiam
1395 1486 1445 1531 Β),
1473 1498 1578 1531 quem
1594 1486 1715 1519 multis
1733 1487 1776 1518 de
1793 1485 1906 1519 causis
1923 1484 2077 1530 optarim
2096 1484 2229 1526 vivere,

1238 1545 1272 1571 et
1296 1535 1551 1582 Thrasyclem,
1587 1543 1621 1570 et
1649 1549 1718 1571 me.
1770 1537 1909 1577 Porro,
1935 1536 2145 1581 priusquam
2170 1547 2231 1568 ve-

1236 1589 1355 1622 nimus
1388 1590 1433 1621 ad
1462 1586 1650 1632 Delphos,
1699 1588 1814 1622 scriba
1849 1588 1887 1620 in
1918 1587 2045 1621 febrim
2083 1587 2227 1626 incidit;

1237 1642 1321 1673 item
1340 1640 1467 1672 accidit
1494 1646 1527 1672 et
1544 1639 1698 1680 Midiae,
1732 1639 1863 1685 reliqui
1887 1651 1973 1672 vero
1994 1636 2229 1684 Amphictyo-

1237 1704 1299 1726 nes
1314 1697 1567 1725 convenerant.
1618 1691 1683 1724 Hic
1700 1690 1896 1723 indicatum
1915 1696 1967 1724 est
1981 1689 2086 1723 nobis
2105 1701 2124 1722 a
2149 1688 2228 1735 qui-

1237 1743 1409 1782 busdam,
1445 1741 1507 1787 qui
1531 1741 1613 1776 urbi
1638 1748 1782 1776 nostrae
1805 1742 1895 1775 bene
1920 1741 2108 1782 volebant,
2141 1741 2228 1774 Am-

1238 1792 1436 1839 phissenses
1454 1793 1491 1826 in
1514 1806 1644 1838 magno
1667 1800 1766 1827 metu
1790 1805 1883 1833 esse,
1908 1798 1942 1826 et
1968 1793 2013 1825 ad
2035 1790 2228 1825 Thebano-

1238 1858 1319 1879 rum
1340 1845 1511 1878 auxilium
1530 1845 1739 1888 confugere,
1767 1856 1916 1889 eamque
1934 1843 1979 1876 ob
2005 1854 2145 1877 causam
2169 1843 2229 1876 de-

1240 1902 1375 1930 cretum
1401 1896 1523 1930 fecisse
1549 1897 1717 1930 adversus
1743 1895 1868 1929 urbem
1894 1900 2069 1934 vestram,
2096 1893 2134 1926 in
2156 1906 2228 1939 quo

1240 1948 1375 1993 populo
1393 1945 1603 1981 Atheniensi
1620 1947 1750 1980 mulcta
1769 1947 1946 1990 irrogetur
1969 1944 2229 1991 quinquaginta

1240 2000 1372 2032 talenta
1387 2026 1396 2039 ,
1424 2011 1486 2039 eo,
1514 2000 1611 2044 quod
1630 2010 1757 2032 aureos
1774 1998 1914 2042 clypeos
1933 1996 2174 2030 dedicavimus
2191 1997 2230 2029 in

1240 2063 1335 2084 novo
1353 2051 1500 2094 templo,
1524 2051 1732 2095 priusquam
1751 2049 1951 2081 absolutum
1968 2053 2031 2088 est,
2058 2053 2092 2080 et
2106 2047 2231 2081 inscri—

1241 2101 1396 2147 psimus,
1423 2101 1513 2135 sicut
1528 2101 1782 2140 conveniebat,
1812 2097 1907 2133 hunc
1931 2099 2091 2133 titulum:
2123 2096 2233 2132 Athe-

1241 2153 1380 2187 nienses
1404 2164 1422 2185 a
1441 2152 1556 2187 Medis
1581 2159 1615 2186 et
1631 2150 1812 2185 Thebanis
1836 2162 1934 2184 arma
1953 2150 2155 2195 gerentibus
2171 2151 2233 2184 ad-

1242 2216 1364 2238 versus
1380 2204 1547 2238 Graecos.

1347 2255 1436 2289 Cum
1455 2261 1573 2289 autem
1595 2253 1707 2288 scriba
1724 2265 1781 2286 me
1800 2259 2013 2293 accerseret,
2042 2259 2076 2286 et
2093 2252 2232 2287 iuberet

1243 2307 1422 2352 suscipere
1447 2307 1541 2351 apud
1569 2318 1604 2339 se
1623 2306 1668 2338 ad
1687 2304 1819 2338 iudices
1836 2304 1933 2338 urbis
1950 2311 2094 2338 nostrae
2113 2304 2232 2338 defen-

1244 2359 1380 2394 sionem
1392 2385 1402 2399 ,
1429 2369 1580 2403 cumque
1595 2368 1760 2402 pararem
1776 2369 1834 2389 me
1850 2356 1895 2389 ad
1911 2355 2101 2389 dicendum
2112 2381 2122 2396 ,
2148 2367 2234 2391 cun-

1245 2410 1421 2444 ctantibus
1447 2409 1597 2442 aliarum
1617 2408 1798 2441 civitatum
1817 2406 1962 2451 legatis,
1988 2407 2134 2453 quidam
2149 2405 2235 2440 Am-

1245 2459 1437 2506 phissensis
1451 2458 1561 2494 homo
1580 2459 1810 2499 temerarius,
1835 2465 1889 2498 et,
1917 2464 1957 2492 ut
1979 2455 2069 2491 mihi
2090 2458 2234 2491 videba-

1246 2520 1325 2553 tur,
1359 2512 1510 2546 incultus
1535 2517 1569 2545 et
1590 2509 1826 2551 inhumanus,
1856 2509 2015 2544 fortassis
2039 2509 2168 2550 etiam,
2195 2516 2236 2544 ut

1282 2647 1313 2675 8)
1337 2647 1445 2671 Midiam
1471 2648 1537 2675 εἴα]
1562 2647 1630 2670 hanc
1651 2645 1824 2670 usitatiorem
1849 2645 1964 2668 formam
1987 2642 2149 2673 scripsimus
2166 2650 2231 2674 pro:

1318 2682 1432 2705 Mediam
1447 2683 1501 2705 ete.
1521 2687 1574 2711 qua
1593 2681 1640 2704 Ed.
1662 2680 1735 2705 1562.
1758 2685 1888 2711 graecam
1909 2676 2032 2703 Μειδίαν
2047 2680 2097 2703 etc.
2117 2679 2142 2703 h.
2162 2679 2178 2703 Ι.
2204 2680 2231 2703 et

1320 2716 1346 2739 in
1365 2716 1541 2747 sequentibus
1558 2715 1693 2746 exprimit.

1705 619 1952 663 Corruperunt
1974 624 2091 651 autem
2116 629 2222 663 quos·
2246 652 2249 653 γ

2333 1574 2337 1595 l

2333 1600 2337 1621 A.

2339 2220 2343 2230 -
2328 2110 2343 2211 .:.‹—-
2333 2004 2341 2099 μ
2332 1760 2340 1991 ,,........--ῥ-
2332 1697 2335 1730 ⁴-
2332 1622 2337 1686 ...„,.
