2294 2975
94 123 170 162 249
224 123 346 160 XXIII.
388 123 698 158 ARGUMENTA
710 123 775 158 ΕΤ
791 123 994 159 SCHOLIA
1010 124 1057 160 IN
1072 124 1221 161 EPIST.
1239 126 1352 162 FAM.
1371 127 1455 163 ClC.
1482 129 1570 164 LIB.
1582 129 1655 166 Vll.
1681 130 1752 166 ΕΡ.
1763 132 1796 166 6.
1807 131 1840 166 7.
1851 132 1885 167 8.
1895 132 1928 166 9.
1942 133 1999 167 10.
2052 131 2127 167 250

196 209 519 255 Argumentum
549 209 780 254 epistolae
806 208 969 257 VIH.4⁶).

191 285 287 320 Idem
323 292 373 320 est
408 291 656 329 argumentum
689 298 766 318 cum
800 285 877 319 aliis
915 286 1084 330 epistoli5‚

89 336 156 370 nisi
166 337 213 384 ⁴⁷)
232 339 327 384 qnod
344 335 400 370 hic
421 335 622 380 obiurgatio
641 343 692 370 est
716 336 888 371 instituta.
948 337 1083 370 Princi-

90 388 151 433 pio
185 389 332 433 ponitur
361 387 521 420 narratio
545 389 587 420 de
610 387 769 421 Caesaris
793 387 941 428 litteris,
980 395 1013 421 et
1040 390 1082 422 de

89 451 154 472 suo
176 451 366 484 responso,
400 439 496 484 quod
521 438 659 482 rogavit
685 439 893 480 Caesarem,
929 445 968 472 ut
995 439 1082 472 Tre-

88 490 227 524 batium
260 488 406 523 haberet
437 489 838 524 commendatissimum.
914 490 1082 535 Sequitur

90 540 313 585 obiurgatio,
342 541 377 573 in
394 552 462 585 qua
490 538 720 584 reprehendit
743 541 929 574 stultitiam
946 541 1080 575 Treba-

88 590 148 630 tii,
176 592 237 636 qui
253 592 427 624 recusavit
444 591 678 625 tribunatum.
730 592 867 626 Deinde
886 599 937 626 est
951 591 1080 625 adhor-

88 641 195 682 tatio,
224 654 315 687 quae
335 641 492 675 nascitur
509 655 549 675 ex
568 642 836 686 obiurgatione,
865 650 904 677 ut
921 644 1007 676 tales
1024 656 1080 676 oc-

87 692 244 726 casiones
261 693 408 725 minime
432 693 607 736 negligere
633 695 727 727 velit.
781 693 820 726 In
845 695 913 727 fine
940 694 1080 728 subiicit

85 743 242 776 breviter
270 745 312 776 de
342 744 602 784 iureconsulto,
644 745 700 778 cui
724 745 863 789 saepius
889 745 1079 788 scripserit,

86 800 120 827 et
135 794 240 828 simul
256 793 468 828 adhortatur
484 795 694 828 Trebatium
712 797 756 828 ad
775 796 1014 829 scribendum.

336 887 471 920 Aliud
500 892 826 930 argumentum.

187 955 337 988 Orditur
361 961 395 988 et
418 955 454 987 in
478 952 543 987 hac
568 953 736 998 epistola,
771 956 1073 999 quemadmodum

84 1006 120 1038 in
144 1005 393 1051 sequentibus,
434 1017 452 1037 a
478 1005 705 1044 narratione,
746 1005 784 1037 in
815 1018 884 1051 qua
907 1008 1075 1040 admonet

84 1057 293 1089 Trebatium
312 1058 354 1089 de
379 1068 517 1089 summa
541 1056 741 1088 litterarum
763 1056 939 1097 Caesaris,
973 1064 1006 1091 et
1033 1060 1075 1091 de

81 1120 142 1142 sua
171 1107 492 1140 commendatione.
552 1106 643 1139 Huic
664 1106 848 1140 subiicitur
873 1108 1073 1153 obiurgatio

80 1158 232 1202 neglecti
248 1158 447 1191 tribunatus
460 1184 469 1197 ‚
497 1158 617 1190 addita
636 1155 904 1199 adhortatione,
931 1165 971 1192 ut
988 1160 1074 1193 tales

83 1209 285 1242 occasiones
314 1206 461 1253 posthac
495 1220 679 1254 nunquam
710 1209 876 1252 negligat.
943 1208 984 1242 In
1005 1212 1074 1244 fine

81 1260 204 1304 paucis
228 1266 351 1293 monet
381 1260 423 1292 de
455 1258 583 1293 litteris
606 1259 676 1292 suis
702 1260 1006 1294 commendaticiis
1030 1263 1073 1294 ad

80 1311 358 1345 iureconsultum
371 1336 381 1350 ,
409 1315 443 1342 et
458 1307 622 1343 hortatur
638 1322 718 1342 eum
737 1310 782 1342 ad
798 1311 1037 1346 scribendum.

334 1401 471 1435 Aliud
504 1409 830 1446 argumentum.

181 1469 458 1504 Narratiuncula
497 1475 549 1502 est
587 1470 629 1502 de
660 1470 834 1503 sententia
871 1470 1071 1504 litterarum

81 1521 259 1560 Caesaris,
287 1526 321 1552 et
341 1520 383 1552 de
399 1532 460 1552 sua
486 1520 728 1563 responsione.
788 1520 918 1553 Addita
941 1528 992 1554 est
1019 1534 1071 1554 re-

77 1569 321 1617 prehensio‘ss)
344 1570 522 1614 repudiati
545 1571 651 1603 officii
676 1583 755 1604 cum
778 1571 880 1604 brevi
903 1570 1071 1606 adhorta-

77 1623 195 1664 tione,
221 1634 265 1654 ne
280 1621 437 1666 negligat
454 1621 610 1654 oblatam
629 1622 862 1657 occasionem.

203 1722 531 1766 Argumentum
561 1722 790 1766 epistolae
817 1722 943 1768 IX.³⁹).

176 1800 379 1835 Familiaris
398 1806 448 1833 est
466 1799 613 1844 epistola
639 1800 824 1834 continens
848 1799 1069 1834 adhortatio-

75 1867 157 1889 nem
175 1854 220 1887 ad
234 1852 479 1889 scribendum,
504 1857 537 1883 et
555 1857 593 1883 ut
611 1863 755 1894 operam
780 1853 860 1891 det,
895 1864 939 1885 ne
968 1865 1066 1885 occa-

74 1907 190 1942 siones
218 1903 385 1948 negligat.
443 1901 540 1934 Loco
565 1902 700 1934 exordii
725 1903 869 1946 ponitur
893 1904 1067 1943 narratio,

72 1958 111 1992 in
134 1968 203 2003 qua
229 1955 403 1999 significat
426 1966 461 1987 se
482 1952 681 1987 desiderare
701 1953 877 1986 scribendi
900 1954 1066 1995 officium,

72 2016 107 2043 et
124 2007 230 2042 simul
257 2011 415 2045 excusat,
450 2006 545 2050 quod
572 2004 689 2038 rarius
714 2005 904 2049 scripserit.
957 2005 1066 2038 Addit

72 2067 107 2094 et
130 2060 172 2092 de
195 2069 257 2092 sua
282 2055 464 2101 diligentia
497 2056 534 2088 in
568 2057 853 2089 commendando
882 2055 1064 2090 Trebatio.

69 2110 238 2156 Sequitur
256 2106 479 2146 adhortatio,
508 2113 546 2140 ut
563 2119 702 2139 memor
725 2120 808 2140 suae
836 2108 1064 2151 profectionis

69 2162 210 2197 studeat
227 2160 360 2204 aliquid
381 2159 512 2203 egregii
536 2159 683 2192 efficere.
737 2157 774 2190 ln
798 2159 866 2191 fine
892 2165 943 2192 est
966 2159 1062 2192 iocus

69 2215 112 2247 de
129 2212 242 2245 amico
262 2211 418 2256 quodam
435 2210 565 2243 rustico
590 2216 623 2242 et
646 2209 814 2253 ignobili,
845 2216 878 2243 et
904 2210 1062 2244 nascitur

69 2265 167 2298 iocus
185 2275 226 2296 ex
244 2259 507 2306 amphibologia
527 2261 702 2295 vocabuli.

102 2397 151 2426 46)
169 2396 228 2420 Hoc
249 2394 438 2425 argumentum
457 2392 484 2415 et
503 2392 554 2415 dno
575 2392 717 2422 sequentia
735 2393 769 2416 ab
787 2393 967 2422 Editt.1556..
991 2394 1058 2418 1565

134 2430 252 2454 -1596.
267 2428 434 2452 exhihentur.
450 2439 484 2443 —
503 2427 530 2449 Ia
542 2426 624 2451 Editt.
641 2427 842 2457 1537—1554.,
864 2428 949 2453 1557..
971 2429 1056 2454 1560..

135 2465 211 2489 1601.
244 2469 331 2492 neque
361 2462 550 2491 argumentum
576 2467 664 2490 neque
689 2461 793 2485 scholia
816 2462 1001 2486 Melantiionis
1028 2463 1055 2486 in

133 2500 203 2524 hauc
221 2499 249 2522 et
268 2498 427 2527 sequentem
446 2495 590 2523 epistolam
608 2496 794 2519 inveniuntur.

97 2550 146 2580 4⁷)
165 2549 234 2578 nisi]
254 2549 293 2572 sic
311 2547 393 2571 Editt.
416 2545 501 2575 1565„
523 2546 614 2577 1569.‚
636 2546 726 2578 1592.;
753 2547 780 2570 in
799 2547 849 2573 Ed.
870 2547 944 2571 1556.
967 2547 1052 2572 deest.

97 2600 145 2632 48)
165 2599 357 2630 reprehensio]
376 2597 460 2621 Editt.
485 2596 576 2625 1565.,
597 2597 670 2620 1569.
690 2603 786 2622 errore
805 2599 931 2628 typogr.:
956 2604 1054 2628 repre-

128 2635 271 2659 hensioue.

93 2686 142 2714 49)
161 2686 220 2709 Hoc
247 2690 352 2714 quoque
375 2682 566 2713 argumentum
591 2681 618 2704 et
646 2681 697 2705 duo
723 2683 866 2713 sequenti-'⁷2
891 2685 996 2709 tautum
1023 2684 1050 2708 in

125 2720 210 2743 Editt.
232 2719 323 2748 1556„
344 2716 532 2741 1565-1596.
552 2715 734 2744 reperiuntur.

1385 213 1519 248 Aliud
1551 223 1875 260 argumentum.

1236 282 1361 317 Brevis
1386 291 1437 319 est
1459 286 1620 319 narratio
1638 287 1681 319 de
1705 287 1845 320 silentio
1863 287 2043 327 Trebatii,
2066 288 2127 320 ad-

1136 331 1208 365 dita
1228 335 1452 369 excusatione
1470 337 1624 371 raritatis
1642 350 1785 371 suarum
1804 338 2014 373 litterarum.
2065 338 2125 371 Se-

1136 383 1257 428 quitur
1277 386 1483 428 consilium,
1510 394 1568 428 ut,
1593 388 1621 422 si
1646 389 1756 434 possit
1776 389 1871 429 fieri,
1896 395 2040 421 maneat
2060 400 2125 433 per

1135 432 1287 469 hiemem
1320 439 1416 481 apud
1439 439 1636 473 Caesarem.
1702 440 1830 473 Postea
1860 439 2044 473 subiicitur
2065 441 2126 472 ad-

1134 483 1311 528 hortatio,
1344 495 1383 521 ut
1404 502 1543 523 memor
1564 503 1646 524 suae
1670 491 1900 535 profectionis
1920 489 1987 523 hoe
2012 502 2124 524 unum

1134 538 1291 578 studeat,
1317 551 1362 571 ne
1380 552 1510 574 vacuus
1532 542 1677 575 domum
1702 543 1834 576 redeat.
1885 541 1996 574 Addit
2019 541 2126 574 etiam

1134 588 1417 622 admonitionem
1436 592 1480 623 ad
1496 592 1734 626 scribendum.
1787 591 1825 625 ln
1852 593 1921 625 fine
1949 592 2045 626 iocus
2073 597 2124 625 est

1133 638 1176 670 de
1194 641 1350 684 quodam
1372 640 1522 674 Octavio
1540 649 1624 675 nato
1643 655 1683 675 ex
1700 644 1821 675 infimo
1839 655 1986 687 genere,
2014 656 2033 676 a
2051 655 2123 689 quo

1131 700 1235 733 saepe
1246 716 1255 730 ,
1282 691 1342 723 sed
1356 691 1486 725 frustra
1504 694 1548 725 ad
1564 706 1712 726 coenam
1731 694 1775 727 sit
1791 701 1948 728 vocatus.

1382 774 1518 809 Aliud
1546 784 1878 821 argumentum.

1232 839 1507 876 Narratiuncula
1528 851 1577 878 est
1597 846 1638 878 de
1657 845 1817 877 Trebatii
1837 852 1868 878 et
1886 857 1948 878 suo
1971 843 2124 878 silentio.

1130 889 1299 935 Sequitur
1330 894 1534 935 consilium,
1576 902 1615 928 ut
1637 902 1780 928 maneat
1806 897 1899 939 apud
1924 896 2122 928 Caesarem.

1129 939 1168 974 In
1197 942 1264 975 fine
1288 949 1339 977 est
1362 944 1459 978 iocus
1484 958 1549 989 per
1574 946 1727 979 ironiam
1758 948 1799 979 de
1825 946 1976 979 Octavio
2007 946 2121 978 amico

1130 992 1309 1034 Trebatii,
1337 1006 1356 1027 a
1375 1009 1445 1041 quo
1463 997 1611 1030 subinde
1629 999 1674 1031 ad
1692 1010 1839 1031 coenam
1858 1003 2014 1030 vocetur.

1281 1084 1465 1121 Scholia
1502 1089 1549 1122 in
1585 1090 1827 1135 epistolam
1854 1089 1969 1136 X.³⁰).

1232 1161 1261 1205 {-
1278 1165 1313 1197 2.
1341 1165 1458 1198 Mucio
1472 1171 1504 1199 et
1522 1166 1690 1214 Manilio]
1719 1168 1808 1200 Sunt
1826 1168 1896 1199 dno
1918 1172 2052 1198 veteres
2068 1163 2121 1197 iu-

1127 1214 1386 1260 reconsultiffl).
1464 1218 1561 1250 Satis
1576 1219 1700 1260 calere]
1730 1218 1868 1251 Scilicet
1891 1223 2037 1260 propter
2062 1227 2120 1259 pe-

1127 1262 1236 1296 ricula
1254 1264 1356 1304 belli,
1385 1266 1465 1310 quia
1480 1266 1608 1300 Caesar
1631 1269 1769 1302 domuit
1791 1268 1922 1302 Gallias
1951 1280 2023 1299 non
2045 1266 2119 1299 sine

1127 1314 1283 1347 maximo
1301 1315 1443 1356 labore,
1471 1318 1629 1360 periculo
1654 1326 1687 1352 et
1710 1320 1897 1353 sudoribus
1908 1318 1965 1363 52).
2068 1319 2120 1350 Ne

1126 1366 1328 1399 andabatum
1353 1366 1503 1415 quidem]
1540 1369 1575 1402 id
1601 1376 1671 1410 est,
1712 1371 1940 1404 dimicantem
1965 1369 2000 1401 in
2024 1374 2120 1400 tene-

1125 1415 1210 1448 bris.
1264 1417 1474 1451 Andabatae
1493 1421 1588 1453 enim
1608 1422 1822 1465 gladiatores
1841 1427 1963 1461 erant,
1997 1419 2058 1464 qui
2081 1418 2118 1449 in

1127 1466 1281 1500 tenebris
1300 1467 1530 1505 dimicabant.

1417 1547 1816 1601 Argumentum-³³).

1226 1614 1357 1658 Magna
1389 1628 1471 1659 pars
1505 1615 1610 1653 huius
1639 1621 1808 1665 epistolae
1836 1619 2056 1653 consumitur
2080 1619 2117 1651 in

1124 1663 1220 1698 iocis.
1286 1664 1428 1699 locatur
1460 1669 1554 1703 enim
1586 1684 1665 1704 cum
1693 1672 1864 1705 Trebatio
1894 1670 2117 1704 familiariter

1123 1722 1262 1759 sumpta
1281 1718 1465 1751 occasione
1486 1732 1527 1753 ex
1544 1721 1653 1765 ipsius
1670 1724 1815 1763 litteris,
1843 1723 1879 1755 in
1899 1724 2025 1768 quibus
2042 1733 2116 1753 non

1122 1766 1205 1799 satis
1231 1774 1330 1800 caute
1363 1769 1534 1812 gloriatus
1571 1780 1646 1806 erat
1680 1776 1722 1807 de
1756 1787 1817 1808 sua
1854 1774 2113 1807 existimatione

1122 1818 1214 1860 apud
1235 1818 1426 1861 plurimos,
1456 1828 1488 1854 et
1506 1824 1657 1857 maxime
1684 1827 1776 1869 apud
1794 1826 1999 1862 Caesareum
2035 1831 2110 1856 tum

1121 1868 1247 1908 etiam,
1286 1872 1381 1914 quod
1400 1883 1538 1906 summo
1557 1876 1673 1909 studio
1690 1877 1826 1920 fugerat
1846 1877 1984 1909 labores
2002 1882 2035 1908 et
2052 1887 2112 1919 pe-

1119 1919 1228 1951 ricula
1250 1919 1344 1954 belli.
1399 1922 1545 1957 Constat
1563 1933 1680 1959 autem
1699 1928 1844 1971 epistola
1872 1928 2007 1960 duabus
2030 1937 2111 1970 par-

1120 1969 1233 2009 tibus,
1261 1972 1468 2005 narratione
1487 1981 1520 2007 et
1536 1974 1798 2011 adhortatione.
1841 1978 2009 2011 Narratio
2028 1989 2111 2010 con-

1120 2020 1207 2053 tinet
1226 2021 1340 2061 iocos,
1368 2023 1451 2055 item
1468 2027 1751 2069 excusationem,
1780 2040 1889 2073 quare
1913 2029 1957 2061 ad
1982 2028 2109 2061 Caesa-

1118 2083 1192 2104 rem
1225 2069 1291 2104 hoc
1322 2079 1482 2117 ternpore
1515 2088 1588 2108 non
1617 2079 1796 2123 scripserit
1818 2079 1926 2123 ipsius
1950 2078 2108 2112 nomine.

1115 2121 1155 2154 In
1180 2120 1430 2157 adhortatione
1456 2134 1557 2170 rogat
1574 2128 1804 2170 Trebatium,
1838 2137 1876 2163 ut
1898 2136 2027 2164 statum
2052 2141 2106 2162 re-

1115 2185 1194 2206 rum
1212 2186 1355 2207 suarum
1376 2176 1557 2220 significet.

1147 2283 1196 2311 50)
1216 2284 1384 2314 argumento
1394 2286 1577 2311 Melanthonis
1592 2289 1892 2319 Editt.1537—1554.,
1911 2290 1997 2317 1557..
2019 2290 2105 2319 156⁰„

1184 2318 1388 2347 1601.care11t;
1422 2321 1491 2344 iliud
1513 2323 1599 2352 enim,
1632 2325 1701 2353 quod
1720 2325 1803 2349 Editt.
1827 2325 1915 2352 1546.,
1944 2326 2016 2349 1601.
2043 2325 2105 2348 sine

1179 2352 1300 2409 auctozis
1312 2354 1431 2386 nomine,
1450 2355 1478 2380 in
1492 2356 1582 2380 fronte
1597 2358 1675 2381 huius
1691 2359 1826 2388 epistolae
1841 2360 1976 2390 exhibent,
1995 2361 2104 2382 Ascen-

1178 2392 1212 2409 sn
1232 2392 1263 2409 es
1278 2404 1284 2410 .

1144 2429 1193 2457 51)
1212 2428 1407 2459 iureconsulti]
1434 2432 1482 2457 Ed.
1504 2434 1578 2457 1560.
1605 2434 1803 2461 iurisconsulti.
1823 2449 1857 2454 —
1897 2437 1937 2459 De
1964 2437 1994 2465 Q.
2014 2435 2102 2459 Mucio

1178 2463 1207 2487 P.
1226 2464 1244 2486 f.
1264 2464 1291 2488 P.
1311 2470 1336 2488 n.
1358 2466 1501 2496 Scaevoia,
1520 2467 1652 2492 Pontifice
1667 2470 1793 2498 Maximo,
1813 2472 1840 2494 et
1858 2468 1901 2494 Μ’.
1916 2470 2027 2494 Manilio
2047 2471 2103 2493 Ne-

1176 2499 1241 2527 pote
1267 2498 1472 2523 iurisconsultis
1498 2502 1551 2525 vid.
1574 2503 1671 2527 Orellii
1699 2506 1725 2528 et
1749 2505 1852 2528 Baiteri
1877 2505 2017 2530 onomast.
2036 2504 2103 2528 Tul-

1174 2532 1240 2556 lian.
1262 2532 1290 2556 P.
1305 2533 1337 2556 11.
1361 2541 1386 2563 p.
1402 2535 1452 2557 406
1467 2541 1526 2565 sqq.
1547 2538 1573 2559 et
1592 2537 1651 2562 375.

1139 2574 1188 2603 52)
1210 2576 1373 2614 flaec'nota
1398 2583 1457 2600 cum
1484 2580 1656 2607 praecedenti
1683 2581 1709 2605 in
1735 2582 1819 2606 Editt.
1844 2583 1936 2613 ¹545„
1971 2583 2045 2608 1560.
2072 2582 2099 2606 in

1174 2615 1255 2633 unam
1274 2616 1314 2633 sic
1332 2612 1373 2633 est
1392 2612 1549 2637 coniuncta:
1569 2614 1667 2640 Mucio
1684 2618 1711 2640 et
1723 2617 1863 2646 Manilio]
1884 2618 1953 2642 sunt
1972 2617 2023 2641 duo
2043 2618 2099 2641 vet.

1173 2643 1362 2669 iureconsulti.
1401 2646 1510 2669 scincet
1529 2651 1643 2678 propter
1661 2662 1696 2667 -—-
1716 2652 1742 2674 et
1762 2652 1915 2676 sudoribus,

1138 2684 1187 2713 53)
1208 2687 1265 2709 Hoc
1284 2689 1473 2724 argumentum
1494 2690 1522 2713 et
1541 2690 1593 2714 duo
1617 2692 1759 2722 sequentia
1777 2693 1805 2716 in
1821 2693 1906 2718 Editt.
1924 2693 2015 2726 1556.‚
2035 2692 2103 2718 1565

1171 2731 1204 2737 —
1216 2720 1289 2744 1596.
1307 2721 1493 2747 inveniuntur.
