2351 2990
102 103 178 140 777
246 105 400 142 XXXIV.
439 105 665 142 INTERPR.
691 106 953 144 ORATIONIS
969 107 995 144 Ι.
1023 108 1365 146 DEMOSTHENIS
1381 110 1579 146 CONTRA
1595 111 2010 152 ARISTOGITONEM.

2079 119 2153 154 778

104 189 217 229 1559.,
250 190 343 222 1564.
373 193 463 230 priori
478 193 536 232 40,
569 194 655 222 alteri
674 192 732 234 163
768 195 796 222 in
821 194 877 224 Ed.
894 193 987 226 1570.
1018 196 1108 235 priori
1130 194 1189 234 3⁸7,
1217 197 1304 226 alteri
1320 196 1376 233 1⁵73
1412 198 1440 226 in
1464 197 1520 227 Ed.
1538 196 1630 228 1587.
1653 200 1744 238 priori
1758 198 1819 237 35,
1850 203 1936 231 alteri
1953 201 2009 240 165
2046 204 2076 232 in
2099 205 2155 235 Ed.

108 233 204 264 1562.
234 237 331 264 nentri
355 236 436 264 nulla
453 243 523 265 sunt
543 237 701 275 adscripta.

232 278 342 307 Harum
366 283 468 309 contra
491 280 717 318 Aristogitonem
747 280 908 309 orationum
939 281 1061 309 duarum
1093 282 1293 311 tantummodo
1324 284 1404 321 prior
1427 283 1462 311 ah
1488 284 1550 322 ipso
1573 284 1765 314 Melanthone
1788 287 1816 313 in
1842 287 1963 316 latinum
1987 298 2153 318 sermonem

101 326 146 348 est
169 329 327 359 conversa,
351 322 445 350 altera
468 330 566 351 autem
589 332 606 351 a
629 324 696 351 vito
721 323 921 359 W'inshemio3
950 324 1023 353 haec
1047 325 1125 353 enim
1148 325 1176 352 in
1200 326 1258 354 illis
1281 326 1373 355 Editt.
1397 327 1539 365 (excepta
1562 325 1746 367 Ed,156‘2.‚
1774 329 1803 357 in
1828 339 1885 368 qua
1908 331 2077 369 interpretis
2100 342 2155 360 no-

101 372 168 391 men
197 364 331 393 omissum
363 364 423 404 est)
453 366 494 394 sic
523 372 569 395 est
603 366 766 404 inscripta:
804 367 1034 404 „Demosthenis
1064 373 1165 396 contra
1193 369 1416 407 Aristogitonem
1445 370 1534 398 oratio
1564 371 1713 408 secunda,
1750 380 1834 400 versa
1870 382 1888 400 a
1916 373 1984 402 Vito
2014 375 2155 404 Winshe·

100 406 157 434 mio
171 406 211 444 ⁸).

255 409 452 442 Quamobrem
475 409 568 438 solam
590 410 718 448 priorem
741 411 902 439 orationem
916 409 961 447 ⁸⁴¹)
985 411 1014 440 h.
1038 410 1058 440 l.
1081 411 1191 440 damus.

137 513 169 547 *J
197 515 227 539 In
246 516 441 549 Editt.1559.,
467 520 562 551 ¹564„
589 521 683 552 1570.,
710 520 786 546 158⁷.
807 526 857 550 pro
881 520 1061 545 H'inshemio
1086 519 1204 549 legitur:
1236 520 1426 545 Vuinssemz‘o.
1451 534 1487 539 —
1522 523 1606 546 Vitus
1633 523 1776 548 Oertelius
1803 523 1874 548 artis
1897 523 2021 550 medicae
2046 527 2150 552 Doctor

170 550 199 574 et
217 550 367 577 Professor
386 559 504 585 graecae
524 556 634 587 linguae
653 557 680 580 in
698 556 782 580 Acad.
802 555 980 587 witeberg.,
999 555 1042 578 uhi
1064 554 1140 580 1578.
1159 556 1285 578 mortuus
1305 556 1365 587 est,
1390 555 1583 582 Winshemius
1599 559 1812 589 cognominatus
1826 559 1870 582 est
1883 559 1917 583 ab
1930 560 2028 590 oppido
2042 561 2147 586 Wins-

169 584 257 617 heim,
275 586 303 610 in
323 594 375 618 quo
395 589 471 614 1501.
490 592 572 614 natus
592 593 662 615 erat.

139 627 192 660 **)
216 629 258 654 De
276 630 355 654 huius
374 633 508 657 orationis
526 634 693 659 auctoritate
712 633 807 665 dubia,
826 634 918 657 utrum
937 639 1003 657 vere
1016 631 1210 656 Demosthenis
1230 631 1267 656 sit
1284 638 1321 656 an
1338 632 1412 656 alius
1432 633 1570 666 oratoris,
1589 635 1660 660 conf.
1675 637 1737 661 Ant.
1754 637 1970 663 xVestermann:
1990 638 2153 665 Geschichte

171 664 221 688 der
235 664 339 696 griech.
354 668 578 693 Beredtsamkeit
598 668 709 701 (Leipz.
730 669 805 693 183³.
836 666 878 699 8.)
899 668 998 699 p,302.
1018 673 1060 691 111·-
1074 667 1115 691 25.
1134 667 1177 691 26.

231 804 674 843 DEMOSTHENIS
711 803 959 841 CONTRA
992 802 1523 840 ARISTOGITONEM
1559 803 1793 843 ORATIO
1830 806 2024 844 PRIMA

627 872 852 901 PH1L1PPO
883 872 1219 901 MELANTHONE
1248 872 1566 902 leERPRETE
1591 873 1632 910 ¹).

297 967 479 1000 Libanii
522 972 835 1011 argumentum
853 966 898 1011 2).

199 1035 442 1083 Pythangelus
462 1041 495 1068 et
513 1032 699 1080 Scaphon,
728 1047 807 1068 cum
830 1034 1000 1067 vidissent
1017 1033 1100 1067 Hie-

95 1089 228 1122 roclem
241 1089 413 1122 ferentem
430 1093 543 1121 vestes
561 1099 691 1126 sacras,
716 1087 753 1119 in
770 1086 899 1131 quibus
919 1092 951 1118 et
970 1098 1098 1118 aureae

95 1141 236 1174 litterae
265 1146 386 1179 erant,
424 1138 622 1172 indicantes
649 1150 728 1178 eos,
774 1150 791 1170 a
825 1137 954 1183 quibus
985 1143 1099 1170 vestes

98 1192 180 1225 illae
196 1192 378 1225 dedicatae
395 1191 557 1229 fuissent,
581 1190 729 1234 rapiunt
747 1201 826 1222 eum
848 1190 892 1221 ad
911 1189 1098 1232 magistra-

95 1250 152 1277 tus
176 1250 349 1289 tanquam
378 1242 601 1285 sacrilegum.
655 1241 702 1273 Hi
723 1247 842 1273 autern
862 1241 1014 1273 eundem
1035 1252 1098 1283 po-

97 1295 221 1330 stridie
239 1295 275 1327 in
294 1294 465 1327 concione
482 1293 622 1327 sistunt.
676 1292 723 1324 At
743 1292 801 1324 ille
819 1303 836 1323 a
854 1292 1039 1324 sacerdote
1062 1303 1098 1324 se

97 1360 177 1381 cum
202 1344 258 1380 his
281 1346 438 1380 vestibus
460 1344 609 1378 missum
636 1344 704 1383 ait,
739 1350 778 1376 ut
807 1354 865 1376 eas
890 1343 934 1375 ad
958 1354 1096 1375 sacram

97 1398 327 1432 venationem
348 1398 514 1430 deferret.
568 1395 634 1428 Hie
650 1395 758 1439 igitur
774 1394 998 1438 Aristogiton
1014 1394 1098 1427 scri-

97 1450 151 1483 bit
167 1451 347 1482 decretum
361 1475 370 1488 ,
398 1448 553 1493 primum
574 1447 718 1493 quidem
743 1446 946 1479 inconsulto
971 1451 1097 1479 senatu

97 1503 250 1540 factum3
279 1500 465 1534 deinde‘et
491 1512 555 1544 per
577 1512 613 1533 se
638 1498 845 1543 gravissime
871 1498 1017 1537 iubens,
1045 1503 1096 1536 ut,

97 1553 128 1588 si
152 1553 364 1586 confiteatur
381 1564 417 1585 se
435 1558 548 1585 vestes
566 1551 643 1584 illas
666 1556 889 1595 exportasse,
923 1549 1095 1582 continuo

95 1611 213 1639 morte
238 1604 430 1642 multetur;
457 1603 513 1637 sin
536 1609 654 1636 autem
682 1607 805 1646 neget,
839 1601 970 1634 iudicio
996 1600 1096 1635 sista-

97 1663 168 1691 tur.
221 1655 274 1689 Ex
292 1668 363 1701 quo
382 1655 469 1689 illud
487 1655 720 1701 sequebatur,
747 1659 787 1687 ut
802 1653 874 1687 sive
894 1665 1018 1686 verum
1045 1653 1096 1684 fa-

96 1714 254 1747 teretur,
279 1707 419 1748 statim,
447 1706 520 1741 sive
538 1706 673 1740 inficias
690 1705 775 1745 iret,
808 1717 881 1738 non
907 1704 955 1737 ita
980 1704 1094 1737 multo

95 1766 178 1806 post
208 1766 329 1792 tamen
352 1765 564 1792 moreretur.
625 1757 702 1790 Hoc
729 1758 932 1795 decretum,
959 1762 998 1788 ut
1021 1755 1094 1788 ille-

95 1811 219 1856 gitime
246 1812 402 1852 factum,
441 1815 583 1843 accusat
609 1807 870 1843 Phanostratus
906 1807 1095 1846 Hieroclis,

97 1863 192 1903 eius,
221 1862 282 1909 qui
307 1875 389 1896 rcus
418 1862 608 1906 agebatur,
642 1867 764 1905 pater,
798 1867 831 1893 et
856 1871 934 1892 cuin
961 1872 1002 1892 eo
1025 1858 1094 1892 De-

96 1913 321 1954 mosthenes,
348 1913 703 1958 Aristogitonemque
729 1918 853 1945 contra
878 1911 971 1955 leges
990 1923 1093 1954 roga-

96 1967 232 2001 tionem
259 1966 380 1999 tulisse
405 1966 639 1998 convincunt:
669 1976 779 2009 quare
803 1963 896 1996 idem
925 1974 943 1995 a
968 1962 1093 1995 iudici-

94 2020 162 2054 bus
175 2018 287 2052 multa
305 2017 465 2064 quinque
483 2017 699 2050 talentorum
719 2016 922 2048 damnatur.
975 2015 1092 2059 Atque

94 2068 165 2105 hoc
187 2070 345 2115 primum
361 2068 615 2112 Aristogitonis
640 2068 796 2100 debitum
822 2066 899 2099 fuit.
952 2065 1091 2098 Deinde

98 2129 219 2156 autem
248 2127 282 2154 et
297 2120 496 2165 Hegemoni
520 2119 660 2164 scripsit
682 2119 819 2158 dicam,
854 2129 1030 2163 causaque
1054 2117 1091 2149 in

95 2173 228 2209 iudicio
255 2172 406 2217 agitata,
434 2184 512 2205 curn
537 2185 582 2205 ne
607 2170 769 2217 quintam
790 2169 932 2215 quidem
951 2175 1089 2213 partem

97 2226 313 2260 calculorum
348 2223 577 2264 obtinuisset,
607 2223 734 2256 iterum
773 2222 967 2254 damnatur
995 2221 1091 2253 mille

95 2276 287 2312 drachmis.
332 2275 430 2321 Quas
446 2276 575 2309 multas
592 2287 672 2308 cum
689 2275 732 2307 ad
749 2274 842 2306 diem
862 2273 1089 2306 constitutam

132 2416 162 2444 1)
187 2415 216 2438 ln
237 2413 321 2438 Editt.
342 2413 433 2438 1527..
460 2413 552 2444 1559.‚
580 2414 674 2444 1564„
700 2414 791 2441 1570.,
818 2413 893 2437 1587.
919 2413 959 2437 sic
979 2416 1022 2437 est
1047 2413 1090 2438 in-

165 2449 285 2479 scripta:
306 2449 402 2473 oratio
422 2449 633 2476 Demosthenis..
653 2450 750 2473 contra
763 2449 999 2479 Aristogitonem,
1020 2449 1089 2474 Phil.

162 2485 228 2509 Mel.
248 2485 428 2513 interprete.3
453 2483 481 2507 in
500 2483 548 2508 Ed.
567 2483 642 2508 1547.
661 2484 855 2508 Demosthenis
879 2484 968 2508 oratio
993 2486 1091 2508 contra

164 2518 404 2549 Aristogitonem,
431 2518 539 2542 Prima.
565 2518 688 2548 Philippo
710 2519 824 2543 Melant.
847 2519 1027 2549 1nterprete.;
1063 2520 1088 2543 in

165 2554 214 2579 Ed.
231 2554 305 2578 1562.
327 2553 424 2578 Oratio
445 2553 636 2576 Demosthenis
657 2555 755 2577 contra
772 2553 1001 2584 Aristogitonem.

129 2606 161 2635 2]
181 2607 238 2630 Hoc
257 2607 466 2637 argumentum,
486 2605 556 2635 quod
575 2603 603 2628 in
622 2605 683 2629 sola
701 2606 750 2630 Ed.
770 2606 843 2630 1547.
863 2606 1019 2635 invenitur,
1048 2606 1089 2631 sic

163 2641 342 2671 inscriptum:
377 2640 511 2670 ,.1.ihanii
540 2641 732 2670 argumentum
761 2641 789 2664 in
814 2641 968 2665 orationem
994 2643 1090 2665 contra

167 2672 427 2707 Aristogitoiiem’⁷.
457 2675 481 2699 h.
502 2675 520 2698 l.
547 2674 682 2699 orationis
707 2675 930 2705 interpretationi
957 2677 1088 2706 praefigi-

167 2717 243 2740 mus,
271 2709 397 2741 quoniam
425 2709 459 2733 ab
479 2709 574 2733 eodem
592 2709 745 2740 interprete
765 2717 780 2734 e
799 2711 908 2736 Graeco
928 2711 954 2734 in
974 2711 1088 2735 latinum

165 2751 319 2770 sermonem
341 2750 503 2769 conversum
523 2750 585 2769 esse
606 2744 725 2770 videtur.

1154 987 1228 1007 non
1251 975 1432 1015 solvisset,
1459 988 1501 1008 ex
1524 976 1600 1020 lege
1625 975 1661 1009 in
1687 977 1836 1021 duplum
1862 978 2052 1012 damnatus
2078 978 2156 1024 fuit,

1153 1026 1201 1059 ita
1229 1033 1268 1059 ut
1292 1026 1363 1059 iam
1389 1028 1530 1060 aerario
1549 1028 1693 1061 deberet
1710 1029 1831 1061 decern
1851 1029 2004 1069 talenta,
2032 1036 2067 1063 et
2082 1031 2153 1064 duo

1154 1078 1265 1110 millia
1286 1075 1553 1112 drachmarum.
1607 1079 1680 1112 Pro
1698 1077 1764 1113 hac
1783 1080 1892 1124 igitur
1907 1081 2056 1125 pecunia
2073 1082 2153 1115 sun-

1153 1130 1238 1162 dum
1276 1131 1456 1175 quendam
1492 1143 1595 1164 suum
1627 1131 1767 1164 aerario
1794 1132 1993 1176 perscribit.
2058 1132 2152 1166 Eum

1152 1182 1303 1214 fundum
1329 1188 1452 1225 postea
1476 1182 1570 1215 enirn
1587 1182 1775 1216 Eunomus
1800 1184 1910 1216 frater
1933 1184 2062 1228 ipsius,
2089 1197 2152 1229 pa-

1153 1232 1217 1266 ctis
1244 1233 1373 1266 annuis
1397 1246 1436 1266 ac
1461 1233 1565 1267 certis
1587 1234 1840 1278 pensionibus,
1869 1235 1975 1268 etiam
2001 1236 2074 1270 eius
2092 1249 2152 1281 pe-

1153 1283 1297 1324 cuniae,
1326 1296 1432 1330 quam
1453 1285 1510 1318 ille
1529 1285 1565 1318 in
1583 1286 1712 1319 inultas
1736 1286 1908 1327 debebat,
1937 1287 1984 1320 ita
2001 1294 2041 1321 ut
2057 1288 2151 1322 intra

1152 1335 1328 1369 decimum
1353 1336 1498 1381 quidem
1524 1349 1659 1370 annum
1687 1344 1799 1371 totam
1824 1351 2001 1372 summam
2027 1339 2152 1373 dissol-

1152 1393 1271 1427 veret,
1307 1387 1454 1431 singulis
1480 1395 1597 1421 autem
1627 1389 1731 1423 annis
1758 1396 1890 1423 certam
1916 1403 1983 1435 pro
2009 1391 2150 1425 ratione

1153 1438 1260 1471 totius
1292 1445 1430 1482 partein
1464 1447 1682 1474 numeraret.
1750 1440 1801 1474 Ac
1832 1442 1970 1476 duabus
2004 1442 2150 1488 quidem

1151 1489 1402 1534 pensionibus,
1430 1492 1501 1524 duo
1520 1492 1651 1524 talenta
1673 1498 1706 1524 et
1724 1493 2004 1537 quadringentas
2023 1492 2151 1528 drach-

1150 1553 1226 1574 mas
1258 1542 1424 1580 exsolvit;
1465 1543 1644 1588 reliquum
1676 1549 1817 1585 autern,
1852 1557 1982 1590 nempe
2017 1546 2149 1580 talenta

1151 1599 1231 1626 octo
1267 1600 1301 1627 et
1329 1592 1522 1627 drachmae
1553 1594 1650 1627 mille
1683 1602 1868 1629 sexcentae
1898 1595 2015 1630 adhuc
2044 1598 2149 1631 debe-

1149 1645 1292 1679 bantur.
1348 1645 1438 1678 Cum
1467 1645 1576 1690 igitur
1600 1653 1743 1691 putaret
1768 1647 1994 1692 Aristogiton
2015 1662 2050 1683 se
2075 1649 2147 1683 iam

1149 1693 1281 1729 habere
1307 1697 1512 1730 facultatem
1536 1704 1569 1731 et
1596 1698 1649 1731 ius
1669 1698 1830 1739 dicendi,
1858 1712 1974 1745 neque
1995 1701 2148 1745 amplius

1149 1747 1329 1781 aerarIum
1346 1761 1418 1782 esse
1430 1775 1439 1789 ‚
1467 1762 1508 1782 eo
1526 1750 1622 1794 quod
1641 1750 1839 1783 debitorem
1860 1752 1969 1785 alium
1988 1765 2052 1786 suo
2066 1753 2147 1786 loco

1148 1799 1365 1843 reipublicae
1390 1801 1648 1841 substituisset,
1675 1807 1709 1833 et
1732 1814 1896 1835 accusare
1923 1804 2040 1848 coepit
2056 1804 2148 1837 mul-

1149 1857 1224 1890 tos,
1254 1857 1287 1884 et
1308 1852 1446 1896 publice
1466 1852 1501 1884 in
1520 1852 1753 1887 concionibus
1776 1853 1913 1895 dicere,
1942 1855 2146 1890 iubentibus

1147 1902 1302 1946 legibus,
1331 1915 1432 1943 eum,
1465 1903 1526 1949 qui
1546 1904 1763 1948 reipublicae
1782 1906 1948 1947 deberet,
1975 1907 2146 1940 infamem

1148 1960 1236 1987 esset
1253 1954 1443 1999 tantisper,
1472 1956 1585 1988 donee
1602 1955 1762 1989 debiturn
1781 1957 2008 1992 dissolvisset.
2063 1957 2144 2004 Qua

1146 2006 1189 2038 de
1217 2018 1340 2046 causa,
1369 2006 1431 2052 qui
1458 2006 1547 2040 circa
1576 2006 1779 2052 Lycurgum
1806 2015 1926 2050 erant,
1954 2010 2054 2043 illum
2080 2023 2146 2054 pu-

1144 2056 1234 2090 blice
1259 2058 1486 2099 detulerunt,
1515 2065 1688 2104 tanquam
1715 2060 1777 2105 qui
1803 2067 1926 2093 contra
1944 2061 2036 2106 leges
2053 2062 2145 2095 sace-

1144 2114 1217 2149 ret,
1251 2115 1285 2142 et
1309 2122 1388 2142 cum
1415 2109 1468 2143 ius
1493 2122 1567 2143 non
1589 2108 1755 2151 haberet,
1783 2112 1819 2144 in
1844 2113 1986 2156 publico
2004 2120 2145 2147 senten-

1144 2160 1230 2193 tiam
1256 2160 1400 2194 diceret.
1460 2161 1630 2195 Nondum
1667 2162 1776 2206 igitur
1799 2164 2054 2209 Aristogitonis
2079 2177 2144 2198 no-

1144 2211 1241 2245 mine
1259 2225 1301 2246 ex
1324 2212 1471 2246 aerariis
1492 2220 1655 2258 exempto
1670 2241 1679 2253 ,
1707 2214 1900 2261 debitoque
1918 2216 2010 2250 illius
2027 2214 2143 2250 adhuc

1145 2271 1312 2297 manente
1328 2265 1545 2309 perscripto,
1574 2266 1735 2299 debitore
1752 2273 1868 2299 autem
1891 2279 1950 2307 eo,
1979 2268 2040 2313 qui
2063 2268 2142 2301 sun·

1144 2315 1228 2348 dum
1255 2322 1410 2356 emerat,
1446 2317 1657 2357 substituto,
1686 2317 1722 2349 in
1749 2318 1996 2363 quaestionem
2023 2319 2142 2353 venie-

1142 2367 1223 2407 bat,
1246 2373 1366 2401 utrum
1385 2368 1426 2407 is,
1455 2368 1517 2414 qui
1532 2369 1682 2402 fundum
1700 2376 1846 2409 emerat,
1874 2370 1970 2404 solus
1985 2371 2142 2412 deberet,

1144 2430 1189 2450 an
1216 2418 1274 2451 ille
1300 2432 1462 2465 quoque,
1506 2420 1567 2465 qui
1591 2421 1709 2464 primo
1734 2421 1926 2462 debuerat,
1964 2423 2150 2467 obligatus

1143 2477 1323 2511 maneret,
1352 2472 1465 2504 donec
1481 2471 1640 2505 debitum
1660 2472 1703 2505 ab
1724 2472 1837 2505 altero
1863 2473 2140 2518 persolveretur.

1142 2521 1192 2554 Ac
1211 2523 1253 2555 de
1269 2523 1407 2557 duobus
1427 2523 1570 2568 quidem
1591 2523 1718 2557 debitis
1735 2521 1821 2557 haec
1840 2524 1877 2557 in
1896 2526 2005 2559 dnbio
2025 2532 2140 2559 verte-

1142 2574 1284 2608 bantur.
1353 2574 1541 2608 Caeterum
1576 2582 1799 2609 accusatores
1821 2576 1932 2620 ipsius
1959 2578 2140 2610 addebant

1144 2632 1177 2658 et
1199 2626 1342 2659 tertium
1370 2625 1550 2667 debitum,
1587 2628 1683 2672 quod
1709 2627 1808 2661 illurn
1838 2628 2055 2673 reipublicae
2078 2629 2138 2660 de-

1142 2677 1224 2710 bere
1242 2677 1396 2711 aiebant.
1452 2677 1584 2711 Contra
1605 2676 1672 2711 hoc
1687 2679 1910 2723 Aristogiton
1928 2693 1969 2713 ex
1986 2681 2136 2712 adverso

1141 2730 1354 2774 respondet,
1387 2742 1421 2763 se
1439 2729 1569 2763 iniuria
1588 2730 1681 2764 inter
1699 2731 1857 2766 aerarios
1874 2732 2025 2765 relatum
2052 2743 2138 2772 esse,
