2351 2990
113 117 188 152 637

111 203 210 236 ribus
226 208 260 235 et
278 201 371 235 vitae
388 201 558 236 institutis
571 201 777 246 longissime
797 201 968 236 differunt
987 215 1007 236 a
1024 203 1106 237 Sar-

111 251 237 293 matis,
267 253 309 286 rid
332 259 401 293 est,
430 264 450 285 a
473 252 647 287 Tartaris.
699 253 796 298 Ergo
816 253 1017 288 Germanos
1034 257 1105 289 He-

111 307 181 339 neti
196 304 352 349 proximi
370 303 576 345 cinxerunt,
609 302 678 337 hoc
701 310 770 345 est,
797 306 963 340 Moscovii
980 312 1014 338 et
1030 308 1104 340 Ru-

110 357 214 390 them'.
268 354 371 388 Ultra
389 353 453 388 hos
469 355 597 389 deinde
614 361 696 390 sunt
712 355 868 390 Tartari.
917 356 963 390 Et
979 369 1104 402 quam-

111 419 219 452 quam
242 418 336 440 nunc
357 405 486 439 Heneti
509 413 700 452 utramque
722 407 881 441 Vistulae
905 408 1023 452 ripam
1054 414 1103 442 te-

110 464 215 498 nent,
247 458 492 503 dederuntque
519 457 570 490 illi
594 458 735 502 regioni
760 471 895 492 nomen
916 459 1101 500 Poloniae‚

110 516 230 542 tamen
255 509 339 541 olim
363 520 403 541 ea
427 508 505 541 loca
529 510 575 542 ad
600 509 832 544 Germaniam
863 510 1101 554 pertinebant.

108 560 236 593 Postea
267 559 377 604 pulsis
401 559 612 601 Germanis,
655 560 784 594 Heneti
814 561 881 595 soli
903 561 972 596 illis
996 561 1101 606 potiti

109 617 202 645 sunt.
264 610 333 644 Sed
354 611 486 655 passim
510 612 547 644 in
572 612 706 647 ultimis
728 612 876 653 finibus,
911 612 1100 647 Germanis

108 661 213 696 fuisse
237 662 413 695 admixtos
433 662 608 703 Henetos,
655 670 804 708 apparet
826 676 868 696 ex
892 664 1100 708 appellatio-

109 713 223 746 nibus.
270 712 338 747 Hic
352 714 588 748 nominantur
609 714 787 761 Venedi'ss)
809 720 843 747 et
857 717 985 756 Fenm‘,
1010 727 1100 760 quos

107 764 263 797 arbitror
297 766 341 798 ab
370 766 494 798 eadem
521 771 644 810 gente,
685 765 817 800 scilicet
838 765 975 798 Heneta
1001 772 1099 799 ortos

106 815 231 855 fuisse,
258 816 397 850 etiamsi
412 816 571 861 linguam
590 823 792 856 mutarunt,
818 822 859 850 ut
884 814 941 849 hic
967 815 1099 860 signifi-

107 873 163 900 cat
179 866 336 901 Tacitus.
388 865 473 900 Inde
490 874 524 901 et
545 869 728 902 Venedicus
745 869 842 901 sinus
858 867 988 901 dicitur
1005 880 1099 901 mare

107 920 319 952 Livoniense.
389 918 480 952 Nam
509 916 547 951 hi
571 917 708 951 Venedi
729 915 827 951 haud
857 919 963 952 dubie
989 917 1098 951 Livo-

104 969 243 1003 nienses
258 975 350 1002 sunt.
403 968 449 1002 Et
463 970 611 1002 fortasse
629 969 673 1002 ab
688 967 743 1002 his
757 980 891 1002 nomen
916 976 966 1004 est
989 968 1096 1003 hodie

103 1019 242 1063 regioni
263 1020 429 1062 ἷςίηηῐαηῖ)
457 1020 494 1053 in
516 1020 696 1054 Cimbrica
717 1017 959 1059 Chersoneso.
1012 1021 1097 1055 Pto-

102 1071 258 1104 lemaeus
276 1071 371 1103 enim
389 1083 455 1116 pro
472 1073 598 1106 Fennis
612 1071 697 1105 dicit
711 1071 904 1118 Fimzos‘ffl).

205 1124 430 1156 Peucinorum
460 1123 654 1167 appellatio
685 1122 820 1155 indicat
847 1123 957 1156 miras
990 1122 1096 1156 fuisse

103 1173 301 1206 errationes
318 1173 476 1217 gentium
493 1174 529 1206 in
544 1173 602 1206 illa
621 1185 683 1207 ora
702 1173 985 1217 septentrionali.
1012 1174 1095 1208 Non

103 1224 197 1257 enim
219 1224 367 1258 dubium
395 1231 445 1258 est
461 1221 615 1269 Πεύκην
643 1236 715 1258 esse
736 1224 888 1258 insulam
906 1224 984 1258 Istri
1008 1237 1095 1269 pau-
1118 1228 1122 1303 Ι

137 1345 184 1373 43)
209 1344 327 1372 Veneris]
345 1344 386 1367 sio
402 1343 487 1368 Editt.
509 1344 698 1370 1538—1673.
718 1347 747 1369 et
765 1345 850 1370 Editt.
871 1347 999 1372 walth..
1019 1347 1093 1371 Doe-
1117 1306 1122 1377 l

173 1379 258 1408 ἀει-Μ
282 1378 366 1403 Editt.
386 1378 511 1403 Passow.
523 1395 531 1411 ‚
551 1379 682 1411 Grimm.,
700 1381 812 1404 Massm.
832 1382 859 1404 et
877 1382 912 1405 al.
934 1382 1041 1406 Veneti.

136 1431 182 1457 44]
203 1430 316 1453 Ptolem.
334 1429 378 1453 ΙΙΙ.
399 1436 422 1453 c.
437 1429 462 1453 5.
482 1429 508 1459 S.
521 1430 564 1456 20.
583 1431 624 1454 ed.
644 1431 752 1456 Nobbe:
778 1432 886 1457 Φίνιόι.

554 113 675 150 XXIX.
723 114 1110 152 COMMENTARIUS
1137 114 1185 152 IN
1214 116 1374 154 TACITI
1400 119 1705 158 GERMANmL

2071 126 2144 161 638

1157 203 1271 237 lulum
1293 218 1400 251 supra
1416 207 1630 253 Byzantium
1655 210 1693 243 in
1717 210 1933 258 Triballis-4⁵)
1947 238 1956 252 ,
1991 209 2059 245 hoc
2082 220 2144 253 est,

1155 255 1193 287 in
1220 257 1366 299 Rus-cla,
1414 261 1508 293 unde
1542 273 1637 294 nunc
1672 261 1839 295 dicuntur
1874 263 1923 298 bie
1952 263 2070 307 θῒθίρεη
2086 264 2144 309 46).

1154 305 1317 353 Eamque
1337 309 1489 344 insulam
1506 312 1658 346 tenuisse
1669 313 1794 353 Getas,
1818 313 1937 359 inquit
1947 314 2074 348 Strabo
2084 315 2144 360 4⁷),

1156 363 1190 390 et
1214 358 1381 403 Syrmum
1404 374 1524 406 regem
1553 364 1725 398 Getarum
1750 364 1800 397 ait
1829 377 1864 398 se
1894 377 1936 398 eo
1962 366 2145 410 recepisse,

1156 416 1337 452 gerentem
1358 412 1491 446 bellum
1520 427 1599 448 cum
1622 416 1840 450 Alexandro.
1899 416 1970 449 Ubi
1997 429 2074 450 cum
2101 418 2145 450 ab

1155 460 1270 494 insula
1295 470 1475 497 arceretur
1497 465 1716 506 Alexander,
1757 467 1860 501 donis
1885 467 2058 501 Getarum
2091 481 2146 501 ac-

1155 511 1284 554 ceptis,
1307 524 1430 557 pacem
1447 527 1526 549 cum
1545 517 1592 550 eis
1613 518 1705 551 fecit.
1757 517 1928 552 Errantes
1954 518 2062 563 igitur
2087 532 2147 553 seu

1154 560 1276 603 Gothi,
1303 576 1365 598 seu
1382 566 1454 606 alii,
1481 567 1541 612 qui
1560 581 1600 601 ex
1615 567 1681 602 hac
1697 569 1811 603 Peuce
1831 570 1975 603 oriundi
1990 571 2146 606 fuerunt,

1152 624 1287 645 nomen
1308 615 1474 650 Peucinis
1500 619 1607 651 etiam
1629 620 1713 653 alibi
1746 621 1932 655 dederunt.
1999 621 2145 655 Tacitus

1153 664 1510 702 admiscetPeucinos
1532 672 1727 705 Bastarnis.
1794 671 2006 706 Tenuerunt
2038 673 2144 717 igitur

1152 716 1277 756 Femze',
1302 719 1463 759 Peucini,
1497 722 1691 755 Bastarnae
1715 721 1932 757 Lituaniam.
1995 723 2058 757 Est
2083 736 2145 758 au-

1152 771 1224 799 tem
1246 775 1543 811 consentaneum,
1571 771 1723 806 insulam
1740 771 1895 819 Πεύκην
1913 788 1931 807 a
1956 776 2063 819 piceis
2089 788 2143 808 ar-

1150 816 1297 852 boribus
1313 819 1361 852 sic
1376 822 1592 865 appellatam
1614 836 1687 857 esse
1711 836 1730 856 a
1755 824 1899 865 vicinis,
1936 827 2030 870 apud
2054 840 2142 872 quos

1151 868 1282 912 passim
1301 870 1458 905 Graecae
1474 873 1616 917 linguae
1632 887 1716 908 usus
1736 876 1813 910 suit.
1867 875 1963 910 Haec
1987 878 2142 911 breviter

1151 920 1276 964 collegi
1300 922 1648 959 adolescentulorum
1671 938 1795 968 causa,
1835 933 1875 961 ut
1901 940 1960 962 eos
1985 930 2028 961 ad
2054 930 2143 961 anti-

1151 971 1296 1016 quitatis
1315 979 1348 1006 et
1364 971 1597 1010 historiarum
1616 977 1772 1011 studium
1794 978 1961 1020 invitem,
1989 981 2084 1025 quod
2109 987 2139 1012 et

1150 1023 1309 1058 moribus
1326 1025 1412 1058 utile
1430 1033 1500 1067 est,
1528 1034 1561 1060 et
1577 1029 1815 1063 eruditionem
1835 1030 1908 1064 alit.
1962 1030 2058 1065 Alias
2081 1044 2140 1064 au-

1150 1080 1219 1107 tem
1245 1077 1420 1120 quaedam
1442 1076 1499 1111 hic
1525 1086 1695 1113 annotata
1725 1081 1923 1116 distinctius
1947 1083 2140 1126 explicabo.

1184 1176 1231 1207 45)
1254 1177 1408 1206 Triballis]
1429 1179 1469 1202 sic
1486 1179 1572 1203 Editt.
1594 1180 1678 1211 1538.‚
1702 1181 1786 1211 1572„
1808 1182 1894 1213 1581..
1914 1182 1988 1206 1594.
2011 1182 2137 1213 (quibus—

1217 1218 1276 1234 cum
1296 1213 1423 1242 congruit
1442 1215 1561 1243 strabo,
1585 1215 1627 1238 cui
1648 1213 1793 1245 Τριβαλλοὶ
1813 1216 1954 1245 dicuutur,
1981 1219 2006 1239 et
2026 1217 2138 1240 Cellarii

1218 1245 1317 1269 notitia
1336 1247 1410 1269 orbis
1429 1248 1533 1277 antiqui
1559 1249 1599 1273 ed.
1619 1250 1773 1273 Schwartz.
1799 1250 1828 1273 T.
1843 1251 1862 1274 Ι.
1889 1258 1914 1280 p.
1930 1250 2022 1279 456.];
2055 1251 2136 1274 Editt.

1219 1279 1311 1311 1557.‚
1332 1281 1423 1312 1574„
1445 1282 1536 1311 1579..
1559 1283 1633 1306 1673.
1653 1284 1794 1307 Trivallis.

1181 1322 1228 1349 46)
1247 1321 1355 1353 fflessen]
1381 1323 1420 1346 sic
1439 1324 1523 1347 Editt.
1551 1325 1616 1349 1538
1628 1338 1662 1343 —-
1679 1326 1769 1357 153³...
1796 1327 1861 1351 1579
1877 1340 1910 1344 —
1926 1328 2016 1354 1594:

1218 1357 1308 1387 1574.‚
1329 1357 1402 1381 1673.
1423 1356 1543 1389 &theam

1179 1399 1338 1457 nglffierlah.
1363 1406 1458 1431 geogr.
1479 1402 1538 1425 Vll.
1566 1409 1590 1432 p.
1607 1403 1665 1426 301.
1694 1405 1733 1428 ed.
1755 1405 1886 1428 Casaub..
1919 1412 1943 1434 p.
1964 1405 2022 1429 462.
2044 1406 2084 1428 eit
2105 1406 2137 1427 ab

2054 1328 2136 1352 leuitt.

230 1513 332 1544 Nota.
373 1514 405 1541 In
430 1514 514 1542 huius
538 1515 630 1543 libelli
653 1515 794 1544 Editionis
817 1517 938 1545 Witteb.
965 1516 1057 1547 1538.
1084 1518 1281 1557 descriptione
1307 1517 1350 1557 (p.
1366 1519 1427 1549 611
1445 1520 1504 1559 sq.)
1520 1525 1825 1560 commemoravimus,
1848 1525 1916 1553 huic
1932 1526 1987 1553 duo
2004 1527 2130 1553 carmina

101 1567 166 1587 esse
189 1566 320 1594 annexa,
349 1566 437 1584 unum
462 1558 608 1585 Graecum
632 1558 670 1586 ad
692 1559 832 1587 loannem
857 1559 1038 1597 Lutherum,
1065 1561 1192 1589 alterum
1217 1563 1349 1590 latinum.

718 1600 776 1607 ιν..

1393 1563 1503 1592 Horum
1528 1566 1608 1601 prius
1630 1567 1708 1594 inter
1731 1567 1929 1595 Melanthonis
1953 1569 2079 1595 earmina
2103 1570 2131 1595 in

100 1602 184 1629 huius
206 1599 344 1637 Corporis
365 1599 498 1628 Reform.
523 1601 589 1629 Vol.
609 1599 645 1628 X.
669 1611 700 1639 p.
715 1609 789 1631 ooo.
812 1602 869 1630 No.
888 1601 959 1631 150.
984 1609 1028 1631 est
1050 1612 1206 1640 recusum,
1243 1614 1259 1632 a
1288 1614 1345 1642 quo
1367 1605 1464 1634 Editio
1489 1605 1582 1637 1538.
1613 1606 1710 1648 (cuius
1734 1610 1794 1637 illic
1816 1611 1897 1637 nulla
1925 1612 2031 1637 mentio
2057 1611 2131 1638 sacta

101 1643 161 1683 est)
184 1642 275 1671 tribus
299 1642 368 1669 locis
390 1642 552 1679 discrepat3
582 1643 653 1671 haec
677 1644 754 1671 enim
777 1644 864 1672 habet
887 1655 912 1672 v.
934 1644 968 1674 4.
989 1646 1124 1681 σπεῦδε,
1155 1656 1182 1674 v.
1197 1645 1228 1674 5.
1251 1648 1390 1686 πατρᾶς,
1417 1659 1444 1677 ν.
1459 1648 1489 1678 ’7.
1513 1648 1660 1688 μόχθοι,
1690 1657 1719 1680 at
1742 1652 1771 1679 in
1794 1653 1881 1690 Corp.
1906 1653 1973 1681 Res.
1999 1653 2018 1681 l.
2042 1654 2061 1680 l.
2087 1654 2131 1680 le-

100 1692 224 1724 guntur:
263 1679 402 1721 ErreZtV,
439 1683 576 1723 πάτρης,
610 1683 742 1725 μόχθει.

101 1730 128 1757 h.
154 1730 171 1757 l.
195 1727 385 1765 adiungatur:

801 1687 932 1715 Alterum
964 1697 1034 1716 vero
1064 1688 1186 1717 latinum
1208 1689 1237 1717 in
1259 1689 1310 1718 illa
1333 1691 1491 1720 carminum
1516 1693 1690 1723 collectione
1714 1704 1771 1723 non
1795 1696 1909 1729 inveni,
1948 1702 2129 1733 quapropter

1007 1787 1214 1819 Aliud.

695 1847 845 1886 Numquid
868 1847 917 1875 ubi
937 1848 1059 1876 Arminii
1082 1850 1191 1887 relegis
1214 1850 1374 1879 Germania
1396 1851 1500 1880 laudes

781 1889 828 1918 Te
850 1890 942 1928 pudet
963 1896 1052 1928 atque
1073 1893 1184 1920 animos
1208 1894 1251 1921 ira
1274 1893 1416 1931 dolorque
1439 1895 1538 1924 subit?

698 1932 783 1966 Quod
808 1942 873 1960 cum
897 1932 1047 1970 depulerit
1069 1932 1162 1963 fortes
1184 1935 1329 1973 quondam
1353 1936 1404 1965 ille
1426 1938 1573 1974 Quirites,

781 1976 829 2003 Ne
852 1981 1002 2013 premeret
1024 1978 1136 2014 patriae
1160 1978 1252 2006 libera
1275 1979 1350 2006 colla
1372 1979 1481 2016 iugum.

695 2018 785 2046 Nunc
807 2019 892 2045 toties
915 2024 1029 2047 vastant
1051 2020 1141 2047 Turci
1164 2025 1215 2049 tua
1238 2029 1330 2058 regna
1351 2021 1473 2059 fugaces

777 2059 912 2098 Occupat
933 2067 963 2088 et
985 2066 1098 2089 nostros
1122 2062 1261 2091 barbarus
1284 2063 1373 2092 hostis
1396 2073 1480 2101 agros

690 2102 784 2140 quue
806 2103 926 2140 impune
948 2102 1034 2140 facit,
1062 2113 1118 2132 nec
1140 2110 1170 2133 te
1192 2115 1209 2133 a
1232 2106 1342 2133 virtute
1363 2107 1494 2143 priorum

776 2145 878 2183 Usque
900 2145 973 2174 adeo
995 2146 1130 2183 ignavam
1152 2148 1351 2185 degenerasse
1374 2149 1469 2177 doles.

691 2187 827 2215 Dedecus
849 2196 886 2215 an
910 2193 1022 2216 tantum
1045 2189 1156 2227 ferret,
1183 2190 1412 2229 Scythicumque
1434 2191 1564 2221 furorem

774 2230 922 2258 Arminius
945 2231 1024 2258 lento
1048 2232 1136 2260 corde
1159 2233 1261 2261 videre
1284 2232 1398 2271 queat?

650 2283 653 2285 ·
692 2272 761 2301 Non
783 2272 880 2300 audax
904 2273 985 2311 signa
1006 2271 1149 2311 inferret,
1182 2276 1328 2314 pulsoque
1351 2277 1464 2305 latrone

772 2315 901 2344 Poneret
923 2316 952 2343 in
978 2316 1066 2344 Graio
1090 2317 1168 2345 clara
1190 2318 1313 2356 trophea
1333 2320 1393 2347 solo
1404 2318 1418 2347 ’ἔ

691 2357 914 2395 oppressasque
938 2358 986 2386 diu
1012 2359 1094 2396 leges
1118 2368 1275 2388 renovaret
1297 2367 1327 2389 et
1349 2367 1428 2390 artes

773 2400 932 2438 Antiquum
957 2407 987 2428 ut
1009 2401 1131 2430 Graecis
1154 2403 1296 2431 redderet
1319 2404 1382 2441 ipse
1406 2405 1504 2433 decus.

691 2442 723 2471 Si
746 2442 815 2480 quid
838 2442 932 2471 adhuc
955 2443 1042 2480 igitur
1065 2445 1174 2473 retines
1198 2445 1310 2473 virtutis
1331 2447 1426 2475 avitae

772 2486 797 2513 A
820 2491 918 2513 nostro
942 2486 1019 2514 diros
1042 2486 1134 2514 limite
1156 2488 1239 2525 pelle
1261 2488 1385 2522 Scythas
1433 2515 1436 2518 ,

686 2528 832 2566 Armaque
855 2528 976 2556 coelesti
999 2529 1094 2565 iussu,
1122 2539 1174 2566 pro
1197 2531 1315 2558 nomine
1338 2531 1446 2560 Christi

772 2572 888 2608 Proque
911 2571 968 2599 tuis
989 2571 1063 2608 aris,
1093 2573 1197 2601 sumito
1220 2582 1332 2611 proque
1354 2574 1437 2602 focis.
