2351 2990
134 93 209 129 513
275 93 396 131 XXIIL
443 92 753 129 ARGUMENTA
769 93 836 128 ET
854 94 1057 129 SCHOLIA
1080 94 1128 130 IN
1152 94 1300 132 EPIST.
1325 96 1354 130 F
1356 96 1439 134 AM.
1463 97 1546 134 CIC.
1573 98 1661 135 LIB.
1682 100 1771 137 XIV.
1796 102 1868 139 ΕΡ.
1886 104 2036 143 4—12.

261 181 588 225 Argumentum
617 179 849 225 epistolae
875 180 1000 227 V1.‘-’2).

235 257 330 291 Haec
349 258 496 303 epistola
515 256 656 291 videtur
685 270 759 292 esse
784 258 914 302 scripta
942 271 983 292 ex
1007 258 1128 292 castris

132 308 375 354 Pompeianis.
428 308 533 342 Initio
553 316 694 342 excusat
711 322 766 350 se,
794 310 891 355 quod
910 310 1025 343 rarius
1045 309 1127 343 scri-

131 360 204 393 bat.
258 360 396 393 Deinde
422 366 545 393 monet
569 360 612 393 de
638 360 765 394 litteris
792 361 963 405 acceptis,
999 361 1126 395 additis

130 410 218 450 illis,
246 423 336 457 quae
355 412 399 444 ab
415 423 526 444 uxore
548 410 626 444 fieri
643 411 738 446 velit.

367 486 503 521 Aliud
531 494 864 532 argumentum.

231 553 427 588 Exordium
470 555 628 589 continet
672 556 815 590 brevem
863 557 1122 590 excusationem

128 604 270 638 silentii.
308 606 477 650 Sequitur
493 607 762 641 narratiuncula
776 635 785 647 ,
814 608 869 641 cui
885 608 1029 641 additur
1046 609 1123 640 bre-

128 655 180 688 vis
204 653 420 690 adhortatio.

300 749 486 785 Scholia
522 753 566 784 in
602 751 842 796 epistolam
871 749 945 784 VII.

230 826 260 871 ἓ.
282 828 315 861 1.
345 828 521 875 Omnes‘ss)
538 826 727 874 molestias]
756 826 937 861 Narratio.
1097 876 1105 883 ⁶

231 879 262 921 »3-
280 880 315 913 2.
346 881 547 914 cohortarer
567 877 642 925 ros]
671 877 886 911 Adhortatio
905 889 969 921 per
987 888 1121 921 praeci-

128 929 264 962 sionem
279 929 338 975 24).

420 1003 749 1048 Argumentum
769 1004 827 1049 25).

227 1071 422 1116 Sequentes
452 1078 608 1117 quatuor
631 1073 781 1117 scriptae
805 1076 887 1105 sunt
914 1082 954 1102 ex
980 1068 1120 1126 itinere,

124 1123 334 1168 priusquam
350 1123 396 1154 ad
410 1122 626 1167 Pompeium
647 1136 688 1156 ex
705 1123 805 1156 ltalia
825 1121 1004 1155 transiret.
1040 1120 1120 1176 Pri—

124 1186 183 1206 ma
202 1180 254 1207 est
270 1173 492 1207 nuntiatoria
517 1175 558 1207 de
583 1174 695 1207 animi
720 1174 870 1212 morbo,
904 1184 975 1217 quo
1001 1171 1118 1204 subito

122 1225 230 1259 fuerit
246 1224 423 1258 relevatus
432 1224 498 1270 26);
538 1225 621 1258 item
641 1226 684 1258 de
703 1238 765 1259 sua
780 1223 1009 1267 navigatione
1022 1249 1031 1261 ,
1058 1223 1118 1255 ad-

122 1276 195 1308 dita
214 1275 470 1320 significatione
486 1276 626 1309 futurae
644 1275 847 1321 diligentiae
870 1275 907 1307 in
924 1273 1118 1307 scribendis

124 1339 165 1359 ex
182 1327 308 1360 itinere
325 1326 452 1360 litteris
469 1327 514 1359 ad
532 1327 676 1361 amicos.
730 1326 912 1370 Principio
934 1330 1118 1369 ponuntur

123 1378 213 1410 duae
257 1377 494 1411 narrationes.
572 1378 710 1412 Deinde
744 1378 904 1422 sequitur
939 1375 1116 1409 excusatio

125 1428 275 1462 omissae
296 1427 557 1463 adhortationis
575 1435 608 1462 et
630 1429 829 1463 admonitio
856 1428 994 1466 brevis,
1032 1426 1117 1471 quid

123 1477 199 1508 fieri
222 1478 316 1509 velit.

372 1551 510 1587 Aliud
539 1560 865 1598 argumentum.

223 1619 391 1654 Narratio
403 1647 413 1661 ,
467 1623 565 1667 quod
600 1622 771 1656 liberatus
806 1619 1116 1659 sollicitudinibus,

121 1671 270 1704 omnino
287 1684 429 1717 quoque
446 1674 574 1706 morbo
594 1674 639 1707 sit
654 1674 803 1707 levatus.
855 1672 1024 1717 Sequitur
1038 1671 1116 1703 bre-

120 1723 172 1755 vis
191 1722 315 1766 petitio
328 1749 337 1762 ‚
365 1729 405 1756 ut
420 1722 497 1757 Diis
514 1724 644 1767 gratias
662 1730 743 1768 agat
759 1736 824 1768 pro
844 1722 1005 1756 restituta
1023 1721 1116 1756 sani-

119 1780 201 1806 tate.
247 1773 402 1807 Additur
419 1775 630 1818 pollicitatio
642 1801 651 1815 ,
677 1787 714 1808 se
730 1774 871 1818 saepius
887 1773 1115 1818 scripturum.

119 1824 158 1857 lu
173 1826 242 1857 fine
265 1824 343 1858 loeo
361 1825 494 1870 epilogi
512 1832 563 1860 est
580 1826 726 1872 obliqua
754 1824 950 1859 consolatio
975 1831 1008 1857 et
1033 1836 1115 1857 con-

118 1876 247 1909 silium.

230 1961 555 2005 Argumentum
586 1959 818 2004 epistolae
845 1957 1000 2003 Y111.2⁷).

220 2025 478 2061 Adhortatoria
503 2033 574 2067 est,
602 2027 721 2059 addita
742 2026 939 2071 gratiarum
961 2025 1114 2058 actione.

115 2078 213 2111 Loco
233 2078 370 2112 exordii
385 2079 533 2123 ponitur
548 2078 748 2122 propositio
761 2104 770 2118 ,
798 2084 837 2111 ut
859 2083 958 2110 curet
980 2076 1114 2109 valetu-

150 2196 197 2228 22)
218 2197 275 2220 Hoc
293 2197 374 2220 etiam
392 2197 582 2227 argumentum
600 2198 628 2220 et
649 2202 768 2226 sequens
790 2195 818 2219 in
838 2194 906 2218 solis
925 2193 1008 2217 Editt.
1027 2193 1113 2222 1556.,

184 2231 250 2255 1565
258 2231 375 2255 -1596,
400 2231 585 2255 inveniuntur.

149 2273 197 2300 23)
218 2274 333 2301 Omnes]
354 2272 393 2296 sic
412 2273 461 2297 Ed.
477 2273 551 2297 1537.
577 2273 604 2296 in
630 2273 724 2299 textu,
757 2271 842 2295 Editt.
864 2271 956 2296 ¹545..
984 2270 1058 2293 1560.
1073 2269 1111 2307 ⁴in

182 2309 234 2331 hac
254 2310 336 2333 nota.
356 2308 383 2330 et
401 2307 449 2330 Ed.
471 2307 577 2335 ore11.;
604 2308 652 2331 Ed.
669 2307 744 2331 1540.
763 2307 789 2329 in
808 2307 858 2329 hae
878 2307 960 2330 nota.
981 2307 1008 2327 et
1028 2304 1111 2326 Enintt.

184 2343 277 2373 1544„
299 2341 390 2371 1545„
411 2341 503 2373 1546„
523 2342 618 2372 1554„
639 2341 732 2372 1557.,
754 2341 844 2370 1560.,
866 2340 939 2362 1601.
965 2339 993 2361 iu
1019 2340 1109 2361 textu:

149 2377 298 2449 24317711-17212228
316 2419 382 2440 nota
406 2417 434 2440 in
459 2417 542 2440 Editt.
564 2416 772 2445 1537-1544.,
794 2415 886 2446 1554„
908 2415 982 2439 1557.
1003 2416 1109 2444 exstat3

180 2454 209 2476 in
228 2452 310 2475 Editt.
328 2452 421 2481 1545.,
443 2452 518 2475 1560.
539 2451 625 2474 deest.

144 2494 192 2526 25)
214 2495 271 2518 Hoc
289 2495 479 2523 argumentum
500 2494 527 2516 et
546 2498 666 2522 sequens
680 2491 707 2515 in
721 2492 805 2517 Editt.
817 2491 902 2520 1556..
920 2490 1108 2514 1565-1596.

217 2536 225 2545 ¹
247 2532 318 2552 ntur.

146 2530 373 2599 26¹)eki‘lelevatus]
397 2568 438 2593 sic
455 2568 542 2592 Editt.
557 2568 650 2599 1565.‚
671 2568 765 2598 1571.,
786 2568 876 2593 1596.:
902 2568 950 2592 Ed.
972 2567 1045 2590 1556.
1066 2567 1108 2590 le-

183 2608 275 2629 vatus.

149 2647 196 2679 27)
216 2647 304 2671 Huius
329 2645 464 2676 epistolae
492 2646 520 2669 et
541 2645 767 2681 lfirsequentium
792 2645 1040 2674 (VIII—XXIV.)
1060 2650 1107 2668 ar-

186 2682 314 2712 gumenta
328 2679 512 2704 Metantlionis
531 2679 559 2703 in
569 2680 652 2704 Editt.
664 2680 749 2710 ¹556„
769 2680 835 2704 1565
847 2680 960 2705 -1596,
981 2681 1106 2709 exstant;

119 2724 303 2755 Merum.
327 2722 434 2753 opmz.
460 2722 545 2752 V01..
568 2722 677 2752 XVII.

2103 108 2177 145 514

1182 181 1315 217 dinem.
1369 184 1506 219 Deinde
1525 193 1575 220 est
1597 187 1715 222 brevis
1732 191 1911 231 narratio,
1942 192 1978 225 in
2004 206 2072 238 qua
2098 207 2175 238 gra-

1183 233 1247 266 tias
1278 234 1361 277 agit.
1429 236 1468 270 In
1497 239 1565 271 fine
1594 239 1740 282 ponitur
1774 239 1977 277 adhortatio
2013 247 2056 278 ad
2091 247 2173 280 scri-

1180 284 1348 320 bendum.

1436 363 1573 398 Aliud
1602 375 1925 412 argumentum.

1281 429 1429 463 Exordii
1453 431 1530 465 loco
1553 434 1699 477 ponitur
1718 438 1939 481 propositio,
1975 452 2065 485 quae
2091 454 2172 475 con-

1179 481 1267 513 tinet
1291 481 1434 514 brevem
1459 482 1747 520 adhortationem
1765 489 1807 521 de
1825 490 2028 524 valetudine
2047 504 2171 526 curan-

1179 532 1236 564 da.
1289 532 1456 578 Sequitur
1476 535 1669 577 gratiarum
1693 539 1784 571 actio
1811 552 1876 583 pro
1902 541 2027 576 litteris
2045 544 2170 578 missis.

1178 581 1347 626 Epilogus
1366 581 1471 617 habet
1487 586 1716 629 petitionem,
1742 596 1781 623 ut
1796 591 1935 635 saepius
1953 594 2094 628 scribat.

1340 677 1668 721 Argumentum
1698 682 1919 726 epistolae
1947 684 2004 720 IX.

1279 751 1404 785 Brevis
1430 761 1480 786 est
1503 756 1647 799 querela
1674 758 1715 790 de
1742 758 1944 793 valetudine
1964 761 2170 798 Dolabellae

1177 807 1210 833 et
1235 802 1346 841 filiae,
1384 805 1503 837 :aldim
1530 804 1799 848 adhortatione,
1838 817 1876 842 ut
1900 824 1989 845 uxor
2012 826 2110 848 suam
2137 824 2168 849 et

1178 852 1267 886 filiae
1285 854 1525 889 valetudinem
1543 858 1731 901 diligenter
1748 867 1857 894 curet.

1425 940 1558 976 Aliud
1593 953 1925 988 argumentum.

2098 1020 2167 1054 De-

1275 1006 1399 1042 Brevis
1424 1017 1474 1043 est
1497 1012 1639 1056 querela
1660 1014 1702 1045 de
1721 1014 1923 1049 valetudine
1941 1017 2044 1052 filiae.

1178 1056 1258 1090 inde
1274 1060 1436 1105 sequitur
1454 1060 1779 1099 adliortatiuncula.

1341 1154 1663 1199 Argumentum
1694 1158 1924 1203 epistolae
1953 1162 1993 1196 X.

1276 1220 1464 1255 Excusatio
1484 1230 1534 1258 est
1549 1225 1731 1260 brevitatis
1756 1227 1952 1269 scribe11d1‚
1990 1231 2044 1264 cui
2069 1234 2166 1266 addit

1173 1269 1473 1314 adhortationem,
1502 1282 1540 1308 ut
1560 1277 1730 1311 rescribat
1750 1284 1783 1311 et
1799 1287 1896 1313 curet
1913 1282 2163 1319 valetudinem.

1417 1350 1556 1384 Aliud
1583 1361 1910 1397 argumentum.

1274 1416 1551 1452 Narratiuucula
1581 1421 1623 1453 (le
1648 1421 1762 1455 missis
1783 1423 1909 1458 litteris
1939 1427 1982 1458 ad
2009 1427 2164 1472 Pompo—

1172 1466 1283 1500 nium.
1350 1468 1489 1502 Deinde
1521 1471 1681 1516 sequitur
1707 1471 1932 1516 adhortatio,
1975 1484 2013 1511 ut
2036 1480 2163 1512 scribat

1172 1519 1330 1562 saepius,
1360 1526 1393 1552 et
1411 1526 1450 1553 ut
1467 1527 1566 1554 curet
1584 1522 1837 1559 valetudinem.

1333 1614 1654 1657 Argumentum
1691 1616 1917 1661 epistolae
1946 1619 2002 1654 XI.

1274 1679 1375 1714 Duae
1405 1689 1593 1727 sequentes
1625 1683 1794 1728 epistolae
1828 1685 1978 1730 scriptae
2005 1695 2085 1721 sunt
2111 1702 2163 1722 re-

1171 1744 1271 1765 v‹erso
1292 1732 1463 1766 Cicerone
1489 1734 1525 1766 in
1542 1733 1694 1769 Italiam.
1754 1735 1875 1769 Prima
1901 1738 2059 1771 continet
2080 1753 2163 1784 que-

1170 1784 1280 1815 relam
1298 1785 1341 1816 de
1357 1785 1500 1818 fortuna
1521 1785 1625 1819 filiae.
1686 1786 1807 1819 Altera
1833 1794 1885 1821 est
1909 1790 2093 1833 responsio
2119 1793 2160 1824 ad

1169 1835 1444 1877 gratulationem
1468 1836 1588 1869 uxoris
1614 1838 1657 1869 de
1682 1837 1819 1877 reditu,
1854 1839 1974 1873 addita
2000 1841 2162 1874 admoni-

1169 1886 1284 1926 tione,
1311 1898 1357 1919 ne
1374 1894 1544 1932 properet
1562 1888 1704 1921 obviam
1723 1889 1855 1922 venire.

1412 1961 1548 1994 Aliud
1584 1969 1917 2005 argumentum.

1269 2028 1546 2062 Narratiuncula
1570 2030 1612 2062 de
1638 2029 1752 2062 subita
1776 2031 1939 2071 tristitia,
1975 2046 2081 2078 quam
2107 2048 2160 2068 ce—

1167 2079 1273 2125 pit‘2s)
1293 2081 1335 2113 de
1353 2081 1507 2113 adventu
1525 2080 1628 2114 filiae.
1670 2080 1839 2126 Sequitur
1854 2083 1971 2117 brevis
1986 2087 2157 2129 expositio

1166 2131 1221 2164 sui
1246 2131 1385 2165 consilii
1408 2132 1451 2164 de
1475 2131 1648 2164 mittendo
1678 2132 1750 2164 filio
1781 2134 1826 2165 ad
1852 2133 2051 2169 Caesarem.
2120 2136 2158 2170 ln

1167 2182 1233 2215 fine
1252 2189 1302 2216 est
1318 2182 1548 2227 pollicitatio,
1576 2195 1611 2216 se
1630 2183 1760 2216 scilicet
1776 2184 1988 2228 scripturum
2009 2188 2053 2219 ad
2073 2201 2157 2221 uxo-

1165 2246 1239 2266 rem
1251 2260 1261 2274 ,
1286 2246 1357 2279 quo
1376 2233 1432 2266 die
1449 2234 1665 2277 ablegaverit
1680 2247 1698 2266 a
1715 2247 1750 2268 se
1768 2235 1890 2269 filiuni.

1314 2328 1644 2372 Argumentum
1673 2328 1900 2372 epistolae
1929 2328 2001 2363 XII.

1267 2397 1403 2441 Scripta
1427 2403 1478 2430 est
1503 2395 1672 2440 epistola,
1706 2408 1783 2428 cum
1808 2397 1876 2429 iam
1903 2398 1948 2430 ab
1968 2399 2071 2432 exilio
2099 2413 2152 2433 re-

1163 2449 1252 2482 diret
1272 2456 1305 2482 et
1318 2448 1455 2481 Italiam
1475 2447 1678 2491 appulisset.
1725 2446 1948 2491 Propositio:
1980 2449 2084 2483 Recte
2103 2453 2151 2484 fa-

1231 2567 1257 2589 in
1277 2566 1358 2590 Editt.
1381 2565 1580 2590 1537—1554.,
1602 2563 1688 2593 1557..
1710 2564 1783 2590 1560.
1796 2581 1803 2594 ‚
1824 2565 1898 2590 1601.
1918 2566 1945 2589 in
1965 2567 2004 2589 his
2023 2568 2146 2597 epistotfs

1229 2607 1316 2631 neque
1341 2602 1518 2630 argumenta,
1554 2605 1641 2628 neque
1666 2599 1771 2623 scholia
1801 2600 1880 2623 huius
1912 2601 2035 2625 auctoris
2068 2603 2147 2626 inve-

1194 2638 1348 2708 mitigit}
1368 2677 1408 2701 stc
1426 2676 1582 2705 Ed.1556.;
1609 2676 1691 2701 Editt.
1713 2676 1804 2707 1565„
1826 2676 1915 2706 1571.,
1938 2677 2010 2702 1596.
2031 2679 2125 2709 coepit.

1516 2711 1563 2744 33
