2351 2990
153 123 227 160 949
332 123 487 159 XXXIX.
526 123 926 160 INTERPRETATIO
948 124 1209 161 ORATIONIS
1236 124 1452 161 LYCURGI
1480 124 1680 162 CONTRA
1706 124 2019 161 LEOCRATEM.
2125 127 2201 165 950

255 210 351 256 Quid
368 212 514 256 prodest
529 211 607 244 ficta
626 210 831 244 excusatio?
847 210 903 245 Ius
921 218 972 246 est
989 212 1149 258 simplex,

151 260 387 307 deprehensio
402 262 561 296 veritatis
576 262 708 302 facilis,
737 263 997 297 demonstratio
1018 264 1148 298 brevis.

149 313 187 347 Si
205 314 338 347 fatetur
354 326 477 347 veram
495 320 529 347 et
545 313 642 358 piam
659 326 732 347 esse
750 315 1012 349 accusationem
1024 342 1035 356 ,
1064 328 1149 360 poe-

148 377 195 397 na
213 365 389 399 afficiatur
407 365 502 399 iuxta
519 365 633 409 leges3
661 365 689 399 si
705 372 830 409 negat,
866 379 928 400 cur
951 379 1026 400 non
1051 365 1149 401 exhi-

146 416 207 449 bet
235 429 357 451 servos
393 423 427 450 et
457 416 629 450 ancillas?
672 416 764 451 Nam
791 419 834 450 de
861 418 1066 462 proditione
1091 432 1148 452 su-

147 474 306 512 spectum
325 480 399 501 non
416 468 584 501 convenit
606 469 773 512 defugere
801 469 1016 503 certissimae
1043 471 1147 503 inno-

148 519 284 553 centiae
308 519 674 557 demonstrationem3
709 532 823 560 nunc,
858 533 936 554 cum
961 521 1147 561 recusarit,

146 582 254 616 seque
275 571 498 615 proditorem
518 583 590 605 esse
610 569 676 604 hac
692 571 767 616 ipsa
787 573 1010 606 recusatione
1036 574 1146 606 fatea-

145 628 222 662 tur,
248 628 345 666 petet
360 620 407 668 3⁰)
419 648 428 662 ,
442 628 483 656 ut
499 623 717 656 contrariam
734 636 819 657 suae
837 624 1052 658 confessioni
1068 636 1146 657 sen-

146 673 296 706 tentiam
316 673 454 711 feratis;
483 686 549 707 nec
564 686 649 708 vero
666 674 948 719 permittendum
967 681 1037 714 est,
1065 688 1144 708 cum

145 724 320 758 ademerit
336 725 405 758 sibi
421 725 488 770 ipsi
503 726 746 760 defensionem
765 724 830 759 hac
845 726 1087 766 recusatione,
1107 732 1146 760 ut

145 776 266 810 eludat
284 789 346 810 vos
364 777 402 809 in
418 777 567 811 crimine
579 805 588 818 ,
613 778 710 823 quod
727 789 765 810 re
782 777 856 822 ipsa
874 778 1016 811 fatetur.

247 827 421 862 Existimo
441 835 558 862 autem
576 829 660 862 satis
677 829 811 862 dictum
830 841 902 863 esse
918 829 962 861 de
980 841 1056 861 mea
1086 829 1145 861 (le-

142 879 390 920 nuntiatione,
419 892 489 926 qua
505 887 610 914 testes
627 878 785 913 exhiberi
810 880 1011 925 postulavi,
1043 886 1076 913 et
1100 881 1144 913 de

144 928 314 971 crimine,
343 933 439 976 quod
466 932 569 965 fateri
592 931 836 965 adversarium
861 931 1004 966 videtis:
1036 944 1144 972 nunc,

142 993 214 1027 quo
232 988 394 1027 tempore
411 989 446 1016 et
468 983 505 1016 in
528 989 664 1029 quanto
688 983 848 1028 periculo
866 982 1056 1018 Leocrates
1081 996 1143 1028 pa-

141 1032 248 1066 triam
265 1034 464 1068 deseruerit
481 1034 547 1081 3¹),
579 1034 834 1070 recordamini.

451 1137 574 1170 Recita
601 1140 788 1172 Decreta
798 1150 842 1172 m.

242 1204 439 1239 Audivistis
457 1207 656 1247 decretum,
684 1207 781 1252 quod
800 1212 980 1240 senatores
1000 1207 1143 1240 descen-

139 1256 221 1289 dere
254 1256 290 1289 in
313 1256 503 1290 Piraeeum
528 1257 646 1297 iussit,
679 1264 718 1291 ut
742 1258 791 1291 ibi
814 1257 944 1290 armati
972 1258 1141 1290 mandata

140 1307 270 1340 darent
286 1308 329 1341 de
346 1309 580 1342 custodiendo
596 1309 747 1342 Piraeeo
766 1315 800 1342 et
824 1309 973 1342 accincti
996 1315 1142 1352 agerent

141 1370 201 1400 ea,
230 1371 322 1405 quae
339 1360 475 1405 populo
495 1360 704 1394 viderentur
720 1361 923 1405 profutura.
972 1360 1061 1393 Cum
1080 1372 1141 1393 au-

138 1416 211 1443 tem
228 1408 287 1444 hic
305 1413 394 1444 ordo
412 1411 583 1446 immunis
601 1425 619 1445 a
637 1412 763 1445 militia
782 1412 819 1445 in
835 1411 944 1445 armis
971 1412 1013 1444 de
1036 1423 1141 1456 repu-

135 1461 228 1494 blica
247 1462 446 1496 deliberare
472 1470 678 1508 cogeretur,
713 1476 789 1497 non
812 1470 934 1509 putate
959 1462 1140 1496 civitatem

139 1513 176 1546 in
200 1513 327 1558 exiguo
346 1521 445 1548 metu
459 1515 578 1549 fuisse.
633 1515 716 1548 Tali
733 1522 894 1560 tempore
913 1521 1140 1549 consternata

138 1564 281 1598 civitate
296 1566 385 1609 fugit
401 1565 613 1607 Leocrates,
642 1573 677 1600 et
699 1567 883 1600 facultates
908 1579 988 1600 suas
1012 1566 1141 1606 avexit,

139 1622 174 1649 et
192 1617 238 1649 ad
255 1629 290 1651 se
307 1624 455 1662 penates
472 1618 660 1652 transferri
683 1618 838 1658 curavit,
876 1624 910 1651 et
934 1617 1140 1663 proditione

137 1679 219 1708 sua,
255 1675 430 1714 quantum
452 1669 489 1702 in
507 1669 584 1714 ipso
602 1669 688 1710 fuit,
721 1682 844 1703 muros
867 1669 943 1703 sine
967 1669 1141 1709 custodia,

132 1719 259 1753 urbem
285 1727 319 1753 et
343 1721 526 1765 regionem
550 1721 709 1767 reliquit.
763 1721 867 1755 Tunc
891 1727 1011 1754 autem
1037 1727 1070 1753 et
1095 1720 1142 1754 ci-

135 1783 195 1805 ves
220 1777 255 1804 et
270 1769 427 1816 hospites
444 1773 689 1807 misericordia
707 1773 859 1806 civitatis
883 1773 1141 1812 afficiebantur,

133 1835 251 1869 neque
272 1824 463 1870 quisquam
481 1826 570 1858 adeo
588 1825 736 1859 infestus
755 1831 831 1858 erat
848 1825 967 1858 Attico
986 1824 1140 1865 nomini,

137 1874 199 1920 qui
217 1874 255 1907 in
271 1873 365 1909 hanc
384 1889 420 1910 se
444 1877 570 1910 urbem
596 1883 699 1910 antea
724 1877 941 1917 contulerat,
977 1877 1039 1922 qui
1065 1888 1140 1909 non

136 1926 258 1972 aliquo
286 1927 323 1960 in
340 1928 420 1961 loco
437 1929 482 1960 ad
501 1929 743 1962 defensionem
763 1928 861 1962 urbis
887 1928 1056 1961 collocari
1078 1940 1140 1961 vo-

136 1977 263 2019 luerit,
291 1986 483 2026 postquam
513 1981 629 2014 clades
655 1982 699 2013 ad
717 1978 966 2014 Chaeroneam
995 1986 1138 2024 accepta

136 2030 302 2063 nuntiata
325 2037 387 2065 est.
446 2031 536 2065 Erat
561 2039 680 2066 autem
705 2033 840 2066 excelso
869 2031 990 2065 animo
1017 2031 1139 2065 civitas

138 2081 177 2114 in
196 2094 236 2114 ea
259 2083 482 2124 calamitate,
510 2091 544 2117 et
567 2096 646 2129 spes
672 2085 807 2129 populo
832 2090 907 2117 erat
932 2083 967 2116 in
989 2083 1139 2117 seniori-

136 2133 213 2168 bus.
270 2134 592 2179 Conspiciebantur
616 2142 734 2169 autem
762 2137 798 2168 in
826 2136 962 2169 foribus
987 2135 1138 2180 pavidae

136 2191 170 2218 et
195 2192 443 2219 consternatae
473 2187 640 2222 mulieres
666 2188 842 2232 ingenuae
877 2187 1137 2231 interrogantes

135 2237 225 2272 aliae
242 2238 284 2271 de
295 2238 448 2279 maritis,
465 2239 555 2272 aliae
567 2240 609 2273 de
620 2240 794 2284 patribus,
812 2239 901 2272 aliae
916 2240 958 2272 de
971 2239 1139 2273 fratribus

134 2289 334 2334 lugubriter
345 2290 595 2326 lamentantes.
623 2291 731 2326 Senes
745 2304 840 2332 Vero,
852 2291 980 2337 quibus
990 2298 1139 2335 propter

135 2341 300 2375 ultimam
312 2348 464 2375 aetatem
476 2343 624 2376 militiae
643 2344 783 2377 vacatio
802 2344 1021 2383 conceditur,
1039 2342 1140 2376 ibant

136 2393 175 2426 in
190 2399 264 2426 tota
283 2394 369 2427 urbe
396 2401 491 2428 veste
517 2395 664 2428 militari
691 2395 825 2433 induti3
862 2402 895 2428 et
921 2408 1000 2429 cum
1025 2395 1137 2428 multa

135 2446 261 2478 fierent
281 2458 323 2479 eo
344 2452 506 2491 tempore
523 2447 694 2480 terribilia
708 2475 716 2488 ,
755 2454 789 2481 et
806 2460 934 2491 magna
955 2446 1138 2480 calamitas

136 2503 225 2531 esset
235 2497 400 2538 civitatis,
419 2498 660 2533 tristissimum
671 2500 924 2544 spectaculum,
942 2506 1062 2532 tamen
1073 2498 1139 2532 suit

171 2634 220 2662 30)
246 2636 335 2665 petet]
366 2635 406 2659 sic
432 2637 508 2659 recte
533 2636 583 2661 Ed.
606 2636 679 2661 ¹562.
700 2646 734 2659 ε
752 2638 874 2668 Lycurg.
893 2633 1018 2666 ἆξιώσει;
1054 2636 1136 2660 Editt.

206 2669 300 2700 1548,
333 2670 408 2694 1554.
430 2672 514 2700 patet.

168 2720 217 2749 3¹)
237 2723 268 2746 Η.
289 2722 306 2746 l.
327 2722 354 2746 iu
373 2722 456 2747 Editt.
480 2723 574 2747 1548..
610 2723 685 2747 1554.
705 2724 770 2748 uota
789 2723 922 2755 margin.:
948 2723 1137 2755 Exaggeratio

205 2757 318 2787 periculi
337 2757 468 2782 civitatis.

1203 212 1324 246 videre
1342 213 1531 258 populum,
1551 212 1613 258 qui
1629 212 1779 257 gloriam
1799 212 1972 248 libertatis
1989 220 2200 259 perpetuam

1202 271 1306 297 antea
1333 262 1527 304 habuerat,
1563 276 1658 297 nunc
1686 270 1835 308 propter
1870 265 2066 308 periculum
2089 266 2199 301 servis

1201 316 1401 349 libertatem
1416 343 1425 356 ‚
1453 314 1653 360 hospitibus
1672 315 1725 350 ius
1741 315 1894 349 civitatis
1911 317 2015 357 dare,
2048 323 2082 350 et
2099 318 2200 352 resti-

1202 373 1301 401 tuere
1318 367 1489 407 iufames,
1517 373 1726 412 tantamque
1743 368 1910 401 fortunae
1928 368 2198 403 conversionem

1200 419 1329 451 factam
1348 431 1440 458 esse,
1469 425 1529 459 ut,
1560 431 1638 451 cum
1658 416 1744 451 haec
1769 419 1893 453 civitas
1915 426 2019 452 antea
2047 420 2198 454 aliarum

1200 470 1403 503 libertatem
1437 471 1624 503 defendere
1657 470 1915 511 consuevisset,
1949 483 2043 505 nunc
2068 472 2111 505 de
2135 484 2198 506 sua

1200 521 1313 554 salute
1331 521 1500 554 dimicare
1523 527 1726 564 cogeretur;
1755 528 1789 555 et
1813 534 1892 555 cum
1919 529 2021 556 antea
2046 523 2200 557 externis

1200 572 1406 615 regionibus
1430 573 1562 606 multos
1587 572 1814 613 liberaverit,
1853 585 1948 607 nunc
1975 587 2054 608 cum
2081 574 2199 609 Mace-

1199 623 1353 657 donibus
1371 624 1414 656 de
1430 636 1492 657 sua
1520 623 1766 657 incolumitate
1792 625 2047 668 proeliaretur,
2077 633 2111 659 et
2136 638 2198 671 po-

1200 674 1324 719 pulus,
1361 674 1423 720 qui
1443 681 1545 707 antea
1571 674 1767 718 opitulator
1793 676 1906 710 dictus
1933 683 2003 717 est,
2034 690 2112 711 cum
2129 677 2198 711 La-

1199 726 1450 759 cedaemonios
1466 732 1500 759 et
1516 725 1604 759 alios
1624 725 1783 765 iuvaret,
1811 740 1906 761 nunc
1932 741 2126 773 parvarum
2151 730 2198 763 ci-

1198 777 1349 810 vitatum
1367 777 1500 810 auxilio
1519 777 1707 821 indigeret.

1302 828 1339 862 Si
1375 828 1453 874 quis
1484 828 1593 872 igitur
1624 829 1779 873 patriam
1804 829 1842 862 in
1869 836 1965 863 tanta
1993 838 2197 864 consterna-

1198 879 1295 913 tione
1316 886 1351 913 et
1366 886 1466 913 tanto
1492 879 1652 925 periculo
1679 881 1832 925 turpiter
1855 882 2006 922 deserit,
2040 895 2105 915 nec
2129 895 2196 927 pro

1198 944 1237 964 ea
1256 943 1357 964 arma
1376 932 1492 976 capit,
1528 944 1593 965 nec
1609 932 1757 966 ducibus
1780 945 1816 966 se
1842 933 2022 978 adiungit,
2058 935 2120 967 sed
2143 935 2198 968 fu-

1197 983 1247 1027 git
1262 983 1404 1027 prodita
1423 983 1607 1017 communi
1624 985 1749 1025 salute,
1763 981 1858 1018 hunc
1869 985 1947 1031 quis
1958 985 2062 1019 iudex
2072 997 2197 1020 amans

1196 1035 1334 1079 patriae
1370 1035 1554 1069 absolvet?
1589 1042 1650 1069 aut
1681 1037 1760 1081 quis
1785 1042 1909 1070 orator
1934 1049 2001 1082 pro
2026 1049 2068 1070 eo
2092 1037 2197 1078 dicet,

1196 1092 1402 1120 servaturus
1433 1087 1561 1127 talem,
1600 1087 1662 1132 qui
1687 1099 1752 1120 nec
1775 1087 1882 1121 simul
1906 1088 2036 1122 luxerit
2058 1089 2196 1133 patriae

1197 1138 1437 1179 calamitates,
1463 1151 1528 1171 nec
1545 1139 1737 1172 contulerit
1753 1139 1945 1185 quIcquam
1966 1141 2011 1173 ad
2031 1153 2195 1174 commu-

1195 1201 1278 1222 nem
1298 1190 1541 1224 defensionem
1555 1190 1570 1223 P

1299 1240 1363 1274 Illo
1384 1248 1503 1275 autem
1529 1248 1691 1286 tempore
1715 1254 1790 1274 non
1811 1242 1926 1276 solum
1954 1243 2116 1277 omnium
2138 1254 2195 1277 ae-

1195 1298 1308 1325 tatum
1336 1290 1501 1327 homines
1529 1294 1575 1326 ad
1598 1293 1696 1327 urbis
1727 1294 1972 1328 defensionem
2003 1307 2194 1329 concurre-

1194 1343 1302 1384 bant,
1329 1345 1390 1378 sed
1408 1345 1484 1389 ipsa
1508 1345 1613 1378 etiam
1641 1352 1735 1378 terra
1761 1346 1907 1380 arbores
1932 1346 2196 1392 suppeditabat,

1195 1395 1330 1428 mortui
1361 1397 1585 1429 monimenta
1620 1410 1703 1435 sua,
1753 1397 1884 1442 templa
1921 1398 2082 1443 clypeos;
2133 1398 2195 1431 alii

1195 1446 1290 1479 enim
1306 1447 1451 1481 moenia
1467 1448 1692 1488 reficiebant,
1719 1448 1780 1481 alii
1804 1450 1935 1489 fossas,
1964 1450 2024 1483 alii
2047 1450 2195 1491 vallum,

1193 1510 1310 1544 neque
1328 1499 1517 1545 quisquam
1535 1500 1572 1532 in
1590 1500 1731 1534 civitate
1750 1501 1885 1536 otiosus
1910 1507 1997 1536 erat.
2049 1501 2106 1535 Ad
2130 1499 2195 1536 ho-

1194 1563 1275 1583 rum
1300 1550 1467 1585 laborum
1493 1552 1628 1585 nullam
1655 1558 1792 1597 partem
1818 1552 2008 1587 Leocrates
2037 1553 2195 1595 accessit,

1195 1602 1293 1647 quod
1312 1604 1541 1637 recordantes
1558 1601 1653 1637 hunc
1679 1603 1822 1648 capitali
1849 1605 2024 1650 supplicio
2054 1605 2195 1643 afficite,

1195 1653 1257 1699 qui
1272 1665 1317 1686 ne
1336 1654 1481 1699 quidem
1499 1655 1755 1689 transvectioni
1780 1657 1995 1690 cadaverum
2020 1663 2054 1690 et
2076 1658 2195 1691 funeri

1195 1705 1357 1739 interfuit
1375 1706 1536 1740 virorum
1552 1707 1851 1749 fortissimorum,
1881 1708 1943 1754 qui
1967 1721 2032 1753 pro
2056 1709 2194 1753 patriae

1193 1756 1357 1790 libertate
1369 1759 1412 1791 ad
1425 1756 1671 1792 Chaeroneam
1683 1758 1894 1793 dimicantes
1904 1760 2080 1793 interfecti
2098 1767 2194 1801 sunt,

1195 1808 1278 1854 qui,
1320 1816 1495 1855 quantum
1528 1810 1566 1843 in
1599 1810 1665 1844 isto
1697 1810 1780 1850 suit,
1823 1810 1980 1844 iacerent
2012 1811 2194 1857 insepulti,

1194 1872 1350 1906 quorum
1385 1861 1456 1894 iam
1490 1862 1631 1896 rediens
1664 1874 1728 1895 nec
1753 1860 1940 1907 sepulchra
1968 1863 2100 1898 veritus
2130 1871 2193 1905 est,

1194 1918 1321 1945 octavo
1340 1925 1435 1946 anno
1458 1920 1539 1958 post
1563 1914 1697 1947 cladem
1725 1914 1881 1959 primum
1906 1915 2104 1960 adspiciens
2130 1928 2193 1960 pa-

1193 1970 1312 1998 trlam.

1294 2014 1335 2048 In
1352 2014 1418 2049 hac
1445 2017 1790 2050 commemoratione
1816 2030 1948 2063 quaeso
1976 2031 2031 2051 me
2058 2018 2191 2053 diutius

1193 2066 1312 2101 audite
1337 2066 1403 2113 ³2),
1439 2080 1503 2101 nec
1527 2069 1725 2102 existimate
1749 2067 1813 2102 has
1835 2070 2024 2103 conciones
2047 2069 2190 2104 inutiles

1193 2131 1277 2152 esse.
1332 2119 1423 2153 Nam
1441 2120 1620 2155 bonorum
1648 2120 1855 2154 laudatione
1880 2121 1918 2154 fit
1940 2122 2114 2155 illustrior
2136 2135 2191 2156 re-

1192 2168 1384 2215 prehensio
1402 2173 1649 2217 proditorum;
1687 2179 1720 2206 et
1737 2172 1867 2206 iustum
1888 2180 1958 2214 est,
1991 2186 2066 2206 non
2086 2173 2190 2207 omit-

1193 2229 1266 2255 tere
1300 2223 1566 2265 laudationem,
1619 2237 1709 2271 quae
1754 2224 1884 2258 virtute
1928 2226 2190 2270 praestantibus

1192 2286 1407 2318 magnorum
1427 2276 1590 2310 laborum
1608 2276 1808 2321 praemium
1827 2283 1895 2316 est,
1931 2289 2021 2323 quae
2045 2277 2190 2323 quidem

1190 2324 1246 2360 his
1263 2326 1368 2367 viris,
1398 2327 1459 2372 qui
1478 2335 1626 2373 propter
1646 2328 1783 2373 patriae
1801 2328 1950 2361 salutem
1969 2328 2080 2361 vitam
2106 2341 2190 2374 pro-

1190 2379 1380 2418 fuderunt,
1410 2379 1515 2412 etiam
1543 2381 1702 2414 debetur.
1757 2379 1803 2411 Hi
1825 2380 1919 2412 enim
1946 2378 2108 2414 hostibus
2132 2393 2189 2414 oc-

1192 2436 1381 2463 currerunt
1399 2431 1436 2463 in
1454 2430 1625 2465 Boeotiae
1643 2431 1793 2471 finibus,
1821 2432 1863 2464 de
1881 2432 2063 2466 communi
2078 2433 2189 2467 Grae-

1193 2481 1267 2515 ciae
1284 2482 1448 2516 libertate
1464 2483 1689 2524 dimicaturi,
1724 2495 1789 2516 nec
1810 2483 1847 2516 in
1872 2484 2061 2518 moenibus
2088 2496 2187 2529 spem

1191 2533 1314 2567 salutis
1335 2534 1575 2575 collocarunt,
1603 2548 1668 2568 nec
1693 2535 1875 2579 regionem
1901 2536 2037 2570 vastari
2057 2536 2188 2581 permi-

1191 2592 1334 2626 serunt,
1351 2587 1412 2619 sed
1431 2599 1509 2620 cum
1527 2600 1627 2621 suam
1646 2587 1894 2620 fortitudinem
1912 2588 2071 2621 firmiora
2090 2600 2188 2621 moe-

1225 2689 1273 2717 32]
1294 2690 1327 2714 H.
1347 2689 1364 2713 l.
1384 2689 1411 2712 in
1431 2688 1514 2712 Editt.
1541 2689 1634 2717 1548,
1655 2689 1731 2714 1554.
1752 2690 1819 2714 nota
1839 2689 1972 2717 mai-<gina
1997 2689 2141 2720 Digressio
2160 2690 2189 2713 et

1261 2724 1383 2748 laudatio
1401 2723 1661 2747 honestissimorum
1680 2724 1778 2747 civium
1790 2742 1796 2751 .
1820 2725 1864 2754 qui
1883 2724 1917 2749 ad
1931 2724 2118 2749 Chaeroneam
2135 2729 2189 2755 pro

1262 2758 1352 2788 patria
1369 2758 1479 2783 fortiter
1500 2760 1654 2789 pugnantes
1672 2758 1840 2783 ceciderunt.

1683 2792 1762 2828 60*
