2351 2990
153 126 224 161 465

345 202 526 238 Scholia
556 201 598 233 in
627 196 869 243 epistolam
898 190 955 224 lx.

261 284 291 322 ξ.
314 285 343 316 l.
385 284 588 324 Quamquam
619 276 680 308 tibi
712 266 891 315 praesens]
936 264 1145 324 lixordhuu,

159 333 368 378 occupatio.
455 332 597 365 Tamen,
632 320 749 369 quum]
787 321 970 353 Correctio
997 325 1146 358 occupa-

162 385 335 428 tioiiis⁵²').

265 443 294 480 ξ.
313 445 346 477 2.
379 431 577 479 1'0100115121]
607 426 876 473 Xrgumcntatio
899 439 938 459 ex
965 435 1149 469 compara-

164 482 278 530 tionci
307 489 481 525 Omnibus
499 483 712 528 publicanis,
740 480 799 513 sed
818 477 970 510 maxime
994 477 1067 510 istis
1093 486 1150 507 cu-

165 548 223 592 pio
243 538 449 588 gratificari,
474 532 716 580 χαρίζεσθαι,
746 530 914 563 tribucre.

270 602 298 640 ξ’.
324 601 357 633 3.
392 599 482 638 Quae
504 605 601 639 quum
629 594 676 625 isa
701 587 789 635 sint]
827 585 1015 621 Conclusio
1041 583 1153 617 conti-

167 667 252 689 nens
272 649 476 696 petitionem
497 656 558 678 scu
577 640 872 687 propositionem.

458 730 621 773 Argum
633 739 649 759 e
661 731 738 758 ntu
748 722 849 768 11100).

271 801 428 847 Quidam
462 796 553 830 cives
576 791 732 826 Romani
758 799 924 833 magnam
949 784 1154 819 societatem

172 855 396 891 negotiorum
413 849 450 880 in
466 844 633 890 Bithynia
648 870 657 883 ,
685 854 791 887 quam
814 837 1036 884 provinciam
1055 835 1156 868 Cras-

173 892 263 951 sipes
279 902 412 939 tenuit,
440 896 668 933 exercebant,
695 892 821 937 quibus
839 901 916 922 cum
934 887 1056 920 Cicero
1080 886 1157 930 plu-

174 959 304 991 rimum
327 954 479 989 faveret,
515 944 740 980 commendat
766 953 825 974 eos
849 937 1068 982 Crassipedi,
1102 948 1159 969 ro-

177 1019 279 1045 wans,
306 1010 345 1037 ut
367 1012 490 1034 eorum
513 996 655 1040 negotia
677 990 873 1038 provehere
889 990 1040 1022 studeat.
1092 986 1159 1019 Ex-

176 1036 315 1092 iirdium
335 1057 471 1087 constat
490 1045 735 1091 occupatione,
761 1054 829 1088 qua
848 1051 969 1074 causas
985 1037 1159 1072 scrIbendi

177 1106 341 1143 ostendit.
398 1101 535 1134 Deinde
558 1096 678 1142 paucis
701 1092 841 1136 attingit
866 1089 1161 1136 propositionem,

179 1170 285 1206 quam
305 1154 491 1189 confirmat
506 1149 622 1194 primo
645 1149 854 1189 argumento
875 1154 894 1174 a
914 1140 1095 1174 communi
1119 1139 1161 1171 ad

179 1209 374 1253 singulare3
407 1201 560 1236 secundo
579 1211 597 1231 a
615 1197 784 1241 dignitate
802 1205 924 1227 eorum
938 1217 947 1231 ‚
982 1191 1044 1236 qui
1067 1202 1163 1223 exer-

179 1262 304 1294 cebant
321 1254 535 1291 societatem.
589 1248 756 1292 Sequitur
773 1245 950 1289 epilogus,
986 1253 1056 1286 quo
1084 1253 1164 1284 pro-

180 1309 309 1356 positio
342 1311 392 1339 est
414 1301 592 1348 copiosior
616 1311 695 1332 cum
717 1295 817 1330 brevi
843 1293 981 1327 ratione
1008 1292 1051 1324 ab
1072 1291 1166 1325 utili-

181 1369 251 1395 tate
269 1363 421 1401 sumpta.

427 1436 561 1471 Aliud
597 1435 922 1476 argumentum.

285 1506 522 1543 Commendat
551 1500 759 1546 publicanos
782 1493 992 1539 Bithynicae
1023 1491 1168 1526 societa-

183 1564 247 1602 tis,
273 1572 311 1593 ac
331 1563 453 1602 rogat,
475 1561 515 1587 ut
532 1551 652 1585 multis
667 1550 709 1582 de
726 1546 838 1580 causis
856 1545 924 1578 illis
947 1549 1087 1589 praesto
1114 1541 1170 1582 sit,

185 1624 255 1659 quo
272 1609 407 1644 facilius
423 1603 563 1648 negotia
581 1601 751 1635 conficere
768 1596 915 1642 possint.
974 1593 1168 1627 Exordium

184 1666 375 1707 figuratum
399 1663 449 1691 cst
475 1651 717 1697 occupatione.
790 1647 948 1681 Sumitur
977 1651 1093 1678 autem
1128 1644 1170 1676 ab

187 1712 370 1747 occasione
389 1701 727 1741 commendationis,
755 1698 875 1732 addito
898 1701 1107 1740 argumento
1131 1706 1172 1727 ex

188 1761 456 1807 comparatione
474 1758 516 1790 de
531 1766 594 1789 sua
612 1752 794 1785 voluntate
813 1761 894 1792 erga
913 1746 1005 1781 hanc
1026 1745 1172 1780 societa-

188 1822 271 1849 tem.
324 1807 527 1854 Propositio
546 1803 703 1838 continet
718 1799 925 1845 petitionem
937 1824 946 1838 ‚
972 1803 1013 1830 ut
1031 1796 1174 1829 adiuvet

188 1863 408 1910 publicanos.
459 1856 612 1891 Additur
632 1852 723 1887 ratio
745 1862 764 1884 a
784 1862 846 1884 sua
868 1855 901 1882 et
917 1849 1076 1893 ipsorum
1096 1858 1173 1891 gra-

190 1913 354 1950 titudine.

433 1988 570 2024 Aliud
604 1989 931 2030 argumentum.

294 2059 491 2097 Exordium
518 2055 658 2090 ducitur
688 2066 707 2086 a
736 2049 1035 2085 circumductione
1067 2046 1178 2080 conti-

195 2128 281 2150 nens
298 2111 516 2146 occasionem
533 2104 708 2140 scrIbendi
725 2115 790 2147 pro
809 2101 911 2135 sociis
922 2097 1178 2144 Bithyniaeffl).

194 2166 331 2200 Deinde
367 2160 509 2194 additur
545 2153 804 2199 argumentatio
839 2164 879 2184 cx
913 2149 1179 2194 comparatione

198 2229 275 2250 cum
304 2209 518 2259 publicanis,
564 2213 638 2239 tum
665 2204 817 2237 maxime
845 2201 1041 2246 Bithynicis
1064 2200 1182 2243 cupiat

199 2262 399 2311 gratificari.
450 2257 616 2303 Sequitur
633 2254 810 2288 conclusio
830 2254 1014 2286 continens
1042 2250 1182 2295 petitio-

199 2330 292 2351 nem.
342 2313 382 2347 In
398 2313 466 2345 fine
484 2307 603 2342 addita
622 2312 672 2340 est
689 2303 862 2351 clausula.

237 2458 284 2484 59]
304 2455 377 2478 Haec
389 2455 454 2476 nota
468 2450 493 2473 in
508 2448 591 2473 Editt.
608 2446 693 2477 1545„
713 2444 786 2469 1560.
805 2449 863 2467 cum
881 2441 1053 2471 praecedenti
1069 2441 1108 2465 sic
1122 2448 1187 2466 cou-

274 2494 344 2512 nexa
363 2490 419 2510 est:
453 2486 630 2514 Quamquam
654 2481 710 2505 tibi
731 2478 883 2510 praesens]
911 2476 1064 2499 Exordium.
1102 2477 1189 2500 Occu-

273 2522 357 2553 patio.
395 2518 535 2543 Cori-ectio
555 2514 748 2545 occupationis.

240 2574 289 2602 (30)
309 2572 364 2595 Hoc
386 2569 573 2598 argumentum
592 2567 619 2590 et
637 2566 689 2589 duo
710 2562 852 2595 sequentia
870 2561 897 2585 in
916 2560 1101 2587 Editt.1556.,
1125 2561 1191 2585 1565

276 2618 309 2624 -—-
318 2603 392 2628 1596.
415 2602 596 2631 reperiuntur.

246 2658 294 2684 ω]
313 2651 471 2682 flammae]
500 2650 539 2674 sie
563 2649 646 2674 ruat.
663 2648 755 2679 1556.‚
776 2647 870 2677 1596.;
906 2645 990 2669 mitt.
1007 2645 1097 2671 1565..
1119 2646 1193 2671 1571.

281 2687 449 2719 Bithynicae.

708 109 828 146 PHlL.
865 106 975 141 MEL.
1010 101 1210 139 SCRIPTA
1245 100 1579 137 PHILOLOGICA.

1198 313 1280 348 Non
1298 320 1372 346 erat
1389 326 1477 358 opus
1493 311 1815 346 commendatione.

1201 364 1382 398 Correctio
1410 362 1663 407 occupationis.

1208 772 1358 805 omnibus
1382 767 1493 815 novis]

1213 1076 1293 1097 nem
1310 1063 1469 1096 futurum
1488 1061 1561 1094 eius
1576 1067 1812 1105 quaestorem.

2105 102 2179 137 464

1397 186 1583 222 Scholia
1610 186 1654 219 in
1687 183 1927 230 epistolam
1957 185 1999 220 X.

1301 261 1330 306 ἓ.
1350 263 1382 297 1.
1411 265 1516 305 Quum
1535 263 1578 295 ad
1594 258 1644 308 le]
1678 259 1875 293 Exordium
1901 265 1953 292 est
1977 260 2180 304 occupatio:

1899 312 1967 345 Sed
1990 323 2089 356 quemn
2112 309 2180 357 iia]

1304 413 1334 458 ἓ.
1350 417 1385 450 2.
1416 418 1457 449 L't
1474 411 1598 461 mitur]
1615 411 1783 448 Narratio
1799 411 1985 445 continens
2003 410 2091 456 etffl)
2105 422 2185 445 cau-

1203 478 1257 500 sas
1281 465 1457 498 amicitiae
1479 463 1602 504 huius,
1642 470 1676 497 et
1700 462 2046 497 commendationem
2067 474 2188 507 perso-

1204 530 1282 551 nae.

1205 575 1239 602 et
1253 566 1577 602 centumviralibus.

1342 519 1383 550 In
1400 517 1551 561 uirisque
1566 513 1752 562 subselliis]
1780 514 1818 547 in
1833 513 2022 559 praetoriis
2038 513 2188 553 iudiciis,

1309 616 1340 661 ξ.
1362 618 1396 651 3.
1437 618 1557 650 Videor
1579 613 1741 662 milu‘ssssss
1776 614 1958 650 Transitio
1982 616 2025 648 ad
2047 614 2188 649 laudem

1207 681 1348 702 morum
1365 666 1537 701 Terentii.

1309 718 1339 763 ᾗ.
1359 718 1392 753 4.
1420 721 1534 763 Neque
1550 714 1626 763 eqo]
1655 715 1862 760 occupatio.
1938 718 2006 751 Sed
2021 721 2132 750 tamen
2155 718 2191 749 in

1535 766 1716 801 Correctio
1748 766 1989 810 occupationis
2022 778 2063 799 ex
2092 763 2192 815 γνώ-

1417 822 1506 854 Cura
1526 816 1651 865 iyc‘tur]
1681 817 1869 851 Conclusio
1885 816 2093 862 petitionem
2110 828 2193 850 con-

1212 873 1337 905 linens.

1503 942 1904 988 Argumentumffl).

1315 1011 1428 1044 Bruto
1452 1011 1610 1055 praetori
1634 1009 1670 1042 in
1685 1010 1801 1043 Gallia
1826 1009 2051 1043 commendat
2064 1008 2196 1042 Varro-

1870 1058 2066 1093 Exordium
2092 1057 2198 1093 habet

1215 1112 1391 1149 scribendi
1408 1111 1643 1150 occasionem,
1664 1110 1719 1143 cui
1735 1109 1918 1143 subiicitur
1934 1110 2106 1150 narratio,
2128 1122 2199 1155 qua

1217 1176 1337 1198 causas
1361 1161 1537 1196 amicitiae
1561 1173 1640 1194 cum
1664 1160 1827 1193 Varrone
1850 1159 2011 1204 exponit,
2053 1167 2093 1195 ut
2118 1172 2200 1194 eum

1218 1216 1362 1259 dignum
1383 1213 1485 1246 Bruti
1501 1211 1747 1245 benevolentia
1766 1218 1799 1244 et
1815 1210 2064 1245 coniunctione
2085 1218 2201 1246 osten-

1218 1269 1289 1300 dat.
1342 1266 1427 1298 Post
1444 1262 1687 1296 narrationem
1705 1263 1749 1295 ad
1767 1262 1853 1295 alias
1869 1273 1989 1295 causas
2013 1274 2033 1294 a
2056 1262 2201 1296 maiori-

1219 1319 1282 1350 bus
1299 1323 1333 1349 et
1347 1314 1489 1359 ingenio
1515 1320 1672 1357 sumptas
1694 1313 1900 1356 digreditur.
1960 1312 2055 1346 Haec
2079 1313 2199 1347 omnia

1219 1369 1297 1401 loco
1315 1366 1552 1399 antecedentis
1567 1370 1760 1408 ponuntur.
1800 1363 1966 1408 Sequitur
1986 1364 2113 1398 deinde
2131 1365 2203 1409 epi-

1221 1420 1320 1463 logus
1341 1424 1512 1462 tanquam
1528 1427 1757 1459 consequens.

1457 1498 1597 1531 Aliud
1624 1503 1954 1541 argumentum.

1322 1566 1471 1599 Erudita
1508 1577 1548 1598 ac
1576 1564 1724 1608 diligens
1760 1570 1811 1597 est
1844 1563 2106 1596 commendatio
2138 1575 2204 1607 pro

1222 1618 1384 1651 Varrone
1399 1615 1544 1650 homine
1559 1615 1775 1655 doctissimo,
1791 1619 1825 1647 et
1842 1626 1905 1647 suo
1921 1626 2061 1647 summo
2079 1614 2206 1653 amico,

1224 1668 1372 1713 sumptis
1391 1666 1606 1711 argumentis
1624 1665 1779 1709 propriis
1794 1676 1835 1697 ex
1851 1664 2014 1698 laudibus
2028 1664 2136 1709 ipsius
2154 1665 2207 1697 in-

1225 1720 1317 1765 genii
1340 1724 1373 1752 et
1387 1716 1585 1762 probitatis.
1643 1715 1839 1749 Exordium
1862 1715 2052 1759 figuratum
2078 1721 2129 1749 est
2151 1727 2209 1748 oc-

1226 1769 1413 1815 cupatione
1430 1773 1609 1812 sumptum
1629 1767 1672 1799 ab
1688 1766 1871 1800 occasione
1892 1777 2006 1798 novae
2030 1778 2208 1799 commen-

1226 1820 1393 1855 dationis.
1452 1817 1620 1853 Narratio
1644 1823 1782 1851 constat
1804 1816 2069 1850 enumeratione
2090 1828 2209 1849 causa-

1226 1884 1329 1911 rum,
1363 1882 1472 1916 quare
1495 1875 1679 1913 tantopere
1695 1868 1895 1901 Varronem
1919 1867 2062 1911 diligat,
2097 1873 2130 1900 et
2153 1879 2210 1900 cu-

1228 1923 1303 1968 piat
1320 1933 1427 1967 quam
1445 1919 1596 1953 maxime
1614 1919 1918 1958 commendatum,
1953 1918 2071 1951 addita
2089 1918 2213 1951 lauda-

1229 1975 1325 2007 tione
1344 1971 1562 2017 optimorum
1579 1982 1720 2003 morum
1740 1981 1802 2013 per
1826 1969 2005 2013 quandam
2031 1968 2211 2003 transitio-

1230 2037 1324 2057 nem.
1390 2020 1606 2055 Laudationi
1635 2020 1774 2054 subiicit
1799 2019 2128 2063 occupatinnculam
2151 2031 2213 2052 ne-

1232 2074 1439 2112 cessariam,
1465 2071 1664 2116 significans
1684 2083 1771 2115 opus
1792 2082 1863 2103 esse
1879 2070 2057 2104 interdum
2083 2070 2212 2104 talibus

1233 2122 1601 2159 commendationibus
1619 2134 1678 2155 seu
1696 2121 1971 2155 laudationibus.
2024 2121 2212 2156 Conclusio

1233 2175 1338 2210 babet
1357 2174 1576 2220 petitionem.

1477 2248 1609 2281 Aliud
1644 2254 1970 2291 argumentum.

1338 2317 1532 2351 Exordium
1549 2317 1691 2349 ductum
1711 2323 1760 2349 est
1779 2317 1822 2349 ab
1840 2316 2087 2360 occupatione,
2111 2326 2217 2360 quae-

1239 2369 1323 2403 stori
1340 2369 1436 2402 nulla
1454 2379 1541 2412 opus
1565 2379 1637 2400 esse
1663 2367 1972 2401 commendatione
1999 2368 2093 2411 apud
2118 2377 2217 2411 prae-

1274 2486 1321 2513 62]
1342 2486 1383 2513 ct]
1407 2484 1434 2507 in
1454 2483 1501 2506 Ed.
1525 2482 1599 2506 1545.
1619 2483 1705 2507 deest.

1276 2528 1322 2559 63)
1342 2528 1395 2551 Pro
1422 2526 1462 2549 his
1490 2526 1545 2550 Cic.
1571 2525 1664 2548 verbis
1683 2525 1709 2549 in
1735 2525 1817 2549 Editt.
1841 2525 1930 2552 1545..
1958 2524 2032 2548 1560.
2056 2523 2117 2547 huic
2140 2525 2220 2547 notae

1311 2562 1431 2592 praefixa
1448 2562 1511 2583 sunt
1529 2560 1684 2589 sequentia:
1709 2561 1764 2584 ‚Sed
1782 2561 1877 2584 tamen
1893 2559 2058 2590 separatim.

1277 2604 1344 2631 (33³)
1364 2600 1476 2634 γνώμῃ]
1496 2601 1545 2625 Ed.
1566 2602 1639 2624 1560.
1659 2598 1770 2633 γνώμῃ
1796 2602 1844 2624 Ed.
1865 2602 1939 2625 1545.
1959 2606 2065 2631 gnome.

1279 2648 1326 2675 64)
1346 2648 1403 2670 Hoc
1421 2646 1611 2675 argumentum
1630 2646 1656 2668 et
1674 2646 1725 2670 duo
1745 2645 1886 2675 sequentia
1905 2645 1932 2669 in
1949 2645 2030 2669 Editt.
2049 2645 2138 2675 1556„
2161 2644 2225 2669 1565

1313 2680 1429 2705 -1596.
1450 2681 1584 2710 leguntur.
