2351 2990
135 113 207 148 971

134 198 236 231 rastis
272 197 307 228 in
338 197 517 228 decretum
544 192 806 238 Demoplianti,
851 190 994 234 capitali
1022 202 1084 222 vos
1098 189 1129 234 ⁴)

133 247 306 292 supplicio
344 247 532 280 allecturus
569 258 640 278 esse
684 254 932 289 quemcunque
976 240 1128 286 patriam

135 299 252 332 verbis
276 305 335 331 aut
358 299 458 332 sartis
485 298 635 342 prodere
661 302 863 328 conantem.
916 292 989 327 Nec
1013 291 1131 325 existi-

134 357 227 384 mate
244 363 306 383 vos
324 356 554 394 paternarum
574 345 837 380 haereditatum
857 342 1027 378 haeredes
1045 354 1131 382 esse,

133 408 167 435 et
183 414 258 434 non
276 413 347 435 esse
367 399 618 437 iurisiurandi,
647 399 743 443 quod
764 396 841 430 Deo
856 396 1032 429 dederunt
1055 405 1131 427 ma-

132 454 226 487 iores
244 452 368 490 vestri,
397 451 494 484 cuius
513 449 684 494 religione
706 447 884 482 contineri
910 447 1062 481 salutem
1085 444 1133 478 ci-

134 505 252 538 vitatis
270 503 471 537 censebant.

237 563 308 597 Nec
326 568 463 594 tantum
480 566 602 593 nostra
622 559 745 592 civitas
763 557 846 591 talia
869 557 912 589 de
936 554 1134 600 proditori-

133 616 197 649 bus
216 613 344 647 indicia
362 612 462 652 fecit,
490 612 551 645 sed
569 610 676 643 etiarn
693 606 971 642 Lacedaemonii
985 606 1031 652 5).

237 673 308 707 Nec
326 683 409 704 vero
435 683 539 714 aegre
561 669 683 703 feratis
708 669 813 702 toties
836 680 855 700 a
881 679 937 700 me
954 665 1133 699 Lacedae-

134 725 339 759 moniorum
359 722 578 755 mentionem
595 720 732 767 fieri⁶);
760 721 860 753 decet
879 718 974 751 enim
1003 729 1021 749 a
1049 716 1134 749 civi-

135 784 227 815 tate,
255 787 346 822 quae
362 775 474 807 bonas
490 774 583 817 leges
606 770 732 812 habet,
767 777 801 804 et
824 770 872 804 eis
899 770 1135 812 obtemperat,

135 829 178 862 de
197 829 273 862 iure
291 826 449 870 exempla
470 836 628 861 sumere;
665 824 713 856 ita
730 823 824 855 enim
845 821 965 854 minus
980 819 1136 863 ambiget

134 879 380 925 unusquisque
398 878 434 910 in
452 877 602 909 dicenda
628 876 718 909 iusta
743 873 918 907 sententia
944 872 1040 906 iuxta
1066 870 1136 904 ius-

136 931 343 965 iurandum.
403 929 496 963 Nam
523 940 602 961 cuin
618 925 837 965 Pausanias,
873 924 935 970 qui
952 921 1137 956 Mardonii

137 982 330 1017 exercitum
355 980 627 1025 profligaverat,
671 977 856 1022 aliquanto
883 982 963 1020 post
986 986 1136 1018 regnum

139 1035 321 1068 affectaret
333 1059 342 1072 ,
371 1039 404 1065 et
420 1031 607 1065 Graeciam
626 1029 744 1062 Persis
760 1028 914 1072 prodere
933 1031 1137 1064 conaretur,

139 1084 268 1131 ephori
289 1097 370 1117 eum
399 1080 619 1127 prehendere
641 1081 886 1113 decreverant.
954 1078 1024 1111 Sed
1057 1088 1137 1109 cum

138 1138 176 1170 in
194 1136 367 1180 templum
384 1133 540 1168 Palladis
556 1132 694 1176 fugiens
712 1129 887 1177 prehendi
908 1142 983 1163 non
1008 1134 1139 1173 posset,

138 1189 177 1222 in
193 1188 229 1221 id
247 1187 421 1231 templum
438 1185 575 1218 foribus
591 1183 780 1218 obstructis
791 1183 821 1229 ⁷)
834 1209 843 1222 ,
872 1187 906 1215 et
926 1187 1018 1214 tecto
1040 1191 1140 1212 amo-

138 1247 196 1280 to,
242 1245 362 1283 septus
393 1237 592 1281 praesidio,
632 1235 787 1268 inclusus
822 1239 892 1274 est,
943 1244 1008 1265 nec
1041 1231 1140 1276 prius

138 1292 376 1325 discesserunt
392 1289 572 1328 custodes,
601 1299 707 1333 quam
718 1284 916 1319 Pausanias
933 1285 1025 1317 fame
1044 1294 1141 1315 mor—

141 1350 221 1377 tuus
240 1349 309 1382 est,
339 1347 379 1375 ut
394 1338 482 1373 haec
498 1351 615 1385 poena
637 1338 785 1372 caeteris
803 1336 964 1380 exemplo
984 1341 1083 1369 esset.

244 1409 318 1444 Nec
358 1407 521 1441 Deorum
563 1406 695 1450 templa
739 1404 942 1450 proditores
976 1402 1142 1442 liberant,

142 1462 246 1509 quia,
274 1473 353 1494 cuin
370 1459 527 1504 primum
545 1458 682 1491 violent
699 1456 889 1500 religiones
905 1454 1052 1499 patrias,
1077 1465 1143 1487 nu-

141 1513 239 1546 mina
267 1525 326 1546 eos
352 1510 466 1555 patria
502 1510 595 1543 tueri
627 1521 701 1541 non
735 1509 876 1541 debent.
936 1506 1076 1539 Addam
1110 1511 1143 1538 et

143 1565 242 1597 aliud
259 1564 396 1606 insigne
415 1567 678 1605 argumentum.
721 1558 851 1603 Legem
868 1558 1027 1591 tulerunt
1037 1556 1143 1601 Spar-

144 1616 237 1655 tani,
280 1627 370 1660 qnae
401 1625 561 1657 expresse
593 1612 691 1645 iubet
720 1610 870 1643 interfici
896 1621 1037 1649 omnes,
1082 1608 1144 1653 qui

143 1678 306 1712 pugnare
326 1678 392 1710 pro
410 1665 524 1708 patria
542 1664 681 1697 nolunt.
744 1663 824 1707 Qua
850 1662 925 1704 lege
951 1674 1030 1693 cum
1057 1660 1143 1693 tales

143 1719 298 1752 maxime
315 1717 454 1760 fugiant
471 1722 644 1755 mortem,
672 1713 872 1747 ostenditur
895 1712 962 1752 eis,
996 1724 1071 1744 non
1094 1711 1144 1743 vi—

144 1771 215 1802 tari
232 1775 384 1801 mortem
403 1767 604 1800 desertione
621 1767 778 1811 patriae,
806 1776 871 1797 nec
895 1764 1013 1807 fugam
1039 1762 1143 1797 saluti

145 1833 238 1860 esse,
267 1821 326 1853 sed
346 1820 383 1852 in
400 1819 494 1851 idem
515 1818 712 1863 periculum
734 1817 917 1850 incurrere
936 1815 1143 1859 fugientem.

144 1873 195 1905 Ut
227 1878 345 1905 autem
376 1870 598 1915 cognoscatis
631 1882 687 1902 me
723 1880 807 1901 vera
845 1867 984 1907 dicere,
1035 1866 1144 1899 recita

146 1925 271 1968 legem.

575 2005 712 2039 Recita.

252 2076 414 2120 Cogitate
442 2075 554 2115 cives,
597 2086 704 2120 quam
727 2071 877 2106 honesta
905 2070 994 2105 haec
1026 2073 1082 2105 lex
1114 2078 1148 2105 et

148 2128 314 2163 salutaris
339 2140 414 2160 non
439 2127 507 2160 illis
533 2132 673 2159 tantum
696 2125 823 2165 suerit,
857 2125 917 2157 sed
939 2124 1046 2156 etiam
1070 2124 1147 2157 aliis

147 2178 366 2213 hominibus.
417 2178 510 2212 Nam
528 2184 644 2211 metus
667 2178 786 2221 legum
811 2176 905 2219 cogit
928 2175 1087 2220 pericula
1111 2175 1147 2208 in

148 2232 250 2265 bellis
272 2230 457 2264 sustinere.
512 2229 601 2274 Quis
624 2229 720 2262 enim
744 2230 882 2261 deseret
905 2227 1081 2272 patriam,
1120 2227 1148 2261 si

150 2284 367 2316 desertorem
392 2281 521 2314 viderit
549 2280 693 2325 capitali
719 2279 893 2324 supplicio
917 2279 1034 2312 affici?
1070 2280 1148 2325 quis

151 2334 245 2366 vitae
263 2333 456 2377 cupiditate
471 2332 581 2376 fugiet
605 2344 783 2377 pugnam,
817 2331 846 2365 si
870 2332 972 2376 fugae
995 2343 1147 2376 poenam

152 2397 226 2417 non
260 2385 365 2417 aliam
397 2384 568 2417 leviorem
599 2396 671 2418 esse
703 2383 855 2422 videbit,
896 2396 1004 2428 quam
1035 2383 1147 2427 ipsam

189 2503 221 2529 4)
242 2502 308 2529 vos]
329 2501 368 2523 sic
384 2501 466 2523 Editt.
486 2501 578 2531 1548„
602 2501 692 2530 ¹562.;
719 2500 747 2524 in
767 2500 815 2523 Ed.
832 2500 907 2525 1554.
926 2499 1012 2524 deest.

189 2553 220 2579 5)
241 2553 272 2575 H.
290 2552 311 2609 ¹l.
332 2552 357 2574 in
378 2551 460 2575 Editt.
484 2552 572 2583 1548,
594 2553 668 2575 1554.
689 2553 753 2576 nota
772 2551 905 2582 margin.:
930 2550 1082 2582 Peregrina
1101 2557 1151 2574 ex-

226 2592 286 2616 emp
300 2591 324 2609 a.

191 2641 223 2668 6)
242 2640 274 2663 fl.
290 2640 307 2663 1.
329 2639 357 2661 in
377 2637 473 2661 iisdem
490 2638 572 2660 Editt.
592 2641 658 2662 nota
677 2639 808 2670 inargin.:
837 2638 996 2667 occupatio.

192 2690 223 2718 7)
243 2691 275 2713 fl.
295 2690 313 2714 1.
334 2689 360 2712 in
379 2688 475 2711 iisdem
494 2688 577 2711 Editt.
598 2691 664 2713 nota
681 2690 814 2719 margum
845 2689 880 2712 Et
908 2689 996 2712 mater
1015 2687 1073 2712 eius
1094 2686 1152 2717 pri-

228 2730 299 2747 mum
320 2723 436 2753 lapidem
456 2722 636 2752 adposuittad
653 2724 835 2749 obstruendas
854 2723 937 2748 fores.
1175 2714 1179 2750 l

715 106 837 142 PHIL.
871 103 985 145 MEL.
1021 103 1223 142 SCRIPTA
1263 103 1600 153 PHlLOLOGICA.

2098 105 2174 165 9⁷3

1184 197 1335 223 mortem
1346 191 1360 223 ‘e'
1415 192 1504 225 Cum
1530 193 1623 227 enim
1648 192 1762 226 simile
1788 191 1983 236 periculum
2008 192 2175 238 utrinque

1184 241 1407 285 propositum
1439 243 1502 283 sit,
1548 244 1717 277 dimicare
1754 243 1872 287 potius
1903 240 1982 276 cum
2016 240 2177 288 hostibus

1184 305 1292 338 quam
1312 292 1433 326 iudicii
1449 306 1606 338 poenam
1623 295 1740 329 subire
1759 295 1851 328 cives
1870 295 2001 328 volent.
2162 289 2163 298 ³

1286 366 1414 402 Iustius
1432 374 1483 401 est
1500 375 1617 402 autem
1634 369 1783 403 interfici
1802 370 1898 404 urbis
1915 382 2021 415 qnam
2046 374 2178 402 castro-

1185 431 1264 452 rum
1281 420 1520 459 desertorem,
1548 420 1630 465 quia
1648 421 1776 455 milites
1791 422 1828 455 in
1851 421 1972 455 castris
1996 432 2062 465 pro
2089 420 2178 453 urbe

1185 477 1366 514 pugnant,
1393 477 1433 504 ut
1448 483 1675 504 communem
1693 479 1874 517 receptum
1891 473 2082 506 retineant.
2117 469 2179 504 Ille

1186 528 1305 555 autem
1323 522 1462 566 fugiens
1480 535 1521 556 ex
1538 523 1625 556 urbe
1642 522 1709 556 sibi
1725 524 1788 556 uni
1807 525 2012 564 consulens,
2039 535 2084 556 ne
2101 521 2180 568 qui-

1186 573 1267 606 dem
1287 586 1353 618 pro
1372 574 1442 607 suis
1461 573 1531 607 aris
1550 574 1721 607 dimicare
1739 576 1864 616 audet,
1899 577 1959 609 sed
1981 575 2076 609 solus
2097 585 2181 618 pro-

1187 624 1263 668 pria
1297 631 1331 658 et
1361 625 1557 658 necessaria
1591 625 1752 658 omnium
1783 623 1969 660 liominum
1998 626 2076 659 iura
2099 637 2183 669 pro-

1188 674 1321 721 iicit⁸)‚
1348 689 1501 721 quorum
1519 688 1641 711 sensus
1662 677 1769 710 etiam
1790 689 1827 709 ln
1851 677 1996 710 caeteris
2020 677 2182 710 animan-

1188 727 1281 760 tibus
1297 739 1402 761 sensu
1420 727 1622 762 carentibus
1638 728 1750 762 inesse
1771 723 2069 773 deprehenditur,
2103 740 2184 761 cuin

1188 778 1372 811 inclinatio
1392 780 1437 811 ad
1459 791 1497 812 ea
1524 779 1680 813 maxima
1705 787 1740 813 et
1761 780 1934 813 acerrima
1957 779 2185 823 conspicitur.

1189 829 1264 863 Etsi
1283 830 1378 863 enim
1402 830 1564 865 volucres
1589 837 1737 875 propter
1762 831 1977 864 celeritatem
2000 830 2044 862 ad
2065 830 2185 874 fugam

1189 881 1344 914 maxime
1370 882 1553 926 expeditae
1582 889 1682 921 sunt,
1732 890 1853 916 tamen
1886 888 2039 915 mortem
2069 880 2188 925 potius

1191 939 1385 977 oppetunt,
1424 946 1532 978 quam
1556 934 1660 968 nidos
1685 935 1870 974 deserunt,
1904 939 1944 968 ut
1963 932 2001 965 in
2023 937 2188 977 poemate

1191 986 1348 1030 quodam
1366 985 1538 1029 scriptum
1558 992 1608 1018 est
1621 986 1671 1031 ⁹):

1241 1052 1325 1087 Non
1343 1065 1450 1098 quem
1465 1052 1533 1086 sibi
1550 1053 1675 1086 nidum
1692 1052 1846 1086 volucris
1862 1057 2057 1091 struxerat,

1244 1104 1449 1150 Relinquit,
1479 1111 1585 1150 atque
1604 1104 1697 1137 cedit
1714 1104 1816 1136 alteri
1832 1104 1958 1147 fugax,

1245 1155 1333 1190 Ovis
1351 1162 1391 1189 ut
1407 1155 1475 1188 alia
1494 1155 1544 1189 ibi
1562 1155 1705 1189 incubet
1719 1155 1919 1189 recentibus
1929 1153 1987 1201 ¹⁰).

1298 1224 1389 1258 Cum
1406 1231 1526 1258 autem
1541 1223 1732 1258 Leocrates
1749 1223 1904 1268 patriam
1923 1222 2114 1256 timiditate
2131 1221 2191 1254 de-

1195 1276 1378 1316 seruisset,
1406 1277 1503 1310 nulla
1523 1276 1555 1309 ei
1572 1276 1694 1309 civitas
1711 1274 1932 1308 domicilium
1953 1272 2192 1319 praebuit¹¹);

1195 1328 1255 1361 sed
1287 1340 1502 1374 quocunqne
1533 1327 1649 1367 venit,
1688 1327 1851 1371 expulsus
1874 1332 1926 1360 est
1949 1325 2063 1369 magis
2085 1336 2194 1370 quam

1195 1377 1410 1413 homicidae.
1464 1379 1557 1413 Nam
1580 1379 1760 1412 exulantes
1782 1384 1931 1421 propter
1956 1375 2193 1410 homicidium

1196 1431 1385 1464 inveniunt
1399 1431 1529 1464 alicubi
1546 1428 1721 1474 hospitia,
1749 1429 1832 1475 quia
1860 1428 1911 1462 ibi
1932 1440 2009 1461 non
2030 1433 2113 1462 sunt
2137 1439 2195 1459 co-

1196 1482 1296 1527 gnati
1313 1495 1436 1516 eorum
1449 1509 1458 1523 ‚
1486 1482 1548 1527 qui
1564 1481 1741 1515 interfecti
1758 1487 1859 1521 sunt,
1892 1480 1954 1514 sed
1977 1481 2195 1513 desertorem

1197 1534 1336 1578 patriae
1361 1546 1452 1580 quae
1479 1534 1602 1568 civitas
1627 1531 1830 1577 exciperet?
1892 1532 1965 1576 Qui
1991 1531 2085 1565 enim
2111 1541 2195 1564 suae

1197 1585 1336 1630 patriae
1362 1598 1467 1629 opem
1491 1586 1584 1618 serre
1608 1585 1744 1624 noluit,
1786 1584 1971 1630 quomodo
1996 1582 2196 1628 periculum

1198 1637 1314 1670 adiret
1342 1649 1407 1681 pro
1432 1636 1574 1669 aliena?
1635 1636 1797 1681 Cumque
1829 1635 1866 1667 in
1897 1634 2014 1679 patria
2046 1633 2196 1680 quisque

1198 1686 1329 1721 habeat
1357 1689 1468 1728 cives,
1503 1686 1680 1732 hospites,
1716 1687 1876 1732 privatos
1901 1686 2054 1727 amicos,
2091 1685 2196 1719 bonis

1199 1740 1449 1774 communibus
1466 1741 1643 1780 fruentes,
1671 1740 1772 1772 decet
1787 1739 1930 1772 eosdem
1948 1738 2056 1771 etiam
2073 1737 2113 1771 in
2135 1749 2195 1782 pe-

1199 1792 1319 1825 riculis
1336 1792 1381 1824 ad
1399 1804 1628 1826 communem
1643 1791 1886 1825 defensionem
1902 1801 2126 1824 concurrere.

1304 1869 1393 1903 Cum
1422 1869 1530 1913 igitur
1560 1868 1650 1902 aliae
1681 1880 1762 1902 eum
1793 1867 1952 1901 civitates
1983 1865 2196 1911 expulerint,

1202 1934 1290 1967 quas
1313 1933 1388 1953 non
1413 1921 1530 1954 affecit
1550 1920 1702 1961 iniuria,
1743 1932 1826 1960 vos,
1863 1931 1952 1964 qnos
1975 1917 2196 1951 atrocissime

1200 1973 1322 2014 laesit,
1351 1979 1509 2006 extremo
1530 1984 1611 2005 eum
1627 1971 1801 2016 supplicio
1821 1969 1960 2004 afficite.
2011 1970 2062 2004 Ac
2079 1969 2109 2003 si
2128 1981 2198 2015 qua

1201 2036 1317 2069 poena
1340 2024 1567 2069 proditorum
1586 2030 1701 2057 morte
1726 2022 1882 2056 atrocior
1901 2028 2008 2062 esset,
2035 2019 2093 2055 hic
2108 2020 2200 2055 Leo-

1202 2083 1316 2110 crates
1334 2077 1423 2110 iuste
1446 2076 1508 2109 tali
1531 2075 1704 2120 supplicio
1726 2075 1947 2108 adficeretur.
2007 2073 2081 2107 Alii
2102 2075 2197 2108 enim

1203 2126 1442 2173 deprehensi,
1492 2135 1684 2174 antequam
1718 2126 1908 2171 perficiunt
1942 2125 2197 2171 proditionem,

1203 2193 1357 2225 poenam
1374 2180 1559 2214 sustinent.
1612 2179 1678 2212 Hic
1700 2191 1785 2211 vero
1811 2191 1851 2211 ex
1872 2178 1980 2223 longo
2008 2178 2196 2213 intervallo

1203 2239 1284 2278 post
1299 2233 1536 2267 desertionem
1553 2232 1682 2265 factam
1698 2230 1735 2263 in
1754 2230 1925 2264 iudicium
1944 2230 2144 2266 adducitur.

1237 2371 1268 2399 8)
1289 2371 1321 2409 11,
1340 2369 1359 2392 t.
1371 2368 1406 2427 tin
1423 2367 1507 2392 Editt.
1528 2367 1620 2399 1548„
1641 2367 1716 2391 1554.
1734 2369 1800 2391 nota
1818 2364 1952 2399 margin:
1979 2366 2133 2399 Descriptio
2151 2366 2197 2393 iu-

1273 2411 1313 2428 l’ls
1333 2409 1368 2427 ua
1382 2408 1457 2428 urae-

1238 2464 1270 2492 9)
1290 2460 1493 2518 Valckenarius
1512 2460 1547 2484 ad
1565 2460 1666 2484 Herod.
1681 2461 1729 2491 lv,
1752 2461 1807 2485 109.
1827 2461 1954 2497 Sophocli
1972 2462 2021 2485 hos
2041 2460 2195 2486 versIcutos

1272 2502 1384 2527 assigna
1399 2514 1406 2521 .

1244 2559 1288 2585 10)
1311 2557 1342 2580 ni
1362 2555 1439 2579 latini
1459 2562 1557 2579 versus
1571 2556 1652 2580 etiam
1668 2557 1694 2580 in
1706 2557 1891 2581 Meiantnouis
1901 2557 2110 2587 Epigrammatis
2125 2558 2195 2588 apud

1277 2591 1408 2615 Grathns.
1436 2591 1483 2614 fot.
1499 2592 1524 2613 M
1538 2591 1571 2613 5⁴¹
1584 2607 1591 2619 ,
1625 2592 1695 2621 apud
1717 2592 1845 2616 vincent.
1872 2592 1917 2615 fot.
1933 2592 1954 2615 L
1967 2592 2004 2615 8⁸
2022 2593 2050 2615 et
2069 2592 2095 2615 iu
2115 2593 2194 2616 huius

1279 2626 1360 2655 Corp.
1384 2625 1444 2648 nef.
1466 2625 1528 2648 Vol.
1542 2625 1575 2650 X.
1597 2633 1622 2656 p.
1637 2627 1694 2650 668.
1718 2627 1854 2657 leguntur.

1226 2685 1286 2718 Ι11)
1306 2687 1338 2709 Η.
1358 2686 1375 2708 Ι.
1396 2685 1422 2707 in
1437 2685 1519 2710 Editt.
1537 2686 1622 2715 1548.‚
1645 2686 1717 2710 1554.
1738 2688 1802 2710 nota
1821 2685 1952 2717 margia:
1974 2687 1995 2709 Α
2011 2686 2108 2711 iudicio
2124 2688 2196 2711 atia-

1274 2727 1333 2744 rum
1354 2719 1505 2745 civitatum,
