2294 2975
119 99 192 135 309
262 99 385 136 xxm.

113 193 168 221 sat
183 187 316 220 sactum
332 199 457 227 suum,
491 186 665 232 siquidem
688 184 779 220 nihil
803 198 822 219 a
848 199 883 220 se
908 188 1041 221 factum
1065 187 1109 221 sit

113 245 256 282 praeter
277 238 432 271 officium
450 237 537 270 boni
559 237 663 278 civis,
699 250 774 271 non
796 239 993 272 curandum
1023 251 1108 279 esse,

114 289 200 334 quid
217 288 278 322 alii
296 288 468 328 sentiant,
496 294 557 322 aut
573 286 850 333 reprehendant.
901 289 947 323 Et
965 290 993 323 si
1016 302 1107 335 quae

112 340 290 384 pericula,
333 351 423 385 quae
456 345 592 372 metuat
624 340 775 381 Paetus,
820 339 902 373 inde
932 340 1107 381 accidant,

112 391 197 424 sorti
233 390 354 423 animo
390 402 461 424 esse
494 391 641 423 serenda
668 397 702 424 et
727 392 941 436 superanda.
1010 391 1106 425 Haec

113 441 214 487 quasi
230 453 369 475 summa
391 447 443 474 est
457 441 699 486 responsionis
715 442 896 477 Ciceronis
913 443 958 475 ad
976 443 1105 487 episto-

111 493 182 525 lam
215 491 328 526 Paeti.
393 492 541 526 Constat
571 499 689 526 autem
721 493 853 538 partim
884 494 1104 535 narratione,

110 542 242 587 partim
260 542 503 576 confutatione
522 555 667 585 eorum,
695 557 785 590 quae
805 557 822 577 a
840 545 951 578 Paeto
972 545 1101 589 scripta

113 599 225 627 erant.
286 593 437 639 Reliqua
465 594 634 638 epistolae
665 608 747 640 pars
777 602 915 629 tantum
949 596 985 628 in
1018 596 1102 630 iocis

109 644 342 678 consumitur.
412 644 613 679 Exordium
648 648 791 681 ductum
826 654 877 681 est
909 659 950 680 ex
977 646 1102 680 litteris

109 695 221 729 Paeti.
291 694 460 740 Sequitur
488 698 668 738 narratio,
709 698 747 731 in
777 710 847 744 qua
882 697 1037 731 ostendit
1066 709 1101 730 se

112 758 259 790 operam
277 746 381 787 dare,
410 753 449 780 ut
467 747 625 783 Caesaris
642 755 676 781 et
701 756 922 782 caeterorum
946 749 1100 781 benevo-

109 797 257 830 lentiam
288 797 354 830 sibi
388 798 561 833 conciliet.
629 798 840 833 Narrationi
870 799 1025 833 subiecta
1050 805 1102 832 est

110 847 307 881 confutatio
332 849 374 881 de
399 861 552 893 persona
580 849 759 890 Caesaris,
803 851 899 895 quod
925 849 1101 884 existimet

113 899 214 932 illum
237 898 385 932 minime
408 912 510 943 posse
537 901 680 934 offendi.
748 900 920 934 Inseritur
946 908 980 934 et
1002 901 1100 934 locus

111 949 329 984 communis:
357 950 462 983 Bono
480 951 557 984 viro
577 951 661 985 satis
681 958 731 985 est
748 959 929 997 praestare
947 952 1099 996 culpam.

111 1001 259 1034 Caetera
286 1001 427 1041 omnia,
468 1014 559 1046 quae
587 1003 744 1035 accidere
778 1009 946 1047 possunt,
987 1002 1101 1046 despi-

110 1052 235 1084 cienda
258 1064 342 1085 esse.
401 1051 539 1086 Deinde
563 1054 608 1085 ad
631 1054 738 1086 finem
757 1067 868 1099 usque
893 1060 975 1088 suut
996 1054 1101 1087 urba-

108 1102 248 1136 nissimi
271 1103 376 1142 sales,
405 1103 532 1147 quibus
561 1104 699 1136 iocatur
724 1117 803 1137 cum
820 1106 952 1145 Paeto,
985 1117 1004 1137 a
1029 1117 1100 1149 quo

110 1159 186 1186 erat
202 1159 346 1186 vocatus
364 1153 409 1185 ad
432 1154 655 1194 convivium,
694 1155 736 1188 de
759 1156 906 1189 lautitiis
928 1156 1102 1195 videlicet,

110 1204 208 1249 quod
239 1203 309 1236 iam
341 1211 528 1238 consuetus
556 1205 727 1239 conviviis
752 1207 1016 1250 potentiorum,
1049 1218 1102 1239 re-

111 1255 232 1300 quirat
254 1254 350 1288 cibos
374 1255 563 1295 lautiores,
604 1268 669 1288 nec
694 1263 817 1300 postea
840 1269 955 1302 aequo
980 1257 1101 1290 animo

110 1307 203 1338 ferre
230 1305 333 1345 velit,
374 1305 435 1338 ubi
456 1307 501 1339 ad
523 1307 638 1350 ipsum
663 1307 851 1351 Papirium
874 1307 1032 1347 venerit,
1066 1320 1101 1341 se

110 1356 240 1400 repleri
265 1356 470 1400 vulgaribus
493 1363 527 1390 et
548 1357 687 1391 rusticis
714 1359 819 1399 cibis,
853 1371 889 1392 se
913 1358 1102 1404 requisitu-

109 1419 192 1441 rum
206 1407 380 1440 maiorem
401 1414 601 1452 sumptum,
635 1415 669 1442 et
693 1409 970 1453 splendidiorem
994 1421 1103 1454 appa-

111 1464 241 1492 ratum.

363 1541 501 1576 Aliud
530 1550 854 1587 argumentum.

212 1608 378 1653 Papirius
396 1611 571 1655 quaedam
588 1618 777 1645 monuerat
792 1611 998 1645 Ciceronem
1010 1638 1019 1652 ,
1042 1613 1101 1658 qui

115 1673 149 1695 se
169 1660 403 1693 coniunxerat
423 1661 658 1695 familiaribus
675 1662 856 1702 Caesaris,
884 1663 1040 1706 primum
1059 1676 1102 1696 ne

111 1712 264 1745 nimium
282 1712 405 1744 fideret
421 1712 596 1744 amicitiae
614 1713 776 1750 illorum;
804 1713 930 1746 deinde
951 1721 1103 1754 caveret,

112 1775 157 1796 ne
176 1774 237 1796 sua
257 1762 294 1794 in
310 1762 491 1807 loquendo
510 1762 671 1795 libertate
688 1764 884 1796 offenderet
899 1764 1102 1803 Caesarem;

111 1820 293 1859 postremo
314 1813 484 1856 cogitaret
499 1826 534 1846 se
554 1826 625 1847 esse
643 1815 737 1857 apud
759 1815 889 1848 multos
913 1815 950 1847 in
974 1828 1102 1859 magna

113 1865 249 1898 invidia
266 1870 414 1908 propter
433 1862 499 1897 hoc
513 1866 657 1905 factum,
686 1865 782 1909 quod
803 1878 837 1898 se
855 1866 1002 1898 omnino
1021 1879 1103 1899 con-

113 1916 285 1950 iunxisset
311 1914 455 1948 Caesari
485 1921 517 1948 et
544 1915 638 1948 illius
663 1916 908 1950 familiaribus.
980 1917 1102 1950 Cicero

113 1968 234 2012 itaque
252 1965 357 2011 hac9)
378 1966 525 2010 epistola
543 1966 666 1999 ordine
685 1970 728 1999 ad
745 1967 881 2010 singula
902 1969 1104 2012 respondet,

113 2018 277 2051 videlicet
304 2017 347 2049 de
375 2017 611 2051 familiaribus
638 2017 817 2057 Caesaris,
853 2020 894 2051 de
920 2019 996 2063 ipso
1019 2019 1104 2052 Cae-

116 2081 193 2103 sare
205 2095 214 2109 ,
242 2075 276 2101 et
293 2069 335 2101 de
351 2080 413 2101 suo
430 2069 522 2101 facto
535 2095 544 2108 ,
572 2069 669 2113 quod
685 2069 788 2102 multi
806 2069 1021 2113 vituperant.
1064 2070 1104 2103 In

116 2118 171 2153 his
188 2119 301 2153 tribus
319 2119 492 2163 capitibus
511 2119 717 2164 principalis
732 2132 814 2164 pars
834 2121 1002 2165 epistolae
1023 2134 1104 2154 con-

116 2172 280 2205 sumitur.
316 2170 407 2204 Nam
426 2177 545 2214 postea
564 2171 673 2204 altera
691 2172 863 2216 sequitur,
892 2185 981 2217 quae
999 2173 1103 2217 plane

117 2229 169 2255 est
186 2222 302 2254 iocosa
320 2222 363 2253 de
379 2221 473 2254 victu
493 2222 688 2267 utriusque.
741 2223 856 2256 Porro
881 2221 971 2256 hanc
998 2224 1103 2256 etiam

119 2273 306 2317 epistolam
321 2284 430 2304 unam
447 2284 518 2305 esse
537 2285 577 2305 ex
594 2273 793 2318 praecipuis
806 2301 814 2314 ,
840 2273 922 2307 hinc
946 2275 1028 2308 satis
1045 2287 1105 2319 ap-

118 2330 239 2368 paret,
267 2323 363 2368 quod
382 2322 455 2367 ipse
477 2323 599 2357 Cicero
629 2336 706 2357 eam
732 2327 959 2359 commendat
974 2326 1104 2360 Attico,

119 2374 270 2408 Orditur
293 2385 311 2406 a
340 2375 647 2409 commendatione
670 2376 868 2410 litterarum
886 2377 1042 2421 Papirii,
1070 2377 1105 2410 in

120 2438 189 2473 qua
205 2425 418 2469 singularem
440 2426 544 2458 fidem
571 2433 604 2459 et
631 2439 750 2460 curam
776 2429 1009 2474 perspexerit,
1046 2430 1107 2461 ad-

122 2477 196 2510 dita
213 2476 396 2510 occasione
420 2476 607 2510 scribendi.
665 2478 792 2511 Postea
819 2479 959 2513 subiicit
984 2492 1107 2512 narra-

120 2528 273 2569 tionem,
301 2539 391 2572 quae
409 2528 628 2561 consumitur
644 2528 680 2560 in
697 2531 950 2564 confutatione.
984 2531 1107 2564 Primo

122 2581 165 2613 de
196 2591 257 2613 sua
288 2578 477 2623 prudentia
503 2584 536 2610 et
562 2580 805 2614 moderatione
832 2581 868 2614 in
891 2582 1044 2615 vivendo
1077 2589 1110 2614 et

158 2695 190 2724 9)
208 2696 273 2724 hac]
291 2695 341 2720 Ed.
365 2696 437 2720 1569.
457 2701 553 2720 errore
572 2698 698 2727 typogra:
727 2698 800 2723 haec,

434 99 743 136 ARGUMENTA
766 99 833 136 ET
861 100 1064 136 SCHOLIA
1091 101 1139 136 IN
1165 99 1313 136 EPIST.
1340 100 1453 138 FAM.
1483 101 1566 138 CIC.
1594 102 1682 139 L1B.
1698 103 1755 140 IX.
1783 106 1857 142 ΕΡ.
1878 107 1935 144 15.
1953 112 2010 146 16.

2083 115 2156 150 310

1163 186 1345 232 loquendo
1370 200 1449 222 cum
1476 189 1710 224 familiaribus
1735 191 1912 234 Caesaris,
1953 209 2041 241 quos
2065 197 2156 233 nihil

1161 238 1299 272 dubitet
1315 251 1418 273 veros
1437 252 1508 273 esse
1524 241 1668 275 amicos.
1719 242 1882 277 Secundo
1908 246 1949 279 de
1974 248 2096 283 animo
2120 258 2154 284 et

1160 288 1292 323 iudicio
1327 290 1506 332 Caesaris,
1549 293 1645 337 quod
1676 292 1823 326 minime
1856 307 1936 329 eum
1970 299 2154 335 offendant

1160 340 1253 374 dicta
1279 340 1482 381 Ciceronis,
1526 354 1617 387 quae
1647 355 1751 387 saepe
1779 357 1900 379 amare
1924 353 1957 380 et
1980 351 2152 385 admirari

1159 391 1258 426 solet.
1313 392 1437 426 Tertio
1456 394 1632 426 excusatio
1654 400 1705 427 est
1727 395 1781 428 sui
1802 397 1903 437 sacti,
1939 402 2035 443 quod
2060 400 2151 436 nihil

1159 443 1270 485 egerit
1286 450 1409 477 contra
1429 444 1582 477 officium
1600 444 1687 477 boni
1706 445 1784 479 viri.
1837 447 1957 492 Quare
1976 449 2067 484 nihil
2092 465 2150 486 cu-

1157 500 1229 533 ret,
1258 494 1398 528 etiamsi
1423 495 1542 540 aliqua
1567 496 1700 529 invidia
1725 499 1908 541 proposita
1933 500 1989 534 sit.
2041 502 2150 537 Addit

1157 544 1263 577 etiam
1284 551 1492 589 argumenta
1509 558 1592 579 suae
1611 547 1883 589 consolationis,
1920 563 1990 595 qua
2015 559 2149 589 utatur.

1154 593 1276 628 Altera
1295 608 1378 639 pars
1395 594 1499 629 huius
1517 597 1686 640 epistolae
1704 596 1810 632 habet
1822 598 2078 638 urbanissimos
2094 617 2149 638 sa-

1154 645 1223 685 les,
1269 647 1397 690 quibus
1428 647 1565 680 iocatur
1589 660 1667 681 cum
1690 648 1903 693 Papiriode
1926 653 2021 686 victu
2048 662 2082 688 et
2104 656 2147 689 de

1154 695 1319 736 lautitiis,
1348 699 1444 742 quod
1467 697 1629 731 videlicet
1650 700 1893 742 potentiorum
1915 704 2085 739 conviviis
2111 719 2147 740 se

1155 746 1303 779 omnino
1321 748 1544 781 assuefecerit
1569 750 1614 781 ad
1638 749 1807 784 lautiores
1834 752 1950 793 cibos,
1985 767 2048 788 nec
2073 768 2148 789 am-

1153 796 1245 840 plius
1262 804 1448 832 contentus
1468 799 1513 832 sit
1536 799 1622 833 cibis
1642 801 1866 843 vulgaribus,
1903 805 2061 850 adeoque
2086 808 2148 841 ubi

1154 849 1291 881 venerit
1308 861 1344 882 se
1361 849 1615 894 requisiturum
1633 851 1807 885 maiorem
1826 861 2006 898 sumptum
2030 864 2064 891 et
2087 870 2147 903 ap-

1154 905 1332 942 paratum.

1405 985 1537 1019 Aliud
1573 995 1904 1031 argumentum.

1255 1051 1452 1086 Exordium
1487 1055 1529 1087 de
1563 1054 1690 1088 litteris
1724 1057 1893 1100 acceptis,
1929 1065 1963 1092 et
1984 1060 2067 1094 dato
2092 1074 2146 1095 re-

1155 1114 1298 1146 sponso.
1352 1104 1520 1149 Sequitur
1538 1106 1754 1150 propositio:
1790 1108 1921 1142 Omnia
1943 1111 2027 1151 feci,
2056 1125 2147 1157 quae

1154 1153 1274 1186 valent
1297 1154 1341 1187 ad
1366 1155 1628 1188 conciliandum
1647 1156 1833 1191 Caesarem
1851 1166 1884 1192 et
1902 1159 2147 1198 Caesarianos.

1153 1204 1284 1237 Addita
1305 1211 1355 1238 est
1372 1207 1612 1250 propositioni
1636 1208 1884 1251 amplificatio:
1912 1211 2015 1245 Nunc
2033 1215 2148 1246 omni-

1154 1267 1201 1288 no
1220 1267 1291 1288 esse
1309 1257 1515 1291 conciliatos
1539 1264 1572 1290 et
1592 1270 1627 1291 se
1645 1259 1762 1301 diligi,
1791 1262 1887 1304 quod
1904 1263 2033 1306 probat
2051 1272 2146 1298 certo

1156 1313 1365 1349 argumento
1379 1333 1388 1347 ,
1416 1308 1470 1340 cui
1487 1308 1685 1352 praemittit
1704 1310 1821 1343 locum
1840 1323 2065 1347 communem
2083 1328 2147 1359 per

1156 1358 1337 1401 quandam
1377 1359 1646 1402 occupationem
1686 1360 1728 1392 de
1766 1365 2018 1405 cognoscendis
2054 1367 2146 1400 veris

1156 1408 1290 1441 amicis.
1342 1408 1481 1442 Deinde
1499 1410 1659 1455 sequitur
1680 1412 1864 1455 occupatio
1890 1415 1933 1447 de
1957 1417 2067 1449 facete
2094 1418 2145 1450 di-

1157 1458 1238 1499 ctis,
1276 1471 1366 1504 quae
1391 1460 1498 1492 etiam
1523 1461 1624 1493 facile
1651 1463 1783 1505 perfert
1801 1463 1950 1506 Caesar,
1983 1479 2047 1500 nec
2072 1480 2145 1500 am-

1156 1509 1247 1552 plius
1265 1510 1396 1549 credit,
1431 1523 1522 1555 quae
1547 1512 1714 1544 dicuntur
1738 1514 1781 1546 de
1800 1514 1970 1550 Cicerone
1996 1529 2015 1550 a
2039 1520 2148 1552 male-

1156 1560 1257 1594 volis.
1321 1560 1475 1594 Additur
1501 1563 1696 1595 confutatio
1721 1565 1950 1608 suspicionis,
1983 1570 2079 1612 quod
2103 1571 2148 1603 sit

1157 1611 1305 1644 omnino
1334 1612 1553 1655 vigilandum
1586 1620 1734 1657 propter
1761 1616 1957 1650 multorum
1990 1619 2146 1654 insidias.

1155 1661 1287 1707 Estque
1303 1660 1389 1695 haec
1406 1664 1599 1696 sententia:
1628 1663 1725 1698 Nihil
1741 1678 1836 1699 nunc
1857 1665 1946 1700 mihi
1969 1669 2078 1703 timeo
2103 1672 2147 1705 ab

1157 1713 1292 1746 insidiis
1321 1719 1355 1746 et
1378 1713 1524 1748 invidia.
1577 1715 1685 1748 Ratio
1701 1723 1841 1760 sumpta
1858 1724 1908 1751 est
1927 1731 1968 1752 ex
1983 1717 2147 1762 honesto,

1157 1770 1190 1796 et
1209 1776 1250 1796 ex
1267 1764 1381 1797 officio
1401 1765 1574 1799 versantis
1593 1766 1629 1798 in
1645 1766 1824 1801 servitute.
1872 1768 2027 1804 Additur
2042 1778 2075 1804 ct
2091 1784 2146 1805 ar-

1156 1821 1363 1857 gumentum
1380 1815 1454 1848 vice
1474 1817 1709 1851 conclusionis
1727 1819 1769 1851 ab
1790 1821 1969 1864 exemplis.
2003 1822 2145 1856 Postre-

1156 1878 1215 1897 mo
1244 1866 1323 1898 loco
1354 1867 1588 1900 urbanissime
1620 1868 1757 1901 iocatur
1789 1877 1933 1904 vocatus
1960 1873 2004 1905 ad
2027 1874 2146 1906 convi-

1157 1916 1253 1949 vium
1277 1928 1295 1948 a
1316 1916 1463 1960 Papirio
1488 1930 1563 1950 non
1587 1919 1688 1951 valde
1711 1920 1838 1963 frugali
1863 1919 2014 1965 hospite.
2067 1923 2145 1957 Est-

1157 1979 1224 2011 que
1256 1965 1360 2000 huius
1390 1968 1459 2000 loci
1491 1966 1577 2001 haec
1609 1981 1766 2002 summa:
1815 1971 1925 2012 Cura,
1966 1979 2006 2006 ut
2037 1974 2144 2015 laute,

1158 2024 1331 2062 quantum
1355 2018 1431 2051 fieri
1451 2025 1585 2062 potest,
1625 2032 1682 2052 me
1708 2020 1871 2064 excipias.
1931 2022 2145 2068 Vulgaribus

1158 2069 1252 2101 enim
1271 2068 1406 2102 deliciis
1426 2081 1498 2102 non
1514 2076 1614 2109 utor,
1639 2070 1720 2115 quia
1738 2071 1941 2118 frequenter
1962 2075 2144 2109 convivari

1157 2120 1252 2154 soleo
1272 2132 1350 2153 cum
1367 2119 1484 2153 Hirtio
1505 2127 1538 2154 et
1554 2120 1752 2156 Dolabella.

1372 2205 1508 2239 Aliud
1537 2214 1850 2252 argumentum
1869 2209 1926 2255 ¹⁰).

1259 2272 1454 2307 Exordium
1476 2281 1656 2319 sumptum
1673 2282 1723 2310 est
1743 2288 1761 2308 a
1781 2278 2072 2322 comprobatione
2089 2281 2145 2313 lit-

1161 2330 1315 2357 terarum
1341 2325 1469 2369 ipsius,
1506 2326 1561 2359 cui
1583 2327 1768 2360 subiicitur
1791 2329 1972 2369 narratio,
2010 2330 2046 2363 in
2072 2344 2142 2376 qua

1159 2383 1416 2409 commemorat
1431 2389 1466 2410 se
1483 2389 1628 2421 operam
1645 2379 1729 2410 dare
1743 2382 1762 2417 ‚'
1782 2385 1821 2411 ut
1843 2378 1909 2412 sibi
1928 2380 2087 2415 Caesaris
2111 2389 2144 2415 et

1159 2433 1379 2461 caeterorum
1395 2428 1678 2461 benevolentiam
1697 2429 1870 2464 conciliet.
1920 2429 2091 2466 Inseritur
2112 2439 2145 2466 et

1159 2479 1323 2521 purgatio
1343 2480 1384 2512 de
1408 2480 1496 2512 salse
1519 2479 1640 2518 dictis,
1674 2491 1784 2525 quare
1809 2480 1850 2513 iis
1875 2481 2048 2516 existimet
2070 2496 2143 2516 non

1162 2529 1294 2562 offendi
1310 2530 1496 2563 Caesarem
1510 2556 1519 2569 ,
1553 2542 1623 2574 quo
1640 2530 1717 2563 loco
1736 2538 1769 2564 et
1784 2531 1965 2576 ingenium
1985 2533 2143 2567 Caesaris

1161 2580 1337 2614 laudatur.
1381 2582 1507 2614 Postea
1527 2580 1625 2613 addit
1638 2581 1755 2615 locum
1772 2594 2011 2625 communem,
2036 2597 2144 2630 quare

1199 2696 1244 2725 10)
1265 2697 1322 2721 Hoc
1340 2698 1528 2727 argumentum
1548 2697 1684 2768 aAEOEgitt.
1706 2698 1894 2724 1565—1596.
1915 2700 2060 2725 exhibetur.
