2351 2990
228 112 301 148 855
805 110 928 146 PHIL.

225 199 347 242 pellere
366 198 467 238 impia
481 195 656 239 jacientes.
711 197 822 237 Quare
851 199 885 230 in
904 196 1079 229 Phocidem
1104 197 1147 229 ad
1171 208 1221 230 me

227 250 370 284 accedite
401 260 473 281 cum
505 251 612 281 arnu's
642 252 673 280 el
706 253 887 281 commeatu
915 249 1047 281 dierum
1070 249 1221 292 quadra-

224 303 334 344 9iula,
363 311 474 332 nu‘nse
493 301 653 342 Auqusto.
687 300 729 331 Si
745 301 801 344 qui
824 311 889 331 non
909 301 1049 341 venient,
1075 301 1223 332 omnium

230 352 328 385 rebus
346 355 378 383 ut
397 351 538 383 hostium
557 355 652 389 utar,
682 355 816 383 notiores
835 361 926 390 tero,
954 362 993 383 ue
1018 351 1061 382 ad
1084 361 1143 382 nos
1165 361 1221 383 ac-

229 404 374 441 cedatis,
402 402 574 434 nmlclabo.
633 401 754 434 Valere.

331 452 465 484 Videtis
484 464 563 484 eum
590 451 728 494 privata
753 451 892 494 negotia
919 451 1162 491 dissimulare,
1189 457 1223 483 et

227 511 434 548 praetexere
467 503 605 535 decreta
636 500 946 547 Amphictyonica.
1014 502 1046 534 A
1070 514 1141 547 quo
1167 514 1223 534 ar-

230 561 345 587 matus
364 560 431 591 est,
459 566 476 585 a
503 565 660 598 quonam
686 552 772 586 haec
795 555 934 586 decreta
962 553 1117 597 primum
1144 559 1221 585 orta

229 612 328 643 sunt,
370 616 490 637 nonne
517 605 560 636 ab
586 604 676 637 isto?
737 605 809 638 Nec
834 611 954 637 tamen
980 604 1095 638 dicitis
1118 604 1222 637 11111115

231 663 368 689 tantum
400 654 555 689 hominis
587 656 716 689 scelere
746 662 863 689 tantas
886 656 1106 688 calamitates
1133 656 1223 688 acci—

229 707 331 740 disse.
386 706 453 740 Sed
473 707 574 739 multi
594 707 773 751 perfidiosi
790 707 896 739 etiam
916 706 1045 752 ubique
1069 708 1223 746 suerunt,

231 770 384 803 quornm
411 770 501 790 1111115
532 764 582 791 est
607 758 690 797 iste,
733 770 857 803 quem,
893 758 920 791 si
946 758 1076 791 veritas
1102 764 1222 802 aperte

525 821 598 841 non
631 821 755 841 verear
783 821 970 841 nominare
995 821 1221 842 communem

230 866 362 904 pestem
380 860 560 899 omnium,
589 872 679 905 qnae
705 861 908 904 perierunt,
937 858 1143 899 hominum,
1171 861 1222 892 lo-

230 924 353 944 corum
370 917 409 944 ut
426 911 579 944 urbium.
633 911 723 945 Nam
750 911 810 956 qui
834 923 954 944 semen
976 911 1158 955 praebuit,
1195 911 1222 944 is

229 969 278 996 est
298 962 515 996 nascentium
535 962 711 996 malorum
730 974 832 995 causa
845 989 854 1002 ‚
882 975 988 1007 quem
1008 975 1086 996 cum
1105 962 1222 1006 adspi-

229 1013 326 1053 citis,
354 1014 464 1046 miror
484 1026 546 1046 vos
563 1026 636 1045 non
654 1014 771 1046 statim
793 1026 873 1047 eum
901 1014 1057 1048 aversari
1079 1020 1113 1047 et
1137 1014 1222 1046 abo-

230 809 377 841 dicenda
415 815 464 841 est
475 835 482 845 ,

229 1065 372 1098 minari.
426 1064 494 1097 Sed
519 1066 612 1108 apud
640 1076 702 1098 vos
728 1065 894 1098 tenebrae
921 1072 1003 1098 sunt
1027 1072 1108 1098 ante
1131 1064 1222 1098 veri-

230 1122 350 1149 tatem.
403 1114 580 1159 Ingressus
597 1116 717 1161 itaque
735 1117 770 1148 in
793 1114 885 1149 hanc
910 1116 1222 1149 commemoratio-

229 1179 309 1199 nem
327 1179 463 1206 rerum,

230 1219 315 1249 cedo
337 1219 379 1249 ad
397 1230 457 1257 ea,
489 1230 578 1263 quae
601 1230 665 1261 ego
692 1231 756 1263 pro
784 1218 898 1263 patria
924 1216 1006 1251 hnic
1032 1220 1223 1251 adversans

229 1270 301 1311 egi,
329 1282 418 1313 quas·
439 1281 516 1301 cum
538 1275 684 1313 propter
707 1270 834 1303 multas
861 1282 982 1303 causas
1010 1270 1133 1303 andire
1159 1282 1222 1302 vos

228 1321 346 1359 decet,
381 1326 455 1353 tum
483 1333 566 1353 vcro
593 1320 698 1353 etiam
726 1334 787 1361 eo,
826 1322 922 1366 quod
949 1321 1135 1364 indignum
1161 1326 1223 1359 est,

229 1383 307 1404 cum
339 1383 401 1414 ego
435 1378 552 1405 tantos
582 1372 723 1405 labores
754 1373 791 1405 in
818 1373 955 1415 agendo
980 1371 1221 1410 sustinuerim,

228 1435 290 1455 vos
310 1421 538 1466 impatienter
556 1421 682 1456 harum
703 1423 939 1456 maximarum
956 1435 1075 1455 rerum
1096 1434 1222 1455 narra-

226 1473 362 1507 tionem
383 1474 518 1507 audire.
571 1473 649 1517 Ego
669 1486 746 1507 cum
764 1474 922 1506 viderem
941 1472 1152 1513 Thebanos,
1181 1485 1221 1505 ac

226 1537 356 1569 magna
385 1538 425 1558 ex
448 1531 548 1569 parte
578 1538 640 1557 vos
666 1531 739 1558 arte
766 1525 936 1564 istorum,
978 1525 1039 1570 qui
1063 1523 1221 1568 Philippi

227 1577 332 1609 rebus
348 1577 549 1615 studebant,
578 1576 614 1608 in
632 1588 710 1608 eam
731 1576 930 1609 socordiam
948 1577 1117 1609 adductos
1136 1588 1221 1614 esse,

228 1635 278 1666 ut,
297 1628 393 1672 quod
412 1640 549 1660 sumina
568 1627 748 1670 vigilantia
769 1629 964 1660 cavendum
984 1628 1110 1667 suerat,
1129 1627 1221 1660 sine-

228 1679 312 1712 retis
330 1677 487 1722 Philippi
512 1679 603 1711 11105
627 1691 800 1719 crescere,
836 1691 898 1712 vos
913 1690 998 1711 vero
1014 1679 1150 1712 vicinos
1168 1678 1221 1710 in-

228 1736 281 1762 ter
299 1742 360 1762 vos
377 1730 572 1769 committi,
599 1736 637 1762 ut
655 1730 744 1763 odiis
769 1737 803 1762 et
828 1730 1014 1763 discordiis
1039 1730 1132 1762 inter
1155 1741 1220 1762 nos

229 1985 436 2026 sentientes,
465 1998 605 2030 semper
621 1987 770 2019 annixos
789 1998 860 2019 esse
874 2014 882 2027 ‚

230 2037 428 2080 iungerent.

230 2088 329 2120 omni
345 2087 458 2131 specie
475 2088 722 2121 assentationis
747 2095 979 2129 assectarere,
1009 2101 1103 2121 nunc
1127 2100 1223 2120 rnor-

230 2145 308 2172 tuos
329 2151 482 2173 accusas.

230 2191 326 2235 quod
343 2202 468 2223 suasor
483 2190 611 2223 fuerim
623 2188 816 2223 Thebanae
833 2190 1010 2223 societatis
1026 2190 1222 2229 faciendae,

229 2241 340 2285 magis
363 2241 442 2274 illos
467 2253 575 2286 quam
600 2254 656 2274 rne
683 2254 844 2281 accusas,
880 2241 942 2287 qui
967 2241 1105 2286 priores
1131 2239 1223 2274 hanc

230 2293 432 2326 societatem
447 2293 646 2325 faciendam
665 2305 736 2326 esse
754 2299 977 2326 censuerunt.

230 2344 273 2375 ad
295 2344 490 2377 institutam
509 2344 767 2384 narrationem.
821 2343 909 2377 Cum
937 2342 1041 2378 huius
1067 2344 1223 2377 artificiis

230 2395 361 2427 bellum
374 2393 625 2438 Amphissense
643 2396 713 2427 iam
730 2401 867 2428 motum
887 2401 993 2434 esset,
1022 2402 1056 2428 et
1073 2395 1146 2428 eius
1163 2396 1224 2428 ad-

232 2445 365 2478 iutores
396 2445 586 2479 incitarent
609 2453 750 2479 nostros
774 2447 864 2479 cives
889 2447 1057 2479 adversus
1082 2444 1223 2478 Theba—

230 2508 314 2535 nos,
342 2496 437 2528 venst
455 2497 489 2529 in
507 2498 693 2531 Graeciam
708 2495 896 2542 Philippus
914 2497 1016 2530 nobis
1036 2497 1223 2541 praecipue

231 2547 396 2586 infestus,
438 2559 542 2591 qnam
582 2549 626 2581 oh
659 2560 800 2582 causam
832 2549 889 2582 isti
910 2548 1046 2581 vicinos
1070 2547 1164 2581 inter
1188 2560 1222 2581 se

232 2598 498 2631 commiserunt.
548 2598 594 2631 Et
612 2599 680 2633 nisi
698 2600 805 2643 paulo
823 2607 904 2632 ante
922 2599 1117 2644 experrecti
1135 2611 1223 2632 esse-

231 2662 329 2690 mus,
357 2649 473 2683 subito
498 2662 666 2693 oppressa
690 2651 811 2684 suisset
835 2657 958 2684 nostra
983 2650 1125 2691 civitas,
1158 2662 1223 2683 nec

233 2701 398 2744 colligere
414 2713 478 2734 nos
495 2700 590 2745 ipsos
606 2701 853 2745 potuissemus.
906 2701 946 2736 In
968 2708 1107 2735 tantum
1129 2701 1222 2746 peri-

964 111 1075 145 MEL.
1112 109 1314 145 SCRIPTA
1348 112 1683 148 PHILOLOGICA.

499 1180 585 1211 quas
605 1167 667 1200 iste
687 1173 809 1200 contra
833 1167 987 1211 patriam
1012 1167 1134 1211 gessit,
1167 1180 1223 1200 ac·
1247 1179 1249 1184 ·

537 2139 625 2172 Cum
645 2140 737 2171 enim
760 2137 848 2172 mihi
870 2146 909 2173 ut
930 2140 1065 2172 crimen
1089 2138 1222 2178 obiicis‚
1246 2137 1248 2146 ¹

1031 2293 1099 2326 Sed
1116 2294 1222 2325 redeo
1247 2321 1249 2327 s

2195 115 2271 149 836

1277 197 1393 230 culum
1418 198 1472 232 isti
1498 211 1572 231 rem
1597 199 1837 237 adduxerant,
1869 205 1903 231 et
1928 204 2061 243 quanto
2085 198 2122 231 in
2146 199 2271 234 discri-

1277 248 1372 280 mine
1391 249 1497 282 suerit
1515 250 1655 289 civitas,
1682 251 1822 282 decreta
1851 251 2060 290 ostendunt,
2095 262 2185 295 quae
2212 263 2266 285 re—

1278 299 1343 331 cita
1358 299 1417 344 ²⁹).

1625 377 1917 415 Decretum.

1379 444 1541 475 Pruetore
1559 444 1749 486 IIeropylho
1768 456 1878 477 meuse
1895 444 2078 476 Februario
2100 455 2173 476 cum
2196 445 2261 478 tri-

1276 494 1335 526 bus
1353 494 1536 526 Erechthea
1545 493 1590 539 30)
1607 500 1691 528 esset
1709 496 1948 538 magistratus,
1973 496 2122 528 Senatus
2146 499 2178 528 et
2199 496 2263 528 du-

1275 556 1347 577 cum
1373 545 1556 578 consultum
1579 544 1708 587 factum
1730 551 1796 579 est:
1838 548 1919 581 Cum
1940 546 2116 589 Philippus
2136 547 2263 588 partim

1276 596 1389 641 aliqua
1406 598 1524 638 oppida
1542 598 1651 629 vicina
1668 598 1855 639 occupavit,
1887 599 2015 641 parlim
2031 599 2130 631 eliam
2148 598 2263 641 aliqua

1248 667 1249 672 =
1275 647 1443 680 obsidione
1460 649 1589 690 cinxit,
1617 648 1758 692 denique
1774 650 1928 692 quoniam
1946 653 2086 682 conatur
2107 649 2151 681 ad
2168 648 2264 682 Aui-

1274 709 1345 731 cam
1362 700 1515 731 accedere
1539 699 1671 732 violatis
1697 700 1786 732 inter
1808 711 1867 732 nos
1885 701 2012 742 pactis,
2046 704 2143 744 atque
2163 701 2265 732 etiam

1275 751 1511 782 iusiurandum
1529 754 1559 782 et
1582 761 1697 792 pacem
1721 762 1785 782 uon
1811 753 1974 790 servavit,
2008 753 2114 784 visum
2135 755 2184 783 est
2201 750 2265 783 Se-

1275 802 1371 833 natui
1387 801 1568 845 populoque
1585 802 1709 844 leyaios
1726 803 1769 834 ad
1782 813 1856 835 eum
1873 804 2004 835 mittere
2015 827 2025 842 ‚
2053 803 2110 846 qui
2132 812 2206 833 cum
2228 811 2265 833 eo

1273 852 1442 885 disserant
1467 856 1497 884 el
1515 853 1709 892 hortentur,
1736 855 1901 895 primum,
1930 858 1964 886 ut
1988 854 2077 886 inter
2103 863 2164 885 nos
2187 862 2265 884 con-

1273 903 1419 935 cordiam
1439 903 1521 935 colat
1537 908 1634 948 atque
1647 909 1746 946 pacta
1755 919 1765 943 ,-
1791 906 1847 938 ,ςὶιι
1864 906 1976 937 minus
1985 928 1996 943 ,
2022 908 2057 937 ut
2073 904 2118 937 ad
2133 902 2266 936 consul-

1273 955 1411 986 tandum
1432 959 1560 996 tempus
1578 955 1780 998 reipublicae
1796 962 1828 990 et
1853 957 2006 989 inducias
2029 955 2183 987 concedat
2207 964 2265 986 us-

1274 1016 1334 1049 que
1351 1005 1394 1036 ad
1410 1017 1554 1038 mensem
1571 1007 1804 1039 februarium.
1863 1007 1970 1040 Electa·
1984 1010 2062 1039 sunt
2076 1017 2122 1038 ex
2136 1006 2267 1039 Senatu

1273 1056 1391 1088 Simus
1420 1058 1680 1100 Anayyrasius,
1731 1058 1959 1102 Euthydemus
1987 1057 2186 1101 Phlyasias,
2236 1060 2268 1089 et

1273 1107 1408 1150 Alopeci
1412 1119 1449 1140 us
1465 1108 1664 1151 Bolayoras.

1570 1189 1706 1222 Aliud
1731 1189 1974 1222 Decretum.

1373 1259 1445 1290 Hei
1447 1269 1485 1300 op
1484 1257 1565 1300 δ[ΙΙιο
1590 1262 1747 1300 praetore
1769 1269 1879 1289 mense
1902 1258 2069 1305 Ianuario
2095 1258 2264 1292 decretum

1272 1309 1366 1341 ducis
1391 1310 1581 1341 exercitus.-
1613 1309 1775 1347 Quoniam
1794 1308 1970 1349 Philippus
1994 1320 2053 1341 nos
2076 1313 2107 1342 et
2132 1309 2263 1342 Theba-

1273 1371 1332 1392 nos
1349 1359 1501 1392 alienare
1516 1363 1657 1391 conatur
1666 1383 1676 1398 ,
1706 1363 1740 1391 ut
1762 1371 1800 1390 ea
1824 1359 1912 1397 loca,
1947 1371 2030 1403 quae
2053 1365 2132 1393 sunt
2153 1361 2265 1405 vicina

1271 1412 1425 1449 Atticae,
1455 1410 1519 1442 rull
1537 1410 1694 1442 invadere
1712 1410 1844 1442 violatis
1858 1411 1989 1450 pactis,
2018 1411 2124 1443 visum
2136 1412 2267 1454 estSe-

1273 1462 1369 1507 ualui
1384 1462 1564 1506 populoque
1580 1461 1712 1492 mittere
1730 1461 1774 1492 ad
1786 1471 1860 1492 eum
1874 1459 2027 1501 fecialem
2046 1473 2119 1494 cum
2136 1461 2266 1505 legatis,

1272 1514 1328 1557 qui
1344 1513 1511 1553 postulent
1526 1516 1556 1544 et
1573 1516 1748 1551 moneant,
1778 1516 1811 1544 ut
1830 1512 1983 1544 inducias
1996 1511 2126 1555 faciat,
2154 1517 2191 1546 at
2203 1523 2266 1555 po-

1269 1563 1368 1607 pulus
1383 1563 1423 1595 de
1442 1563 1610 1605 republica
1630 1563 1801 1595 consulere
1815 1563 1939 1604 possin
1975 1574 2063 1596 nunc
2085 1565 2175 1596 enim
2198 1575 2266 1597 non

1270 1616 1453 1648 decrevisse
1483 1626 1561 1660 eum¹
1586 1625 1676 1656 opem
1704 1612 1798 1656 serre
1830 1615 1865 1646 ἱη
1898 1613 1965 1646 ulla
2008 1625 2044 1646 re
2083 1615 2266 1648 moderata.

1271 1667 1367 1700 Lecti
1391 1670 1469 1698 sunt
1494 1677 1510 1697 e
1531 1666 1660 1698 Senatu
1677 1665 1854 1697 nem-chus
1869 1665 2039 1697 Sosiuomi
2058 1664 2172 1706 filius,
2197 1667 2264 1699 Po·

1271 1718 1416 1761 lycrates
1442 1717 1647 1762 Epiphronis
1665 1714 1776 1757 filius,
1818 1720 1849 1748 et
1874 1717 2071 1749 caduceator
2095 1718 2265 1750 Eunomus

229 1788 457 1820 certaremus,
486 1781 519 1813 id
540 1793 584 1813 ne
604 1782 714 1819 fieret,
742 1793 882 1825 semper
899 1781 1032 1821 curavi,
1060 1793 1124 1814 nec
1139 1793 1219 1813 meo
1244 1785 1245 1822 j
1270 1768 1518 1812 A'WPMHSW‘S
1536 1779 1553 1799 θ
1567 1767 1696 1809 impum-

229 1838 366 1864 tantum
394 1832 540 1865 consilio
567 1832 601 1864 id
620 1834 786 1876 prodesse
807 1832 941 1865 civitati
958 1832 1132 1871 iudicavi,
1160 1832 1221 1864 sed

229 1883 381 1916 sciebam
398 1881 690 1927 Aristophantem
711 1890 744 1917 et
761 1883 962 1923 Eubulum,
991 1883 1055 1917 etsi
1082 1883 1118 1916 in
1143 1883 1221 1916 aliis
1244 1885 1247 1890 ’

229 1934 380 1977 negotiis
395 1947 498 1978 saepe
516 1934 783 1975 dissentiebant,
809 1941 929 1968 tamen
946 1935 983 1967 in
1003 1933 1068 1968 hac
1085 1947 1122 1968 re
1139 1946 1221 1967 con-
1245 1951 1247 1957 ¹

917 1993 955 2019 ut
980 1987 1115 2019 vicinos
1139 1998 1221 2018 con-
1246 2009 1247 2013 ,

498 2036 571 2070 Hos
603 2037 699 2070 viros
731 2037 915 2081 vulpecula
952 2050 1031 2070 cum
1064 2031 1247 2080 riventes¹

1384 1844 1506 1878 Recita
1527 1843 1633 1877 etiam
1651 1854 1819 1886 responsa
1835 1841 1919 1889 3⁰³),

1456 1924 1692 1966 Responsio
1718 1921 2078 1955 Atheniensibus.

1271 1989 1496 2027 Macedonum
1520 2003 1584 2023 rez·
1595 1991 1778 2041 Philippus
1797 1989 1943 2022 Senatui
1961 1989 2142 2034 populoque
2155 1990 2263 2024 Athe-

1601 2043 1768 2074 niensium
1789 2040 1940 2072 salutem.
2219 2062 2223 2069 2

1376 2112 1548 2151 Quaenam
1564 2114 1651 2142 vestr
1653 2122 1673 2142 a
1687 2107 1794 2151 fuerit
1809 2120 1889 2151 erya
1905 2119 1955 2140 me
1977 2120 1998 2140 a
2015 2109 2186 2151 principio
2208 2120 2262 2142 υο-

1273 2164 1384 2196 luntas
1399 2167 1431 2195 et
1446 2163 1609 2200 studium,
1639 2172 1705 2193 nou
1724 2161 1859 2203 iquoro,
1886 2164 1917 2192 et
1939 2171 2036 2204 quam
2061 2171 2177 2192 curam
2198 2161 2261 2193 ad-

1246 2223 1248 2252 ,1
1271 2215 1468 2253 Ιιῖόιιενῖΐῖε,
1504 2217 1539 2246 ut
1561 2225 1582 2245 α
1605 2223 1655 2244 me
1677 2212 1861 2244 avocaretis
1881 2211 2056 2244 Thessalos
2081 2215 2113 2243 et
2131 2210 2261 2243 Theba-

1275 2277 1343 2299 nos.
1413 2266 1513 2297 Nunc
1540 2274 1633 2302 cero,
1674 2264 1828 2306 quoniam
1863 2262 1996 2295 illorum
2023 2261 2160 2294 meliora
2181 2265 2262 2295 suut

1273 2317 1433 2355 consilia,
1476 2327 1534 2347 nec
1564 2314 1674 2347 volunt
1704 2325 1792 2356 spem
1813 2321 1951 2347 suarum
1974 2323 2088 2348 rerum
2111 2314 2147 2345 in
2173 2312 2262 2345 vobis

1247 2374 1249 2381 '
1272 2370 1373 2402 sitam
1389 2378 1477 2405 esse,
1509 2367 1566 2398 sed
1590 2367 1623 2397 in
1649 2365 1720 2396 suis
1744 2365 1930 2397 rationibus
1952 2367 2260 2402 constantes-sunt.-

1275 2432 1363 2453 nunc
1379 2430 1450 2458 cos,
1477 2421 1606 2449 mutata
1622 2418 1788 2449 sententia
1804 2420 1836 2448 et
1854 2417 1984 2448 ratione
2007 2416 2120 2451 missis
2142 2415 2187 2447 ad
2210 2422 2260 2447 me

1307 2525 1355 2553 29)
1374 2523 1475 2553 recita]
1507 2523 1547 2546 sic
1571 2522 1730 2553 scripsimus
1754 2525 1802 2552 (=
1819 2523 1959 2546 Demostn.
1983 2521 2077 2554 λέγε);
2109 2521 2161 2545 Ed.
2180 2520 2256 2547 156².

1340 2559 1438 2583 recito.

1307 2603 1356 2632 30)
1374 2601 1543 2630 Erechthea]
1568 2601 1618 2624 Ed.
1633 2601 1706 2625 1562.
1725 2601 1812 2625 male:
1841 2601 1982 2624 Erechtea.

1308 2645 1374 2678 30³)
1402 2646 1497 2671 Recita
1518 2645 1597 2668 etiam
1610 2646 1768 2675 responsa]
1786 2646 1853 2668 haec
1865 2641 2056 2667 Demosthenis
2069 2643 2153 2666 verba
2167 2642 2194 2666 iu
2208 2643 2259 2669 1311.
2302 2660 2306 2663 .

1323 2702 1328 2708 ,
1342 2680 1417 2704 1562.
1437 2680 1512 2710 typis
1531 2679 1568 2703 ita
1587 2681 1652 2702 sunt
1671 2680 1825 2710 exscripta,
1845 2678 1921 2709 quasi
1937 2678 2021 2701 verba
2035 2677 2157 2701 extrema
2172 2682 2255 2707 prae-

1244 2733 1250 2742 .
1276 2723 1278 2727 ¹
1308 2724 1328 2736 s·
1342 2714 1463 2739 cedentis
1481 2714 1583 2738 decreti
1602 2715 1704 2738 esseut.
