2351 2990
131 107 201 143 361
258 104 378 142 XXIII.

132 200 212 228 stat.
284 193 408 227 Primo
438 193 532 226 enim
563 203 685 225 causas
716 191 879 235 exponit,
922 203 984 225 cur
1009 192 1052 225 de
1086 204 1124 225 re

130 245 271 289 agraria
290 246 335 278 ad
353 250 513 278 senatum
531 243 728 287 scripserit,
756 248 796 276 ut
811 255 893 276 suos
910 242 1040 276 milites
1067 256 1124 276 or-

130 303 243 330 naret.
297 295 480 335 Secundo,
516 307 578 328 cur
603 305 678 328 non
700 294 887 327 dimicaret
911 306 990 327 cum
1014 292 1124 328 hosti-

128 348 206 381 bus.
259 346 403 386 Tertio,
430 347 473 378 de
490 345 641 379 Octavio
659 344 810 379 Caesare
826 346 1002 390 quaedam
1027 358 1123 378 com-

130 404 325 437 memorat,
370 403 403 429 et
432 409 513 430 eum
545 398 728 430 moderate
754 396 913 436 incusat,
952 409 996 430 ne
1023 396 1060 431 id
1082 409 1123 430 ex

130 450 214 481 odio
240 450 353 482 sacere
376 447 551 482 videatur.
614 448 740 482 Noluit
772 447 867 480 enim
890 447 1061 482 Octavius
1087 460 1123 481 se

128 499 342 543 coniungere
359 510 438 532 cum
454 499 609 539 Planco,
643 500 704 533 sed
728 499 851 532 relicto
879 499 971 532 bello
996 510 1123 532 consu-

127 550 240 583 latum
263 549 416 594 petebat.
477 548 517 583 In
541 550 610 583 fine
634 562 737 584 suum
763 549 950 584 consilium
977 549 1123 594 gerendi

127 600 260 634 bellum
284 600 451 635 ostendit.

372 683 510 717 Aliud
550 690 876 728 argumentum.

229 751 460 785 Nuntiatoria
496 757 547 784 est
580 751 728 795 epistola
765 753 808 784 de
850 763 913 785 suo
955 750 1121 790 exercitu,

128 814 234 848 quem
249 802 366 836 noluit
382 802 537 835 incertae
561 802 726 835 fortunae
752 802 836 834 belli
860 807 1009 845 propter
1032 801 1122 834 mul-

128 860 182 887 tas
198 865 320 887 causas
337 853 570 891 committere,
594 858 628 885 et
645 854 687 885 de
704 852 917 896 suspicione,
935 864 1043 896 quam
1060 850 1121 885 ha-

128 905 189 937 bet
212 905 255 937 de
281 903 432 937 Octavio
458 904 629 942 Caesare,
673 904 770 948 quod
804 915 881 936 cum
904 902 1064 936 Antonio
1088 910 1122 936 et

128 954 266 999 Lepido
284 953 542 998 conspiraverit
566 959 689 986 contra
715 953 944 986 autoritatem
968 960 1121 988 senatus.

128 1006 280 1039 Orditur
304 1011 422 1037 autem
453 1015 472 1036 a
504 1004 700 1047 gratiarum
735 1004 893 1044 actione,
937 1005 992 1037 cui
1023 1005 1122 1037 addit

127 1055 509 1089 commemorationem
540 1055 751 1088 meritorum
782 1055 982 1094 Ciceronis,
1027 1068 1121 1088 eam-

129 1119 197 1153 que
229 1106 421 1149 amplificat
451 1106 630 1148 eleganter
662 1106 852 1138 collatione
882 1107 1058 1138 sactorum
1089 1113 1122 1138 et

127 1158 333 1191 verborum.
386 1155 462 1189 Hac
487 1156 830 1189 commemoratione
853 1157 966 1189 utitur
990 1157 1122 1200 princi-

127 1209 210 1253 pio,
243 1214 284 1241 ut
304 1206 635 1252 aliquidssignificet
658 1207 700 1240 de
726 1207 910 1241 occasione
933 1208 1120 1242 scribendi.

127 1259 266 1292 Deinde
290 1258 388 1291 addit
416 1257 681 1297 narrationem,
723 1270 813 1303 quae
849 1264 900 1291 est
928 1260 1119 1302 praecipua

127 1323 210 1355 pars
227 1308 331 1343 huius
348 1307 529 1352 epistolae.
581 1308 745 1341 Primum
768 1309 810 1342 de
833 1309 965 1349 causis,
993 1309 1120 1354 quibus

127 1368 246 1395 motus
278 1359 419 1404 petierit
450 1370 470 1391 a
497 1365 623 1393 senatu
651 1359 797 1404 aliquod
827 1360 1027 1403 praemium
1050 1360 1120 1394 suis

128 1412 311 1445 militibus.
377 1409 515 1443 Deinde
549 1411 592 1443 de
622 1411 790 1451 consilio,
830 1422 941 1456 quare
965 1411 1122 1444 noluerit

130 1463 318 1506 confligere
333 1473 412 1494 cum
430 1459 602 1501 hostibus,
631 1473 710 1494 cum
728 1467 816 1495 esset
830 1461 913 1495 satis
929 1461 1121 1496 instructus

127 1512 355 1547 multitudine
375 1512 540 1546 militum.
592 1511 781 1545 Postremo
805 1513 848 1545 de
865 1512 1016 1547 Octavio
1036 1514 1121 1546 Cae-

129 1577 219 1604 sare,
243 1563 304 1608 qui
320 1563 507 1607 denegavit
522 1563 738 1606 reipublicae
755 1576 856 1597 suam
875 1576 1020 1607 operam
1038 1577 1121 1597 con-

129 1622 185 1648 tra
205 1614 423 1654 Antonium,
460 1614 521 1659 qui
544 1614 652 1647 etiam
673 1615 796 1647 relicto
820 1615 913 1647 bello
938 1616 1122 1650 constituit

128 1666 283 1699 Romam
311 1665 408 1697 abire
434 1666 478 1697 ad
502 1666 695 1708 petendum
721 1666 957 1700 consulatum.
1028 1666 1121 1700 Con-

130 1717 239 1750 clusio
274 1714 381 1748 habet
414 1715 708 1759 significationem
743 1716 798 1749 sui
833 1717 991 1757 consilii,
1034 1718 1121 1763 quid

128 1780 240 1813 porro
264 1768 420 1800 facturus
443 1766 488 1799 sit
511 1778 590 1799 cum
613 1778 677 1800 suo
706 1767 872 1801 exercitu.
924 1767 964 1800 In
981 1769 1050 1801 fine
1071 1775 1122 1802 est

127 1818 244 1853 brevis
263 1817 401 1863 petitio.

376 1901 512 1935 Aliud
542 1907 871 1945 argumentum.

230 1969 426 2003 Exordium
453 1970 599 2002 ductum
633 1976 684 2003 est
715 1981 734 2002 a
767 1969 982 2013 gratitudine
1014 1969 1120 2002 bene-

129 2020 311 2061 ficiorum,
345 2027 380 2053 et
401 2018 508 2053 habet
526 2021 802 2060 correctionem,
834 2018 924 2053 nihil
941 2033 1012 2054 esse
1031 2033 1119 2064 opus

129 2073 222 2106 inter
249 2072 380 2105 amicos
405 2083 534 2115 magna
558 2072 755 2116 gratiarum
784 2072 934 2105 actione.
1004 2072 1119 2104 Habet

129 2123 215 2157 item
247 2123 533 2156 extenuationem
564 2122 618 2157 sui
650 2123 776 2162 officii,
814 2124 905 2155 facta
930 2122 1118 2156 collatione

128 2175 321 2208 verborum
340 2180 373 2206 et
389 2186 520 2208 rerum.
580 2174 748 2219 Sequitur
773 2174 952 2214 narratio,
988 2174 1024 2206 in
1049 2186 1117 2219 qua

127 2225 286 2270 primum
310 2225 455 2269 exponit
476 2238 577 2259 suum
600 2226 808 2265 consilium,
837 2237 946 2270 quare
963 2225 1119 2268 postula-

128 2276 220 2309 verit
245 2276 383 2319 agraria
409 2289 556 2310 munera
589 2289 655 2321 pro
689 2277 760 2310 suis
790 2277 979 2313 militibus;
1023 2276 1118 2317 item,

130 2339 239 2373 quare
262 2327 437 2360 distulerit
460 2325 630 2361 hactenus
655 2328 799 2362 bellum.
860 2328 997 2360 Deinde
1021 2327 1119 2360 addit

126 2381 169 2412 de
187 2390 338 2412 numero
357 2379 410 2411 sui
428 2379 617 2419 exercitus,
646 2380 708 2424 qui
727 2379 790 2413 etsi
813 2379 975 2412 videatur
995 2391 1118 2412 nume-

124 2442 225 2464 rosus
242 2429 356 2468 valde,
372 2436 490 2462 tamen
508 2436 557 2463 est
572 2431 732 2464 infirmus
750 2432 794 2464 ad
811 2431 1042 2464 resistendum
1055 2443 1117 2474 po-

125 2480 329 2515 tentissimis
347 2479 517 2515 hostibus.
568 2482 754 2515 Postremo
774 2488 912 2515 accusat
929 2482 1116 2515 Octavium

126 2533 332 2573 Caesarem,
361 2533 457 2578 quod
477 2532 586 2575 egerit
601 2533 684 2566 satis
705 2533 913 2573 infideliter,
942 2533 1039 2567 cuius
1062 2546 1117 2566 so-

125 2584 192 2619 lius
211 2586 312 2630 culpa
331 2585 367 2617 in
389 2582 482 2616 hunc
506 2595 617 2628 usque
644 2584 738 2617 diem
764 2585 895 2618 bellum
919 2591 1114 2618 extractum

123 2635 178 2670 sit.
229 2636 320 2670 Huic
344 2636 421 2669 loco
446 2634 588 2668 additur
615 2635 821 2676 consilium,
852 2643 891 2669 ut
914 2648 1020 2682 quam
1043 2635 1116 2680 pri-

123 2700 221 2721 mum
243 2700 306 2732 per
328 2688 464 2720 litteras
487 2691 613 2730 agatur
638 2698 717 2719 cum
733 2686 903 2728 Octavio,
934 2700 978 2721 ne
1003 2700 1044 2720 eo
1070 2687 1115 2720 sit

430 105 738 141 ARGUMENTA
763 104 827 140 ΕΤ
855 103 1062 140 SCHOLIA
1089 104 1136 141 IN
1163 107 1312 146 EPIST.
1340 110 1453 147 FAM.
1481 111 1565 148 CIC.
1591 111 1679 148 LIB.
1689 113 1731 148 X.
1757 113 1829 150 ΕΡ.
1839 115 1899 150 23.
1910 113 2041 151 2425.

2096 115 2169 150 362

1179 196 1300 230 animo
1318 209 1398 242 erga
1415 198 1684 243 rempublicam.
1737 199 1776 233 In
1792 201 1860 233 fine
1886 207 1937 234 est
1954 201 2165 245 pollicitatio

1177 259 1260 281 suae
1277 248 1480 293 diligentiae
1497 250 1534 283 in
1556 250 1743 294 diligenter
1765 251 2048 286 administrando
2074 252 2166 285 bello

1178 311 1242 343 pro
1259 300 1411 334 utssitate
1428 301 1654 346 reipublicae.

1391 385 1527 420 Aliud
1564 394 1877 432 argumentum
1891 387 1949 434 Ἥ).

1276 452 1471 487 Exordium
1509 452 1615 488 habet
1650 455 1844 499 gratiarum
1880 455 2055 488 actionem
2071 481 2080 492 ,
2134 462 2166 487 et

1177 505 1554 538 commemorationem
1573 507 1782 540 meritorum
1794 507 1986 540 Ciceronis.
2027 505 2165 539 Deind‹¹

1176 561 1311 595 narrat,
1328 568 1390 589 cur
1405 556 1547 601 petierit
1561 558 1732 591 militibus
1748 558 1819 592 suis
1834 557 2044 591 divisionem
2063 569 2165 601 agro-

1176 616 1274 643 rum;
1317 606 1401 639 item
1432 608 1474 640 de
1502 608 1656 642 consiliis
1683 609 1772 649 suis,
1814 621 1875 643 cur
1898 607 2068 642 hactenus
2090 620 2164 640 non

1177 656 1374 690 c011ss1xerit
1397 670 1475 691 cum
1501 656 1613 693 hoste.
1667 660 1802 693 Ultimo
1827 661 1905 693 loco
1933 667 1984 693 est
2003 659 2163 692 narratio

1175 707 1218 739 de
1234 707 1413 751 Augusto,
1442 721 1547 754 quem
1565 717 1726 750 accusat,
1753 712 1849 756 quod
1876 723 1954 744 cum
1979 711 2079 743 facile
2104 722 2165 753 po-

1175 757 1297 791 tuisset
1322 759 1499 793 Antonius
1523 761 1678 805 opprimi
1704 762 1900 795 coniunctis
1921 761 2049 806 copiis,
2094 761 2166 805 ipse

1175 809 1297 842 relicto
1314 810 1406 843 bello
1420 837 1428 851 ,
1456 812 1498 843 de
1516 813 1700 845 consulatu
1720 813 1764 845 sit
1790 812 1979 852 sollicitus,
2014 812 2166 844 dederit-

1176 873 1243 905 que
1259 861 1411 905 spatium
1430 874 1531 895 mora
1550 875 1626 903 sua,
1654 870 1691 896 ut
1708 864 1958 896 confirmarent
1978 863 2070 897 vires
2087 875 2166 896 suas

1174 912 1350 946 Antonius
1374 919 1406 945 et
1422 912 1587 958 Lepidus.

1420 998 1553 1032 Aliud
1582 1005 1911 1043 argumentum.

1278 1063 1373 1096 Haec
1390 1065 1536 1109 epistola
1555 1066 1672 1110 primo
1691 1066 1848 1099 continet
1871 1064 2063 1098 officiosam
2088 1076 2166 1107 gra-

1176 1113 1305 1148 tiarum
1333 1115 1528 1153 actionem;
1570 1118 1698 1150 deinde
1734 1116 1977 1149 narrationem
2004 1117 2046 1148 (le
2072 1121 2166 1148 statu

1174 1176 1293 1198 rerum
1323 1172 1357 1198 et
1390 1168 1433 1199 de
1465 1168 1636 1207 exercitu3
1690 1174 1872 1212 postremo
1904 1166 2165 1201 accusationem

1174 1215 1316 1249 Octavii
1332 1217 1504 1253 Caesaris.

1300 1319 1484 1354 Scholia
1520 1321 1565 1354 in
1600 1322 1841 1366 epistolam
1870 1320 2044 1365 XXV.'¹‘²).

1278 1396 1308 1442 §-
1330 1399 1362 1432 1.
1389 1401 1431 1434 Si
1455 1397 1613 1445 interest]
1642 1398 1832 1431 Dilemma.
1892 1397 1957 1431 Est
1981 1397 2075 1430 enim
2100 1397 2163 1428 ‹lu-

1173 1449 1253 1492 plex
1270 1450 1486 1494 propositio:
1515 1450 1551 1483 Si
1566 1448 1722 1495 isthie‘ffl)
1739 1448 1937 1493 respublica
1954 1460 2043 1492 opus
2059 1445 2166 1480 habet

1175 1512 1283 1544 opera
1300 1507 1360 1533 tua
1373 1527 1382 1541 ,
1409 1513 1453 1533 ne
1471 1513 1624 1545 propera
1642 1501 1685 1533 ad
1706 1506 1924 1544 praeturam.

1277 1549 1307 1594 §-
1326 1553 1361 1586 2.
1389 1552 1484 1597 8544)
1502 1557 1612 1585 teretem
1629 1549 1860 1598 satisfactum]
1888 1550 2007 1583 Altera
2032 1561 2165 1593 propo-

1174 1601 1311 1635 sitionis
1330 1614 1430 1646 pars:
1460 1603 1495 1636 Si
1516 1601 1617 1636 isthic
1635 1602 1832 1646 respublica
1849 1614 1923 1634 non
1933 1601 1979 1647 4⁵)
2000 1598 2107 1633 habet
2116 1599 2162 1645 ¹¹⁶)

1175 1665 1263 1696 opus
1281 1665 1389 1697 opera
1408 1660 1466 1687 tua
1480 1681 1489 1693 ,
1516 1654 1599 1686 veni
1615 1654 1769 1686 Romam
1779 1652 1838 1697 ²¹⁷).
1916 1652 2022 1687 Multi·
2041 1652 2165 1685 claris-

1173 1702 1271 1751 simi]
1306 1705 1361 1737 Ab
1386 1705 1565 1749 exemplis.
1664 1706 1765 1738 Video
1788 1701 1984 1750 cceeten2“⁸)]
2018 1702 2072 1734 Ab
2102 1714 2164 1745 op-

1173 1762 1342 1799 portuno.

1278 1805 1307 1850 ἓ.
1324 1807 1359 1840 3.
1387 1808 1531 1840 Omnino
1547 1819 1597 1840 me
1616 1803 1737 1852 plura]
1761 1805 1943 1849 Epilogus.

1473 1888 1531 1922 Ar
1541 1901 1560 1933 g
1571 1902 1638 1922 um
1649 1901 1666 1921 e
1676 1901 1697 1921 n
1708 1895 1721 1921 t
1731 1902 1797 1922 um
1808 1888 1867 1933 4⁰).

1276 1955 1365 1988 Cum
1385 1955 1508 1988 Cicero
1527 1955 1716 1998 accepisset
1731 1954 1905 1987 Furnium
1923 1953 2045 1986 relicto
2071 1953 2162 1985 bello

1172 2006 1327 2038 Romam
1348 2006 1392 2038 ad
1417 2006 1608 2050 petendam
1629 2011 1834 2049 praeturam
1862 2015 2057 2048 properare
2082 2015 2166 2036 con-

1205 2125 1253 2152 4¹)
1274 2124 1538 2181 Hoctai·gi11nentiim
1557 2124 1583 2148 et
1608 2130 1727 2154 sequens
1749 2119 1780 2147 'in
1801 2123 1884 2148 Editt.
1909 2123 2100 2148 1565—1596.
2118 2123 2163 2147 in-

1240 2165 1338 2181 venum
1355 2164 1395 2181 ur.

1207 2202 1254 2229 42)
1274 2201 1337 2226 Mel.
1356 2202 1520 2231 argumento
1537 2201 1846 2230 Editt.1537—1554.,
1871 2201 1960 2232 ¹552,
1983 2201 2068 2229 1560„
2088 2201 2162 2225 1601.

1241 2236 1337 2293 infantiae
1357 2236 1473 2265 epistola
1491 2237 1518 2259 et
1542 2243 1591 2260 sex
1616 2236 1792 2266 sequentibus
1811 2236 2096 2265 (XXVL—xxxm
2116 2241 2163 2259 ca-

1205 2312 1253 2339 43)
1275 2312 1370 2340 isthic]
1392 2312 1440 2335 Ed.
1463 2312 1539 2337 1545,
1560 2312 1649 2337 istinc.

1206 2356 1253 2382 44)
1274 2356 1320 2383 si]
1339 2355 1378 2378 sic
1401 2355 1464 2378 iliae
1482 2356 1566 2380 Editt.
1587 2357 1614 2379 et
1633 2356 1686 2386 al.;
1712 2356 1760 2380 Ed.
1784 2355 1868 2379 orell.
1889 2357 1950 2380 Sin.

1205 2399 1252 2425 45)
1271 2399 1340 2426 non]
1362 2398 1409 2422 Ed.
1432 2399 1506 2422 1545.
1526 2399 1601 2422 nihii.

1205 2441 1253 2469 465)
1273 2441 1367 2469 hahet]
1392 2441 1441 2464 Ed.
1463 2442 1537 2466 1560.
1558 2442 1664 2464 habeat.

1204 2483 1251 2513 47)
1273 2484 1346 2507 Haec
1374 2485 1439 2507 nota
1463 2483 1490 2506 in
1516 2483 1598 2507 Editt.
1624 2483 1713 2510 ¹545,

1239 2524 1318 2540 unani
1345 2518 1385 2541 sie
1415 2518 1460 2540 est
1486 2518 1644 2541 coniuncta:
1675 2518 1707 2541 ,ςὶ
1726 2517 1863 2547 interest]
1885 2518 2025 2542 [memma.
2063 2521 2112 2543 Est
2130 2534 2162 2537 ψ-

1240 2553 1274 2575 ad
1294 2554 1461 2581 praeturam.
1497 2552 1594 2574 Altera
1612 2551 1817 2580 propositiones
1838 2566 1871 2569 -
1894 2554 1956 2576 veni
1976 2555 2097 2578 Romani.

1204 2595 1251 2621 48)
1273 2594 1326 2616 Pro
1353 2595 1394 2616 liis
1415 2594 1470 2618 Cic.
1496 2594 1588 2617 verbis
1614 2594 1640 2617 in
1667 2594 1750 2618 Editt.
1774 2596 1865 2621 ¹545..
1894 2597 1968 2620 1560.
1993 2597 2053 2620 huic
2079 2601 2162 2621 notae

1237 2629 1359 2658 praefixa
1378 2629 1443 2651 sunt
1462 2628 1669 2652 antecedentia:
1695 2628 1781 2653 Nunc
1800 2630 1873 2654 nihi!
1890 2633 2133 2661 praetermittere.

1201 2671 1248 2698 49)
1270 2672 1327 2694 l-loc
1346 2672 1535 2698 argumentum
1555 2671 1581 2695 et
1600 2671 1652 2695 duo
1672 2672 1816 2703 sequentia
1835 2674 1868 2697 ab
1884 2673 1968 2700 Editt.
1987 2674 2076 2704 1556„
2098 2674 2163 2698 1565

1234 2705 1353 2728 -1596.
1375 2704 1542 2729 exhibentur.

1747 2483 1820 2507 1560.
1853 2490 1910 2507 cnm
1938 2485 2109 2513 praecedenti
2136 2487 2163 2509 in
