2294 2975
74 119 119 154 81
157 116 279 153 XXIII.
313 115 625 152 ARGUMENTA
649 114 715 150 ET
742 114 948 150 SCHOLIA
974 113 1023 151 IN
1049 113 1197 150 EPIST.
1225 113 1338 150 FAM.
1368 115 1451 151 CIC.
1479 115 1568 153 LIB.
1584 116 1625 153 Η.
1653 117 1727 154 ΕΡ.
1745 121 1802 157 12.
1824 122 1882 158 13.
1900 123 2037 162 14.15.
2072 128 2121 164 82

176 203 207 249 ξ.
228 207 264 241 2.
296 206 405 248 Spero
424 203 501 248 fore
525 204 706 238 iucundum
724 200 908 250 yenerum]
945 201 982 236 id
1007 208 1069 243 est,

72 257 172 302 quod
189 256 377 291 Dolabella
395 255 493 289 ducit
509 267 627 288 meam
644 254 755 287 filiam
764 254 825 302 4¹).

289 340 428 374 Aliud
456 338 846 386 argumentumffl).

171 410 381 455 Respondet
400 408 514 442 tribus
539 407 696 453 epistolis
724 407 854 448 Caelii,
880 406 953 442 XII.
977 407 1067 442 XIV.

70 468 105 495 et
123 461 198 496 XV.
252 461 372 506 Quare
389 466 529 494 constat
545 457 634 493 haec
658 459 807 504 epistola
832 466 988 505 quatuor
1015 460 1066 493 di-

68 513 179 547 versis
202 512 482 546 narrationibus.
535 511 657 545 Prima
675 511 837 544 narratio
855 517 906 545 est
923 512 965 544 de
985 524 1066 556 sup-

68 564 275 609 plicatione,
304 576 395 609 quae
413 558 669 597 decernebatur
685 563 962 607 imperatoribus
982 576 1064 608 pro-

68 615 346 660 vi11ciaru1n⁴³)‚
380 628 398 647 a
423 615 550 660 quibus
573 627 629 648 res
651 615 832 657 praeclare
856 621 951 659 gesta
978 621 1064 655 erat,

68 667 107 700 in
126 680 195 713 qua
212 668 439 712 impetranda
457 667 580 700 laudat
603 666 824 709 diligentiam
851 679 889 698 ac
916 667 1063 699 fidelita—

67 725 138 752 tem
159 719 269 752 Caelii
287 725 320 751 et
340 718 518 752 Curionis.
576 718 709 762 Estque
737 718 842 761 plane
866 718 1060 761 gratiarum

68 770 161 803 actio
179 782 245 815 pro
265 771 326 803 illo
346 770 474 803 officio.
528 769 687 802 Secunda
709 775 759 801 est
777 770 819 801 ile
843 781 972 811 genero
989 768 1063 801 Do-

65 822 209 862 lacella,
237 821 334 855 cuius
350 821 510 853 animum
529 826 562 853 et
578 832 695 853 mores
713 817 803 852 nihil
821 819 957 852 dubitat
975 820 1062 853 alios

63 874 142 906 sore
164 873 418 906 consuetudine
445 878 478 904 et
500 872 637 916 pudore
668 883 750 903 suae
780 871 884 904 filiae.
946 871 1059 904 Multa

68 924 163 957 enim
189 930 291 957 erant
313 924 351 956 in
371 923 532 956 moribus
552 921 779 961 Dolabellae,
821 934 911 967 quae
941 935 1060 967 repre-

66 974 175 1009 hendi
190 981 375 1019 poterant,
402 980 435 1007 et
451 974 640 1017 scripserat
655 972 792 1017 Appius
815 985 854 1006 ea
878 974 921 1006 de
947 986 985 1007 re
1004 974 1060 1008 Ci-

67 1026 208 1067 ceroni,
243 1026 340 1071 quod
358 1025 466 1058 filiam
483 1037 584 1058 suam
601 1023 741 1057 homini
757 1025 908 1069 prodigo
927 1032 961 1059 et
978 1038 1058 1059 aere

64 1077 182 1111 alieno
208 1089 377 1122 oppresso
400 1077 438 1109 in
463 1088 612 1110 uxorem
644 1076 861 1110 collocasset.
930 1077 1059 1110 Scribit

62 1128 172 1173 igitur
188 1128 312 1162 Cicero
324 1155 333 1169 ‚
359 1129 435 1160 sore
451 1134 489 1160 ut
505 1129 609 1160 ducta
627 1140 738 1160 uxore
754 1125 922 1160 nonnihil
944 1136 1058 1162 mute—

63 1186 141 1221 tur,
178 1179 268 1213 sicut
290 1179 482 1224 proverbio
507 1179 644 1212 dicunt:
687 1179 800 1212 Multa
830 1180 933 1212 docet
956 1193 1057 1215 uxor.

64 1230 187 1265 Tertia
204 1231 365 1264 narratio
390 1230 548 1263 continet
575 1229 761 1263 consilium
786 1237 819 1263 et
844 1232 1055 1265 sententiam

62 1294 164 1316 suam
188 1283 231 1315 de
255 1282 349 1315 bello
374 1282 494 1315 futuro
521 1282 615 1314 inter
637 1281 824 1315 Caesarem
852 1289 886 1315 et
902 1283 1058 1328 Pompe-

62 1333 157 1375 ium,
184 1346 338 1379 quorum
355 1333 474 1367 neutri
491 1334 656 1366 accedere
672 1333 757 1366 velit
782 1345 862 1366 cum
888 1335 1057 1379 reipubli-

62 1397 124 1419 cae
147 1385 388 1419 incommodo.
441 1384 577 1418 Ultima
596 1385 757 1417 narratio
776 1382 883 1417 habet
899 1387 1056 1420 rationes

61 1437 118 1470 sui
147 1436 305 1476 consilii,
349 1448 459 1482 quare
490 1437 663 1470 decedens
689 1448 730 1469 ex
752 1437 938 1481 provincia
970 1439 1056 1471 ado-

59 1488 248 1522 lescentem
277 1488 435 1521 Caelium
460 1494 686 1533 quaestorem
715 1488 923 1532 provinciae
954 1502 1056 1534 prae-

59 1540 257 1587 fecerit44),
288 1539 396 1585 idque
422 1552 458 1573 se
480 1540 601 1574 secisse
627 1540 782 1574 ostendit
805 1540 997 1574 autoritate
1023 1548 1056 1574 et

60 1591 222 1636 exemplo
246 1591 492 1624 excellentium
516 1591 676 1625 virorum
702 1592 740 1625 in
767 1592 963 1636 republica.
1014 1591 1055 1625 In

59 1643 129 1675 fine
147 1649 270 1676 monet
278 1643 323 1690 45)
338 1643 381 1676 de
399 1643 612 1688 quibusdam
628 1643 778 1688 privatis
793 1644 958 1688 negotiis,
980 1657 1055 1677 ma-

59 1693 154 1728 xime
169 1706 255 1728 vero
273 1695 315 1727 de
332 1706 396 1727 suo
415 1695 583 1729 adventu.

278 1777 416 1812 Aliud
450 1779 833 1826 argumentum‘ffi).

160 1847 278 1881 Habet
293 1845 381 1881 haec
400 1846 548 1891 epistola
566 1847 724 1881 diversas
741 1847 978 1881 narrationes.
1013 1847 1053 1881 In

58 1899 176 1945 prima
191 1900 314 1933 laudat
332 1899 533 1932 institutum
551 1898 662 1932 Caelii
682 1905 715 1932 et
731 1899 897 1933 Curionis
915 1900 956 1932 de
972 1912 1053 1944 sup-

59 1951 253 1996 plicatione
268 1951 501 1984 decernenda.
545 1950 707 1984 Secunda
726 1958 776 1984 est
794 1952 836 1983 de
855 1963 949 1983 novo
971 1963 1053 1983 con-

59 2003 156 2047 iugio
184 2002 274 2036 filiae
298 2015 382 2036 suae
409 2008 442 2035 et
466 2002 685 2036 Dolabellae.
746 2002 868 2036 Tertia
896 2002 1054 2036 continet

60 2054 286 2088 collationem
312 2066 395 2087 suae
412 2054 606 2087 voluntatis
629 2066 711 2099 erga
733 2054 925 2099 primarios
949 2066 1053 2100 quos-

57 2107 141 2140 dam
156 2105 253 2140 viros
269 2111 303 2139 et
321 2118 401 2150 erga
419 2106 687 2150 rempublicam.
724 2107 860 2152 Quarta
880 2113 913 2140 et
928 2106 1052 2139 ultima

57 2158 220 2191 narratio
245 2163 296 2191 est
318 2159 360 2190 de
387 2157 507 2191 Caelio
535 2158 774 2198 adolescente,
810 2171 915 2204 quem
942 2158 1053 2191 disce-

58 2211 145 2244 dens
163 2210 401 2254 praefecerat,
426 2209 533 2255 idque
551 2222 586 2243 se
605 2210 725 2244 secisse
746 2216 894 2244 testatur
918 2210 1052 2243 autori-

58 2267 130 2294 tate
147 2267 182 2294 et
199 2261 359 2305 exemplo
376 2261 619 2294 excellentium
633 2262 793 2295 virorum
805 2263 841 2295 in
858 2262 1051 2306 republica.

58 2311 187 2356 Incipit
204 2318 322 2345 autem
340 2324 358 2345 a
378 2312 584 2346 laudatione
602 2314 805 2358 diligentiae
825 2313 948 2348 Caelii.

93 2422 142 2450 41)
161 2422 236 2445 Haeo
255 2421 320 2443 nota
338 2419 364 2443 in
383 2419 466 2444 Editt.
488 2420 580 2448 1545..
602 2421 676 2445 1560.
697 2423 740 2445 est
758 2422 868 2446 omissa.

93 2465 140 2493 42)
161 2465 219 2488 Hoc
244 2464 434 2494 argumentum
459 2464 488 2486 in
513 2464 597 2489 Editt.
617 2465 709 2497 1556,
743 2466 947 2490 1565—1596.
972 2465 1051 2489 inve-

127 2499 209 2523 nitur.

91 2541 377 2582 43).pi·9vinciaruin]
403 2540 444 2564 sic
462 2540 510 2564 Ed.
532 2542 624 2572 1556.;
660 2543 745 2568 Editt.
767 2544 958 2568 1565-1577.
984 2550 1052 2574 pro-

125 2582 252 2601 vinciam.

92 2620 140 2647 41)
161 2618 340 2648 praefecerit]
366 2617 405 2640 sic
424 2617 508 2640 Editt.
530 2618 740 2651 1565—1577.;
776 2621 825 2645 Ed.
847 2621 922 2645 1556.
948 2626 1051 2650 propo-

127 2652 223 2676 suerit.

93 2696 141 2723 45)
160 2695 266 2723 monet]
287 2693 326 2718 sic
337 2693 421 2718 Editt.
437 2694 642 2725 1565—1577.;
661 2696 796 2722 Ed.1556.
815 2697 937 2722 breviter
950 2698 1051 2723 monet.

93 2739 140 2766 46]
160 2738 218 2761 Hoc
235 2737 338 2767 legitur
356 2737 384 2760 in
402 2737 487 2760 Editt.
509 2737 700 2764 1565—1596.

63 2782 246 2813 MELANTH.
272 2780 378 2811 OPER.
401 2781 434 2811 V
437 2789 486 2811 οι.
510 2782 617 2812 xvn.

1172 200 1501 247 Argumentum
1537 210 1581 238 et
1612 202 1791 242 scholia
1819 209 1866 243 in
1894 211 2069 256 episto-

1484 256 1572 289 lam
1608 256 1752 304 XV.‘³⁷).

1223 330 1298 364 Hac
1325 331 1474 375 epistola
1500 333 1695 378 respondet
1713 333 1836 368 Cicero
1863 338 1907 370 ad
1930 339 2119 383 epistolam

1121 381 1294 415 decimam
1312 383 1499 427 septimam
1519 384 1630 418 Caelii
1649 386 1685 417 in
1695 385 1740 431 43)
1759 387 1852 420 libro
1873 395 1998 423 octavo
2008 391 2067 437 49).

1224 432 1253 478 ξ.
1275 436 1306 467 1.
1341 436 1471 478 Muyno
1496 434 1628 483 dolore]
1663 436 1934 487 Responsiofffl).
2037 445 2119 477 Niso·

1119 486 1187 518 icem
1208 491 1240 519 et
1263 487 1351 519 raii‘o
1371 485 1463 533 ipsu]
1490 487 1710 528 Exordium,
1745 489 1782 522 in
1811 503 1882 535 quo
1908 492 2011 526 initio
2036 506 2119 537 pro<

1119 536 1241 579 ponit,
1269 549 1304 570 se
1328 548 1399 570 esse
1426 539 1528 572 lirino
1556 540 1696 578 animo3
1732 540 1822 587 i‹l⁵¹)
1851 549 1901 576 est
1926 556 2117 587 parasceue

1118 587 1162 619 ad
1183 593 1331 621 caetera.
1392 590 1482 623 Illud
1496 589 1623 638 miror]
1650 591 1875 636 Propositio:
1904 594 1988 629 Non
2006 597 2117 630 offen-

1118 639 1199 671 dam
1225 638 1428 673 Caesarem.

1221 688 1251 733 ξ.
1272 693 1307 725 2.
1345 692 1437 731 Quod
1454 697 1504 729 est
1530 691 1655 740 Iyiinr]
1682 693 1871 736 Narratio,
1909 695 2113 746 ἄπορίαῧῖ).

1115 740 1303 784 Fugerem,
1324 743 1384 775 sed
1403 748 1549 785 propter
1564 743 1706 778 lictores
1722 758 1794 779 non
1814 760 1970 791 possum.
2024 754 2116 786 Haec

1117 798 1232 826 nostra
1262 791 1420 840 laus-‘²³>]
1463 793 1578 827 Diiuit
1611 805 1820 840 argumenta
1845 799 1974 842 Caelii,
2017 805 2113 848 quod

1115 855 1189 875 non
1207 843 1331 876 timeat
1352 845 1498 888 privatis
1516 846 1620 879 bonis
1630 847 1687 892 5Ᾰ).

1219 892 1248 939 ἓ.
1270 896 1303 929 6.
1332 898 1401 930 Sed
1417 909 1474 941 eye
1487 896 1729 947 sb1·!ccssis⁵⁵)]
1757 900 1951 937 Praecisio.

1333 981 1474 1015 Aliud
1503 991 1773 1027 argumentu
1787 986 1889 1033 1n⁵⁶).

1214 1048 1375 1093 Epistola
1404 1048 1492 1084 haec
1524 1058 1575 1086 est
1605 1053 1744 1095 generis
1778 1055 2024 1097 deliberativi,
2077 1065 2110 1092 et

1111 1100 1216 1144 longe
1233 1108 1315 1144 post
1337 1103 1539 1146 superiores
1560 1104 1711 1148 scripta,
1747 1118 1827 1139 cum
1852 1106 1922 1140 iam
1946 1108 2037 1142 bello
2064 1110 2110 1142 ci-

1111 1151 1173 1184 vili
1197 1153 1339 1186 arderet
1362 1152 1484 1195 ltalia,
1525 1161 1559 1187 et
1579 1156 1775 1200 Pompeius
1801 1159 1937 1192 deserta
1963 1161 2050 1193 urlie
2073 1161 2109 1194 in

1111 1203 1299 1237 Graeciam
1323 1205 1476 1239 abiisset.
1539 1206 1747 1250 Respondet
1771 1216 1888 1242 aulem
1914 1211 2038 1244 Cicero
2064 1215 2108 1245 ad

1111 1255 1347 1298 penultimam
1380 1257 1566 1301 epistolam
1597 1258 1680 1291 libri
1715 1261 1850 1301 octmi,
1888 1262 1944 1294 eui
1967 1270 2017 1296 est
2042 1264 2107 1296 ini-

1110 1306 1219 1339 tium:
1253 1306 1488 1342 Exanimatus
1505 1322 1582 1342 sum
1611 1315 1673 1343 etc.
1686 1337 1694 1350 ,
1728 1310 1766 1343 in
1785 1324 1853 1357 qna
1871 1312 2009 1347 Cat-iius
2027 1327 2105 1348 euin

1110 1356 1341 1399 dehortatur,
1364 1372 1407 1392 ne
1426 1373 1461 1393 se
1479 1373 1557 1393 cum
1578 1361 1754 1405 Pompeio
1773 1364 1975 1407 coniungat.
2014 1366 2105 1400 [iam

1111 1408 1234 1442 Cicero
1252 1422 1332 1443 cuni
1359 1423 1399 1443 ex
1421 1412 1607 1456 provincia
1625 1412 1856 1455 discessisset,
1885 1416 2107 1461 aliquamdiu

1109 1460 1147 1493 in
1163 1461 1314 1494 Graecia
1330 1470 1511 1504 moratus,
1547 1469 1628 1508 post
1651 1465 1697 1497 ad
1719 1466 1845 1499 urbem
1872 1468 2034 1508 accessit,
2067 1482 2106 1503 ac

1108 1513 1260 1546 tentavit
1284 1514 1401 1548 varias
1430 1516 1588 1550 rationes
1616 1516 1714 1559 pacis
1744 1517 1837 1550 inter
1861 1517 2048 1552 Caesarem
2073 1527 2108 1554 et

1108 1564 1323 1609 Pompeium
1355 1567 1564 1601 firmandae.
1633 1567 1740 1612 Quod
1772 1581 1852 1601 cum
1876 1570 2006 1604 frustra
2034 1584 2106 1606 esse

1109 1623 1288 1657 cerneret,
1324 1624 1358 1650 et
1374 1618 1568 1662 Pompeius
1595 1631 1674 1652 cum
1701 1619 1856 1653 maxima
1880 1628 1982 1665 parte
2005 1635 2105 1656 sena-

1108 1674 1163 1702 tus
1186 1680 1227 1701 ex
1250 1669 1337 1702 urbe
1367 1676 1401 1703 ct
1422 1669 1524 1703 Italia
1558 1671 1601 1703 ad
1635 1671 1827 1705 exercitum
1856 1672 1894 1705 in
1916 1673 2105 1708 Graeciam

1143 1798 1192 1826 47)
1211 1799 1292 1827 XV]
1315 1797 1354 1821 sic
1374 1798 1401 1821 in
1422 1798 1505 1822 Editt.
1527 1797 1652 1827 (1532),
1674 1800 1767 1825 1556..
1793 1800 1985 1826 1560—1596.
2006 1803 2103 1830 (Editt.

1178 1834 1263 1863 1545.7
1285 1834 1369 1864 1546„
1392 1834 1465 1856 1601.
1485 1833 1622 1864 xxx·1.);
1651 1834 1678 1856 in
1697 1834 1779 1858 Editt.
1801 1834 1885 1865 1540„
1907 1835 1991 1867 1544..
2014 1838 2100 1867 1:254„

1177 1868 1252 1893 1557.
1274 1869 1300 1891 et
1319 1868 1366 1892 Ed.
1389 1868 1474 1892 orell.
1494 1868 1570 1891 XVI.

1141 1910 1189 1937 48)
1208 1910 1251 1938 in]
1271 1909 1298 1933 in
1317 1910 1367 1934 Ed.
1386 1910 1460 1934 1545.
1480 1909 1564 1934 deest.

1141 1953 1189 1981 49)
1207 1954 1265 1977 Hoc
1282 1955 1472 1984 argumentum
1491 1953 1632 1975 invenitur
1651 1953 1678 1976 i'n
1697 1953 1780 1977 Editt.
1797 1953 1996 1982 1537-1545.,
2014 1957 2101 1987 1554„

1177 1988 1264 2019 1557.,
1285 1988 1375 2017 1560.;
1401 1988 1486 2011 Editt.
1506 1987 1592 2015 1546..
1614 1988 1687 2011 1601.
1707 1989 1732 2011 li.
1749 1988 1765 2010 l.
1784 1989 1916 2016 praebent
1935 1991 1984 2013 lioc
2005 1990 2099 2014 diver—

1177 2029 1252 2046 sum:
1290 2023 1440 2052 „Excusat
1465 2028 1496 2044 se
1521 2026 1538 2044 a
1562 2021 1635 2044 salsa
1661 2021 1817 2050 suspicione
1837 2022 1939 2050 Caelii,
1971 2030 2050 2053 qnzun
2069 2025 2097 2048 in

1176 2056 1343 2081 contrariam
1372 2057 1543 2079 voluntatem
1569 2055 1731 2085 detorquet,
1770 2056 1873 2079 tantum
1900 2057 2006 2081 scilicet
2031 2065 2061 2082 se
2085 2065 2103 2084 a

1176 2091 1306 2115 caesaris
1327 2091 1354 2113 et
1373 2090 1492 2119 Pompeii
1512 2089 1636 2112 dissidiis
1655 2090 1806 2119 dissidere,
1838 2092 1867 2113 ut
1895 2091 1962 2114 nihil
1989 2098 2054 2121 pace
2075 2097 2102 2117 et

1176 2125 1376 2155 tranquillitate
1394 2124 1560 2154 reipublicae
1579 2125 1689 2147 ‹that-ius
1702 2121 1832 2148 iiabeat.²⁷
1868 2125 1898 2147 In
1913 2126 1996 2149 Editt.
2014 2128 2099 2158 1544,

1176 2160 1264 2188 155⁴..
1285 2160 1360 2184 1557.
1379 2161 1430 2183 hoc
1448 2159 1566 2182 alterum
1584 2159 1746 2188 inscriptum
1766 2160 1824 2182 est:
1852 2159 2098 2192 Giiiertihoiigoiii

1174 2195 1281 2219 lemnia.

1140 2237 1187 2269 50)
1211 2237 1392 2268 Responsio]
1412 2237 1452 2260 sic
1471 2237 1519 2260 Ed.
1541 2236 1632 2263 1537.:
1652 2237 1677 2260 in
1697 2237 1782 2262 Editt.
1799 2237 1884 2264 1540..
1905 2238 1992 2267 1544..
2014 2240 2101 2270 1554„

1176 2273 1250 2297 1557.
1272 2273 1338 2296 liaeo
1356 2274 1422 2295 nota.
1442 2272 1535 2303 deest,
1569 2272 1597 2294 in
1615 2272 1700 2294 Editt.
1722 2272 1814 2301 15⁴5„
1836 2272 1909 2296 1560,
1930 2276 2020 2297 autem
2039 2282 2099 2299 cuin

1175 2309 1361 2337 subsequente
1385 2307 1412 2330 in
1437 2312 1517 2329 unani
1544 2306 1584 2329 sic
1602 2307 1747 2329 coniuncta
1766 2308 1822 2329 est:
1856 2307 1964 2337 Magno
1985 2309 2099 2339 dolore]

1175 2342 1330 2372 Responsio
1350 2348 1409 2365 cnm
1429 2341 1557 2372 (xordio,
1583 2340 1608 2363 in
1629 2346 1680 2370 qno
1699 2340 1775 2363 initio
1796 2341 1922 2370 proponit
1942 2344 1992 2367 etc.

1137 2386 1186 2414 51)
1206 2386 1247 2414 id]
1268 2385 1309 2409 sie
1327 2385 1411 2407 Editt.
1432 2384 1522 2415 1537„
1544 2383 1634 2414 1545„
1656 2383 1747 2414 1560.;
1783 2383 1868 2409 Editt.
1890 2385 1983 2418 1540.,
2011 2386 2098 2417 1544„

1176 2420 1269 2451 1554„
1292 2419 1365 2443 1557.
1383 2419 1470 2448 idque.

1135 2464 1184 2492 52)
1203 2459 1322 2494 ιῗπορίιι]
1342 2462 1391 2485 Ed.
1413 2460 1487 2484 1545.
1505 2460 1609 2489 aporia.

1138 2508 1186 2536 53)
1205 2507 1285 2536 laus]
1305 2506 1343 2528 sie
1363 2505 1447 2528 Editt.
1468 2503 1554 2533 1537.⁷
1577 2503 1662 2529 1540..
1684 2503 1770 2533 1545„
1792 2503 1877 2531 1546..
1899 2505 1983 2538 1560.,
2006 2507 2096 2538 1601.;

1173 2542 1258 2566 Editt.
1280 2541 1371 2570 1544..
1394 2538 1485 2569 1554„
1507 2538 1581 2561 1557.
1601 2540 1628 2561 et
1645 2538 1694 2563 Ed.
1716 2538 1801 2562 Orell.
1821 2539 1935 2565 laurus.

1137 2584 1185 2616 54)
1206 2584 1296 2613 bonis]
1315 2583 1398 2606 Editt.
1420 2580 1509 2612 1545.7
1531 2581 1604 2605 1560.
1625 2581 1785 2605 hominihus.

1138 2629 1187 2656 55)
1209 2626 1366 2659 fortassis]
1392 2624 1432 2647 sic
1451 2623 1534 2647 Editt.
1557 2623 1648 2651 1537..
1671 2624 1763 2652 1540..
1786 2624 1876 2651 1545..
1898 2625 1990 2655 1546..
2011 2627 2096 2656 1560..

1175 2663 1267 2692 1601.;
1291 2660 1373 2684 Editt.
1395 2659 1480 2689 1544„
1501 2658 1586 2684 1554..
1609 2658 1683 2683 1557.
1703 2660 1730 2681 et
1748 2658 1798 2681 Ed.
1818 2659 1904 2683 Orell.
1925 2659 2064 2690 sortasse.

1139 2707 1188 2734 56)
1207 2706 1265 2729 Hoc
1288 2702 1479 2733 argumentum
1505 2702 1532 2724 et
1559 2707 1677 2732 sequens
1700 2701 1728 2725 in
1752 2701 1836 2726 Editt.
1859 2702 1949 2733 1556„
1984 2703 2049 2727 1565
2063 2716 2096 2722 -

1176 2740 1251 2765 1596.
1270 2737 1454 2769 reperiuntur.
1564 2770 1578 2778 ἢ

1557 2775 1578 2803 ῡ
