2351 2990
71 119 145 157 757
206 120 343 156 XXXII.
371 122 406 156 3.
450 120 850 156 INTERPRETATIO
878 120 1140 157 ORATIOMS
1168 120 1512 156 OLYNTHIACAE
1538 120 1596 154 111.
1629 119 1983 155 DEMOSTHENIS.

68 208 232 254 publicae
248 209 404 242 formam
422 219 463 241 ac
477 207 638 242 instituta
659 220 733 242 sese
751 208 995 249 continebant,
1015 214 1066 247 ut,

69 260 99 294 si
116 260 195 306 quis
212 267 368 293 vestrum
385 259 564 293 Aristidae
581 266 642 293 aut
658 259 852 300 Miltiadis,
877 267 937 293 aut
955 266 1068 293 caete-

68 324 214 352 rorum,
241 312 303 357 qui
332 318 416 345 tunc
437 311 615 355 splendidi
633 309 879 351 habebantur,
906 313 1068 351 domum,

68 363 327 409 qualiscunque
358 375 398 395 ea
432 362 496 402 sit,
538 363 656 403 norit,
697 364 816 396 videat
850 376 927 396 eam
953 361 1067 396 nihilo

69 415 284 459 ampliorem
317 427 358 447 ac
381 414 581 458 digniorem
607 427 679 448 esse
705 428 813 460 quam
839 415 993 448 cuiusvis
1017 414 1069 447 vi-

70 466 153 500 cini.
206 466 330 512 Neque
349 466 444 498 enim
471 478 532 506 ea,
568 479 659 513 quae
684 468 728 499 ad
755 466 935 500 civitatem
960 466 1069 511 perti-

70 519 225 558 nebant,
252 517 302 551 ita
326 518 547 558 tractabant,
582 525 621 552 ut
646 518 713 563 ipsi
737 518 988 563 locupletiores
1010 519 1070 551 fie-

70 576 170 609 rent,
211 569 272 603 sed
303 569 562 613 rempublicam
595 570 663 604 sibi
694 570 843 616 quisque
868 571 1068 614 augendam

71 633 144 655 esse
163 621 425 655 existimabant.
479 621 601 666 Quare
629 628 663 655 et
690 635 731 655 ex
756 634 817 663 eo,
852 623 949 667 quod
974 634 1069 654 com-

69 685 197 706 munes
226 685 283 706 res
314 672 536 706 Graecorum
570 674 722 707 fideliter
757 673 1070 712 administrabant,

69 723 166 758 Deos
186 723 351 768 religiose
369 735 408 756 ac
425 724 483 769 pie
501 725 684 765 colebant,
714 725 806 758 inter
833 738 868 759 se
892 725 987 770 ipsos
1009 736 1071 757 au-

71 782 143 809 tem
165 776 418 822 aequalitatem
442 777 710 817 custodiebant,
747 789 914 821 magnam
941 775 1070 808 merito

70 827 275 861 felicitatem
305 827 485 861 consecuti
519 835 612 862 sunt.
674 829 726 861 Ac
749 835 833 862 tunc
856 827 1001 874 quidem
1027 827 1071 860 ad

70 877 167 913 hunc
182 880 331 913 modum
351 877 506 912 habebat
522 892 558 913 se
575 880 773 923 respublica
793 879 860 913 illis
883 877 975 912 hanc
995 891 1072 911 mo-

72 931 300 971 derantibus,
333 943 423 976 quos
446 931 554 963 modo
581 930 674 970 dixi,
712 930 910 975 praefectis.
969 930 1073 964 Nunc

73 988 194 1016 autem
213 994 285 1027 quo
303 988 407 1026 pacto
427 993 482 1015 res
500 982 599 1015 vobis
627 994 662 1015 se
686 980 839 1022 habent,
877 982 941 1015 sub
970 994 1073 1026 prae-

73 1033 332 1079 sentibus‚istis
358 1031 567 1067 hominibus
597 1033 691 1077 frugi
723 1046 762 1066 ac
794 1033 923 1067 bonis?
960 1045 1072 1079 ecquo

73 1086 183 1119 modo
208 1084 405 1125 serviliter,
441 1091 504 1118 aut
526 1097 637 1130 prope
661 1085 811 1118 saltem?
864 1084 916 1118 Ac
935 1091 1072 1118 caetera

74 1136 218 1183 quidem
236 1142 356 1177 taceo,
385 1137 527 1170 tametsi
542 1138 654 1170 multa
671 1134 740 1169 hoc
760 1137 839 1170 loco
866 1136 999 1181 possim
1021 1136 1075 1169 di—

73 1200 164 1222 cere.
230 1186 320 1221 Illud
343 1194 462 1221 autem
489 1201 613 1222 omnes
637 1188 783 1229 videtis,
826 1189 871 1221 ad
902 1195 1074 1234 quantam

74 1240 305 1274 solitudinem
328 1246 539 1283 perventum
566 1246 635 1280 est,
678 1239 972 1273 Lacedaemoniis
998 1240 1075 1285 qui-

75 1292 156 1325 dem
181 1291 358 1336 oppressis
382 1303 422 1323 ac
447 1291 617 1335 perditis,
662 1289 845 1324 Thebanis
870 1291 948 1324 aliis
969 1292 1075 1324 rebus

77 1342 277 1388 occupatis,
318 1348 541 1376 caeterorum
574 1348 693 1376 autem
725 1342 831 1376 nullis
864 1342 1003 1375 idoneis
1036 1354 1076 1375 ac

76 1395 193 1439 dignis
220 1394 470 1433 existentibus,
504 1394 566 1439 qui
592 1395 635 1427 de
662 1394 867 1438 principatu
889 1393 1076 1427 nobiscum

78 1446 309 1480 contendant.
353 1444 442 1478 Cum
462 1452 580 1479 autem
596 1445 719 1478 liceret
735 1445 859 1485 nobis,
888 1451 921 1478 et
935 1451 1077 1478 nostras

76 1497 185 1531 resin
202 1503 279 1530 tuto
300 1508 531 1537 conservare,
556 1503 590 1529 et
607 1496 762 1530 aliorum
771 1496 817 1543 59)
837 1497 927 1531 iusta
948 1496 1077 1530 consti-

77 1556 178 1583 tuere
196 1555 304 1595 atque
321 1548 524 1588 moderari,
559 1548 742 1582 amisimus
760 1548 827 1593 ipsi
845 1549 989 1594 quidem
1008 1554 1078 1581 ter-

78 1613 137 1635 ras
167 1607 329 1641 nostras,
369 1600 521 1645 amplios
555 1607 675 1633 autem
706 1613 813 1645 quam
843 1600 940 1633 mille
975 1599 1078 1646 quin-

81 1659 186 1699 genta
209 1653 362 1692 talenta,
403 1653 534 1685 frustra
561 1658 667 1697 atque
694 1651 888 1692 inutiliter,
924 1651 962 1684 in
987 1663 1078 1697 quae

79 1705 230 1739 minime
247 1717 335 1749 opus
352 1704 437 1743 suit,
466 1704 711 1748 expendimus.
745 1703 790 1736 Et
808 1716 897 1749 quos
913 1703 1007 1736 bello
1024 1716 1079 1736 so-

83 1757 156 1791 cios
179 1756 283 1789 nobis
309 1768 586 1800 paraveramus,
627 1753 694 1789 hos
719 1755 774 1789 isti
800 1767 886 1800 pace
910 1755 1079 1788 existente

83 1809 291 1842 amiserunt.
367 1807 515 1841 Hostem
553 1814 671 1840 autem
709 1813 833 1839 contra
878 1819 944 1840 nos
986 1807 1081 1851 ipsos

83 1867 222 1894 tantum
271 1865 394 1892 nostra
438 1859 541 1892 nobis
584 1871 692 1903 opera
739 1859 930 1892 effecimus.
1010 1859 1082 1892 Aut

87 1912 181 1946 dicat
217 1909 306 1944 mihi
347 1911 524 1957 quispiam
554 1908 623 1944 huc
655 1911 841 1944 accedens:
891 1910 1080 1943 Undenam

85 1964 229 1997 aliunde
273 1969 390 1996 tantas
426 1963 518 1996 vires
553 1968 761 1996 consecutus
796 1969 847 1995 est
882 1960 1083 2006 Philippus,

88 2028 197 2061 quam
231 2027 248 2047 a
281 2013 410 2048 nobis?
470 2015 517 2048 At
548 2012 636 2048 heus
670 2021 727 2053 tu,
773 2014 911 2059 inquiet
943 2013 1084 2059 aliquis,

89 2068 186 2112 quod
217 2066 246 2099 si
275 2066 361 2100 foris
387 2064 474 2099 haec
501 2079 689 2110 perperam
715 2065 962 2099 administrata
990 2071 1084 2105 sunt,

88 2118 148 2150 illa
167 2124 288 2150 tamen
306 2118 423 2157 domi,
452 2124 485 2150 et
502 2118 539 2150 in
556 2118 630 2162 ipsa
651 2119 737 2151 urbe
757 2117 882 2150 melius
900 2129 972 2151 sese
991 2129 1084 2150 nunc

87 2168 233 2203 habent.
287 2169 403 2214 Atque
428 2170 516 2202 adeo
545 2170 630 2215 quid
658 2169 786 2215 aliquis
810 2182 904 2203 nunc
932 2181 1085 2202 comme-

89 2227 206 2254 moret
225 2221 513 2265 propugnacula,
542 2234 632 2266 quae
649 2234 756 2266 opere
777 2221 924 2254 tectorio
951 2221 1085 2253 induci-

90 2272 195 2306 mus?
225 2279 286 2305 aut
301 2272 393 2311 vias,
422 2285 509 2317 quas
528 2273 792 2306 instauramus?
840 2273 972 2306 Fontes
990 2273 1087 2313 item,

92 2331 126 2358 et
150 2324 307 2369 reliquas
332 2324 467 2367 nugas}¹
529 2325 685 2369 Aspicite
712 2325 819 2369 igitur
845 2326 887 2358 ad
912 2338 989 2363 eos,
1026 2324 1086 2370 qui

92 2376 220 2409 talibus
245 2376 502 2420 rempublicam
528 2377 798 2417 administrant,
839 2389 991 2423 quorum
1028 2376 1086 2408 alii

94 2428 236 2473 quidem
259 2440 300 2460 ex
324 2427 494 2460 mendicis
519 2429 677 2472 opulenti
701 2429 782 2462 facti
808 2436 907 2469 sunt,
942 2428 1000 2461 alii
1028 2441 1088 2460 au-

96 2486 164 2512 tem
192 2492 233 2512 ex
257 2479 448 2512 infamibus
472 2477 631 2520 honesti,
667 2480 812 2525 quidam
840 2482 944 2514 etiam
971 2479 1089 2524 priva-

94 2537 147 2565 tas
171 2544 251 2564 suas
277 2532 423 2571 domus,
463 2531 612 2575 publicis
638 2532 804 2566 aedificiis
833 2533 1024 2577 ampliores
1051 2545 1089 2564 ae

96 2583 274 2627 digniores
295 2589 536 2616 extruxerunt.
590 2583 736 2628 Quanto
755 2591 872 2617 autem
892 2584 1088 2629 respublica

2045 117 2120 154 758

1122 207 1265 241 tenuior
1280 208 1371 241 facta
1390 214 1462 248 est,
1491 213 1591 241 tanto
1616 219 1672 241 res
1695 207 1856 251 privatae
1876 206 2021 240 illorum
2044 217 2120 238 ma-

1122 259 1174 303 gis
1210 266 1452 293 accreverunt.
1521 260 1622 304 Quae
1651 258 1759 303 igitur
1788 259 1950 292 omnium
1987 256 2119 291 horum

1120 323 1225 344 causa
1250 311 1325 345 est?
1361 317 1423 344 aut
1449 323 1511 343 cur
1534 311 1679 344 tandem
1703 310 1947 354 superioribus
1973 309 2121 355 quidem

1122 362 1345 406 temporibus
1362 362 1482 395 onmia
1501 363 1591 396 bene
1609 361 1856 395 administrata
1879 363 1996 400 suere,
2025 372 2121 393 nunc

1123 420 1242 447 autem
1261 413 1402 447 diverso
1419 415 1530 447 modo
1555 427 1596 447 ac
1620 414 1711 446 male
1734 412 1930 458 geruntur?
1984 412 2122 455 Nempe

1123 466 1221 511 quod
1237 465 1414 510 principi0
1441 465 1586 511 quidem
1610 466 1784 510 populus,
1820 466 1903 498 dum
1930 464 2003 509 ipse
2028 462 2122 496 mili-

1123 523 1200 550 tare
1220 517 1430 556 sustineret,
1467 523 1501 549 et
1523 517 1565 550 iis
1588 516 1807 560 imperabat,
1843 516 1905 562 qui
1929 522 2005 549 turn
2029 526 2122 547 rem-

1123 568 1301 612 publicam
1339 568 1593 612 capessebant,
1648 574 1682 600 et
1718 567 1886 601 dominus
1928 567 2003 611 ipse
2047 571 2124 599 erat

1125 619 1288 652 omnium
1311 619 1505 653 bonorum.
1575 618 1630 652 Illi
1663 619 1821 652 contenti
1855 624 1959 652 erant
1992 616 2124 661 singuli

1124 683 1143 703 a
1169 671 1304 715 populo
1323 668 1518 711 honorem,
1556 676 1618 704 aut
1643 670 1913 714 magistratum,
1946 675 2008 703 aut
2029 669 2125 702 aliud

1125 723 1273 768 aliquod
1298 723 1528 755 commodum
1554 721 1740 766 accepisse.
1800 721 1904 756 Nunc
1928 727 2048 755 autem
2071 720 2124 753 di·

1125 787 1267 808 versum
1294 773 1434 808 accidit.
1487 774 1580 808 Nam
1609 773 1748 806 domini
1774 773 1919 818 quidem
1943 773 2124 806 bonorum

1125 832 1208 860 sunt
1225 826 1268 865 ii,
1303 825 1364 870 qui
1383 825 1639 870 rempublicam
1659 824 1912 858 administrant
1929 831 1963 857 et
1979 836 2042 868 per
2058 821 2126 856 hos

1127 877 1248 910 omnia
1281 883 1472 920 geruntur;
1515 890 1577 910 vos
1604 883 1722 910 autem
1750 877 1923 920 populus,
1966 875 2126 908 enervati

1128 935 1234 974 atque
1265 928 1441 973 amputati
1474 928 1624 973 pecunia
1657 934 1691 961 et
1720 927 1844 968 sociis,
1890 927 1984 961 servi
2020 932 2126 972 atque

1127 979 1335 1024 appendicis
1365 980 1478 1014 instar
1508 981 1592 1013 facti
1624 980 1726 1020 estis,
1771 978 1949 1019 contenti,
1984 978 2013 1012 si
2040 977 2127 1023 quid

1128 1030 1312 1065 theatralis
1343 1031 1515 1076 pecuniae
1550 1031 1650 1065 vobis
1685 1031 1743 1064 isti
1777 1031 1973 1077 aliquando
2009 1028 2127 1063 distri-

1127 1084 1261 1123 buunt,
1305 1089 1365 1116 aut
1397 1083 1542 1117 buculas
1569 1082 1706 1128 aliquas
1729 1084 1825 1115 dono
1853 1083 2012 1115 mittunt.
2081 1079 2129 1114 Et

1129 1136 1226 1180 quod
1262 1134 1424 1168 omnium
1462 1134 1749 1179 indignissimum
1778 1141 1849 1174 est,
1900 1145 1967 1178 pro
2003 1131 2129 1166 vestris

1129 1187 1291 1231 ipsorum
1316 1186 1422 1220 rebus
1446 1187 1541 1220 ultro
1575 1186 1681 1220 etiam
1713 1186 1865 1230 gratiam
1899 1185 2027 1218 debere
2059 1183 2128 1217 illis

1128 1237 1303 1271 fatemini.
1368 1237 1423 1270 Illi
1447 1245 1565 1271 autem
1592 1238 1629 1271 in
1655 1239 1780 1271 eadem
1804 1238 1912 1277 urbe,
1955 1243 2129 1282 tanquam

1129 1302 1236 1323 cavea
1256 1289 1374 1335 aliqua
1395 1289 1615 1324 includentes
1641 1303 1723 1330 vos,
1758 1289 1850 1323 ultra
1874 1288 1980 1322 etiam
2011 1286 2130 1320 verbis

1129 1342 1333 1374 subducunt
1347 1347 1382 1374 et
1397 1342 1703 1382 mansuefaciunt,
1737 1341 1941 1386 cicuresque
1961 1339 2028 1373 sibi
2051 1339 2131 1371 red-

1130 1393 1232 1425 dunt.
1286 1392 1481 1437 Nunquam
1500 1400 1617 1427 autem
1636 1393 1824 1438 cuiquam,
1853 1392 2001 1436 opinor,
2028 1390 2131 1424 facile

1131 1450 1202 1483 est,
1229 1455 1400 1487 magnum
1418 1455 1457 1476 ac
1474 1456 1687 1488 generosum
1705 1444 1842 1490 aliquid
1866 1443 1902 1476 in
1927 1443 2049 1476 animo
2076 1442 2130 1475 in-

1130 1495 1296 1535 stituere,
1339 1495 1401 1540 qui
1431 1495 1523 1529 circa
1550 1503 1623 1529 tam
1649 1508 1759 1540 parva
1785 1508 1825 1528 ac
1849 1495 1932 1527 vilia
1958 1500 2132 1528 versatur.

1132 1546 1406 1592 Qualiacunque
1432 1547 1527 1580 enim
1552 1547 1669 1581 studia
1693 1545 1882 1580 hominum
1902 1552 2003 1586 sunt,
2047 1545 2133 1579 talia

1133 1605 1166 1631 et
1183 1598 1329 1631 consilia
1348 1599 1652 1645 cogitationesque
1670 1611 1794 1632 eorum
1815 1610 1888 1632 csse
1905 1610 2045 1631 necesse
2069 1603 2132 1631 est.

1132 1651 1249 1695 Atque
1272 1648 1358 1683 haec
1382 1650 1527 1695 quidem
1551 1663 1615 1696 per
1639 1651 1804 1684 Cererem
1834 1650 1982 1683 minime
2007 1648 2134 1688 miror,

1133 1702 1161 1736 si
1182 1701 1314 1734 dicenti
1331 1701 1419 1734 mihi
1435 1702 1550 1736 maius
1568 1703 1715 1748 aliquod
1732 1704 1866 1736 malum
1886 1715 1903 1735 a
1924 1701 2025 1735 vobis
2049 1712 2133 1734 con-

1134 1753 1272 1793 cilient,
1308 1766 1415 1799 quam
1441 1754 1509 1787 illis
1534 1754 1638 1798 ipsis,
1676 1755 1737 1800 qui
1761 1767 1799 1787 ea
1823 1754 1947 1788 fecere.
2008 1752 2133 1798 Neque

1135 1805 1231 1838 enim
1250 1805 1391 1838 dicendi
1409 1806 1553 1839 libertas
1571 1806 1666 1850 apud
1684 1818 1747 1839 vos
1771 1817 1911 1849 semper
1935 1805 2134 1849 eodemque

1135 1858 1243 1890 modo
1260 1857 1376 1890 locum
1397 1857 1553 1897 obtinet,
1581 1864 1687 1903 atque
1707 1858 1796 1890 adeo
1823 1857 1930 1890 etiam
1953 1868 2048 1890 nunc
2073 1855 2135 1888 ob-

1137 1909 1250 1942 tinere
1268 1909 1392 1943 miror.
1447 1909 1567 1953 Quare
1584 1910 1612 1943 si
1629 1909 1683 1942 vel
1702 1921 1795 1942 nunc
1820 1910 1963 1942 tandem
1987 1906 2135 1941 mutatis

1137 1959 1231 1994 hisce
1249 1960 1409 1994 moribus
1428 1961 1613 1994 volueritis
1629 1961 1796 2001 militare,
1813 1967 1858 2000 et,
1874 1967 1914 1994 ut
1930 1960 2032 1993 vobis
2050 1958 2135 2003 ipsis

1137 2013 1284 2057 dignum
1303 2018 1366 2051 est,
1391 2025 1507 2056 agere,
1527 2013 1824 2058 facultatibusque
1842 2012 2044 2046 domesticis
2060 2010 2136 2044 istis

1139 2066 1182 2097 ad
1201 2064 1404 2098 occasiones
1420 2071 1649 2098 externorum
1667 2065 1940 2097 commodorum
1957 2063 2029 2103 uti,
2063 2062 2136 2095 for-

1138 2115 1258 2155 tassis,
1287 2115 1354 2148 viri
1370 2114 1604 2150 Athenienses
1616 2143 1625 2154 ,
1658 2116 1816 2150 fortassis
1831 2116 1985 2150 solidum
2004 2127 2044 2148 ac
2060 2126 2136 2147 ma-

1139 2180 1247 2212 gnum
1267 2167 1413 2213 aliquod
1434 2168 1715 2201 emolumentum
1732 2168 1887 2207 facietis,
1916 2167 2136 2213 quaestibus-

1140 2218 1263 2265 que‘ffl)
1282 2217 1529 2253 huiuscemodi
1548 2220 1750 2263 captandis,
1786 2219 1952 2263 deinceps
1970 2216 2136 2251 liberabi-

1140 2270 1248 2310 mini,
1291 2283 1381 2316 quae
1415 2271 1558 2317 quidem
1584 2284 1656 2304 non
1681 2272 1778 2304 aliud
1802 2271 1988 2310 videntur,
2027 2282 2136 2315 quam

1141 2322 1273 2356 cibaria
1292 2322 1349 2355 illa
1369 2323 1487 2356 tenuia
1506 2336 1546 2356 ac
1563 2323 1724 2361 modica,
1758 2335 1849 2368 quae
1870 2322 2136 2366 aegrotantibus

1141 2388 1159 2407 a
1179 2374 1324 2408 medicis
1339 2375 1417 2407 dari
1434 2381 1706 2409 consueverunt.
1758 2374 1809 2406 lia
1829 2374 1923 2406 enim
1942 2386 2056 2419 neque
2079 2386 2137 2407 ro-

1141 2427 1208 2460 bur
1234 2426 1378 2471 aliquod
1407 2428 1543 2459 addunt
1568 2426 1737 2466 infirmis,
1772 2438 1887 2471 neque
1910 2426 2016 2459 etiam
2044 2425 2137 2459 mori

1142 2479 1275 2512 sinunt.
1329 2478 1385 2511 Sic
1402 2484 1435 2511 et
1453 2478 1531 2517 illa,
1559 2491 1649 2523 quae
1669 2491 1731 2511 vos
1749 2490 1843 2511 nunc
1865 2477 2055 2511 distributo
2082 2490 2138 2510 ac-

1144 2529 1278 2574 cipitis,
1303 2542 1418 2575 neque
1437 2536 1534 2562 tanta
1552 2536 1653 2568 sunt,
1676 2536 1715 2562 ut
1730 2529 1962 2563 sufficientem
1979 2530 2136 2575 aliquam

1144 2582 1334 2615 utIlitatem
1363 2582 1490 2614 afferre
1514 2588 1666 2626 queant,
1701 2594 1818 2627 neque
1844 2594 1985 2615 rursum
2015 2583 2137 2626 despe-

1144 2640 1264 2666 rantes
1295 2633 1392 2665 aliud
1422 2633 1556 2678 aliquid
1586 2646 1687 2677 agere
1722 2633 1862 2674 sinunt,
1907 2634 1968 2667 sed
1998 2639 2138 2667 tantum

132 2719 179 2744 59]
200 2719 330 2747 aliorum]
352 2719 390 2743 sic
412 2719 572 2749 scripsimus
592 2721 640 2747 (z
660 2720 799 2744 Demosth.
820 2721 873 2743 τῶν
893 2718 1016 2747 [ἴλλωνᾙ
1044 2719 1092 2742 Ed.
1117 2729 1120 2745 ι
1149 2715 1192 2717 “⁴

170 2754 241 2778 1547.
264 2760 359 2777 errore
379 2757 506 2785 typogr.:
536 2754 659 2777 aliarum
1117 2748 1120 2761 ¹

1183 2753 1229 2779 οἷο)
1253 2752 1480 2781 quaestimisque]
1502 2751 1550 2774 Ed.
1568 2751 1640 2775 1547.
1662 2758 1758 2775 errore
1780 2754 1906 2782 typogizz
1928 2751 2140 2782 quaebstiusque

1428 2785 1513 2820 48¹*
