<?xml version="1.0" encoding="UTF-8"?>
<!DOCTYPE html PUBLIC "-//W3C//DTD XHTML 1.0 Transitional//EN"
    "http://www.w3.org/TR/xhtml1/DTD/xhtml1-transitional.dtd">
<html xmlns="http://www.w3.org/1999/xhtml" xml:lang="en" lang="en">
 <head>
  <title>
</title>
<meta http-equiv="Content-Type" content="text/html;charset=utf-8" />
  <meta name='ocr-system' content='tesseract 3.04.00' />
  <meta name='ocr-capabilities' content='ocr_page ocr_carea ocr_par ocr_line ocrx_word'/>
</head>
<body>
  <div class='ocr_page' id='page_1' title='image "./operaquaesupersu17melauoft/operaquaesupersu17melauoft_0205.png"; bbox 0 0 2351 2990; ppageno 0'>
   <div class='ocr_carea' id='block_1_1' title="bbox 102 105 177 143">
    <p class='ocr_par' dir='ltr' id='par_1_1' title="bbox 102 105 177 143">
     <span class='ocr_line' id='line_1_1' title="bbox 102 105 177 143; baseline -0.013 0"><span class='ocrx_word' id='word_1_1' title='bbox 102 105 177 143; x_wconf 87' lang='lat'>385</span> 
     </span>
    </p>
   </div>
   <div class='ocr_carea' id='block_1_2' title="bbox 97 189 1096 288">
    <p class='ocr_par' dir='ltr' id='par_1_2' title="bbox 97 189 1096 288">
     <span class='ocr_line' id='line_1_2' title="bbox 97 189 1096 238; baseline -0.002 -11"><span class='ocrx_word' id='word_1_2' title='bbox 97 195 193 238; x_wconf 92' lang='lat' dir='ltr'>apud</span> <span class='ocrx_word' id='word_1_3' title='bbox 217 199 379 227; x_wconf 88' lang='lat' dir='ltr'>senatum</span> <span class='ocrx_word' id='word_1_4' title='bbox 405 191 588 236; x_wconf 88' lang='lat' dir='ltr'>praestita.</span> <span class='ocrx_word' id='word_1_5' title='bbox 648 190 838 224; x_wconf 83' lang='lat' dir='ltr'>Conclusio</span> <span class='ocrx_word' id='word_1_6' title='bbox 863 189 971 225; x_wconf 89' lang='lat' dir='ltr'>habet</span> <span class='ocrx_word' id='word_1_7' title='bbox 993 203 1096 236; x_wconf 87' lang='lat' dir='ltr'>prae-</span> 
     </span>
     <span class='ocr_line' id='line_1_3' title="bbox 98 242 1096 288; baseline -0.001 -11"><span class='ocrx_word' id='word_1_8' title='bbox 98 245 267 278; x_wconf 84' lang='lat' dir='ltr'>cisionem</span> <span class='ocrx_word' id='word_1_9' title='bbox 290 256 354 288; x_wconf 86' lang='lat' dir='ltr'>per</span> <span class='ocrx_word' id='word_1_10' title='bbox 378 242 608 276; x_wconf 89' lang='lat' dir='ltr'>reiectionem</span> <span class='ocrx_word' id='word_1_11' title='bbox 629 242 951 276; x_wconf 80' lang='lat' dir='ltr'>commendationis</span> <span class='ocrx_word' id='word_1_12' title='bbox 973 243 1027 276; x_wconf 91' lang='lat' dir='ltr'>sui</span> <span class='ocrx_word' id='word_1_13' title='bbox 1046 244 1096 276; x_wconf 86' lang='lat' dir='ltr'>of-</span> 
     </span>
    </p>
   </div>
   <div class='ocr_carea' id='block_1_3' title="bbox 97 292 966 340">
    <p class='ocr_par' dir='ltr' id='par_1_3' title="bbox 97 292 966 340">
     <span class='ocr_line' id='line_1_4' title="bbox 97 292 966 340; baseline -0.002 -11"><span class='ocrx_word' id='word_1_14' title='bbox 97 296 186 337; x_wconf 83' lang='lat' dir='ltr'>ficii,</span> <span class='ocrx_word' id='word_1_15' title='bbox 214 302 253 330; x_wconf 90' lang='lat' dir='ltr'>ut</span> <span class='ocrx_word' id='word_1_16' title='bbox 271 294 568 339; x_wconf 84' lang='lat' dir='ltr'>exprobratorum</span> <span class='ocrx_word' id='word_1_17' title='bbox 578 292 648 340; x_wconf 63' lang='lat'><strong>²⁴³³)</strong></span> <span class='ocrx_word' id='word_1_18' title='bbox 667 293 789 326; x_wconf 87' lang='lat' dir='ltr'>odium</span> <span class='ocrx_word' id='word_1_19' title='bbox 809 293 966 337; x_wconf 68' lang='lat' dir='ltr'>ess&#39;ugiat.</span> 
     </span>
    </p>
   </div>
   <div class='ocr_carea' id='block_1_4' title="bbox 343 361 837 406">
    <p class='ocr_par' dir='ltr' id='par_1_4' title="bbox 343 361 837 406">
     <span class='ocr_line' id='line_1_5' title="bbox 343 361 837 406; baseline -0.002 -11"><span class='ocrx_word' id='word_1_20' title='bbox 343 361 479 395; x_wconf 83' lang='lat' dir='ltr'>Aliud</span> <span class='ocrx_word' id='word_1_21' title='bbox 507 367 837 406; x_wconf 83' lang='lat' dir='ltr'><strong>argumentum.</strong></span> 
     </span>
    </p>
   </div>
   <div class='ocr_carea' id='block_1_5' title="bbox 91 420 1094 864">
    <p class='ocr_par' dir='ltr' id='par_1_5' title="bbox 91 420 1094 864">
     <span class='ocr_line' id='line_1_6' title="bbox 200 420 1094 466; baseline -0.002 -11"><span class='ocrx_word' id='word_1_22' title='bbox 200 421 313 456; x_wconf 86' lang='lat' dir='ltr'>Huius</span> <span class='ocrx_word' id='word_1_23' title='bbox 342 421 512 466; x_wconf 88' lang='lat' dir='ltr'>epistolae</span> <span class='ocrx_word' id='word_1_24' title='bbox 543 427 793 465; x_wconf 80' lang='lat' dir='ltr'>argumentum</span> <span class='ocrx_word' id='word_1_25' title='bbox 819 420 920 454; x_wconf 86' lang='lat' dir='ltr'>facile</span> <span class='ocrx_word' id='word_1_26' title='bbox 946 420 1094 464; x_wconf 77' lang='lat' dir='ltr'>intelligi</span> 
     </span>
     <span class='ocr_line' id='line_1_7' title="bbox 96 470 1093 518; baseline -0.003 -11"><span class='ocrx_word' id='word_1_27' title='bbox 96 480 211 518; x_wconf 86' lang='lat' dir='ltr'>potest</span> <span class='ocrx_word' id='word_1_28' title='bbox 231 485 271 506; x_wconf 87' lang='lat' dir='ltr'>ex</span> <span class='ocrx_word' id='word_1_29' title='bbox 287 473 390 506; x_wconf 84' lang='lat' dir='ltr'>tertia</span> <span class='ocrx_word' id='word_1_30' title='bbox 409 478 443 505; x_wconf 91' lang='lat' dir='ltr'>et</span> <span class='ocrx_word' id='word_1_31' title='bbox 462 479 588 517; x_wconf 87' lang='lat' dir='ltr'>quarta</span> <span class='ocrx_word' id='word_1_32' title='bbox 602 470 824 516; x_wconf 88' lang='lat' dir='ltr'>Philippica,</span> <span class='ocrx_word' id='word_1_33' title='bbox 852 471 912 505; x_wconf 90' lang='lat' dir='ltr'>ubi</span> <span class='ocrx_word' id='word_1_34' title='bbox 932 473 974 504; x_wconf 89' lang='lat' dir='ltr'>de</span> <span class='ocrx_word' id='word_1_35' title='bbox 992 484 1093 516; x_wconf 86' lang='lat' dir='ltr'>prae-</span> 
     </span>
     <span class='ocr_line' id='line_1_8' title="bbox 97 523 1093 567; baseline -0.002 -10"><span class='ocrx_word' id='word_1_36' title='bbox 97 525 187 558; x_wconf 88' lang='lat' dir='ltr'>sidio</span> <span class='ocrx_word' id='word_1_37' title='bbox 220 523 328 556; x_wconf 88' lang='lat' dir='ltr'>Hirtii</span> <span class='ocrx_word' id='word_1_38' title='bbox 364 529 398 556; x_wconf 91' lang='lat' dir='ltr'>et</span> <span class='ocrx_word' id='word_1_39' title='bbox 426 523 563 557; x_wconf 79' lang='lat' dir='ltr'>Pansae</span> <span class='ocrx_word' id='word_1_40' title='bbox 597 524 782 556; x_wconf 88' lang='lat' dir='ltr'>consulum</span> <span class='ocrx_word' id='word_1_41' title='bbox 815 523 1093 567; x_wconf 83' lang='lat' dir='ltr'>designatorum,</span> 
     </span>
     <span class='ocr_line' id='line_1_9' title="bbox 95 574 1091 608; baseline 0 -2"><span class='ocrx_word' id='word_1_42' title='bbox 95 575 179 608; x_wconf 87' lang='lat' dir='ltr'>item</span> <span class='ocrx_word' id='word_1_43' title='bbox 207 576 249 607; x_wconf 90' lang='lat' dir='ltr'>de</span> <span class='ocrx_word' id='word_1_44' title='bbox 271 574 375 607; x_wconf 86' lang='lat' dir='ltr'>Bruti</span> <span class='ocrx_word' id='word_1_45' title='bbox 399 574 512 607; x_wconf 89' lang='lat' dir='ltr'>edicto</span> <span class='ocrx_word' id='word_1_46' title='bbox 538 575 648 607; x_wconf 91' lang='lat' dir='ltr'>multa</span> <span class='ocrx_word' id='word_1_47' title='bbox 678 574 845 607; x_wconf 88' lang='lat' dir='ltr'>dicuntur</span> <span class='ocrx_word' id='word_1_48' title='bbox 865 586 883 606; x_wconf 91' lang='lat' dir='ltr'>a</span> <span class='ocrx_word' id='word_1_49' title='bbox 909 574 1091 607; x_wconf 82' lang='lat' dir='ltr'>Cicerone.</span> 
     </span>
     <span class='ocr_line' id='line_1_10' title="bbox 94 625 1092 659; baseline -0.002 0"><span class='ocrx_word' id='word_1_50' title='bbox 94 625 245 659; x_wconf 86' lang='lat' dir='ltr'>Orditur</span> <span class='ocrx_word' id='word_1_51' title='bbox 263 631 381 658; x_wconf 89' lang='lat' dir='ltr'>autem</span> <span class='ocrx_word' id='word_1_52' title='bbox 400 637 417 658; x_wconf 91' lang='lat' dir='ltr'>a</span> <span class='ocrx_word' id='word_1_53' title='bbox 436 625 642 658; x_wconf 75' lang='lat' dir='ltr'>laudatione</span> <span class='ocrx_word' id='word_1_54' title='bbox 665 626 844 658; x_wconf 83' lang='lat' dir='ltr'>fidelitatis</span> <span class='ocrx_word' id='word_1_55' title='bbox 860 625 963 658; x_wconf 83' lang='lat' dir='ltr'>Bruti</span> <span class='ocrx_word' id='word_1_56' title='bbox 982 625 1018 657; x_wconf 91' lang='lat' dir='ltr'>in</span> <span class='ocrx_word' id='word_1_57' title='bbox 1036 625 1092 657; x_wconf 89' lang='lat' dir='ltr'>lit-</span> 
     </span>
     <span class='ocr_line' id='line_1_11' title="bbox 94 676 1091 720; baseline -0.002 -11"><span class='ocrx_word' id='word_1_58' title='bbox 94 677 177 710; x_wconf 83' lang='lat' dir='ltr'>teris</span> <span class='ocrx_word' id='word_1_59' title='bbox 196 676 478 720; x_wconf 79' lang='lat' dir='ltr'>praesentandis.</span> <span class='ocrx_word' id='word_1_60' title='bbox 530 676 660 710; x_wconf 85' lang='lat' dir='ltr'>Postea</span> <span class='ocrx_word' id='word_1_61' title='bbox 679 676 827 720; x_wconf 90' lang='lat' dir='ltr'>ponitur</span> <span class='ocrx_word' id='word_1_62' title='bbox 841 676 1027 720; x_wconf 84' lang='lat' dir='ltr'>responsio</span> <span class='ocrx_word' id='word_1_63' title='bbox 1046 676 1091 707; x_wconf 89' lang='lat' dir='ltr'>ad</span> 
     </span>
     <span class='ocr_line' id='line_1_12' title="bbox 93 726 1090 772; baseline -0.002 -12"><span class='ocrx_word' id='word_1_64' title='bbox 93 727 168 761; x_wconf 92' lang='lat' dir='ltr'>eius</span> <span class='ocrx_word' id='word_1_65' title='bbox 186 727 409 771; x_wconf 86' lang='lat' dir='ltr'>petitionem,</span> <span class='ocrx_word' id='word_1_66' title='bbox 435 727 555 760; x_wconf 90' lang='lat' dir='ltr'>addita</span> <span class='ocrx_word' id='word_1_67' title='bbox 577 728 797 772; x_wconf 83' lang='lat' dir='ltr'>expositione</span> <span class='ocrx_word' id='word_1_68' title='bbox 812 727 866 760; x_wconf 92' lang='lat' dir='ltr'>sui</span> <span class='ocrx_word' id='word_1_69' title='bbox 882 726 991 761; x_wconf 84' lang='lat' dir='ltr'>studii</span> <span class='ocrx_word' id='word_1_70' title='bbox 1008 738 1090 769; x_wconf 88' lang='lat' dir='ltr'>erga</span> 
     </span>
     <span class='ocr_line' id='line_1_13' title="bbox 91 776 1090 824; baseline -0.002 -13"><span class='ocrx_word' id='word_1_71' title='bbox 91 778 265 819; x_wconf 87' lang='lat' dir='ltr'>Brutum,</span> <span class='ocrx_word' id='word_1_72' title='bbox 306 791 455 824; x_wconf 89' lang='lat' dir='ltr'>eamque</span> <span class='ocrx_word' id='word_1_73' title='bbox 487 779 666 812; x_wconf 85' lang='lat' dir='ltr'>concludit</span> <span class='ocrx_word' id='word_1_74' title='bbox 695 778 898 812; x_wconf 77' lang='lat' dir='ltr'>relectione.</span> <span class='ocrx_word' id='word_1_75' title='bbox 956 776 996 810; x_wconf 90' lang='lat' dir='ltr'>In</span> <span class='ocrx_word' id='word_1_76' title='bbox 1022 778 1090 809; x_wconf 86' lang='lat' dir='ltr'>fine</span> 
     </span>
     <span class='ocr_line' id='line_1_14' title="bbox 93 830 517 864; baseline 0.002 -2"><span class='ocrx_word' id='word_1_77' title='bbox 93 830 206 863; x_wconf 84' lang='lat' dir='ltr'>desert</span> <span class='ocrx_word' id='word_1_78' title='bbox 223 842 325 864; x_wconf 90' lang='lat' dir='ltr'>suum</span> <span class='ocrx_word' id='word_1_79' title='bbox 349 831 517 863; x_wconf 85' lang='lat' dir='ltr'>officium.</span> 
     </span>
    </p>
   </div>
   <div class='ocr_carea' id='block_1_6' title="bbox 341 898 835 940">
    <p class='ocr_par' dir='ltr' id='par_1_6' title="bbox 341 898 835 940">
     <span class='ocr_line' id='line_1_15' title="bbox 341 898 835 940; baseline -0.004 -9"><span class='ocrx_word' id='word_1_80' title='bbox 341 898 478 931; x_wconf 84' lang='lat' dir='ltr'>Aliud</span> <span class='ocrx_word' id='word_1_81' title='bbox 505 903 835 940; x_wconf 84' lang='lat' dir='ltr'>argumentum.</span> 
     </span>
    </p>
   </div>
   <div class='ocr_carea' id='block_1_7' title="bbox 90 954 1089 1195">
    <p class='ocr_par' dir='ltr' id='par_1_7' title="bbox 90 954 1089 1195">
     <span class='ocr_line' id='line_1_16' title="bbox 195 954 1089 1001; baseline -0.002 -11"><span class='ocrx_word' id='word_1_82' title='bbox 195 957 373 1001; x_wconf 90' lang='lat' dir='ltr'>Perpetua</span> <span class='ocrx_word' id='word_1_83' title='bbox 401 963 451 990; x_wconf 87' lang='lat' dir='ltr'>est</span> <span class='ocrx_word' id='word_1_84' title='bbox 476 956 637 988; x_wconf 89' lang='lat' dir='ltr'>narratio</span> <span class='ocrx_word' id='word_1_85' title='bbox 663 957 705 988; x_wconf 88' lang='lat' dir='ltr'>de</span> <span class='ocrx_word' id='word_1_86' title='bbox 731 956 849 989; x_wconf 88' lang='lat' dir='ltr'>studio</span> <span class='ocrx_word' id='word_1_87' title='bbox 878 967 941 988; x_wconf 89' lang='lat' dir='ltr'>suo</span> <span class='ocrx_word' id='word_1_88' title='bbox 969 954 1006 987; x_wconf 87' lang='lat' dir='ltr'>in</span> <span class='ocrx_word' id='word_1_89' title='bbox 1030 955 1089 988; x_wconf 88' lang='lat' dir='ltr'>de-</span> 
     </span>
     <span class='ocr_line' id='line_1_17' title="bbox 91 1006 1087 1051; baseline -0.003 -10"><span class='ocrx_word' id='word_1_90' title='bbox 91 1009 265 1041; x_wconf 85' lang='lat' dir='ltr'>fendenda</span> <span class='ocrx_word' id='word_1_91' title='bbox 283 1008 455 1051; x_wconf 84' lang='lat' dir='ltr'>dignitate</span> <span class='ocrx_word' id='word_1_92' title='bbox 470 1006 586 1040; x_wconf 87' lang='lat' dir='ltr'>Bruti.</span> <span class='ocrx_word' id='word_1_93' title='bbox 640 1008 769 1040; x_wconf 81' lang='lat' dir='ltr'>Addita</span> <span class='ocrx_word' id='word_1_94' title='bbox 789 1013 840 1040; x_wconf 85' lang='lat' dir='ltr'>est</span> <span class='ocrx_word' id='word_1_95' title='bbox 857 1006 1087 1050; x_wconf 88' lang='lat' dir='ltr'>amplificatio</span> 
     </span>
     <span class='ocr_line' id='line_1_18' title="bbox 90 1057 1087 1103; baseline -0.002 -12"><span class='ocrx_word' id='word_1_96' title='bbox 90 1059 252 1103; x_wconf 89' lang='lat' dir='ltr'>praestiti</span> <span class='ocrx_word' id='word_1_97' title='bbox 269 1059 375 1091; x_wconf 81' lang='lat' dir='ltr'>officii</span> <span class='ocrx_word' id='word_1_98' title='bbox 392 1059 429 1091; x_wconf 91' lang='lat' dir='ltr'>in</span> <span class='ocrx_word' id='word_1_99' title='bbox 445 1064 590 1097; x_wconf 87' lang='lat' dir='ltr'>senatu,</span> <span class='ocrx_word' id='word_1_100' title='bbox 617 1059 712 1103; x_wconf 84' lang='lat' dir='ltr'>quod</span> <span class='ocrx_word' id='word_1_101' title='bbox 731 1057 877 1091; x_wconf 87' lang='lat' dir='ltr'>honesta</span> <span class='ocrx_word' id='word_1_102' title='bbox 896 1057 1087 1090; x_wconf 86' lang='lat' dir='ltr'>reiectione</span> 
     </span>
     <span class='ocr_line' id='line_1_19' title="bbox 92 1108 1087 1153; baseline -0.001 -10"><span class='ocrx_word' id='word_1_103' title='bbox 92 1109 240 1143; x_wconf 88' lang='lat' dir='ltr'>omnino</span> <span class='ocrx_word' id='word_1_104' title='bbox 275 1110 415 1143; x_wconf 88' lang='lat' dir='ltr'>silentio</span> <span class='ocrx_word' id='word_1_105' title='bbox 445 1108 627 1153; x_wconf 86' lang='lat' dir='ltr'>praeterit.</span> <span class='ocrx_word' id='word_1_106' title='bbox 695 1108 734 1141; x_wconf 91' lang='lat' dir='ltr'>In</span> <span class='ocrx_word' id='word_1_107' title='bbox 766 1110 835 1142; x_wconf 85' lang='lat' dir='ltr'>fine</span> <span class='ocrx_word' id='word_1_108' title='bbox 866 1115 917 1142; x_wconf 89' lang='lat' dir='ltr'>est</span> <span class='ocrx_word' id='word_1_109' title='bbox 947 1109 1087 1152; x_wconf 82' lang='lat' dir='ltr'>elegans</span> 
     </span>
     <span class='ocr_line' id='line_1_20' title="bbox 92 1160 725 1195; baseline 0 -2"><span class='ocrx_word' id='word_1_110' title='bbox 92 1161 245 1195; x_wconf 82' lang='lat' dir='ltr'>clausula</span> <span class='ocrx_word' id='word_1_111' title='bbox 265 1161 307 1193; x_wconf 90' lang='lat' dir='ltr'>de</span> <span class='ocrx_word' id='word_1_112' title='bbox 324 1172 446 1193; x_wconf 86' lang='lat' dir='ltr'>amore</span> <span class='ocrx_word' id='word_1_113' title='bbox 463 1166 497 1192; x_wconf 90' lang='lat' dir='ltr'>et</span> <span class='ocrx_word' id='word_1_114' title='bbox 516 1160 631 1192; x_wconf 83' lang='lat' dir='ltr'>officio</span> <span class='ocrx_word' id='word_1_115' title='bbox 650 1172 725 1193; x_wconf 87' lang='lat' dir='ltr'>suo.</span> 
     </span>
    </p>
   </div>
   <div class='ocr_carea' id='block_1_8' title="bbox 146 1250 1036 1337">
    <p class='ocr_par' dir='ltr' id='par_1_8' title="bbox 146 1250 1036 1337">
     <span class='ocr_line' id='line_1_21' title="bbox 146 1250 1036 1298; baseline -0.002 -11"><span class='ocrx_word' id='word_1_116' title='bbox 146 1254 473 1298; x_wconf 83' lang='lat' dir='ltr'>Argumentum</span> <span class='ocrx_word' id='word_1_117' title='bbox 505 1259 546 1286; x_wconf 92' lang='lat' dir='ltr'>et</span> <span class='ocrx_word' id='word_1_118' title='bbox 573 1250 749 1286; x_wconf 86' lang='lat' dir='ltr'>scholia</span> <span class='ocrx_word' id='word_1_119' title='bbox 786 1252 830 1285; x_wconf 89' lang='lat' dir='ltr'>in</span> <span class='ocrx_word' id='word_1_120' title='bbox 867 1252 1036 1296; x_wconf 89' lang='lat' dir='ltr'>episto-</span> 
     </span>
     <span class='ocr_line' id='line_1_22' title="bbox 492 1303 681 1337; baseline 0.005 -1"><span class='ocrx_word' id='word_1_121' title='bbox 492 1305 577 1336; x_wconf 85' lang='lat' dir='ltr'>lam</span> <span class='ocrx_word' id='word_1_122' title='bbox 606 1303 681 1337; x_wconf 65' lang='lat' dir='ltr'>Vll.</span> 
     </span>
    </p>
   </div>
   <div class='ocr_carea' id='block_1_9' title="bbox 90 1368 1085 1722">
    <p class='ocr_par' dir='ltr' id='par_1_9' title="bbox 93 1368 1085 1466">
     <span class='ocr_line' id='line_1_23' title="bbox 194 1368 1085 1417; baseline -0.002 -12"><span class='ocrx_word' id='word_1_123' title='bbox 194 1371 310 1417; x_wconf 55' lang='lat' dir='ltr'>Estffi)</span> <span class='ocrx_word' id='word_1_124' title='bbox 334 1370 482 1415; x_wconf 86' lang='lat' dir='ltr'>epistola</span> <span class='ocrx_word' id='word_1_125' title='bbox 501 1368 719 1408; x_wconf 86' lang='lat' dir='ltr'>hortatoria,</span> <span class='ocrx_word' id='word_1_126' title='bbox 749 1375 781 1401; x_wconf 92' lang='lat' dir='ltr'>et</span> <span class='ocrx_word' id='word_1_127' title='bbox 799 1369 953 1413; x_wconf 88' lang='lat' dir='ltr'>pertinet</span> <span class='ocrx_word' id='word_1_128' title='bbox 970 1371 1012 1403; x_wconf 86' lang='lat' dir='ltr'>ad</span> <span class='ocrx_word' id='word_1_129' title='bbox 1029 1383 1085 1414; x_wconf 86' lang='lat' dir='ltr'>ge-</span> 
     </span>
     <span class='ocr_line' id='line_1_24' title="bbox 93 1421 920 1466; baseline -0.004 -9"><span class='ocrx_word' id='word_1_130' title='bbox 93 1435 158 1457; x_wconf 87' lang='lat' dir='ltr'>nus</span> <span class='ocrx_word' id='word_1_131' title='bbox 175 1423 392 1461; x_wconf 86' lang='lat' dir='ltr'>suasorium,</span> <span class='ocrx_word' id='word_1_132' title='bbox 422 1428 542 1466; x_wconf 86' lang='lat' dir='ltr'>estque</span> <span class='ocrx_word' id='word_1_133' title='bbox 559 1421 675 1454; x_wconf 63' lang='lat' dir='ltr'>brevis</span> <span class='ocrx_word' id='word_1_134' title='bbox 692 1421 850 1453; x_wconf 81' lang='lat' dir='ltr'>narratio</span> <span class='ocrx_word' id='word_1_135' title='bbox 862 1421 920 1466; x_wconf 66' lang='grc'>27).</span> 
     </span>
    </p>

    <p class='ocr_par' dir='ltr' id='par_1_10' title="bbox 90 1470 1084 1672">
     <span class='ocr_line' id='line_1_25' title="bbox 196 1470 1084 1518; baseline 0 -12"><span class='ocrx_word' id='word_1_136' title='bbox 196 1472 225 1517; x_wconf 59' lang='grc' dir='ltr'>ἓ.</span> <span class='ocrx_word' id='word_1_137' title='bbox 244 1475 278 1508; x_wconf 75' lang='lat'>2.</span> <span class='ocrx_word' id='word_1_138' title='bbox 309 1475 414 1515; x_wconf 73' lang='lat' dir='ltr'>Caput</span> <span class='ocrx_word' id='word_1_139' title='bbox 435 1470 564 1518; x_wconf 71' lang='lat' dir='ltr'>[cidem]</span> <span class='ocrx_word' id='word_1_140' title='bbox 592 1472 816 1515; x_wconf 88' lang='lat' dir='ltr'>Propositio:</span> <span class='ocrx_word' id='word_1_141' title='bbox 852 1472 904 1505; x_wconf 60' lang='lat' dir='ltr'>,Ne</span> <span class='ocrx_word' id='word_1_142' title='bbox 926 1479 1084 1517; x_wconf 79' lang='lat' dir='ltr'>expectes</span> 
     </span>
     <span class='ocr_line' id='line_1_26' title="bbox 91 1523 1083 1569; baseline -0.001 -11"><span class='ocrx_word' id='word_1_143' title='bbox 91 1525 319 1558; x_wconf 86' lang='lat' dir='ltr'>autoritatem</span> <span class='ocrx_word' id='word_1_144' title='bbox 338 1529 499 1562; x_wconf 85' lang='lat' dir='ltr'>senatus,</span> <span class='ocrx_word' id='word_1_145' title='bbox 526 1524 586 1556; x_wconf 88' lang='lat' dir='ltr'>sed</span> <span class='ocrx_word' id='word_1_146' title='bbox 603 1523 712 1556; x_wconf 88' lang='lat' dir='ltr'>libere</span> <span class='ocrx_word' id='word_1_147' title='bbox 731 1535 812 1567; x_wconf 87' lang='lat' dir='ltr'>agas</span> <span class='ocrx_word' id='word_1_148' title='bbox 831 1523 964 1563; x_wconf 90' lang='lat' dir='ltr'>omnia,</span> <span class='ocrx_word' id='word_1_149' title='bbox 993 1537 1083 1569; x_wconf 81' lang='lat' dir='ltr'>quae</span> 
     </span>
     <span class='ocr_line' id='line_1_27' title="bbox 90 1574 1083 1620; baseline -0.001 -11"><span class='ocrx_word' id='word_1_150' title='bbox 90 1575 305 1620; x_wconf 89' lang='lat' dir='ltr'>reipublicae</span> <span class='ocrx_word' id='word_1_151' title='bbox 329 1575 516 1618; x_wconf 84' lang='lat' dir='ltr'>profutura</span> <span class='ocrx_word' id='word_1_152' title='bbox 541 1574 719 1607; x_wconf 85' lang='lat' dir='ltr'>videntur.</span> <span class='ocrx_word' id='word_1_153' title='bbox 798 1576 952 1619; x_wconf 72' lang='lat' dir='ltr'>Deniqiie</span> <span class='ocrx_word' id='word_1_154' title='bbox 977 1576 1083 1609; x_wconf 72' lang='lat' dir='ltr'>homi-</span> 
     </span>
     <span class='ocr_line' id='line_1_28' title="bbox 90 1624 780 1672; baseline -0.004 -12"><span class='ocrx_word' id='word_1_155' title='bbox 90 1640 147 1661; x_wconf 80' lang='lat' dir='ltr'>nes</span> <span class='ocrx_word' id='word_1_156' title='bbox 168 1624 330 1672; x_wconf 73' lang='lat' dir='ltr'>rusticos]</span> <span class='ocrx_word' id='word_1_157' title='bbox 358 1625 529 1658; x_wconf 78' lang='lat' dir='ltr'>Rationes</span> <span class='ocrx_word' id='word_1_158' title='bbox 547 1626 589 1657; x_wconf 90' lang='lat' dir='ltr'>ab</span> <span class='ocrx_word' id='word_1_159' title='bbox 607 1625 780 1668; x_wconf 82' lang='lat' dir='ltr'>exemplo.</span> 
     </span>
    </p>

    <p class='ocr_par' dir='ltr' id='par_1_11' title="bbox 195 1674 776 1722">
     <span class='ocr_line' id='line_1_29' title="bbox 195 1674 776 1722; baseline -0.002 -12"><span class='ocrx_word' id='word_1_160' title='bbox 195 1676 224 1721; x_wconf 63' lang='grc' dir='ltr'>ἓ.</span> <span class='ocrx_word' id='word_1_161' title='bbox 240 1677 273 1710; x_wconf 83' lang='grc'>3.</span> <span class='ocrx_word' id='word_1_162' title='bbox 304 1674 542 1722; x_wconf 76' lang='lat' dir='ltr'>Quamobrem]</span> <span class='ocrx_word' id='word_1_163' title='bbox 573 1675 776 1709; x_wconf 87' lang='lat' dir='ltr'>Conclusio.</span> 
     </span>
    </p>
   </div>
   <div class='ocr_carea' id='block_1_10' title="bbox 311 1751 860 1796">
    <p class='ocr_par' dir='ltr' id='par_1_12' title="bbox 311 1751 860 1796">
     <span class='ocr_line' id='line_1_30' title="bbox 311 1751 860 1796; baseline -0.002 -12"><span class='ocrx_word' id='word_1_164' title='bbox 311 1752 447 1785; x_wconf 86' lang='lat' dir='ltr'>Aliud</span> <span class='ocrx_word' id='word_1_165' title='bbox 475 1751 860 1796; x_wconf 64' lang='lat' dir='ltr'>argunienttini‘25).</span> 
     </span>
    </p>
   </div>
   <div class='ocr_carea' id='block_1_11' title="bbox 90 1810 1082 2206">
    <p class='ocr_par' dir='ltr' id='par_1_13' title="bbox 90 1810 1082 2206">
     <span class='ocr_line' id='line_1_31' title="bbox 191 1810 1082 1856; baseline -0.004 -11"><span class='ocrx_word' id='word_1_166' title='bbox 191 1812 399 1845; x_wconf 87' lang='lat' dir='ltr'>Hortatoria</span> <span class='ocrx_word' id='word_1_167' title='bbox 419 1817 490 1851; x_wconf 87' lang='lat' dir='ltr'>est,</span> <span class='ocrx_word' id='word_1_168' title='bbox 518 1822 586 1856; x_wconf 90' lang='lat' dir='ltr'>qua</span> <span class='ocrx_word' id='word_1_169' title='bbox 610 1810 738 1842; x_wconf 83' lang='lat' dir='ltr'>invitat</span> <span class='ocrx_word' id='word_1_170' title='bbox 752 1810 903 1843; x_wconf 86' lang='lat' dir='ltr'>Brutum</span> <span class='ocrx_word' id='word_1_171' title='bbox 925 1810 968 1842; x_wconf 91' lang='lat' dir='ltr'>ad</span> <span class='ocrx_word' id='word_1_172' title='bbox 991 1821 1082 1841; x_wconf 89' lang='lat' dir='ltr'>rem-</span> 
     </span>
     <span class='ocr_line' id='line_1_32' title="bbox 90 1861 1081 1910; baseline -0.002 -14"><span class='ocrx_word' id='word_1_173' title='bbox 90 1865 270 1910; x_wconf 82' lang='lat' dir='ltr'>publicam</span> <span class='ocrx_word' id='word_1_174' title='bbox 305 1876 323 1895; x_wconf 89' lang='lat' dir='ltr'>a</span> <span class='ocrx_word' id='word_1_175' title='bbox 358 1862 527 1896; x_wconf 88' lang='lat' dir='ltr'>servitute</span> <span class='ocrx_word' id='word_1_176' title='bbox 554 1862 826 1900; x_wconf 65' lang='lat' dir='ltr'>vindicandam,</span> <span class='ocrx_word' id='word_1_177' title='bbox 875 1861 980 1893; x_wconf 87' lang='lat' dir='ltr'>etiam</span> <span class='ocrx_word' id='word_1_178' title='bbox 1005 1861 1081 1894; x_wconf 88' lang='lat' dir='ltr'>abs-</span> 
     </span>
     <span class='ocr_line' id='line_1_33' title="bbox 91 1911 1080 1962; baseline -0.006 -13"><span class='ocrx_word' id='word_1_179' title='bbox 91 1929 158 1962; x_wconf 90' lang='lat' dir='ltr'>que</span> <span class='ocrx_word' id='word_1_180' title='bbox 194 1915 385 1948; x_wconf 83' lang='lat' dir='ltr'>autoritate</span> <span class='ocrx_word' id='word_1_181' title='bbox 418 1919 571 1947; x_wconf 89' lang='lat' dir='ltr'>senatus.</span> <span class='ocrx_word' id='word_1_182' title='bbox 638 1912 789 1945; x_wconf 89' lang='lat' dir='ltr'>Orditur</span> <span class='ocrx_word' id='word_1_183' title='bbox 816 1924 833 1944; x_wconf 93' lang='lat' dir='ltr'>a</span> <span class='ocrx_word' id='word_1_184' title='bbox 860 1911 1080 1951; x_wconf 84' lang='lat' dir='ltr'>narratione,</span> 
     </span>
     <span class='ocr_line' id='line_1_34' title="bbox 90 1963 1080 2013; baseline -0.007 -12"><span class='ocrx_word' id='word_1_185' title='bbox 90 1980 197 2013; x_wconf 86' lang='lat' dir='ltr'>quam</span> <span class='ocrx_word' id='word_1_186' title='bbox 214 1966 373 2011; x_wconf 88' lang='lat' dir='ltr'>sequitur</span> <span class='ocrx_word' id='word_1_187' title='bbox 389 1964 586 2009; x_wconf 83' lang='lat' dir='ltr'>propositio</span> <span class='ocrx_word' id='word_1_188' title='bbox 605 1964 812 1996; x_wconf 80' lang='lat' dir='ltr'>confirmata</span> <span class='ocrx_word' id='word_1_189' title='bbox 837 1963 948 1996; x_wconf 89' lang='lat' dir='ltr'>tribus</span> <span class='ocrx_word' id='word_1_190' title='bbox 974 1963 1080 1995; x_wconf 85' lang='lat' dir='ltr'>ratio-</span> 
     </span>
     <span class='ocr_line' id='line_1_35' title="bbox 90 2014 1080 2061; baseline -0.006 -10"><span class='ocrx_word' id='word_1_191' title='bbox 90 2019 211 2052; x_wconf 84' lang='lat' dir='ltr'>nibus:</span> <span class='ocrx_word' id='word_1_192' title='bbox 239 2017 354 2061; x_wconf 89' lang='lat' dir='ltr'>prima</span> <span class='ocrx_word' id='word_1_193' title='bbox 374 2028 392 2048; x_wconf 95' lang='lat' dir='ltr'>a</span> <span class='ocrx_word' id='word_1_194' title='bbox 409 2016 504 2048; x_wconf 90' lang='lat' dir='ltr'>facili</span> <span class='ocrx_word' id='word_1_195' title='bbox 524 2015 705 2059; x_wconf 84' lang='lat' dir='ltr'>exemplo;</span> <span class='ocrx_word' id='word_1_196' title='bbox 741 2015 891 2048; x_wconf 88' lang='lat' dir='ltr'>secunda</span> <span class='ocrx_word' id='word_1_197' title='bbox 921 2027 937 2046; x_wconf 90' lang='lat' dir='ltr'>a</span> <span class='ocrx_word' id='word_1_198' title='bbox 966 2014 1080 2057; x_wconf 84' lang='lat' dir='ltr'>turpi;</span> 
     </span>
     <span class='ocr_line' id='line_1_36' title="bbox 90 2066 1080 2112; baseline -0.006 -9"><span class='ocrx_word' id='word_1_199' title='bbox 90 2070 194 2103; x_wconf 86' lang='lat' dir='ltr'>tertia</span> <span class='ocrx_word' id='word_1_200' title='bbox 214 2080 232 2101; x_wconf 88' lang='lat' dir='ltr'>a</span> <span class='ocrx_word' id='word_1_201' title='bbox 249 2067 465 2107; x_wconf 87' lang='lat' dir='ltr'>necessario,</span> <span class='ocrx_word' id='word_1_202' title='bbox 494 2067 622 2112; x_wconf 90' lang='lat' dir='ltr'>quibus</span> <span class='ocrx_word' id='word_1_203' title='bbox 640 2067 782 2099; x_wconf 85' lang='lat' dir='ltr'>additur</span> <span class='ocrx_word' id='word_1_204' title='bbox 799 2066 976 2109; x_wconf 79' lang='lat' dir='ltr'>epilogus,</span> <span class='ocrx_word' id='word_1_205' title='bbox 1010 2077 1080 2110; x_wconf 89' lang='lat' dir='ltr'>quo</span> 
     </span>
     <span class='ocr_line' id='line_1_37' title="bbox 93 2117 1081 2164; baseline -0.006 -10"><span class='ocrx_word' id='word_1_206' title='bbox 93 2127 142 2155; x_wconf 87' lang='lat' dir='ltr'>est</span> <span class='ocrx_word' id='word_1_207' title='bbox 170 2120 319 2164; x_wconf 87' lang='lat' dir='ltr'>repetita</span> <span class='ocrx_word' id='word_1_208' title='bbox 345 2119 556 2162; x_wconf 85' lang='lat' dir='ltr'>propositio.</span> <span class='ocrx_word' id='word_1_209' title='bbox 624 2118 720 2151; x_wconf 87' lang='lat' dir='ltr'>Haec</span> <span class='ocrx_word' id='word_1_210' title='bbox 744 2117 809 2151; x_wconf 87' lang='lat' dir='ltr'>suit</span> <span class='ocrx_word' id='word_1_211' title='bbox 838 2117 967 2161; x_wconf 84' lang='lat' dir='ltr'>scripta</span> <span class='ocrx_word' id='word_1_212' title='bbox 992 2128 1081 2148; x_wconf 91' lang='lat' dir='ltr'>non-</span> 
     </span>
     <span class='ocr_line' id='line_1_38' title="bbox 92 2169 667 2206; baseline -0.005 -1"><span class='ocrx_word' id='word_1_213' title='bbox 92 2174 176 2206; x_wconf 89' lang='lat' dir='ltr'>dum</span> <span class='ocrx_word' id='word_1_214' title='bbox 205 2172 345 2205; x_wconf 85' lang='lat' dir='ltr'>obsesso</span> <span class='ocrx_word' id='word_1_215' title='bbox 363 2170 523 2203; x_wconf 87' lang='lat' dir='ltr'>Mutinae</span> <span class='ocrx_word' id='word_1_216' title='bbox 540 2169 667 2203; x_wconf 86' lang='lat' dir='ltr'>Bruto.</span> 
     </span>
    </p>
   </div>
   <div class='ocr_carea' id='block_1_12' title="bbox 338 2244 844 2289">
    <p class='ocr_par' dir='ltr' id='par_1_14' title="bbox 338 2244 844 2289">
     <span class='ocr_line' id='line_1_39' title="bbox 338 2244 844 2289; baseline -0.002 -12"><span class='ocrx_word' id='word_1_217' title='bbox 338 2244 478 2278; x_wconf 81' lang='lat' dir='ltr'>Aliud</span> <span class='ocrx_word' id='word_1_218' title='bbox 514 2250 844 2289; x_wconf 84' lang='lat' dir='ltr'>argumentum.</span> 
     </span>
    </p>
   </div>
   <div class='ocr_carea' id='block_1_13' title="bbox 94 2309 1082 2406">
    <p class='ocr_par' dir='ltr' id='par_1_15' title="bbox 94 2309 1082 2406">
     <span class='ocr_line' id='line_1_40' title="bbox 194 2309 1081 2357; baseline -0.006 -11"><span class='ocrx_word' id='word_1_219' title='bbox 194 2312 401 2346; x_wconf 88' lang='lat' dir='ltr'>Hortatoria</span> <span class='ocrx_word' id='word_1_220' title='bbox 420 2318 471 2345; x_wconf 87' lang='lat' dir='ltr'>est</span> <span class='ocrx_word' id='word_1_221' title='bbox 487 2312 647 2356; x_wconf 88' lang='lat' dir='ltr'>epistola,</span> <span class='ocrx_word' id='word_1_222' title='bbox 675 2312 711 2344; x_wconf 89' lang='lat' dir='ltr'>in</span> <span class='ocrx_word' id='word_1_223' title='bbox 730 2323 797 2357; x_wconf 90' lang='lat' dir='ltr'>qua</span> <span class='ocrx_word' id='word_1_224' title='bbox 816 2309 979 2343; x_wconf 88' lang='lat' dir='ltr'>hortatur</span> <span class='ocrx_word' id='word_1_225' title='bbox 991 2309 1081 2342; x_wconf 86' lang='lat' dir='ltr'>Bru-</span> 
     </span>
     <span class='ocr_line' id='line_1_41' title="bbox 94 2362 1082 2406; baseline -0.004 -9"><span class='ocrx_word' id='word_1_226' title='bbox 94 2372 190 2404; x_wconf 86' lang='lat' dir='ltr'>tum,</span> <span class='ocrx_word' id='word_1_227' title='bbox 218 2364 309 2398; x_wconf 90' lang='lat' dir='ltr'>utin</span> <span class='ocrx_word' id='word_1_228' title='bbox 327 2364 546 2397; x_wconf 82' lang='lat' dir='ltr'>defendenda</span> <span class='ocrx_word' id='word_1_229' title='bbox 570 2364 732 2396; x_wconf 86' lang='lat' dir='ltr'>libertate</span> <span class='ocrx_word' id='word_1_230' title='bbox 758 2362 973 2406; x_wconf 88' lang='lat' dir='ltr'>reipublicae</span> <span class='ocrx_word' id='word_1_231' title='bbox 997 2368 1082 2394; x_wconf 80' lang='lat' dir='ltr'>stre-</span> 
     </span>
    </p>
   </div>
   <div class='ocr_carea' id='block_1_14' title="bbox 126 2461 1085 2634">
    <p class='ocr_par' dir='ltr' id='par_1_16' title="bbox 127 2461 1082 2529">
     <span class='ocr_line' id='line_1_42' title="bbox 127 2461 1082 2494; baseline -0.003 -5"><span class='ocrx_word' id='word_1_232' title='bbox 127 2465 195 2492; x_wconf 75' lang='lat'>25³)</span> <span class='ocrx_word' id='word_1_233' title='bbox 215 2465 456 2494; x_wconf 74' lang='lat' dir='ltr'>exprobratorum]</span> <span class='ocrx_word' id='word_1_234' title='bbox 476 2464 515 2487; x_wconf 85' lang='lat' dir='ltr'>sie</span> <span class='ocrx_word' id='word_1_235' title='bbox 527 2464 576 2489; x_wconf 87' lang='lat' dir='ltr'>Ed.</span> <span class='ocrx_word' id='word_1_236' title='bbox 587 2464 680 2493; x_wconf 79' lang='lat'>1556.;</span> <span class='ocrx_word' id='word_1_237' title='bbox 697 2463 880 2493; x_wconf 74' lang='lat' dir='ltr'>Editt.1565.‚</span> <span class='ocrx_word' id='word_1_238' title='bbox 900 2462 987 2491; x_wconf 83' lang='lat' dir='ltr'>157t.‚</span> <span class='ocrx_word' id='word_1_239' title='bbox 1009 2461 1082 2486; x_wconf 80' lang='lat'>1596.</span> 
     </span>
     <span class='ocr_line' id='line_1_43' title="bbox 164 2499 496 2529; baseline -0.006 -6"><span class='ocrx_word' id='word_1_240' title='bbox 164 2499 250 2523; x_wconf 82' lang='lat' dir='ltr'>mate:</span> <span class='ocrx_word' id='word_1_241' title='bbox 276 2501 496 2529; x_wconf 78' lang='lat' dir='ltr'>exprobatorum.</span> 
     </span>
    </p>

    <p class='ocr_par' dir='ltr' id='par_1_17' title="bbox 128 2530 1085 2596">
     <span class='ocr_line' id='line_1_44' title="bbox 128 2530 1085 2562; baseline -0.003 -6"><span class='ocrx_word' id='word_1_242' title='bbox 128 2533 177 2562; x_wconf 84' lang='lat'>26)</span> <span class='ocrx_word' id='word_1_243' title='bbox 196 2534 262 2557; x_wconf 80' lang='lat' dir='ltr'>Huic</span> <span class='ocrx_word' id='word_1_244' title='bbox 281 2535 340 2558; x_wconf 83' lang='lat' dir='ltr'>voci</span> <span class='ocrx_word' id='word_1_245' title='bbox 369 2535 394 2557; x_wconf 88' lang='lat' dir='ltr'>iu</span> <span class='ocrx_word' id='word_1_246' title='bbox 415 2533 496 2556; x_wconf 85' lang='lat' dir='ltr'>Editt.</span> <span class='ocrx_word' id='word_1_247' title='bbox 526 2532 617 2559; x_wconf 80' lang='lat'>1540..</span> <span class='ocrx_word' id='word_1_248' title='bbox 638 2533 728 2558; x_wconf 74' lang='lat'>¹544..</span> <span class='ocrx_word' id='word_1_249' title='bbox 750 2532 840 2557; x_wconf 73' lang='lat'>1554..</span> <span class='ocrx_word' id='word_1_250' title='bbox 870 2531 943 2554; x_wconf 83' lang='grc'><strong>1557.</strong></span> <span class='ocrx_word' id='word_1_251' title='bbox 963 2530 1085 2560; x_wconf 81' lang='lat' dir='ltr'>praefixa</span> 
     </span>
     <span class='ocr_line' id='line_1_45' title="bbox 164 2567 864 2596; baseline -0.001 -5"><span class='ocrx_word' id='word_1_252' title='bbox 164 2570 227 2591; x_wconf 84' lang='lat' dir='ltr'>sunt</span> <span class='ocrx_word' id='word_1_253' title='bbox 247 2568 302 2593; x_wconf 86' lang='lat' dir='ltr'>Cic.</span> <span class='ocrx_word' id='word_1_254' title='bbox 323 2570 407 2591; x_wconf 84' lang='lat' dir='ltr'>verba</span> <span class='ocrx_word' id='word_1_255' title='bbox 426 2567 466 2596; x_wconf 70' lang='lat' dir='ltr'>(S.</span> <span class='ocrx_word' id='word_1_256' title='bbox 488 2567 540 2593; x_wconf 85' lang='lat'>1.):</span> <span class='ocrx_word' id='word_1_257' title='bbox 568 2567 659 2596; x_wconf 83' lang='lat' dir='ltr'>Quum</span> <span class='ocrx_word' id='word_1_258' title='bbox 678 2567 864 2590; x_wconf 71' lang='lat' dir='ltr'>adhibuisset.</span> 
     </span>
    </p>

    <p class='ocr_par' dir='ltr' id='par_1_18' title="bbox 126 2598 1083 2634">
     <span class='ocr_line' id='line_1_46' title="bbox 126 2598 1083 2634; baseline -0.004 -9"><span class='ocrx_word' id='word_1_259' title='bbox 126 2601 174 2630; x_wconf 82' lang='lat'>27]</span> <span class='ocrx_word' id='word_1_260' title='bbox 196 2602 251 2625; x_wconf 84' lang='lat' dir='ltr'>Hoc</span> <span class='ocrx_word' id='word_1_261' title='bbox 266 2605 453 2634; x_wconf 79' lang='lat' dir='ltr'>argumentum</span> <span class='ocrx_word' id='word_1_262' title='bbox 468 2601 566 2624; x_wconf 80' lang='lat' dir='ltr'>habent</span> <span class='ocrx_word' id='word_1_263' title='bbox 579 2601 662 2623; x_wconf 81' lang='lat' dir='ltr'>Editt.</span> <span class='ocrx_word' id='word_1_264' title='bbox 676 2601 876 2626; x_wconf 72' lang='lat'>1537—1545.,</span> <span class='ocrx_word' id='word_1_265' title='bbox 893 2600 977 2627; x_wconf 61' lang='lat'>1554..</span> <span class='ocrx_word' id='word_1_266' title='bbox 1000 2598 1083 2623; x_wconf 77' lang='lat'>1557..</span> 
     </span>
    </p>
   </div>
   <div class='ocr_carea' id='block_1_15' title="bbox 130 2636 1084 2699">
    <p class='ocr_par' dir='ltr' id='par_1_19' title="bbox 130 2636 1084 2699">
     <span class='ocr_line' id='line_1_47' title="bbox 130 2636 1084 2699; baseline -0.003 -6"><span class='ocrx_word' id='word_1_267' title='bbox 130 2636 254 2697; x_wconf 55' lang='grc' dir='ltr'>28ξὸῗὶἚο</span> <span class='ocrx_word' id='word_1_268' title='bbox 272 2672 460 2698; x_wconf 72' lang='lat' dir='ltr'>argumentum</span> <span class='ocrx_word' id='word_1_269' title='bbox 481 2670 507 2692; x_wconf 81' lang='lat' dir='ltr'>et</span> <span class='ocrx_word' id='word_1_270' title='bbox 527 2669 580 2692; x_wconf 85' lang='lat' dir='ltr'>tria</span> <span class='ocrx_word' id='word_1_271' title='bbox 599 2668 742 2699; x_wconf 81' lang='lat' dir='ltr'>sequentia</span> <span class='ocrx_word' id='word_1_272' title='bbox 761 2669 788 2692; x_wconf 89' lang='lat' dir='ltr'>iu</span> <span class='ocrx_word' id='word_1_273' title='bbox 808 2669 891 2693; x_wconf 82' lang='lat' dir='ltr'>Editt.</span> <span class='ocrx_word' id='word_1_274' title='bbox 914 2668 998 2697; x_wconf 56' lang='lat'>1556„</span> <span class='ocrx_word' id='word_1_275' title='bbox 1020 2668 1084 2690; x_wconf 74' lang='lat'>1565</span> 
     </span>
    </p>
   </div>
   <div class='ocr_carea' id='block_1_16' title="bbox 104 2705 646 2777">
    <p class='ocr_par' dir='ltr' id='par_1_20' title="bbox 104 2705 646 2777">
     <span class='ocr_line' id='line_1_48' title="bbox 169 2705 483 2728; baseline 0 -2"><span class='ocrx_word' id='word_1_276' title='bbox 169 2716 195 2719; x_wconf 97' lang='lat'><strong>—</strong></span> <span class='ocrx_word' id='word_1_277' title='bbox 208 2705 281 2727; x_wconf 77' lang='lat'>1596.</span> <span class='ocrx_word' id='word_1_278' title='bbox 300 2705 483 2728; x_wconf 86' lang='lat' dir='ltr'>inveniuntur.</span> 
     </span>
     <span class='ocr_line' id='line_1_49' title="bbox 104 2746 646 2777; baseline -0.002 -1"><span class='ocrx_word' id='word_1_279' title='bbox 104 2746 285 2776; x_wconf 74' lang='lat' dir='ltr'>MELANTH.</span> <span class='ocrx_word' id='word_1_280' title='bbox 302 2747 407 2777; x_wconf 67' lang='lat' dir='ltr'>oran.</span> <span class='ocrx_word' id='word_1_281' title='bbox 439 2746 523 2776; x_wconf 80' lang='lat' dir='ltr'>VoL.</span> <span class='ocrx_word' id='word_1_282' title='bbox 540 2746 646 2777; x_wconf 74' lang='lat' dir='ltr'>xvn.</span> 
     </span>
    </p>
   </div>
   <div class='ocr_carea' id='block_1_17' title="bbox 265 102 1982 150">
    <p class='ocr_par' dir='ltr' id='par_1_21' title="bbox 265 102 1982 150">
     <span class='ocr_line' id='line_1_50' title="bbox 265 102 1982 150; baseline 0.006 -10"><span class='ocrx_word' id='word_1_283' title='bbox 265 104 387 142; x_wconf 87' lang='lat' dir='ltr'>XXIII.</span> <span class='ocrx_word' id='word_1_284' title='bbox 439 103 748 140; x_wconf 83' lang='lat' dir='ltr'><strong>ARGUMENTA</strong></span> <span class='ocrx_word' id='word_1_285' title='bbox 771 103 837 138; x_wconf 91' lang='lat' dir='ltr'>ET</span> <span class='ocrx_word' id='word_1_286' title='bbox 861 102 1063 140; x_wconf 88' lang='lat' dir='ltr'>SCHOLIA</span> <span class='ocrx_word' id='word_1_287' title='bbox 1088 104 1136 141; x_wconf 91' lang='lat' dir='ltr'>IN</span> <span class='ocrx_word' id='word_1_288' title='bbox 1159 105 1308 142; x_wconf 90' lang='lat' dir='ltr'>EPIST.</span> <span class='ocrx_word' id='word_1_289' title='bbox 1324 107 1436 143; x_wconf 86' lang='lat' dir='ltr'>FAM.</span> <span class='ocrx_word' id='word_1_290' title='bbox 1462 106 1545 143; x_wconf 89' lang='lat' dir='ltr'>CIC.</span> <span class='ocrx_word' id='word_1_291' title='bbox 1578 108 1665 145; x_wconf 91' lang='lat' dir='ltr'>LIB.</span> <span class='ocrx_word' id='word_1_292' title='bbox 1679 109 1736 145; x_wconf 86' lang='lat' dir='ltr'>XI.</span> <span class='ocrx_word' id='word_1_293' title='bbox 1762 110 1834 148; x_wconf 87' lang='grc' dir='ltr'>ΕΡ,</span> <span class='ocrx_word' id='word_1_294' title='bbox 1853 114 1982 150; x_wconf 82' lang='lat'>4—8.</span> 
     </span>
    </p>
   </div>
   <div class='ocr_carea' id='block_1_18' title="bbox 2068 118 2143 153">
    <p class='ocr_par' dir='ltr' id='par_1_22' title="bbox 2068 118 2143 153">
     <span class='ocr_line' id='line_1_51' title="bbox 2068 118 2143 153; baseline 0.013 -1"><span class='ocrx_word' id='word_1_295' title='bbox 2068 118 2143 153; x_wconf 84' lang='lat'>386</span> 
     </span>
    </p>
   </div>
   <div class='ocr_carea' id='block_1_19' title="bbox 1144 197 2141 753">
    <p class='ocr_par' dir='ltr' id='par_1_23' title="bbox 1144 197 2141 753">
     <span class='ocr_line' id='line_1_52' title="bbox 1147 197 2141 239; baseline 0.013 -14"><span class='ocrx_word' id='word_1_296' title='bbox 1147 204 1217 226; x_wconf 90' lang='lat' dir='ltr'>nue</span> <span class='ocrx_word' id='word_1_297' title='bbox 1235 200 1378 238; x_wconf 79' lang='lat' dir='ltr'>pergat,</span> <span class='ocrx_word' id='word_1_298' title='bbox 1405 207 1469 228; x_wconf 85' lang='lat' dir='ltr'>nec</span> <span class='ocrx_word' id='word_1_299' title='bbox 1488 201 1644 239; x_wconf 84' lang='lat' dir='ltr'>expectet</span> <span class='ocrx_word' id='word_1_300' title='bbox 1659 197 1701 229; x_wconf 88' lang='lat' dir='ltr'>de</span> <span class='ocrx_word' id='word_1_301' title='bbox 1719 209 1757 230; x_wconf 88' lang='lat' dir='ltr'>ea</span> <span class='ocrx_word' id='word_1_302' title='bbox 1778 210 1815 231; x_wconf 91' lang='lat' dir='ltr'>re</span> <span class='ocrx_word' id='word_1_303' title='bbox 1839 202 2066 236; x_wconf 89' lang='lat' dir='ltr'>autoritatem</span> <span class='ocrx_word' id='word_1_304' title='bbox 2090 216 2141 238; x_wconf 86' lang='lat' dir='ltr'>se-</span> 
     </span>
     <span class='ocr_line' id='line_1_53' title="bbox 1147 245 2141 299; baseline 0.012 -23"><span class='ocrx_word' id='word_1_305' title='bbox 1147 250 1262 278; x_wconf 85' lang='lat' dir='ltr'>natus.</span> <span class='ocrx_word' id='word_1_306' title='bbox 1315 245 1465 279; x_wconf 86' lang='lat' dir='ltr'>Orditur</span> <span class='ocrx_word' id='word_1_307' title='bbox 1482 258 1500 279; x_wconf 90' lang='lat' dir='ltr'>a</span> <span class='ocrx_word' id='word_1_308' title='bbox 1517 247 1616 279; x_wconf 84' lang='lat' dir='ltr'>brevi</span> <span class='ocrx_word' id='word_1_309' title='bbox 1635 248 1842 282; x_wconf 87' lang='lat' dir='ltr'>narratione</span> <span class='ocrx_word' id='word_1_310' title='bbox 1869 253 2037 299; x_wconf 88' lang='lat' dir='ltr'>colloquii</span> <span class='ocrx_word' id='word_1_311' title='bbox 2062 267 2141 288; x_wconf 90' lang='lat' dir='ltr'>cum</span> 
     </span>
     <span class='ocr_line' id='line_1_54' title="bbox 1148 295 2140 340; baseline 0.012 -13"><span class='ocrx_word' id='word_1_312' title='bbox 1148 295 1359 340; x_wconf 88' lang='lat' dir='ltr'>quibusdam</span> <span class='ocrx_word' id='word_1_313' title='bbox 1378 297 1500 331; x_wconf 89' lang='lat' dir='ltr'>amicis</span> <span class='ocrx_word' id='word_1_314' title='bbox 1517 300 1559 331; x_wconf 92' lang='lat' dir='ltr'>de</span> <span class='ocrx_word' id='word_1_315' title='bbox 1578 310 1680 332; x_wconf 90' lang='lat' dir='ltr'>causa</span> <span class='ocrx_word' id='word_1_316' title='bbox 1695 299 1820 340; x_wconf 86' lang='lat' dir='ltr'>Bruti,</span> <span class='ocrx_word' id='word_1_317' title='bbox 1849 303 1946 336; x_wconf 92' lang='lat' dir='ltr'>cuius</span> <span class='ocrx_word' id='word_1_318' title='bbox 1963 317 2140 339; x_wconf 89' lang='lat' dir='ltr'>summam</span> 
     </span>
     <span class='ocr_line' id='line_1_55' title="bbox 1147 346 2141 399; baseline 0.012 -21"><span class='ocrx_word' id='word_1_319' title='bbox 1147 346 1342 391; x_wconf 87' lang='lat' dir='ltr'>intelligere</span> <span class='ocrx_word' id='word_1_320' title='bbox 1360 349 1463 382; x_wconf 87' lang='lat' dir='ltr'>debet</span> <span class='ocrx_word' id='word_1_321' title='bbox 1482 361 1523 382; x_wconf 85' lang='lat' dir='ltr'>ex</span> <span class='ocrx_word' id='word_1_322' title='bbox 1539 350 1677 384; x_wconf 90' lang='lat' dir='ltr'>duobus</span> <span class='ocrx_word' id='word_1_323' title='bbox 1698 351 1831 386; x_wconf 86' lang='lat' dir='ltr'>amicis.</span> <span class='ocrx_word' id='word_1_324' title='bbox 1890 355 2000 387; x_wconf 84' lang='lat' dir='ltr'>Addit</span> <span class='ocrx_word' id='word_1_325' title='bbox 2018 363 2141 399; x_wconf 88' lang='lat' dir='ltr'>postea</span> 
     </span>
     <span class='ocr_line' id='line_1_56' title="bbox 1147 399 2140 451; baseline 0.011 -21"><span class='ocrx_word' id='word_1_326' title='bbox 1147 399 1430 442; x_wconf 90' lang='lat' dir='ltr'>propositionem</span> <span class='ocrx_word' id='word_1_327' title='bbox 1459 413 1521 444; x_wconf 90' lang='lat' dir='ltr'>per</span> <span class='ocrx_word' id='word_1_328' title='bbox 1550 399 1858 443; x_wconf 85' lang='lat' dir='ltr'>adhortationem,</span> <span class='ocrx_word' id='word_1_329' title='bbox 1893 411 1933 438; x_wconf 89' lang='lat' dir='ltr'>ut</span> <span class='ocrx_word' id='word_1_330' title='bbox 1955 417 2012 445; x_wconf 82' lang='lat' dir='ltr'>ea,</span> <span class='ocrx_word' id='word_1_331' title='bbox 2049 420 2140 451; x_wconf 92' lang='lat' dir='ltr'>quae</span> 
     </span>
     <span class='ocr_line' id='line_1_57' title="bbox 1146 448 2141 499; baseline 0.012 -19"><span class='ocrx_word' id='word_1_332' title='bbox 1146 448 1355 484; x_wconf 79' lang='lat' dir='ltr'>iudicaverit</span> <span class='ocrx_word' id='word_1_333' title='bbox 1379 464 1450 485; x_wconf 88' lang='lat' dir='ltr'>esse</span> <span class='ocrx_word' id='word_1_334' title='bbox 1471 453 1657 496; x_wconf 81' lang='lat' dir='ltr'>profutura</span> <span class='ocrx_word' id='word_1_335' title='bbox 1682 454 1919 497; x_wconf 87' lang='lat' dir='ltr'>reipublicae,</span> <span class='ocrx_word' id='word_1_336' title='bbox 1947 456 2141 499; x_wconf 88' lang='lat' dir='ltr'>diligentis-</span> 
     </span>
     <span class='ocr_line' id='line_1_58' title="bbox 1146 500 2140 547; baseline 0.01 -15"><span class='ocrx_word' id='word_1_337' title='bbox 1146 500 1233 533; x_wconf 90' lang='lat' dir='ltr'>sime</span> <span class='ocrx_word' id='word_1_338' title='bbox 1257 508 1357 545; x_wconf 81' lang='lat' dir='ltr'>agat,</span> <span class='ocrx_word' id='word_1_339' title='bbox 1400 515 1474 535; x_wconf 89' lang='lat' dir='ltr'>non</span> <span class='ocrx_word' id='word_1_340' title='bbox 1507 510 1693 547; x_wconf 82' lang='lat' dir='ltr'>expectans</span> <span class='ocrx_word' id='word_1_341' title='bbox 1725 512 1867 539; x_wconf 88' lang='lat' dir='ltr'>senatus</span> <span class='ocrx_word' id='word_1_342' title='bbox 1899 508 2140 543; x_wconf 87' lang='lat' dir='ltr'>autoritatem.</span> 
     </span>
     <span class='ocr_line' id='line_1_59' title="bbox 1146 550 2141 603; baseline 0.011 -21"><span class='ocrx_word' id='word_1_343' title='bbox 1146 550 1252 584; x_wconf 80' lang='lat' dir='ltr'>Ratio</span> <span class='ocrx_word' id='word_1_344' title='bbox 1280 553 1536 597; x_wconf 86' lang='lat' dir='ltr'>propositionis</span> <span class='ocrx_word' id='word_1_345' title='bbox 1568 555 1720 588; x_wconf 83' lang='lat' dir='ltr'>sumitur</span> <span class='ocrx_word' id='word_1_346' title='bbox 1753 557 1796 589; x_wconf 88' lang='lat' dir='ltr'>ab</span> <span class='ocrx_word' id='word_1_347' title='bbox 1830 557 1938 601; x_wconf 91' lang='lat' dir='ltr'>ipsius</span> <span class='ocrx_word' id='word_1_348' title='bbox 1965 560 2141 603; x_wconf 87' lang='lat' dir='ltr'>exemplo,</span> 
     </span>
     <span class='ocr_line' id='line_1_60' title="bbox 1145 601 2140 653; baseline 0.01 -19"><span class='ocrx_word' id='word_1_349' title='bbox 1145 601 1285 634; x_wconf 74' lang='lat' dir='ltr'>Octavii</span> <span class='ocrx_word' id='word_1_350' title='bbox 1312 610 1346 636; x_wconf 91' lang='lat' dir='ltr'>et</span> <span class='ocrx_word' id='word_1_351' title='bbox 1372 605 1524 637; x_wconf 83' lang='lat' dir='ltr'>aliorum</span> <span class='ocrx_word' id='word_1_352' title='bbox 1552 605 1728 645; x_wconf 88' lang='lat' dir='ltr'>militum,</span> <span class='ocrx_word' id='word_1_353' title='bbox 1765 608 1825 652; x_wconf 86' lang='lat' dir='ltr'>qui</span> <span class='ocrx_word' id='word_1_354' title='bbox 1850 609 1959 641; x_wconf 89' lang='lat' dir='ltr'>multa</span> <span class='ocrx_word' id='word_1_355' title='bbox 1982 621 2048 653; x_wconf 90' lang='lat' dir='ltr'>pro</span> <span class='ocrx_word' id='word_1_356' title='bbox 2072 611 2140 644; x_wconf 91' lang='lat' dir='ltr'>rei-</span> 
     </span>
     <span class='ocr_line' id='line_1_61' title="bbox 1144 653 2139 699; baseline 0.011 -15"><span class='ocrx_word' id='word_1_357' title='bbox 1144 653 1306 696; x_wconf 88' lang='lat' dir='ltr'>publicae</span> <span class='ocrx_word' id='word_1_358' title='bbox 1337 656 1449 688; x_wconf 89' lang='lat' dir='ltr'>salute</span> <span class='ocrx_word' id='word_1_359' title='bbox 1480 656 1709 699; x_wconf 87' lang='lat' dir='ltr'>susceperint.</span> <span class='ocrx_word' id='word_1_360' title='bbox 1781 658 1969 693; x_wconf 88' lang='lat' dir='ltr'>Conclusio</span> <span class='ocrx_word' id='word_1_361' title='bbox 2001 668 2139 695; x_wconf 81' lang='lat' dir='ltr'>constat</span> 
     </span>
     <span class='ocr_line' id='line_1_62' title="bbox 1144 701 2014 753; baseline 0.01 -17"><span class='ocrx_word' id='word_1_362' title='bbox 1144 701 1412 746; x_wconf 82' lang='lat' dir='ltr'>adhortatione,</span> <span class='ocrx_word' id='word_1_363' title='bbox 1438 719 1499 739; x_wconf 90' lang='lat' dir='ltr'>seu</span> <span class='ocrx_word' id='word_1_364' title='bbox 1517 707 1728 749; x_wconf 87' lang='lat' dir='ltr'>repetitione</span> <span class='ocrx_word' id='word_1_365' title='bbox 1746 711 2014 753; x_wconf 90' lang='lat' dir='ltr'>propositionis.</span> 
     </span>
    </p>
   </div>
   <div class='ocr_carea' id='block_1_20' title="bbox 1391 798 1880 843">
    <p class='ocr_par' dir='ltr' id='par_1_24' title="bbox 1391 798 1880 843">
     <span class='ocr_line' id='line_1_63' title="bbox 1391 798 1880 843; baseline 0.012 -13"><span class='ocrx_word' id='word_1_366' title='bbox 1391 798 1523 832; x_wconf 87' lang='lat' dir='ltr'>Aliud</span> <span class='ocrx_word' id='word_1_367' title='bbox 1553 807 1880 843; x_wconf 79' lang='lat' dir='ltr'>argumentum.</span> 
     </span>
    </p>
   </div>
   <div class='ocr_carea' id='block_1_21' title="bbox 1135 871 2138 1675">
    <p class='ocr_par' dir='ltr' id='par_1_25' title="bbox 1135 871 2138 1675">
     <span class='ocr_line' id='line_1_64' title="bbox 1245 871 2135 923; baseline 0.01 -18"><span class='ocrx_word' id='word_1_368' title='bbox 1245 872 1307 906; x_wconf 84' lang='lat' dir='ltr'>Est</span> <span class='ocrx_word' id='word_1_369' title='bbox 1324 871 1523 907; x_wconf 87' lang='lat' dir='ltr'>hortatoria</span> <span class='ocrx_word' id='word_1_370' title='bbox 1552 876 1720 919; x_wconf 87' lang='lat' dir='ltr'>epistola,</span> <span class='ocrx_word' id='word_1_371' title='bbox 1749 883 1787 909; x_wconf 88' lang='lat' dir='ltr'>ut</span> <span class='ocrx_word' id='word_1_372' title='bbox 1804 877 1936 912; x_wconf 90' lang='lat' dir='ltr'>Brutus</span> <span class='ocrx_word' id='word_1_373' title='bbox 1954 887 2077 923; x_wconf 83' lang='lat' dir='ltr'>pergat</span> <span class='ocrx_word' id='word_1_374' title='bbox 2096 893 2135 914; x_wconf 89' lang='lat' dir='ltr'>ea</span> 
     </span>
     <span class='ocr_line' id='line_1_65' title="bbox 1141 924 2137 974; baseline 0.008 -18"><span class='ocrx_word' id='word_1_375' title='bbox 1141 924 1255 957; x_wconf 85' lang='lat' dir='ltr'>facere</span> <span class='ocrx_word' id='word_1_376' title='bbox 1272 931 1393 957; x_wconf 88' lang='lat' dir='ltr'>contra</span> <span class='ocrx_word' id='word_1_377' title='bbox 1412 926 1630 967; x_wconf 78' lang='lat' dir='ltr'>Antonium,</span> <span class='ocrx_word' id='word_1_378' title='bbox 1660 940 1751 972; x_wconf 88' lang='lat' dir='ltr'>quae</span> <span class='ocrx_word' id='word_1_379' title='bbox 1775 929 1991 972; x_wconf 86' lang='lat' dir='ltr'>reipublicae</span> <span class='ocrx_word' id='word_1_380' title='bbox 2015 932 2137 974; x_wconf 88' lang='lat' dir='ltr'>profu-</span> 
     </span>
     <span class='ocr_line' id='line_1_66' title="bbox 1142 976 2138 1027; baseline 0.008 -20"><span class='ocrx_word' id='word_1_381' title='bbox 1142 982 1221 1008; x_wconf 89' lang='lat' dir='ltr'>tura</span> <span class='ocrx_word' id='word_1_382' title='bbox 1248 976 1424 1010; x_wconf 65' lang='lat' dir='ltr'>vitientur.</span> <span class='ocrx_word' id='word_1_383' title='bbox 1485 977 1610 1022; x_wconf 82' lang='lat' dir='ltr'>Neque</span> <span class='ocrx_word' id='word_1_384' title='bbox 1637 986 1796 1022; x_wconf 83' lang='lat' dir='ltr'>expectet</span> <span class='ocrx_word' id='word_1_385' title='bbox 1817 980 1853 1013; x_wconf 92' lang='lat' dir='ltr'>in</span> <span class='ocrx_word' id='word_1_386' title='bbox 1881 993 1918 1013; x_wconf 91' lang='lat' dir='ltr'>ea</span> <span class='ocrx_word' id='word_1_387' title='bbox 1947 993 2003 1021; x_wconf 89' lang='lat' dir='ltr'>re,</span> <span class='ocrx_word' id='word_1_388' title='bbox 2041 983 2138 1027; x_wconf 86' lang='lat' dir='ltr'>quod</span> 
     </span>
     <span class='ocr_line' id='line_1_67' title="bbox 1141 1026 2138 1072; baseline 0.006 -12"><span class='ocrx_word' id='word_1_389' title='bbox 1141 1033 1283 1060; x_wconf 85' lang='lat' dir='ltr'>senatus</span> <span class='ocrx_word' id='word_1_390' title='bbox 1301 1027 1396 1060; x_wconf 73' lang='lat' dir='ltr'>velit.</span> <span class='ocrx_word' id='word_1_391' title='bbox 1450 1026 1555 1061; x_wconf 89' lang='lat' dir='ltr'>Initio</span> <span class='ocrx_word' id='word_1_392' title='bbox 1573 1036 1621 1062; x_wconf 84' lang='lat' dir='ltr'>est</span> <span class='ocrx_word' id='word_1_393' title='bbox 1638 1029 1753 1063; x_wconf 76' lang='lat' dir='ltr'>brevis</span> <span class='ocrx_word' id='word_1_394' title='bbox 1770 1032 1949 1072; x_wconf 87' lang='lat' dir='ltr'>narratio,</span> <span class='ocrx_word' id='word_1_395' title='bbox 1985 1033 2040 1065; x_wconf 91' lang='lat' dir='ltr'>cui</span> <span class='ocrx_word' id='word_1_396' title='bbox 2057 1034 2138 1066; x_wconf 88' lang='lat' dir='ltr'>sub-</span> 
     </span>
     <span class='ocr_line' id='line_1_68' title="bbox 1141 1078 2137 1124; baseline 0.009 -15"><span class='ocrx_word' id='word_1_397' title='bbox 1141 1078 1214 1110; x_wconf 89' lang='lat' dir='ltr'>iicit</span> <span class='ocrx_word' id='word_1_398' title='bbox 1230 1078 1532 1122; x_wconf 82' lang='lat' dir='ltr'>propositionem:</span> <span class='ocrx_word' id='word_1_399' title='bbox 1566 1079 1619 1113; x_wconf 64' lang='lat' dir='ltr'>Ne</span> <span class='ocrx_word' id='word_1_400' title='bbox 1647 1089 1804 1124; x_wconf 83' lang='lat' dir='ltr'>expectes</span> <span class='ocrx_word' id='word_1_401' title='bbox 1830 1084 2057 1116; x_wconf 85' lang='lat' dir='ltr'>autoritatem</span> <span class='ocrx_word' id='word_1_402' title='bbox 2085 1097 2137 1118; x_wconf 81' lang='lat' dir='ltr'>se-</span> 
     </span>
     <span class='ocr_line' id='line_1_69' title="bbox 1140 1130 2135 1174; baseline 0.008 -14"><span class='ocrx_word' id='word_1_403' title='bbox 1140 1135 1263 1169; x_wconf 87' lang='lat' dir='ltr'>natus,</span> <span class='ocrx_word' id='word_1_404' title='bbox 1290 1131 1351 1162; x_wconf 83' lang='lat' dir='ltr'>sed</span> <span class='ocrx_word' id='word_1_405' title='bbox 1375 1130 1438 1162; x_wconf 87' lang='lat' dir='ltr'>tibi</span> <span class='ocrx_word' id='word_1_406' title='bbox 1465 1130 1531 1174; x_wconf 87' lang='lat' dir='ltr'>ipsi</span> <span class='ocrx_word' id='word_1_407' title='bbox 1554 1131 1600 1164; x_wconf 91' lang='lat' dir='ltr'>sis</span> <span class='ocrx_word' id='word_1_408' title='bbox 1624 1139 1776 1166; x_wconf 86' lang='lat' dir='ltr'>senatus.</span> <span class='ocrx_word' id='word_1_409' title='bbox 1831 1135 1941 1167; x_wconf 79' lang='lat' dir='ltr'>Addit</span> <span class='ocrx_word' id='word_1_410' title='bbox 1958 1136 2135 1168; x_wconf 89' lang='lat' dir='ltr'>rationem</span> 
     </span>
     <span class='ocr_line' id='line_1_70' title="bbox 1141 1183 2133 1230; baseline 0.008 -19"><span class='ocrx_word' id='word_1_411' title='bbox 1141 1186 1213 1212; x_wconf 89' lang='lat' dir='ltr'>tum</span> <span class='ocrx_word' id='word_1_412' title='bbox 1247 1192 1264 1212; x_wconf 90' lang='lat' dir='ltr'>a</span> <span class='ocrx_word' id='word_1_413' title='bbox 1295 1193 1379 1220; x_wconf 91' lang='lat' dir='ltr'>suo,</span> <span class='ocrx_word' id='word_1_414' title='bbox 1424 1188 1498 1214; x_wconf 84' lang='lat' dir='ltr'>tuin</span> <span class='ocrx_word' id='word_1_415' title='bbox 1527 1183 1570 1215; x_wconf 88' lang='lat' dir='ltr'>ab</span> <span class='ocrx_word' id='word_1_416' title='bbox 1599 1183 1750 1216; x_wconf 86' lang='lat' dir='ltr'>aliorum</span> <span class='ocrx_word' id='word_1_417' title='bbox 1781 1186 1940 1230; x_wconf 81' lang='lat' dir='ltr'>exemplo</span> <span class='ocrx_word' id='word_1_418' title='bbox 1967 1186 2133 1229; x_wconf 89' lang='lat' dir='ltr'>petitam:</span> 
     </span>
     <span class='ocr_line' id='line_1_71' title="bbox 1139 1230 2134 1270; baseline 0.007 -7"><span class='ocrx_word' id='word_1_419' title='bbox 1139 1230 1236 1263; x_wconf 89' lang='lat' dir='ltr'>Sicut</span> <span class='ocrx_word' id='word_1_420' title='bbox 1259 1231 1333 1264; x_wconf 86' lang='lat' dir='ltr'>sine</span> <span class='ocrx_word' id='word_1_421' title='bbox 1361 1239 1502 1266; x_wconf 88' lang='lat' dir='ltr'>senatus</span> <span class='ocrx_word' id='word_1_422' title='bbox 1528 1234 1719 1268; x_wconf 87' lang='lat' dir='ltr'>autoritate</span> <span class='ocrx_word' id='word_1_423' title='bbox 1753 1237 1938 1270; x_wconf 88' lang='lat' dir='ltr'>consilium</span> <span class='ocrx_word' id='word_1_424' title='bbox 1970 1239 2012 1270; x_wconf 89' lang='lat' dir='ltr'>de</span> <span class='ocrx_word' id='word_1_425' title='bbox 2044 1238 2134 1270; x_wconf 88' lang='lat' dir='ltr'>occi-</span> 
     </span>
     <span class='ocr_line' id='line_1_72' title="bbox 1138 1282 2133 1330; baseline 0.009 -17"><span class='ocrx_word' id='word_1_426' title='bbox 1138 1282 1256 1313; x_wconf 87' lang='lat' dir='ltr'>dendo</span> <span class='ocrx_word' id='word_1_427' title='bbox 1278 1282 1426 1315; x_wconf 86' lang='lat' dir='ltr'>Caesare</span> <span class='ocrx_word' id='word_1_428' title='bbox 1446 1283 1575 1324; x_wconf 89' lang='lat' dir='ltr'>iniisti,</span> <span class='ocrx_word' id='word_1_429' title='bbox 1602 1285 1880 1330; x_wconf 80' lang='lat' dir='ltr'>sicutAugustus</span> <span class='ocrx_word' id='word_1_430' title='bbox 1898 1288 1972 1321; x_wconf 89' lang='lat' dir='ltr'>sine</span> <span class='ocrx_word' id='word_1_431' title='bbox 1992 1295 2133 1322; x_wconf 87' lang='lat' dir='ltr'>senatus</span> 
     </span>
     <span class='ocr_line' id='line_1_73' title="bbox 1138 1332 2134 1379; baseline 0.008 -15"><span class='ocrx_word' id='word_1_432' title='bbox 1138 1332 1328 1365; x_wconf 88' lang='lat' dir='ltr'>autoritate</span> <span class='ocrx_word' id='word_1_433' title='bbox 1347 1334 1622 1377; x_wconf 66' lang='lat' dir='ltr'>coegitmilitem</span> <span class='ocrx_word' id='word_1_434' title='bbox 1647 1342 1768 1369; x_wconf 84' lang='lat' dir='ltr'>contra</span> <span class='ocrx_word' id='word_1_435' title='bbox 1790 1339 2007 1379; x_wconf 77' lang='lat' dir='ltr'>Antonium,</span> <span class='ocrx_word' id='word_1_436' title='bbox 2044 1339 2134 1372; x_wconf 89' lang='lat' dir='ltr'>sicut</span> 
     </span>
     <span class='ocr_line' id='line_1_74' title="bbox 1138 1383 2131 1434; baseline 0.009 -20"><span class='ocrx_word' id='word_1_437' title='bbox 1138 1383 1228 1427; x_wconf 84' lang='lat' dir='ltr'>legio</span> <span class='ocrx_word' id='word_1_438' title='bbox 1245 1383 1375 1417; x_wconf 86' lang='lat' dir='ltr'>Martia</span> <span class='ocrx_word' id='word_1_439' title='bbox 1393 1397 1411 1417; x_wconf 89' lang='lat' dir='ltr'>a</span> <span class='ocrx_word' id='word_1_440' title='bbox 1431 1386 1573 1420; x_wconf 88' lang='lat' dir='ltr'>consule</span> <span class='ocrx_word' id='word_1_441' title='bbox 1589 1387 1747 1420; x_wconf 76' lang='lat' dir='ltr'>Antonio</span> <span class='ocrx_word' id='word_1_442' title='bbox 1765 1390 1929 1430; x_wconf 81' lang='lat' dir='ltr'>descivit,</span> <span class='ocrx_word' id='word_1_443' title='bbox 1964 1397 1997 1422; x_wconf 88' lang='lat' dir='ltr'>et</span> <span class='ocrx_word' id='word_1_444' title='bbox 2011 1391 2131 1434; x_wconf 82' lang='lat' dir='ltr'>Augu-</span> 
     </span>
     <span class='ocr_line' id='line_1_75' title="bbox 1138 1436 2131 1485; baseline 0.008 -19"><span class='ocrx_word' id='word_1_445' title='bbox 1138 1441 1230 1467; x_wconf 89' lang='lat' dir='ltr'>stum</span> <span class='ocrx_word' id='word_1_446' title='bbox 1245 1441 1361 1468; x_wconf 86' lang='lat' dir='ltr'>secuta</span> <span class='ocrx_word' id='word_1_447' title='bbox 1382 1442 1442 1469; x_wconf 89' lang='lat' dir='ltr'>est.</span> <span class='ocrx_word' id='word_1_448' title='bbox 1490 1436 1641 1471; x_wconf 83' lang='lat' dir='ltr'>Pulchre</span> <span class='ocrx_word' id='word_1_449' title='bbox 1661 1446 1778 1472; x_wconf 88' lang='lat' dir='ltr'>autem</span> <span class='ocrx_word' id='word_1_450' title='bbox 1797 1437 1864 1473; x_wconf 91' lang='lat' dir='ltr'>hoc</span> <span class='ocrx_word' id='word_1_451' title='bbox 1880 1448 2131 1485; x_wconf 83' lang='lat' dir='ltr'>argumentum</span> 
     </span>
     <span class='ocr_line' id='line_1_76' title="bbox 1137 1484 2133 1535; baseline 0.007 -18"><span class='ocrx_word' id='word_1_452' title='bbox 1137 1486 1231 1518; x_wconf 89' lang='lat' dir='ltr'>acuit</span> <span class='ocrx_word' id='word_1_453' title='bbox 1248 1484 1314 1519; x_wconf 89' lang='lat' dir='ltr'>hoc</span> <span class='ocrx_word' id='word_1_454' title='bbox 1333 1488 1458 1520; x_wconf 87' lang='lat' dir='ltr'>modo:</span> <span class='ocrx_word' id='word_1_455' title='bbox 1493 1488 1528 1521; x_wconf 82' lang='lat' dir='ltr'>Si</span> <span class='ocrx_word' id='word_1_456' title='bbox 1548 1487 1636 1521; x_wconf 88' lang='lat' dir='ltr'>nihil</span> <span class='ocrx_word' id='word_1_457' title='bbox 1655 1497 1788 1524; x_wconf 85' lang='lat' dir='ltr'>rectum</span> <span class='ocrx_word' id='word_1_458' title='bbox 1814 1498 1916 1535; x_wconf 89' lang='lat' dir='ltr'>putas</span> <span class='ocrx_word' id='word_1_459' title='bbox 1939 1505 2029 1532; x_wconf 86' lang='lat' dir='ltr'>esse,</span> <span class='ocrx_word' id='word_1_460' title='bbox 2063 1492 2133 1526; x_wconf 90' lang='lat' dir='ltr'>nisi</span> 
     </span>
     <span class='ocr_line' id='line_1_77' title="bbox 1138 1537 2132 1587; baseline 0.007 -18"><span class='ocrx_word' id='word_1_461' title='bbox 1138 1537 1234 1581; x_wconf 88' lang='lat' dir='ltr'>quod</span> <span class='ocrx_word' id='word_1_462' title='bbox 1252 1549 1292 1570; x_wconf 88' lang='lat' dir='ltr'>ex</span> <span class='ocrx_word' id='word_1_463' title='bbox 1309 1545 1449 1572; x_wconf 86' lang='lat' dir='ltr'>senatus</span> <span class='ocrx_word' id='word_1_464' title='bbox 1469 1541 1658 1573; x_wconf 88' lang='lat' dir='ltr'>autoritate</span> <span class='ocrx_word' id='word_1_465' title='bbox 1680 1542 1736 1581; x_wconf 86' lang='lat' dir='ltr'>fit,</span> <span class='ocrx_word' id='word_1_466' title='bbox 1765 1549 1799 1575; x_wconf 89' lang='lat' dir='ltr'>et</span> <span class='ocrx_word' id='word_1_467' title='bbox 1816 1548 1916 1576; x_wconf 87' lang='lat' dir='ltr'>tuum</span> <span class='ocrx_word' id='word_1_468' title='bbox 1934 1550 1966 1576; x_wconf 89' lang='lat' dir='ltr'>et</span> <span class='ocrx_word' id='word_1_469' title='bbox 1982 1544 2132 1587; x_wconf 82' lang='lat' dir='ltr'>Augusti</span> 
     </span>
     <span class='ocr_line' id='line_1_78' title="bbox 1137 1587 2129 1639; baseline 0.007 -20"><span class='ocrx_word' id='word_1_470' title='bbox 1137 1594 1170 1620; x_wconf 88' lang='lat' dir='ltr'>et</span> <span class='ocrx_word' id='word_1_471' title='bbox 1193 1587 1344 1621; x_wconf 86' lang='lat' dir='ltr'>Martiae</span> <span class='ocrx_word' id='word_1_472' title='bbox 1375 1589 1524 1632; x_wconf 84' lang='lat' dir='ltr'>legionis</span> <span class='ocrx_word' id='word_1_473' title='bbox 1554 1593 1685 1625; x_wconf 83' lang='lat' dir='ltr'>factum</span> <span class='ocrx_word' id='word_1_474' title='bbox 1716 1600 1840 1627; x_wconf 88' lang='lat' dir='ltr'>contra</span> <span class='ocrx_word' id='word_1_475' title='bbox 1872 1595 2129 1639; x_wconf 88' lang='lat' dir='ltr'>rempublicam</span> 
     </span>
     <span class='ocr_line' id='line_1_79' title="bbox 1135 1638 1483 1675; baseline 0.009 -4"><span class='ocrx_word' id='word_1_476' title='bbox 1135 1638 1240 1672; x_wconf 87' lang='lat' dir='ltr'>fuisse</span> <span class='ocrx_word' id='word_1_477' title='bbox 1258 1639 1483 1675; x_wconf 86' lang='lat' dir='ltr'>iudicabitur.</span> 
     </span>
    </p>
   </div>
   <div class='ocr_carea' id='block_1_22' title="bbox 1383 1733 1875 1779">
    <p class='ocr_par' dir='ltr' id='par_1_26' title="bbox 1383 1733 1875 1779">
     <span class='ocr_line' id='line_1_80' title="bbox 1383 1733 1875 1779; baseline 0.014 -14"><span class='ocrx_word' id='word_1_478' title='bbox 1383 1733 1516 1767; x_wconf 90' lang='lat' dir='ltr'>Aliud</span> <span class='ocrx_word' id='word_1_479' title='bbox 1546 1743 1875 1779; x_wconf 82' lang='lat' dir='ltr'>argumentum.</span> 
     </span>
    </p>
   </div>
   <div class='ocr_carea' id='block_1_23' title="bbox 1134 1809 2128 2165">
    <p class='ocr_par' dir='ltr' id='par_1_27' title="bbox 1134 1809 2128 2165">
     <span class='ocr_line' id='line_1_81' title="bbox 1236 1809 2125 1859; baseline 0.007 -17"><span class='ocrx_word' id='word_1_480' title='bbox 1236 1809 1405 1843; x_wconf 73' lang='lat' dir='ltr'>Narratio</span> <span class='ocrx_word' id='word_1_481' title='bbox 1439 1811 1556 1844; x_wconf 77' lang='lat' dir='ltr'>brevis</span> <span class='ocrx_word' id='word_1_482' title='bbox 1595 1819 1644 1845; x_wconf 90' lang='lat' dir='ltr'>est</span> <span class='ocrx_word' id='word_1_483' title='bbox 1685 1815 1728 1846; x_wconf 88' lang='lat' dir='ltr'>de</span> <span class='ocrx_word' id='word_1_484' title='bbox 1768 1811 1890 1848; x_wconf 87' lang='lat' dir='ltr'>habito</span> <span class='ocrx_word' id='word_1_485' title='bbox 1933 1815 2125 1859; x_wconf 87' lang='lat' dir='ltr'>colloquio.</span> 
     </span>
     <span class='ocr_line' id='line_1_82' title="bbox 1135 1860 2128 1910; baseline 0.006 -18"><span class='ocrx_word' id='word_1_486' title='bbox 1135 1860 1225 1893; x_wconf 90' lang='lat' dir='ltr'>Huic</span> <span class='ocrx_word' id='word_1_487' title='bbox 1241 1861 1426 1894; x_wconf 89' lang='lat' dir='ltr'>subiicitur</span> <span class='ocrx_word' id='word_1_488' title='bbox 1449 1875 1586 1895; x_wconf 88' lang='lat' dir='ltr'>summa</span> <span class='ocrx_word' id='word_1_489' title='bbox 1611 1864 1796 1910; x_wconf 89' lang='lat' dir='ltr'>colloquii,</span> <span class='ocrx_word' id='word_1_490' title='bbox 1832 1872 1870 1899; x_wconf 91' lang='lat' dir='ltr'>ut</span> <span class='ocrx_word' id='word_1_491' title='bbox 1893 1865 2023 1899; x_wconf 87' lang='lat' dir='ltr'>scilicet</span> <span class='ocrx_word' id='word_1_492' title='bbox 2038 1865 2128 1899; x_wconf 87' lang='lat' dir='ltr'>Bru-</span> 
     </span>
     <span class='ocr_line' id='line_1_83' title="bbox 1135 1910 2126 1958; baseline 0.007 -15"><span class='ocrx_word' id='word_1_493' title='bbox 1135 1917 1189 1944; x_wconf 91' lang='lat' dir='ltr'>tus</span> <span class='ocrx_word' id='word_1_494' title='bbox 1211 1910 1358 1955; x_wconf 88' lang='lat' dir='ltr'>posthac</span> <span class='ocrx_word' id='word_1_495' title='bbox 1381 1924 1455 1945; x_wconf 90' lang='lat' dir='ltr'>non</span> <span class='ocrx_word' id='word_1_496' title='bbox 1480 1920 1636 1958; x_wconf 76' lang='lat' dir='ltr'>expectet</span> <span class='ocrx_word' id='word_1_497' title='bbox 1660 1916 1887 1950; x_wconf 85' lang='lat' dir='ltr'>autoritatem</span> <span class='ocrx_word' id='word_1_498' title='bbox 1914 1917 1969 1949; x_wconf 71' lang='lat' dir='ltr'>vel</span> <span class='ocrx_word' id='word_1_499' title='bbox 1993 1917 2126 1950; x_wconf 88' lang='lat' dir='ltr'>iussum</span> 
     </span>
     <span class='ocr_line' id='line_1_84' title="bbox 1135 1963 2125 2008; baseline 0.005 -13"><span class='ocrx_word' id='word_1_500' title='bbox 1135 1969 1276 1996; x_wconf 89' lang='lat' dir='ltr'>senatus</span> <span class='ocrx_word' id='word_1_501' title='bbox 1293 1963 1330 1995; x_wconf 90' lang='lat' dir='ltr'>in</span> <span class='ocrx_word' id='word_1_502' title='bbox 1348 1964 1460 1996; x_wconf 88' lang='lat' dir='ltr'>salute</span> <span class='ocrx_word' id='word_1_503' title='bbox 1477 1965 1599 2008; x_wconf 89' lang='lat' dir='ltr'>populi</span> <span class='ocrx_word' id='word_1_504' title='bbox 1612 1965 1767 2000; x_wconf 80' lang='lat' dir='ltr'>Romani</span> <span class='ocrx_word' id='word_1_505' title='bbox 1785 1968 2017 2001; x_wconf 85' lang='lat' dir='ltr'>defendenda.</span> <span class='ocrx_word' id='word_1_506' title='bbox 2053 1967 2125 2000; x_wconf 83' lang='lat' dir='ltr'>Ra-</span> 
     </span>
     <span class='ocr_line' id='line_1_85' title="bbox 1138 2011 2125 2062; baseline 0.006 -17"><span class='ocrx_word' id='word_1_507' title='bbox 1138 2014 1251 2047; x_wconf 89' lang='lat' dir='ltr'>tiones</span> <span class='ocrx_word' id='word_1_508' title='bbox 1275 2011 1378 2047; x_wconf 87' lang='lat' dir='ltr'>huius</span> <span class='ocrx_word' id='word_1_509' title='bbox 1404 2015 1540 2048; x_wconf 88' lang='lat' dir='ltr'>consilii</span> <span class='ocrx_word' id='word_1_510' title='bbox 1565 2024 1727 2060; x_wconf 88' lang='lat' dir='ltr'>sumptae</span> <span class='ocrx_word' id='word_1_511' title='bbox 1755 2025 1837 2051; x_wconf 90' lang='lat' dir='ltr'>sunt</span> <span class='ocrx_word' id='word_1_512' title='bbox 1867 2018 1910 2051; x_wconf 86' lang='lat' dir='ltr'>ab</span> <span class='ocrx_word' id='word_1_513' title='bbox 1944 2019 2125 2062; x_wconf 79' lang='lat' dir='ltr'>exemplis.</span> 
     </span>
     <span class='ocr_line' id='line_1_86' title="bbox 1134 2063 2124 2109; baseline 0.005 -12"><span class='ocrx_word' id='word_1_514' title='bbox 1134 2064 1305 2108; x_wconf 84' lang='lat' dir='ltr'>Epilogus</span> <span class='ocrx_word' id='word_1_515' title='bbox 1329 2063 1435 2098; x_wconf 86' lang='lat' dir='ltr'>habet</span> <span class='ocrx_word' id='word_1_516' title='bbox 1461 2067 1604 2099; x_wconf 77' lang='lat' dir='ltr'>brevem</span> <span class='ocrx_word' id='word_1_517' title='bbox 1635 2066 1944 2109; x_wconf 85' lang='lat' dir='ltr'>adhortationem,</span> <span class='ocrx_word' id='word_1_518' title='bbox 1987 2075 2026 2103; x_wconf 89' lang='lat' dir='ltr'>ut</span> <span class='ocrx_word' id='word_1_519' title='bbox 2058 2067 2124 2102; x_wconf 87' lang='lat' dir='ltr'>hoc</span> 
     </span>
     <span class='ocr_line' id='line_1_87' title="bbox 1135 2116 2091 2165; baseline 0.006 -17"><span class='ocrx_word' id='word_1_520' title='bbox 1135 2116 1342 2157; x_wconf 84' lang='lat' dir='ltr'>consilium,</span> <span class='ocrx_word' id='word_1_521' title='bbox 1369 2129 1447 2150; x_wconf 89' lang='lat' dir='ltr'>cum</span> <span class='ocrx_word' id='word_1_522' title='bbox 1466 2118 1509 2151; x_wconf 87' lang='lat' dir='ltr'>sit</span> <span class='ocrx_word' id='word_1_523' title='bbox 1525 2116 1711 2153; x_wconf 86' lang='lat' dir='ltr'>honestum</span> <span class='ocrx_word' id='word_1_524' title='bbox 1730 2126 1763 2153; x_wconf 87' lang='lat' dir='ltr'>et</span> <span class='ocrx_word' id='word_1_525' title='bbox 1779 2121 1885 2161; x_wconf 91' lang='lat' dir='ltr'>utile,</span> <span class='ocrx_word' id='word_1_526' title='bbox 1913 2126 2091 2165; x_wconf 86' lang='lat' dir='ltr'>sequatur.</span> 
     </span>
    </p>
   </div>
   <div class='ocr_carea' id='block_1_24' title="bbox 1294 2232 1959 2281">
    <p class='ocr_par' dir='ltr' id='par_1_28' title="bbox 1294 2232 1959 2281">
     <span class='ocr_line' id='line_1_88' title="bbox 1294 2232 1959 2281; baseline 0.006 -14"><span class='ocrx_word' id='word_1_527' title='bbox 1294 2232 1476 2268; x_wconf 88' lang='lat' dir='ltr'>Scholia</span> <span class='ocrx_word' id='word_1_528' title='bbox 1514 2236 1558 2268; x_wconf 89' lang='lat' dir='ltr'>in</span> <span class='ocrx_word' id='word_1_529' title='bbox 1597 2237 1843 2281; x_wconf 87' lang='lat' dir='ltr'>epistolam</span> <span class='ocrx_word' id='word_1_530' title='bbox 1871 2236 1959 2271; x_wconf 82' lang='lat' dir='ltr'>VIII.</span> 
     </span>
    </p>
   </div>
   <div class='ocr_carea' id='block_1_25' title="bbox 1240 2307 2123 2358">
    <p class='ocr_par' dir='ltr' id='par_1_29' title="bbox 1240 2307 2123 2358">
     <span class='ocr_line' id='line_1_89' title="bbox 1240 2307 2123 2358; baseline 0.003 -16"><span class='ocrx_word' id='word_1_531' title='bbox 1240 2307 1269 2352; x_wconf 66' lang='grc' dir='ltr'>ἓ.</span> <span class='ocrx_word' id='word_1_532' title='bbox 1288 2310 1319 2343; x_wconf 91' lang='grc'>1.</span> <span class='ocrx_word' id='word_1_533' title='bbox 1347 2313 1395 2343; x_wconf 87' lang='lat' dir='ltr'>Eo</span> <span class='ocrx_word' id='word_1_534' title='bbox 1410 2310 1574 2358; x_wconf 71' lang='lat' dir='ltr'>tempore]</span> <span class='ocrx_word' id='word_1_535' title='bbox 1601 2311 1661 2344; x_wconf 88' lang='lat' dir='ltr'>Illa</span> <span class='ocrx_word' id='word_1_536' title='bbox 1683 2313 1787 2345; x_wconf 86' lang='lat' dir='ltr'>etiam</span> <span class='ocrx_word' id='word_1_537' title='bbox 1810 2319 1859 2345; x_wconf 84' lang='lat' dir='ltr'>est</span> <span class='ocrx_word' id='word_1_538' title='bbox 1877 2312 2020 2357; x_wconf 88' lang='lat' dir='ltr'>obliqua</span> <span class='ocrx_word' id='word_1_539' title='bbox 2040 2311 2123 2345; x_wconf 80' lang='lat' dir='ltr'>lior-</span> 
     </span>
    </p>
   </div>
   <div class='ocr_carea' id='block_1_26' title="bbox 1135 2359 2123 2410">
    <p class='ocr_par' dir='ltr' id='par_1_30' title="bbox 1135 2359 2123 2410">
     <span class='ocr_line' id='line_1_90' title="bbox 1135 2359 2123 2410; baseline 0.007 -19"><span class='ocrx_word' id='word_1_540' title='bbox 1135 2359 1235 2393; x_wconf 85' lang='lat' dir='ltr'>tatio.</span> <span class='ocrx_word' id='word_1_541' title='bbox 1313 2360 1509 2395; x_wconf 80' lang='lat' dir='ltr'>Exordium</span> <span class='ocrx_word' id='word_1_542' title='bbox 1552 2363 1595 2395; x_wconf 88' lang='lat' dir='ltr'>ab</span> <span class='ocrx_word' id='word_1_543' title='bbox 1631 2364 1814 2396; x_wconf 81' lang='lat' dir='ltr'>occasione</span> <span class='ocrx_word' id='word_1_544' title='bbox 1850 2363 2025 2396; x_wconf 87' lang='lat' dir='ltr'>scribendi</span> <span class='ocrx_word' id='word_1_545' title='bbox 2039 2363 2123 2410; x_wconf 69' lang='lat'>⁴²⁸⁸).</span> 
     </span>
    </p>
   </div>
   <div class='ocr_carea' id='block_1_27' title="bbox 1169 2493 2124 2696">
    <p class='ocr_par' dir='ltr' id='par_1_31' title="bbox 1169 2493 2124 2696">
     <span class='ocr_line' id='line_1_91' title="bbox 1169 2493 2122 2525; baseline 0 -6"><span class='ocrx_word' id='word_1_546' title='bbox 1169 2493 1237 2525; x_wconf 69' lang='lat'>282)</span> <span class='ocrx_word' id='word_1_547' title='bbox 1258 2495 1331 2518; x_wconf 76' lang='lat' dir='ltr'>Haec</span> <span class='ocrx_word' id='word_1_548' title='bbox 1348 2496 1412 2518; x_wconf 85' lang='lat' dir='ltr'>nota</span> <span class='ocrx_word' id='word_1_549' title='bbox 1431 2494 1457 2517; x_wconf 86' lang='lat' dir='ltr'>in</span> <span class='ocrx_word' id='word_1_550' title='bbox 1477 2493 1558 2517; x_wconf 81' lang='lat' dir='ltr'>Editt.</span> <span class='ocrx_word' id='word_1_551' title='bbox 1576 2494 1664 2518; x_wconf 74' lang='grc'><strong>1545..</strong></span> <span class='ocrx_word' id='word_1_552' title='bbox 1687 2495 1760 2518; x_wconf 78' lang='lat'>1560.</span> <span class='ocrx_word' id='word_1_553' title='bbox 1780 2494 1914 2518; x_wconf 82' lang='lat' dir='ltr'>disiuncta</span> <span class='ocrx_word' id='word_1_554' title='bbox 1933 2497 1976 2518; x_wconf 87' lang='lat' dir='ltr'>est</span> <span class='ocrx_word' id='word_1_555' title='bbox 1996 2495 2022 2519; x_wconf 86' lang='lat' dir='ltr'>in</span> <span class='ocrx_word' id='word_1_556' title='bbox 2040 2497 2122 2519; x_wconf 84' lang='lat' dir='ltr'>hasce</span> 
     </span>
     <span class='ocr_line' id='line_1_92' title="bbox 1205 2528 2124 2559; baseline 0.002 -7"><span class='ocrx_word' id='word_1_557' title='bbox 1205 2530 1286 2552; x_wconf 84' lang='lat' dir='ltr'>duas:</span> <span class='ocrx_word' id='word_1_558' title='bbox 1313 2530 1356 2553; x_wconf 84' lang='grc' dir='ltr'>Εο</span> <span class='ocrx_word' id='word_1_559' title='bbox 1376 2529 1515 2559; x_wconf 77' lang='lat' dir='ltr'>tempore]</span> <span class='ocrx_word' id='word_1_560' title='bbox 1535 2528 1585 2550; x_wconf 75' lang='lat' dir='ltr'>lita.</span> <span class='ocrx_word' id='word_1_561' title='bbox 1604 2528 1684 2551; x_wconf 77' lang='lat' dir='ltr'>etiam</span> <span class='ocrx_word' id='word_1_562' title='bbox 1704 2530 1745 2551; x_wconf 83' lang='lat' dir='ltr'>est</span> <span class='ocrx_word' id='word_1_563' title='bbox 1759 2529 1867 2559; x_wconf 82' lang='lat' dir='ltr'>obliqua</span> <span class='ocrx_word' id='word_1_564' title='bbox 1879 2530 2006 2553; x_wconf 83' lang='lat' dir='ltr'>hortatio.</span> <span class='ocrx_word' id='word_1_565' title='bbox 2045 2531 2124 2554; x_wconf 77' lang='lat' dir='ltr'>Haec</span> 
     </span>
     <span class='ocr_line' id='line_1_93' title="bbox 1207 2562 2123 2591; baseline 0.001 -4"><span class='ocrx_word' id='word_1_566' title='bbox 1207 2566 1302 2587; x_wconf 71' lang='lat' dir='ltr'>tcunen</span> <span class='ocrx_word' id='word_1_567' title='bbox 1326 2563 1491 2591; x_wconf 76' lang='lat' dir='ltr'>scribenda]</span> <span class='ocrx_word' id='word_1_568' title='bbox 1523 2562 1668 2585; x_wconf 83' lang='lat' dir='ltr'>Exordium</span> <span class='ocrx_word' id='word_1_569' title='bbox 1693 2564 1724 2585; x_wconf 79' lang='lat' dir='ltr'>ab</span> <span class='ocrx_word' id='word_1_570' title='bbox 1756 2564 1900 2587; x_wconf 81' lang='lat' dir='ltr'>occasione</span> <span class='ocrx_word' id='word_1_571' title='bbox 1924 2564 2070 2588; x_wconf 82' lang='lat' dir='ltr'>scribendi.</span> <span class='ocrx_word' id='word_1_572' title='bbox 2089 2577 2123 2581; x_wconf 89' lang='lat'>—</span> 
     </span>
     <span class='ocr_line' id='line_1_94' title="bbox 1207 2595 2123 2628; baseline 0 -7"><span class='ocrx_word' id='word_1_573' title='bbox 1207 2598 1304 2627; x_wconf 80' lang='lat' dir='ltr'>Aptius</span> <span class='ocrx_word' id='word_1_574' title='bbox 1337 2598 1421 2620; x_wconf 79' lang='lat' dir='ltr'>verba</span> <span class='ocrx_word' id='word_1_575' title='bbox 1452 2597 1531 2623; x_wconf 72' lang='lat' dir='ltr'>..lita</span> <span class='ocrx_word' id='word_1_576' title='bbox 1549 2608 1582 2613; x_wconf 91' lang='lat'>—-</span> <span class='ocrx_word' id='word_1_577' title='bbox 1600 2595 1753 2621; x_wconf 74' lang='lat' dir='ltr'>hortatio.&#39;’</span> <span class='ocrx_word' id='word_1_578' title='bbox 1782 2600 1909 2627; x_wconf 82' lang='lat' dir='ltr'>tauquam</span> <span class='ocrx_word' id='word_1_579' title='bbox 1933 2602 2123 2628; x_wconf 75' lang='lat' dir='ltr'>argumentum</span> 
     </span>
     <span class='ocr_line' id='line_1_95' title="bbox 1206 2631 2123 2661; baseline 0 -6"><span class='ocrx_word' id='word_1_580' title='bbox 1206 2633 1285 2655; x_wconf 89' lang='lat' dir='ltr'>huius</span> <span class='ocrx_word' id='word_1_581' title='bbox 1306 2631 1438 2660; x_wconf 78' lang='lat' dir='ltr'>epistotae</span> <span class='ocrx_word' id='word_1_582' title='bbox 1457 2632 1661 2661; x_wconf 80' lang='lat' dir='ltr'>proponuntur,</span> <span class='ocrx_word' id='word_1_583' title='bbox 1695 2632 1837 2661; x_wconf 76' lang='lat' dir='ltr'>sequentia</span> <span class='ocrx_word' id='word_1_584' title='bbox 1862 2635 1968 2655; x_wconf 82' lang='lat' dir='ltr'>autem:</span> <span class='ocrx_word' id='word_1_585' title='bbox 2003 2632 2123 2661; x_wconf 61' lang='lat' dir='ltr'>„Exor-</span> 
     </span>
     <span class='ocr_line' id='line_1_96' title="bbox 1206 2663 2124 2696; baseline 0.002 -8"><span class='ocrx_word' id='word_1_586' title='bbox 1206 2666 1277 2688; x_wconf 80' lang='lat' dir='ltr'>dium</span> <span class='ocrx_word' id='word_1_587' title='bbox 1297 2678 1330 2681; x_wconf 97' lang='lat'><strong>—</strong></span> <span class='ocrx_word' id='word_1_588' title='bbox 1350 2663 1520 2689; x_wconf 70' lang='lat' dir='ltr'>scribendi.&#39;&#39;</span> <span class='ocrx_word' id='word_1_589' title='bbox 1551 2665 1586 2687; x_wconf 72' lang='lat' dir='ltr'>att</span> <span class='ocrx_word' id='word_1_590' title='bbox 1618 2664 1676 2688; x_wconf 85' lang='lat' dir='ltr'>eius</span> <span class='ocrx_word' id='word_1_591' title='bbox 1702 2666 1805 2689; x_wconf 83' lang='lat' dir='ltr'>initium</span> <span class='ocrx_word' id='word_1_592' title='bbox 1831 2666 1875 2691; x_wconf 83' lang='lat' dir='ltr'>Eo</span> <span class='ocrx_word' id='word_1_593' title='bbox 1899 2668 2024 2696; x_wconf 73' lang='lat' dir='ltr'>tempore</span> <span class='ocrx_word' id='word_1_594' title='bbox 2049 2667 2124 2690; x_wconf 75' lang='lat' dir='ltr'>rere-</span> 
     </span>
    </p>
   </div>
   <div class='ocr_carea' id='block_1_28' title="bbox 1206 2701 1557 2769">
    <p class='ocr_par' dir='ltr' id='par_1_32' title="bbox 1206 2701 1557 2769">
     <span class='ocr_line' id='line_1_97' title="bbox 1206 2701 1312 2723; baseline -0.009 0"><span class='ocrx_word' id='word_1_595' title='bbox 1206 2701 1312 2723; x_wconf 81' lang='lat' dir='ltr'>ruutur.</span> 
     </span>
     <span class='ocr_line' id='line_1_98' title="bbox 1508 2732 1557 2769; baseline -0.041 0"><span class='ocrx_word' id='word_1_596' title='bbox 1508 2732 1557 2769; x_wconf 74' lang='lat'>25</span> 
     </span>
    </p>
   </div>
  </div>
 </body>
</html>
