2351 2990
213 125 287 160 871

794 117 913 151 Ptin„
948 114 1060 149 MEL.
1096 114 1295 149 SCRIPTA
1330 116 1665 154 PHILOLOGICA.

2161 119 2238 157 872

343 209 499 236 Praeterea
531 207 617 234 etiam
645 205 778 233 Basileae
806 213 828 230 s.
852 211 877 230 a.
903 198 1030 240 (1553.)
1067 200 1097 230 S.
1127 200 1155 237 *)
1186 207 1215 229 et
1243 201 1378 239 Lugduni
1409 201 1490 232 1555
1513 204 1557 243 **)
1582 204 1702 243 prodiit,
1739 213 1810 241 quas
1843 203 1986 232 editiones
2018 203 2145 232 nondum
2172 205 2240 242 vidi,

218 260 341 289 eamque
364 251 398 277 ob
424 258 538 277 calisam
562 248 718 276 accuratius
743 245 908 273 describere
932 253 987 271 non
1011 253 1142 280 possiun5
1177 252 1272 281 neque
1295 244 1410 282 dubito,
1443 248 1512 284 quin
1544 247 1676 275 nonnulli
1706 247 1753 274 alii
1783 254 1898 283 qnoque
1928 247 1991 274 libri
2018 247 2102 275 huius
2124 247 2240 286 elegiae

218 293 487 331 interpretationem
510 290 704 320 Melanthonis
725 288 910 324 contineant,
933 286 980 324 qui
1004 286 1153 323 hucusque
1178 286 1246 314 mihi
1269 287 1415 317 latuerint.

251 399 282 431 ²³)
304 401 376 424 Haec
395 400 475 424 editio
495 400 520 422 in
541 398 700 422 bibliotheca
718 395 881 421 Academiae
899 393 1054 425 Lipsiensis
1075 393 1220 419 invenitur.

251 449 302 482 23ss)
323 451 395 474 llaec
414 450 495 474 editio
516 449 541 472 in
561 449 721 472 bibliotheca
738 445 900 472 Academiae
923 445 1075 470 Yratislav.
1096 446 1253 468 assevatur.

261 605 292 644 1.
338 602 514 641 Locus
548 601 790 654 insignis
825 610 887 637 ex
918 596 1293 638 Demosthenis
1338 599 1578 638 oratione
1618 598 1676 639 de
1714 598 1858 640 falsa
1900 601 2201 656 legatione,

801 669 1016 717 Philippo
1051 668 1339 707 Melantltone
1373 671 1638 718 interprete.
2152 665 2157 670 ⁸

297 758 342 786 Ex
365 757 582 794 Prolegomenis
605 757 719 790 elucet,
756 755 838 783 huius
870 756 923 784 loci
952 756 1225 792 interpretationem

1253 762 1357 793 quater
1380 756 1536 794 prodiisse:
1574 754 1606 796 1)
1635 754 1865 795 Francofurli
1886 756 2000 793 1548„
2035 756 2073 795 2)
2096 756 2243 787 Franco-

209 799 309 839 furti
332 799 441 835 1554„
477 797 512 833 3)
545 796 748 835 ll'e·tebc›·gae
774 797 881 834 1562,
917 796 952 836 4)
982 794 1189 835 Witebergae
1214 797 1324 836 1587„
1364 808 1434 837 quas
1465 799 1608 828 editiones
1639 808 1738 827 omnes
1762 801 1789 827 in
1814 801 1944 829 manibus
1967 806 2100 829 tenemus
2123 806 2154 829 et
2175 799 2242 831 solis

214 853 355 872 annorum
374 843 501 871 numeris
525 843 553 869 in
578 841 631 869 hae
654 848 750 869 nostra
773 841 900 869 editione
921 841 1155 879 significabimus.

277 936 425 971 Publica
436 948 509 969 non
520 947 665 980 prorsus
683 934 779 967 volat
795 934 893 967 irrita
904 935 998 967 sama
1015 946 1079 978 per
1097 945 1201 969 auras

277 988 440 1034 Namque
459 994 509 1021 est
526 986 646 1021 iudicii
664 985 775 1019 (livini
791 985 917 1019 nuntia
935 998 1038 1030 saepe
1056 984 1099 1031 ¹).

212 1056 340 1091 Nonne
360 1055 484 1100 igitur,
509 1052 694 1093 Aeschine,
710 1054 849 1099 publica
867 1055 961 1087 sama
978 1055 1063 1094 fert,
1091 1060 1123 1087 te
1142 1065 1203 1098 pe-

213 1108 316 1140 cunia
343 1108 378 1140 in
403 1105 543 1151 publica
565 1106 741 1150 legatione
766 1112 994 1151 corruptum,
1023 1105 1201 1139 collusisse

212 1171 290 1192 cnm
309 1156 493 1192 hostibus?
521 1157 745 1191 Credendum
762 1163 812 1191 est
829 1157 936 1201 igitur
954 1158 996 1190 de
1011 1163 1044 1190 te
1061 1169 1202 1202 quoque

212 1211 327 1242 famae
342 1237 351 1250 ‚
396 1216 466 1242 tam
504 1209 698 1243 multorum
735 1209 932 1242 celebratae
967 1208 1202 1243 sermonibus.

212 1261 357 1306 Quanto
374 1260 467 1294 enim
485 1261 602 1304 plures
618 1267 652 1293 te
669 1272 776 1305 quam
795 1260 893 1293 illum
910 1267 1091 1299 accusent,
1121 1272 1203 1293 con-

213 1312 341 1346 sidera.
395 1309 627 1345 Timarchum
645 1311 738 1344 enim
756 1323 800 1344 ne
819 1311 956 1344 vicinae
974 1312 1118 1357 quidem
1143 1323 1202 1344 ur-

213 1414 363 1449 Graecia
385 1421 418 1447 et
442 1415 536 1459 apud
555 1415 728 1448 barbaros
743 1414 838 1447 fama
862 1413 1030 1457 dissipata
1048 1419 1117 1453 est,
1144 1424 1203 1457 pe-

214 1466 317 1500 cunia
336 1478 398 1499 vos
416 1472 603 1511 corruptos
621 1478 705 1499 esse.
757 1465 876 1510 Quare
891 1464 920 1498 si
937 1465 1021 1497 fides
1038 1462 1201 1497 habenda

213 1525 264 1551 est
289 1519 424 1557 famae,
459 1518 542 1562 quia
567 1517 687 1550 divina
711 1515 836 1549 nuntia
854 1515 918 1555 sit,
946 1517 988 1548 de
1005 1522 1036 1548 te
1058 1527 1202 1560 quoque

213 1569 245 1602 ei
269 1569 483 1602 credendum
510 1575 579 1607 est,
607 1579 646 1600 ac
661 1566 904 1600 testimonium
928 1566 1097 1611 sapientis
1120 1578 1204 1610 poe-

212 1627 288 1660 tae,
324 1632 428 1666 quem
455 1620 529 1664 ipse
555 1618 729 1658 laudasti,
766 1624 888 1651 contra
916 1624 948 1650 te
972 1618 1106 1656 valeat;
1143 1617 1203 1649 ad-

214 1672 304 1706 didit
321 1678 355 1705 et
372 1671 541 1704 iambicos
561 1683 681 1704 versus
697 1667 905 1703 Aeschines:

316 1732 351 1766 Si
371 1732 449 1777 quis
464 1732 641 1764 malorum
659 1730 788 1774 gaudet
806 1728 1020 1762 commercio
1032 1755 1040 1768 ‚

318 1783 460 1827 Rogare
477 1782 591 1828 qualis
607 1783 680 1826 ipse
701 1781 764 1821 sit,
791 1781 842 1814 nil
861 1787 911 1814 est
927 1792 1034 1824 opus;

315 1835 407 1869 Nam
427 1834 574 1880 quisque
590 1833 714 1867 similis
731 1839 782 1866 est
797 1831 953 1866 sodalitii
967 1831 1042 1869 sui,

317 1886 459 1919 vadens
478 1886 522 1918 ad
540 1885 689 1929 aucupia
707 1896 785 1917 cum
803 1883 898 1917 visco
917 1889 951 1916 et
968 1882 1058 1914 illice
1075 1880 1119 1927 ²).

213 1946 322 1979 Iidem
357 1958 477 1979 versus
507 1945 544 1978 in
577 1945 692 1989 ipsum
723 1941 936 1977 Aeschinem
968 1941 1202 1987 quadrarunt·
1229 1957 1231 1969 ι

215 1997 338 2043 Qualis
363 1997 456 2030 enim
483 1997 529 2031 sit
560 1997 674 2029 socius
700 1993 914 2028 Philocratis
942 1993 979 2025 in
1014 1991 1203 2036 legatione,

214 2061 287 2083 non
313 2061 401 2093 opus
423 2055 473 2082 est
497 2049 737 2091 interrogare,
766 2046 849 2091 quia
875 2045 955 2078 talis
975 2050 1025 2077 est
1041 2042 1203 2089 quisque,

215 2101 335 2149 quales
354 2101 404 2134 illi
422 2107 503 2134 sunt
515 2127 523 2141 ,
552 2111 705 2146 quorum
722 2098 917 2131 delectatur
937 2094 1203 2129 consuetudine·

215 2154 443 2188 Manifestum
469 2158 586 2186 autem
612 2157 681 2189 est,
707 2147 936 2182 Philocraten
953 2146 1103 2191 pecunia
1128 2157 1203 2178 cor-

214 2211 360 2250 ruptum
383 2204 497 2238 fuisse.
551 2203 640 2237 Cum
665 2201 772 2245 igitur
796 2200 882 2233 alios
908 2205 1068 2232 oratores
1095 2196 1203 2230 citan-
1231 2239 1232 2242 Ἰ

216 2265 267 2291 tes
292 2262 477 2301 poemata,
506 2253 740 2288 contumeliae
767 2264 870 2285 causa
896 2249 1058 2283 nominet
1077 2245 1203 2292 Sophi-
1229 2243 1233 2252 ⁵

254 2350 284 2377 1)
309 2348 343 2372 ni
367 2355 465 2372 versus
494 2348 556 2371 suut
575 2345 688 2370 Hesiodi
708 2345 755 2374 Op.
783 2344 809 2366 et
834 2342 864 2366 1).
884 2341 981 2370 761sq.
1013 2340 1062 2363 Ed.
1085 2339 1203 2363 Diibner.

287 2395 322 2400 —
342 2384 415 2406 Haec
441 2388 533 2406 eorum
560 2379 751 2410 interpretatio
778 2378 870 2400 exstat
893 2376 974 2398 etiam
1003 2375 1029 2397 in
1056 2374 1118 2398 Mel.
1146 2374 1205 2404 epi-

288 2422 400 2448 gramm.
420 2417 460 2440 ed.
481 2417 608 2439 Yincent.
648 2414 751 2438 Witeb.
771 2411 844 2435 1563.
870 2412 895 2435 8.
927 2410 975 2434 fol.
995 2409 1014 2432 P
1028 2409 1068 2432 3³.

253 2460 285 2489 2)
311 2459 359 2482 His
383 2459 473 2482 verbis
502 2459 527 2481 in
547 2458 630 2482 Editt.
651 2457 741 2481 1548..
770 2454 845 2478 1554.
871 2453 898 2476 in
924 2451 1047 2482 margine
1065 2451 1206 2481 adscripta

289 2495 332 2517 est
350 2493 505 2516 annotatio:
534 2492 654 2522 Euripid.
674 2492 699 2514 in
720 2488 889 2514 Phoenissis.
927 2485 974 2518 [ni
993 2492 1091 2509 versus
1106 2486 1205 2515 legun-

289 2530 334 2551 tur
355 2527 381 2550 in
402 2527 544 2550 phoeniss.
564 2527 660 2556 fragm.
678 2525 726 2551 lx.
747 2524 834 2548 7—9.
857 2522 884 2545 in
900 2521 992 2551 Eur-ip.
1016 2521 1082 2550 Opp.
1103 2527 1136 2543 ex
1155 2521 1204 2544 Ed.

289 2561 412 2586 Barnesii
426 2563 452 2583 et
461 2562 606 2588 Musei-ave
617 2566 707 2584 recus.
723 2558 835 2583 Tomll.
851 2556 938 2587 (Lips.
951 2555 1023 2579 1779.
1038 2554 1077 2584 4.)
1095 2554 1204 2583 p.⁴66.]

289 2608 323 2613 -
338 2596 421 2619 Iidem
436 2596 452 2617 4
467 2601 564 2617 versus
585 2595 655 2617 inter
672 2591 855 2617 Melanttionis
870 2590 1066 2620 epigrammata
1085 2588 1205 2612 afferun-

289 2633 335 2655 tur
355 2635 372 2654 a
388 2629 534 2654 Gratliusio
560 2629 679 2656 (Witen.
702 2628 776 2652 1560.
813 2626 837 2649 8.
877 2624 947 2649 conf.
970 2624 1096 2653 prolege.
1125 2629 1207 2652 prae-

289 2665 347 2689 oed.
373 2664 462 2693 nasa
477 2664 533 2693 sq)
567 2663 613 2686 lib.
628 2663 670 2685 lll.
702 2662 749 2685 fol.
771 2662 797 2684 M
823 2661 872 2689 52,
909 2665 926 2682 a
949 2658 1094 2682 Vincentio
1123 2657 1206 2686 (wt-

290 2701 344 2722 tel).
367 2698 438 2722 156³.
475 2698 515 2725 8.)
551 2697 596 2722 lil).
610 2697 653 2720 lll.
684 2696 730 2720 fol.
748 2697 768 2718 L
782 2696 830 2726 81,
857 2695 884 2718 et
903 2693 930 2717 in
948 2693 1027 2716 huius
1047 2693 1129 2722 Corp.
1149 2692 1204 2715 Re-

290 2734 368 2757 form.
393 2732 455 2756 Vol.
477 2732 512 2757 Χ.
531 2739 555 2761 p.
572 2732 631 2754 550.
651 2736 691 2754 nr.
712 2730 768 2754 ¹37.

213 1364 273 1397 bes
290 1369 433 1397 norant.
469 1363 522 1396 De
539 1363 639 1396 vobis
656 1375 740 1395 vero
757 1362 899 1406 legatis,
926 1362 1055 1406 passim
1072 1362 1110 1394 in
1128 1368 1201 1394 tota

1229 1714 1232 1738 l

1229 1749 1232 1775 i

1229 1777 1232 1877 ἒ

1229 1933 1232 1948 i

1256 941 1326 970 stas
1350 942 1384 969 et
1402 936 1604 969 fabularum
1630 935 1841 981 scriptores,
1876 937 1950 981 ipse
1978 943 2099 970 tamen
2115 935 2246 970 similia

1256 986 1458 1021 testimonia
1478 986 1699 1021 orationihus
1715 989 1786 1022 suis
1804 988 1985 1022 admiscet.
2019 987 2111 1021 Sunt
2124 993 2244 1021 autem

1256 1051 1297 1071 ex
1323 1036 1527 1072 Phoenissis
1560 1037 1744 1083 Euripidis
1777 1051 1899 1073 versus
1939 1040 1982 1072 ab
2018 1038 2096 1083 ipso
2134 1038 2246 1079 citati,

1256 1102 1364 1135 quam
1390 1090 1546 1123 fabulam
1580 1101 1765 1135 nunquam
1799 1096 1947 1135 egerunt
1970 1088 2161 1124 histriones
2181 1088 2247 1130 illi,

1256 1141 1384 1186 quibus
1413 1142 1486 1186 ipse
1511 1153 1658 1186 operam
1681 1140 1832 1182 locavit,
1877 1143 2023 1174 tertium
2049 1146 2174 1175 tenens
2195 1140 2248 1173 lo-

1256 1205 1354 1233 cum,
1389 1194 1449 1226 sed
1473 1192 1533 1225 alii
1559 1193 1780 1226 vetustiores.
1845 1191 2051 1236 Antigonen
2073 1203 2158 1225 vero
2183 1190 2248 1225 So-

1256 1242 1393 1288 phoclis
1410 1256 1513 1288 saepe
1532 1241 1638 1277 huius
1657 1243 1817 1288 magistri
1834 1249 1999 1287 egerunt,
2027 1254 2069 1276 ex
2087 1254 2158 1288 qua
2172 1242 2248 1286 ipse

1255 1293 1445 1329 Aeschines
1462 1307 1566 1339 saepe
1584 1292 1650 1328 hos
1666 1294 1868 1339 praeclaros
1886 1300 1920 1326 et
1937 1294 2040 1327 utiles
2055 1305 2178 1327 versus
2192 1305 2248 1327 re-

1257 1346 1396 1386 citavit,
1425 1358 1513 1392 quos
1530 1351 1649 1378 tamen
1665 1358 1743 1378 cum
1759 1345 1978 1378 meminisset
1989 1371 1998 1385 ‚
2025 1344 2064 1376 in
2080 1344 2246 1378 obeunda

1255 1397 1431 1441 legatione
1463 1397 1628 1440 neglexit.
1694 1396 1796 1429 Scitis
1827 1401 1945 1429 autem
1972 1394 2118 1440 proprie
2150 1395 2247 1428 tertii

1256 1448 1325 1481 loci
1351 1448 1530 1481 actoribus
1559 1447 1707 1480 attribui
1732 1446 2099 1490 repraesentationem
2125 1452 2247 1491 tyran-

1257 1512 1398 1533 norum.
1427 1498 1620 1532 Intuemini
1635 1498 1742 1542 igitur
1758 1495 1853 1531 hunc
1861 1495 2073 1531 Aeschinem
2084 1496 2247 1531 Creontis

1256 1549 1381 1583 habitu
1403 1549 1698 1595 pronuntiantem
1715 1561 1855 1589 versus,
1891 1561 1980 1594 quos
2007 1548 2046 1581 in
2070 1547 2248 1593 legatione

1258 1601 1388 1636 oblitus
1404 1608 1474 1641 est,
1502 1613 1566 1634 nec
1583 1612 1687 1634 ausus
1705 1607 1756 1634 est
1773 1600 1810 1632 in
1826 1599 1958 1633 indicio
1975 1599 2138 1635 recitare.

1326 1686 1522 1720 lambica
1553 1698 1607 1719 ex
1634 1686 1852 1728 Antiyone
1882 1684 2174 1732 Sophoclis—³).

1358 1754 1441 1788 Non
1458 1759 1579 1798 pectus
1593 1752 1699 1786 ullius
1716 1757 1833 1796 potest
1848 1751 2035 1796 introspici
2051 1752 2102 1799 ⁴¹),

1358 1804 1467 1838 Urbis
1484 1804 1710 1848 magistratus
1726 1803 1935 1848 prinsquam
1952 1803 2108 1846 gesserit.

1360 1855 1437 1900 Ego
1448 1882 1457 1896 ‚
1485 1856 1513 1890 si
1531 1856 1609 1901 quis
1626 1855 1662 1887 in
1679 1854 1779 1899 gravi
1796 1854 1930 1898 periclo
1949 1854 2079 1888 civium
2090 1881 2100 1895 ,

1359 1907 1452 1940 Vere
1470 1908 1659 1941 salutarem
1679 1906 1790 1939 sciens
1807 1904 2040 1945 sententiam,

1360 1958 1449 1991 Eam
1467 1959 1596 1991 timore
1615 1957 1726 1991 victus
1743 1957 1896 1990 occultat
1912 1961 2052 1996 tamen,

1359 2009 1463 2043 Hunc
1479 2009 1597 2043 iudico
1615 2008 1727 2041 civem
1746 2019 1818 2041 esse
1835 2007 1969 2040 malum
1987 2018 2027 2040 ac
2042 2006 2217 2045 inutilem.

1360 2061 1406 2094 Et
1424 2061 1452 2095 si
1471 2061 1550 2106 quis
1568 2060 1719 2093 antefert
1736 2058 1841 2092 saluti
1857 2058 2015 2103 patriae,

1359 2112 1498 2146 Privati
1515 2111 1618 2145 amici
1634 2110 1784 2155 gratiam
1802 2115 1908 2155 atque
1926 2121 2094 2150 munera,

1359 2164 1426 2197 Hic
1442 2163 1602 2197 omnium
1619 2167 1670 2195 est
1685 2161 1892 2194 mortalium
1910 2160 2172 2197 iniustissimus.

1359 2215 1454 2259 Ergo
1472 2214 1587 2248 Deum
1604 2218 1727 2246 testem
1745 2212 1872 2245 invoco
1884 2238 1893 2252 ‚
1920 2211 1949 2245 si
1966 2211 2105 2256 patriae

1359 2267 1560 2301 Discrimen
1578 2264 1784 2309 impendere
1802 2263 1924 2296 videro
1944 2274 2064 2303 meae,

1360 2318 1420 2351 Me
1436 2330 1520 2351 voce
1539 2316 1716 2349 dicturum
1735 2321 1841 2360 atque
1862 2320 1980 2347 mente
1994 2313 2107 2347 libera

1362 2368 1579 2404 Sententiam
1593 2394 1602 2408 ‚
1630 2366 1810 2400 verissima
1830 2377 1921 2411 quae
1938 2365 2136 2406 videbitur,

1361 2422 1434 2457 Nec
1450 2421 1541 2454 ullus
1557 2417 1668 2452 hostis
1686 2417 1836 2451 civitatis
1853 2416 2034 2461 publicus,

1361 2472 1535 2507 Privatim
1554 2470 1686 2503 amicus
1704 2481 1776 2503 esse
1794 2469 1942 2502 ducetur
1959 2465 2067 2506 mihi;

1362 2525 1429 2559 Sed
1444 2522 1544 2557 navis
1560 2519 1647 2556 haec
1658 2548 1666 2562 ‚
1695 2532 1784 2567 quae
1800 2526 1916 2554 servet
1931 2530 2054 2552 omnes
2076 2515 2200 2557 unica,

1292 2645 1323 2673 ³)
1342 2643 1422 2673 soph.
1443 2642 1535 2673 Antig.
1553 2641 1706 2665 175—190.

1292 2690 1323 2716 4)
1350 2686 1417 2711 Huic
1435 2685 1529 2709 versui
1549 2685 1574 2708 in
1593 2684 1677 2709 Editt.
1698 2683 1790 2711 1548„
1818 2682 1890 2705 1554.
1916 2681 1941 2703 in
1967 2677 2091 2710 margine
2115 2675 2242 2708 apposita

1327 2722 1370 2745 est
1388 2720 1543 2744 annotatio:
1563 2719 1746 2750 Magistratus
1764 2715 1883 2741 ostendit
1900 2715 1996 2739 virum.
