2351 2990
196 113 268 149 515
766 112 886 148 PlllL,
923 111 1033 147 MEL.
1069 113 1271 149 SCRtPTA
1309 115 1643 157 PHILOLOGICQ
2147 121 2221 157 516

196 200 259 236 cis,
288 199 381 243 qnod
400 197 586 240 gratularis
603 196 688 230 milii
709 198 960 241 prosectionem
983 198 1183 233 inltaliam.

199 249 436 293 propositioni
467 250 608 281 additur
643 249 865 281 adxersatixa
904 261 965 291 prr
1002 252 1185 293 quandam

200 301 398 346 querelam,
442 301 537 343 quod
569 301 745 342 improbet
778 299 963 332 consilium
988 313 1071 334 suno,
1106 314 1188 345 pro-

423 350 557 382 Dvinde
583 356 629 382 est
657 348 989 388 adliortatiuncula,
1026 358 1064 384 ut
1089 352 1187 385 adiu-

906 399 944 433 ln
971 402 1037 435 sine
1063 401 1191 435 debor-

201 351 368 384 tortionis.

203 409 276 438 xet,
307 401 572 445 quibuscunque
596 401 699 433 retnis
725 400 844 443 possit.

204 453 371 496 tatur'·'²').
401 464 442 483 ne
467 450 606 482 obxiam
627 451 755 484 veniat.

349 551 670 593 Argumentum
708 550 932 595 epistolae
960 552 1048 588 XIII.

305 618 496 662 Sequentes
514 617 683 660 epistolae
702 618 853 662 scriptae
871 626 972 659 sunt,
1009 634 1086 654 cum
1107 621 1192 654 Cae-

205 680 260 702 sar
278 668 408 700 rediret
424 680 463 699 ex
474 668 597 701 Galliis
614 669 656 699 ad
676 669 798 701 urbem
816 672 1072 714 occupandam.
1117 673 1191 704 Pri-

208 732 261 751 ma
281 725 330 751 est
351 718 564 757 monitoria,
601 719 722 764 inqua
740 720 893 753 breviter
911 723 1061 755 consulit
1077 723 1192 761 uxori,

205 770 289 813 quid
309 769 344 801 in
368 769 575 802 tumultibus
598 770 662 802 sub
686 770 825 803 initium
849 772 932 804 belli
957 772 1068 806 civilis
1090 785 1192 817 agere

206 821 347 860 debeat,
375 826 408 852 ct
425 832 515 865 quae
535 832 612 864 spes
630 820 674 854 sit
692 821 734 853 de
752 821 913 856 Caesare.

450 904 583 937 Aliud
617 912 944 948 argumentum.

309 970 402 1003 Haec
426 970 571 1014 epistola
598 971 738 1004 videtur
760 972 887 1016 scripta
915 985 988 1006 esse
1013 973 1049 1005 in
1074 973 1190 1005 medio

206 1027 302 1053 aestu
319 1021 472 1053 cixilium
493 1021 676 1055 bellorum.
732 1022 954 1066 Propositio‚
979 1036 1069 1068 quae
1086 1021 1191 1056 habet

206 1072 406 1104 adiunctam
427 1073 567 1104 brevem
587 1073 865 1106 consolationem
893 1081 1040 1117 propter
1063 1075 1190 1108 adveu-

207 1128 277 1153 tum
298 1122 474 1161 Caesaris,
502 1134 545 1155 ne
569 1123 716 1155 nimium
743 1136 832 1157 uxor
856 1125 1092 1168 perturbetur.
1152 1124 1189 1158 In

207 1174 272 1204 tine
290 1180 335 1206 est
356 1174 514 1206 additum
537 1174 735 1208 consilium.

345 1263 672 1307 Argumentum
701 1265 924 1309 epistolae
952 1265 1040 1299 XIV.

306 1328 402 1373 Ipsae
429 1343 500 1370 res,
535 1333 577 1364 ‹le
601 1332 727 1377 quibus
751 1333 886 1376 agitur,
921 1333 1125 1377 praesertim
1153 1333 1187 1365 in

204 1381 428 1424 sequentibus
456 1382 630 1425 epistolis,
675 1391 829 1425 arguunt
852 1396 908 1416 eas
931 1396 1002 1416 non
1029 1390 1186 1427 tempore

204 1431 317 1470 exilii,
344 1433 402 1464 sed
418 1433 480 1464 sul)
501 1433 639 1466 initium
658 1433 740 1465 belli
763 1434 894 1473 civilis,
923 1446 1000 1466 cum
1025 1434 1153 1467 Caesar
1169 1447 1185 1467 e

204 1481 318 1514 Gallia
338 1483 527 1514 exercitum
554 1484 589 1515 in
614 1483 750 1516 Italiam
776 1485 919 1516 duceret
941 1491 1063 1516 contra
1081 1485 1186 1517 Pom-

675 1534 870 1577 I‘raecipne
897 1534 990 1567 enim
1022 1533 1185 1567 hortatur

992 1598 1037 1618 an
1062 1586 1183 1618 urbem

202 1531 320 1574 peium
349 1533 495 1575 scriptas
526 1546 609 1567 esse.

202 1594 347 1614 uxorein
377 1583 519 1622 Cicero,
556 1590 594 1616 ut
619 1596 736 1617 secum
760 1585 948 1624 deliberet,

203 1632 315 1671 exire,
344 1646 388 1665 an
415 1634 530 1676 potius
555 1635 740 1668 Cursarem
767 1636 898 1669 infestis
925 1635 1032 1678 signis
1057 1637 1099 1668 ad
1126 1649 1183 1669 ur—

201 1683 278 1714 bem
304 1691 554 1727 properantem
581 1693 761 1729 expectare
789 1687 883 1720 velit.
942 1686 1057 1732 Atque
1080 1684 1183 1721 huius

200 1733 367 1777 epistolae
385 1742 630 1777 argumentum
649 1738 731 1770 satis
749 1737 899 1776 indicat,
934 1736 970 1769 in
995 1737 1092 1771 cuins
1117 1738 1182 1770 ini-

198 1783 247 1815 tio
265 1785 380 1817 statim
400 1787 586 1830 proponit,
613 1793 651 1819 ut
674 1800 763 1820 uxor
789 1788 975 1821 consilium
999 1789 1115 1832 capiat
1140 1790 1182 1821 de

198 1836 374 1866 manendo
404 1837 457 1867 vel
491 1837 667 1880 fugiendo.
736 1838 873 1871 Deinde
903 1852 1005 1872 sulnn
1041 1852 1182 1885 quoque

196 1885 378 1917 consilium
405 1887 542 1928 adiicit,
570 1889 780 1933 quibusdam
797 1890 962 1923 brevibus
984 1890 1182 1924 rationibus

197 1937 455 1970 confirmatum.

441 2017 577 2051 Aliud
601 2026 927 2062 argumentum.

293 2081 355 2116 Est
380 2089 414 2115 et
437 2081 524 2116 haec
551 2084 810 2126 admonitoria,
846 2086 881 2118 in
908 2098 977 2132 qua
1004 2087 1179 2131 copiosius

193 2134 335 2176 exponit
371 2134 473 2166 uxori
503 2146 605 2167 suum
635 2136 841 2176 consilium,
888 2137 972 2182 quid
1005 2139 1180 2172 existimet

191 2183 460 2229 faciuudumffl),
488 2197 564 2217 cum
584 2192 718 2219 constet
730 2186 913 2220 Caesarem
926 2187 1077 2221 Romam
1094 2201 1177 2222 ven-

191 2240 319 2267 turum.
373 2235 487 2268 Habet
505 2242 621 2268 autem
641 2237 844 2270 continuam
865 2238 1107 2272 narrationem
1123 2240 1177 2273 sui

189 2285 344 2324 consilii,
371 2285 461 2331 inm)
480 2286 577 2319 cuius
597 2288 664 2319 fine
687 2288 829 2321 additur
856 2290 898 2321 de
924 2290 1079 2330 duobus,
1115 2291 1175 2335 qui

188 2335 387 2368 defecerunt
411 2348 428 2368 a
448 2336 609 2371 Caesare.
667 2336 753 2371 Item
780 2340 967 2379 admonet,
1002 2346 1040 2373 ut
1067 2353 1173 2386 quam

189 2384 341 2426 primum
365 2387 546 2421 rescribat.

215 2515 262 2542 29)
283 2515 456 2544 dehortatur]
477 2516 517 2540 sic
536 2517 727 2549 Editt.1556.‚
751 2519 840 2549 1565.;
876 2519 958 2544 Editt.
980 2520 1070 2552 1571.‚
1098 2521 1170 2548 1596.

249 2549 418 2573 adhortatur.

213 2599 449 2656 εοὲἃῑᾳοιιᾶιιᾱυω]
469 2600 507 2624 sic
525 2602 607 2626 Editt.
628 2602 718 2634 1556„
745 2604 838 2635 1565.;
869 2604 952 2628 Editt.
975 2605 1066 2638 1571„
1095 2606 1167 2633 1596.

278 2639 335 2656 men
358 2639 409 2656 ssffl.

210 2682 258 2711 ³1)
277 2683 318 2712 in]
338 2683 379 2708 sic
397 2684 480 2709 Editt.
502 2684 595 2717 1565.‚
613 2685 702 2718 1571.‚
723 2687 813 2718 1596.3
836 2687 863 2712 in
882 2688 931 2712 Ed.
953 2689 1024 2713 1556.
1045 2690 1135 2718 deest.

1480 208 1614 241 Aliud
1645 213 1971 252 argumentum.

1343 273 1509 308 Narratio
1534 282 1603 315 est,
1644 288 1734 321 quae.
1760 275 1917 308 continet
1943 286 2117 308 summam
2144 287 2226 307 con-

1242 323 1329 363 silii,
1356 326 1485 358 scilicet
1503 338 1592 371 quae
1610 328 1742 370 agenda
1760 326 1862 360 uxori
1887 332 1920 358 et
1939 325 2058 358 llberis
2076 332 2228 365 censeat,

1245 388 1321 407 rum
1342 375 1470 409 Caesar
1489 377 1638 410 l‘ioinam
1658 377 1701 411 sit
1718 385 1897 410 venturus.
1939 375 1978 409 In
1997 377 2065 409 fine
2084 375 2229 420 ponitur

1245 424 1460 467 adhortatio,
1487 434 1526 461 ut
1539 428 1622 461 sorti
1639 428 1709 462 sint
1725 428 1858 469 animo,
1886 434 1919 461 ct
1934 434 1972 461 ut
1988 427 2127 471 saepius
2145 427 2227 460 scri-

1244 477 1341 511 bant.

1455 551 1591 585 Aliud
1627 560 1942 598 argumentum
1956 553 2015 598 32).

1346 618 1482 663 Scripta
1503 626 1552 652 est
1576 619 1612 652 in
1634 620 1749 653 medio
1773 622 1925 655 tumultu
1949 621 2123 654 bellorum
2147 620 2230 652 civi·

1246 669 1352 709 lium,
1377 682 1455 702 cnm
1475 670 1596 703 Cicero
1613 683 1683 703 una
1702 684 1779 704 cum
1797 672 1868 704 filio
1896 672 1938 704 ab
1963 672 2048 704 urbe
2071 671 2229 705 secessis-

1245 725 1340 758 sent,
1368 732 1476 752 uxore
1493 727 1526 752 et
1544 720 1698 753 Tulliola
1716 722 1853 754 Romae
1872 722 2019 761 relictis,
2043 722 2228 755 Dolabella

1246 782 1350 812 gener
1372 771 1518 804 maritus
1535 771 1731 811 Tulliolae,
1759 785 1837 805 cum
1862 775 1954 816 apud
1971 772 2157 806 Caesarem
2179 785 2230 806 es-

1245 827 1315 860 set,
1343 827 1376 853 et
1391 834 1469 854 cmn
1488 822 1649 855 Caesaris
1667 824 1710 855 ad
1731 824 1853 856 urbem
1879 824 2049 856 adventus
2072 830 2230 867 expecta—

1246 878 1353 905 retur.
1402 872 1569 905 Continet
1589 879 1705 906 autem
1723 871 1808 907 baec
1825 873 1969 918 epistola
1987 874 2129 906 brevem
2148 885 2230 906 con—

1245 923 1469 955 sultationem
1483 950 1492 963 ,
1518 930 1637 956 utrum
1657 924 1824 957 Terentia
1852 931 1885 957 et
1901 924 2055 957 Tulliola
2080 924 2231 957 debeant

1245 973 1381 1006 Itomae
1414 986 1557 1007 manere
1591 976 1798 1008 adveniente
1824 975 1994 1015 Caesare,
2039 987 2084 1008 an
2107 975 2227 1020 aliquo

1244 1025 1417 1058 secedere.

1395 1118 1716 1162 Argumentum
1748 1119 1975 1164 epistolae
2002 1118 2077 1152 XV.

1346 1186 1481 1230 Scripta
1500 1192 1550 1219 est
1567 1183 1651 1218 baec
1672 1186 1818 1230 epistola
1844 1192 1924 1230 post
1947 1198 2100 1230 pugnarn
2118 1183 2230 1219 Phar-

1242 1236 1385 1269 salicam
1411 1243 1443 1269 et
1465 1237 1763 1277 Alexandrinam,
1800 1250 1877 1270 culn
1904 1237 2033 1270 Caesar
2057 1236 2126 1269 iam
2151 1242 2227 1269 tuin

1243 1287 1380 1319 xeniam
1398 1289 1543 1319 dederat
1559 1288 1732 1321 Ciceroni.
1785 1288 2011 1321 Nuntiaturia
2035 1293 2150 1320 autem
2177 1293 2229 1320 est

1242 1339 1284 1370 de
1303 1344 1438 1371 mutato
1457 1338 1602 1371 consilio
1621 1352 1697 1377 suo,
1721 1338 1839 1371 addita
1859 1339 2094 1378 excusatione,
2118 1349 2227 1383 quare

1241 1387 1307 1421 lioc
1327 1396 1484 1432 tempore
1504 1390 1545 1421 de
1562 1389 1633 1422 suis
1653 1390 1755 1423 rebus
1774 1388 1863 1421 nibil
1879 1389 2068 1433 scripserit.

1473 1470 1612 1503 Aliud
1640 1477 1971 1513 argumentum.

1342 1535 1499 1580 Simplex
1531 1542 1582 1569 est
1613 1536 1792 1576 narratio,
1833 1547 1923 1581 quae
1952 1534 2108 1568 continet
2136 1535 2224 1567 duas

1239 1593 1367 1631 partes.
1425 1587 1531 1620 Prior
1555 1599 1637 1631 pars
1660 1587 1835 1619 rationem
1862 1584 1969 1620 habet
1990 1584 2116 1619 mutati
2140 1596 2223 1617 con-

1237 1638 1305 1671 silii
1332 1639 1368 1670 in
1392 1638 1566 1671 mittendo
1585 1637 1656 1670 filio
1682 1639 1725 1670 ad
1743 1638 1942 1671 Caesarem.
1993 1637 2113 1670 Altera
2140 1647 2222 1679 pars

1236 1687 1344 1722 habet
1367 1690 1546 1734 quandam
1571 1688 1851 1729 excusationem,
1886 1700 1995 1733 quare
2017 1699 2090 1720 non
2111 1686 2223 1719 multa

1236 1740 1432 1784 scripserit,
1462 1752 1552 1785 quae
1570 1746 1688 1772 tamen
1703 1752 1744 1773 ex
1757 1739 1854 1773 Sicca
1872 1738 2075 1773 fidelissimo
2092 1748 2222 1780 cogno-

1235 1804 1330 1825 scere
1351 1790 1477 1835 potuit.

1374 1876 1699 1919 Argumentum
1735 1874 1961 1919 epistolae
1988 1871 2077 1906 XVI.

1336 1942 1592 1987 Comprobatio
1611 1948 1661 1976 est
1676 1942 1874 1975 litterarum
1893 1940 2013 1974 uxoris
2035 1941 2077 1973 de
2102 1939 2220 1984 ingra-

1234 1993 1384 2026 titudine
1399 1994 1631 2033 Volumniae,
1659 1993 1777 2026 addita
1794 1991 2049 2036 significatione
2066 1991 2216 2024 aliarum

1233 2045 1469 2077 maximarum
1495 2056 1680 2083 curarum,
1707 2043 1834 2088 quibus
1858 2042 1998 2087 penitus
2021 2041 2217 2075 conficitur.

1232 2095 1382 2128 Orditur
1413 2095 1457 2127 ab
1486 2094 1727 2138 expectatione
1751 2093 1949 2127 litterarum
1975 2092 2095 2126 uxoris
2117 2098 2151 2125 et
2172 2093 2216 2124 de

1232 2158 1294 2179 suo
1310 2146 1426 2179 studio
1445 2146 1481 2177 in
1505 2145 1702 2178 scribendo.
1754 2143 1891 2176 Deinde
1915 2145 2016 2177 addit
2038 2142 2215 2176 narratio-

1230 2209 1310 2229 nem
1326 2198 1368 2229 de
1383 2195 1634 2239 ingratitudine
1651 2194 1861 2228 Volumniae
1880 2200 1914 2228 et
1930 2196 1971 2228 de
1987 2194 2058 2228 suis
2074 2194 2177 2228 curis.

1473 2270 1608 2304 Aliud
1643 2276 1967 2314 argumentum.

1327 2338 1522 2373 Exordium
1544 2339 1586 2372 de
1613 2338 1809 2379 desiderio,
1843 2352 1914 2385 quo
1939 2345 2097 2383 expectet
2120 2337 2212 2372 litte-

1226 2402 1283 2423 ras
1297 2390 1432 2428 uxoris;
1461 2391 1543 2422 item
1561 2391 1603 2422 de
1621 2402 1684 2423 suo
1704 2390 1820 2424 studio
1836 2389 2001 2423 mittendi
2016 2389 2150 2422 litteras
2165 2390 2209 2421 ad

1224 2453 1384 2474 uxorem.
1437 2440 1604 2486 Sequitur
1623 2441 1908 2481 narratiuncula,
1935 2440 2002 2474 sibi
2022 2438 2208 2473 vehemen-

1224 2498 1277 2524 ter
1300 2490 1482 2535 displicere
1500 2491 1713 2525 Volumniae
1737 2491 2039 2536 ingratitudinem.
2099 2489 2208 2524 Addi-

1223 2548 1280 2575 tur
1306 2541 1478 2586 praecisio
1499 2554 1563 2587 per
1584 2544 1763 2588 quandam
1790 2542 2064 2581 correctionem,
2101 2540 2207 2584 signi-

1252 2655 1299 2688 32)
1320 2657 1582 2714 flooldarginnentum
1602 2655 1689 2679 tribus
1708 2653 1845 2685 prioribus
1863 2652 1891 2678 In
1909 2652 1994 2679 Editt.
2015 2652 2205 2677 1565—1596.

1288 2692 1330 2715 est
1348 2696 1364 2715 a
1402 2691 1477 2716 itum.
