2294 2975
107 134 181 169 197
234 131 354 169 XXIII.

98 220 245 254 tionem.
298 219 449 254 Orditur
465 225 582 253 autem
607 219 651 252 ab
673 218 933 263 approbatione
955 219 1089 251 littera-

96 283 175 304 rum
197 271 318 311 istius,
346 277 379 304 et
400 270 570 315 proponit
586 282 622 304 se
638 269 801 304 similiter
819 270 983 303 affectum
1003 282 1088 309 esse,

96 328 130 355 et
150 322 223 356 eius
244 321 535 356 consuetudinem
554 321 766 355 desiderare.
820 320 927 355 Ratio
955 334 994 354 cx
1018 321 1087 353 col-

96 373 249 414 latione,
292 373 373 418 quia
401 386 444 405 ne
474 379 576 406 antea
601 373 745 418 quidem
770 371 976 418 cuiusquam
1005 384 1087 404 con-

95 426 244 458 suetudo
259 423 448 458 iucundior
464 424 541 458 fuit.
599 423 767 469 Sequitur
794 423 1021 468 amplificatio
1046 435 1086 456 ex

96 475 293 508 contrario:
333 475 497 519 Optarim
524 475 561 507 in
585 475 776 508 solitudine
801 475 941 515 vivere,
977 486 1084 520 quam

94 526 242 559 nuncin
258 526 358 560 urbe.
412 526 503 559 Huic
518 526 658 559 affectui
681 538 802 560 rursus
826 525 977 571 opponit
998 526 1085 559 duas

93 588 168 615 res,
210 576 338 621 quibus
370 589 406 610 se
435 577 639 611 consolatur
670 576 763 621 ipse,
806 577 921 611 studia
946 583 979 610 et
1002 588 1084 610 con-

91 627 276 660 scientiam
293 628 324 674 3)
356 628 606 669 consiliorum,
650 641 741 673 quae
771 635 892 672 postea
922 628 1084 672 pluribus

91 678 208 711 verbis
217 678 248 724 4)
265 679 425 723 explicat.
477 678 517 712 In
533 681 602 713 fine
619 679 718 712 addit
734 680 1015 714 consolationem
1042 691 1083 711 ex

89 729 168 762 loco
201 730 399 764 communi:
445 729 534 764 nihil
564 731 795 765 metuendum
825 743 897 765 esse
926 730 978 770 ei,
1021 729 1082 775 qui

90 780 191 824 culpa
210 781 380 825 careat5).

190 837 220 883 ἓ.
239 840 272 874 1.
307 841 401 881 Quod
422 838 499 888 eyo]
534 841 748 874 Exordium:
779 840 942 874 Vicissim
965 846 1081 873 tecum

89 902 161 924 esse
186 890 342 936 cupioss).
429 895 471 925 Ut
495 892 623 938 em'm7)
646 904 745 938 quum
768 897 853 925 esset
876 889 938 938 m]
973 891 1080 924 Ratio

88 941 360 985 propositionis:
380 942 494 975 Antea
511 955 654 989 quoque
670 943 820 975 libenter
838 949 953 976 tecum
971 954 1080 982 eram,

89 999 222 1036 quanto
249 993 360 1036 magis
383 1005 489 1028 nune.
573 994 728 1039 Nolim⁸)
756 992 865 1041 enim]
901 994 979 1027 Alia
1007 1006 1080 1026 am-

85 1042 267 1085 plificatio.

191 1099 220 1144 §.
238 1103 273 1136 2.
301 1104 418 1147 Itaque
435 1101 530 1148 utor]
558 1103 748 1143 Narratio,
777 1104 903 1148 quibus
920 1104 1024 1136 rebus
1044 1114 1078 1136 se

89 1152 330 1197 consoletur⁹)
347 1153 408 1184 tali
428 1159 604 1196 tempore:
641 1152 772 1186 scilicet
797 1155 954 1192 duabus,
987 1154 1080 1186 litte-

87 1201 135 1235 ris
151 1208 185 1235 et
204 1202 430 1236 conscientia.

190 1260 220 1305 ξ.
244 1262 279 1296 3.
325 1264 446 1296 Verum
471 1264 561 1295 enim
593 1260 762 1309 scribam]
799 1258 1017 1307 ἀποστροφὴ
1033 1260 1077 1306 ¹⁰)

86 1313 131 1345 ad
151 1311 345 1346 Messinum
357 1312 424 1358 ¹¹),
451 1313 489 1345 in
512 1324 581 1358 qua
606 1313 732 1357 incipit
754 1319 787 1345 et
810 1313 926 1356 ipsum
951 1312 1078 1345 confir-

86 1375 205 1403 mare,
246 1363 393 1397 recitato
425 1376 488 1397 suo
521 1364 682 1408 exemplo
705 1376 812 1409 supra
838 1362 930 1408 inm)
954 1374 1077 1396 narra-

84 1414 193 1449 tione.

192 1471 221 1517 ἓ.
247 1471 281 1507 5.
325 1476 393 1514 Tu,
432 1476 464 1507 si
493 1486 544 1507 me
554 1472 626 1522 ¹³)]
665 1474 773 1508 Ratio
806 1473 1076 1508 consolationis:

86 1521 184 1557 Nihil
201 1530 251 1557 est
260 1523 304 1568 ¹⁴)
322 1524 640 1568 pertimescendum
658 1532 799 1570 praeter
817 1526 968 1570 culpam.

158 1671 250 1698 1546..
271 1671 362 1699 1560..
384 1671 457 1696 1601.
475 1672 501 1695 h.
520 1672 539 1694 l.
557 1673 670 1696 habent:
701 1672 781 1696 Initio
801 1671 965 1701 respondet3
994 1672 1077 1694 verba

158 1707 249 1728 autem
269 1705 491 1735 „consolatoria
508 1704 577 1729 est''
596 1706 622 1729 in
636 1706 685 1730 Ed.
702 1706 776 1730 1537.
796 1706 851 1731 Cic.
870 1706 963 1728 verbis
983 1706 1023 1734 (S.
1040 1706 1077 1733 1.)

157 1740 269 1764 Gratae
286 1740 357 1763 mihi
376 1741 444 1763 tuae
462 1740 579 1764 litterae
596 1740 624 1763 in
649 1740 773 1770 margine
797 1739 939 1769 apposita,
966 1745 1078 1769 eamque

158 1775 191 1797 ob
210 1779 320 1796 causam
340 1774 365 1796 in
385 1774 467 1796 Editt.
483 1774 575 1804 1545,
596 1774 669 1797 1560.
687 1780 740 1797 non
759 1775 937 1801 argumento,
962 1774 988 1796 id
1007 1774 1077 1803 quod

157 1807 248 1837 aptius
280 1809 338 1833 est,
376 1808 425 1831 sed
450 1807 554 1838 primae
578 1808 747 1831 annotationi
770 1809 863 1832 addita
887 1809 968 1837 sunt,
1005 1808 1075 1831 conf.

155 1844 221 1866 nota
239 1842 264 1866 6.

121 1890 151 1923 3)
172 1891 380 1920 conscientiam]
400 1892 449 1915 Ed.
469 1892 543 1916 1546.
564 1898 660 1916 errore
679 1894 807 1923 typogr.:
833 1891 1007 1916 conscientia.

124 1944 155 1971 4)
173 1943 281 1971 verbis]
300 1943 350 1967 Ed.
367 1943 439 1967 1601.
459 1944 602 1973 corrupte:
627 1942 720 1973 urbis3
743 1943 771 1966 in
789 1942 971 1970 Editt.154o‚,
991 1942 1076 1968 ¹544..

158 1978 250 2008 1554„
272 1977 345 2001 1557.
366 1977 453 2001 deest.

123 2028 154 2057 5]
173 2029 230 2052 Hoc
250 2030 437 2058 argumentum
459 2027 865 2059 habentssditt.1537—1554.,
886 2027 971 2058 ¹557,
993 2027 1076 2057 1560„

159 2063 225 2086 1565
233 2076 266 2080 —
276 2064 349 2087 1596.
359 2079 366 2093 ‚
387 2063 460 2086 1601.

124 2113 155 2141 5)
175 2113 228 2137 Pro
247 2114 296 2137 hac
315 2115 379 2137 nota.
397 2114 424 2137 in
444 2114 528 2138 Editt.
544 2114 630 2143 1545.,
652 2114 725 2138 1560.
746 2113 848 2144 legitur
866 2113 979 2136 haecce:
1000 2112 1076 2137 Gra-

161 2149 209 2172 tae
226 2149 296 2171 milei
312 2150 382 2172 tuae
398 2149 527 2177 litterae]
547 2148 742 2172 consolatoria
755 2150 806 2172 est.
842 2147 1005 2171 Exordium:
1025 2147 1077 2170 Vi-

160 2182 255 2206 cissim
273 2184 361 2206 tecum
380 2189 442 2206 esse
459 2183 546 2213 cupio.
565 2183 650 2212 (conf.
669 2184 736 2206 nota
747 2182 797 2211 2.).

127 2233 158 2262 7)
181 2235 214 2258 Ut
239 2234 328 2262 euim]
351 2233 390 2257 sic
414 2234 497 2259 Editt.
518 2234 610 2262 1537.,
637 2235 729 2265 1545,
755 2235 846 2260 1546..
874 2234 949 2259 1601.
975 2235 1002 2256 et
1026 2233 1077 2263 al.;

161 2268 243 2291 Editt.
265 2269 355 2298 1544,
377 2269 467 2300 1554„
488 2269 579 2299 1557.,
600 2269 672 2293 1560.
693 2270 720 2292 et
737 2269 786 2293 Ed.
807 2268 893 2293 oren.
912 2268 1037 2293 Etenim.

128 2320 159 2348 8)
178 2319 292 2348 Nolim]
317 2319 355 2344 sic
372 2320 455 2345 Editt.
478 2320 566 2349 1537.,
586 2321 661 2346 1545.
673 2337 681 2349 ‚
701 2321 793 2351 1546.‚
812 2321 904 2346 1601..
930 2320 1010 2343 etiam
1029 2320 1078 2344 Ed.

164 2354 241 2377 1560.
271 2354 298 2377 in
329 2356 404 2378 textu
436 2355 477 2383 (in
508 2355 600 2379 verbis
628 2356 718 2379 autem
742 2355 803 2379 huic
828 2356 909 2379 notae
933 2354 1078 2384 adscriptis

163 2387 271 2418 Nolo„
296 2388 380 2413 Editt.
403 2389 492 2420 1544„
513 2390 604 2420 1554„
623 2389 697 2414 1557.
717 2391 744 2413 et
762 2390 810 2414 Ed.
832 2390 918 2414 oren.
940 2388 1016 2414 Noli.

129 2440 161 2468 9)
178 2439 350 2469 consoletur]
368 2440 416 2465 Ed.
440 2441 514 2465 1545.
532 2441 718 2465 consolentur.

130 2489 178 2517 10)
196 2486 377 2522 ἀποστροφὴ]
395 2489 478 2515 Editt.
499 2490 589 2522 1545,
609 2491 683 2516 1560.
701 2492 883 2522 Apostrophe.

130 2540 176 2572 11)
196 2541 359 2570 Messinum]
377 2542 426 2565 Ed.
444 2542 518 2566 1545.
536 2542 703 2567 Mescinium.

131 2592 177 2621 12)
197 2593 238 2621 in]
256 2593 285 2617 in
303 2593 351 2618 Ed.
372 2593 446 2617 1560.
465 2593 557 2618 omiss.

134 2643 181 2671 13)
201 2643 254 2668 Pro
277 2645 319 2668 his
346 2644 400 2669 Cic.
425 2644 516 2668 verbis
543 2644 570 2667 in
594 2644 676 2670 Editt.
699 2645 790 2673 ¹545..
817 2644 890 2669 1560.
916 2645 977 2670 huic
1001 2647 1082 2670 notae

166 2678 306 2708 adscripta
324 2681 388 2702 sunt
407 2678 566 2709 sequentia:
590 2678 712 2704 Praeter
729 2680 851 2710 culpam.

135 2730 180 2757 14)
200 2730 258 2758 est]
276 2730 326 2754 Ed.
348 2731 420 2755 1545,
441 2736 511 2754 esse.

406 130 714 169 ARGUMENTA
740 130 805 166 ET
832 130 1033 167 scnomA
1060 130 1108 166 lN
1135 128 1281 165 EPIST.
1304 130 1417 166 ΒΑΜ.
1446 130 1528 167 cm.
1556 132 1697 170 ΜΒΝ.
1722 135 2009 178 EP.19.20.21.

2064 145 2134 180 198

1364 216 1500 251 Aliud
1529 229 1840 263 argumentum
1854 226 1911 273 15).

1142 332 1150 339 .
1243 283 1343 317 Hanc
1359 285 1544 329 epistolam
1565 295 1714 332 apparet
1733 302 1805 324 esse
1822 294 1989 338 scriptam
2015 297 2128 331 occiso

1141 345 1210 365 iam
1236 333 1431 380 Pompeio,
1472 338 1532 370 sed
1562 339 1738 374 saeviente
1765 340 1879 376 adhuc
1903 346 1994 380 bello
2022 348 2127 383 civili.

1141 384 1232 429 Quia
1251 386 1345 419 enim
1365 387 1494 421 Caesar
1509 395 1631 423 contra
1649 391 1817 437 reliquias
1833 396 2003 431 exercitus
2020 398 2128 432 Pom-

1139 435 1208 479 peii
1232 435 1269 468 in
1286 436 1403 471 Africa
1429 451 1503 472 rem
1527 441 1689 484 gerebat,
1724 449 1757 475 et
1780 447 1939 490 suspensi
1963 448 1999 480 in
2024 461 2127 482 even-

1138 492 1212 519 tum
1231 487 1304 521 eius
1318 488 1401 521 belli
1426 491 1585 524 omnium
1613 499 1714 525 erant
1737 495 1867 537 animi,
1896 497 2019 532 Cicero
2036 500 2128 534 Mes-

1137 537 1252 570 sinum
1272 540 1493 581 consolatur,
1528 554 1572 575 ne
1589 543 1674 587 quid
1690 545 1869 582 formidet.
1930 548 1992 583 Est
2020 550 2127 595 igitur

1137 589 1389 624 consolatoria.
1457 590 1651 626 Exordium
1678 603 1858 640 sumptum
1886 606 1937 633 est
1959 612 1977 633 a
1999 601 2125 637 litteris

1136 638 1292 673 Messini.
1359 641 1564 686 Propositio
1599 651 1649 677 est
1679 648 1832 682 exordii:
1872 649 1948 694 Ego
1982 664 2124 698 quoque

1136 690 1291 733 optarim
1310 697 1424 724 tecum
1442 692 1571 727 vivere.
1607 694 1760 729 Additur
1777 700 2024 743 amplificatio:
2052 704 2125 737 An-

1135 746 1190 772 tea
1208 741 1316 774 etiam
1333 747 1449 775 tecum
1469 743 1620 777 libenter
1638 758 1754 788 eram,
1783 757 1916 794 quanto
1933 753 2043 796 magis
2058 753 2125 789 hoc

1135 797 1307 835 tempore.
1375 793 1543 838 Sequitur
1572 797 1752 838 narratiO,
1793 800 1920 845 quibus
1949 804 2054 838 rebus
2088 818 2124 840 se

1135 842 1355 884 consoletur,
1396 844 1558 879 videlicet
1589 847 1715 881 litteris
1748 855 1781 882 et
1804 853 2017 887 conscientia
2042 868 2124 890 con-

1134 893 1307 928 siliorum.
1367 894 1577 930 Narrationi
1600 899 1825 944 subiungitur
1848 901 2123 954 (incorpocpiyffl)

1134 945 1179 977 ad
1195 945 1387 979 Messinum
1400 973 1409 986 ,
1436 947 1473 980 in
1489 960 1557 993 qua
1575 948 1699 994 incipit
1715 958 1749 984 et
1765 950 1879 995 ipsum
1900 956 2123 998 confirmare,

1133 996 1280 1029 recitato
1300 1009 1363 1030 suo
1383 999 1543 1043 exemplo
1569 1012 1675 1044 supra
1701 1002 1818 1045 posito
1843 1004 1879 1037 in
1904 1007 2123 1044 narratione.

1132 1046 1239 1080 Ratio
1272 1049 1539 1084 consolationis:
1589 1050 1688 1085 Nihil
1719 1059 1769 1086 est
1801 1055 2123 1098 pertimescendum

1132 1104 1273 1142 praeter
1296 1099 1453 1144 culpam3
1497 1107 1535 1135 tu
1558 1114 1654 1137 cares
1679 1104 1798 1148 culpa:
1839 1106 1948 1150 igitur
1969 1108 2015 1142 sis
2039 1111 2124 1144 forti

1132 1149 1265 1184 animo.
1333 1150 1521 1186 Conclusio
1558 1154 1715 1187 continet
1747 1157 1933 1190 consilium
1959 1172 2036 1193 cum
2062 1164 2123 1195 ad-

1132 1197 1354 1240 hortatione,
1390 1214 1468 1234 curn
1496 1203 1636 1236 infirma
1662 1204 1706 1237 sit
1731 1206 1950 1249 valetudine,
1985 1217 2024 1244 ut
2048 1224 2121 1246 non

1131 1255 1262 1283 temere
1280 1249 1347 1283 iter
1366 1250 1588 1295 ingrediatur
1606 1254 1660 1287 vel
1676 1267 1711 1288 se
1727 1256 1806 1289 loco
1821 1266 1975 1295 moveat.

1376 1336 1512 1372 Aliud
1545 1349 1874 1385 argumentum.

1232 1401 1389 1447 Epistola
1411 1411 1461 1439 est
1483 1408 1743 1450 consolatoria,
1780 1412 1909 1456 scripta
1935 1414 1971 1447 in
1996 1417 2121 1450 mediis

1130 1453 1341 1488 tumultibus
1358 1461 1391 1488 et
1409 1457 1509 1501 quasi
1524 1459 1587 1491 sub
1605 1459 1711 1493 finem
1727 1461 1811 1494 belli
1828 1463 1950 1499 civilis.
2011 1466 2121 1501 Occa-

1130 1503 1266 1537 sionem
1284 1506 1461 1540 scribendi
1478 1509 1586 1542 sumit
1606 1522 1646 1543 ex
1662 1511 1789 1546 litteris
1805 1513 1969 1555 Messini,
1997 1519 2057 1563 qui
2076 1531 2119 1552 ne

1130 1555 1267 1589 videret
1283 1556 1319 1589 in
1334 1558 1422 1591 urbe
1438 1560 1599 1593 omnium
1615 1574 1735 1595 rerum
1759 1563 2006 1608 indignitatem
2018 1595 2026 1608 ‚
2061 1582 2120 1604 rus

1130 1615 1367 1648 concesserat,
1408 1610 1558 1644 existens
1589 1612 1626 1645 in
1660 1614 1817 1648 maximo
1848 1616 1944 1650 luctu
1974 1627 2121 1664 propter

1129 1659 1372 1701 perturbatam
1390 1662 1658 1705 rempublicam.
1709 1664 1860 1700 Orditur
1882 1674 1999 1702 autem
2024 1683 2042 1703 a
2065 1672 2120 1705 lit-

1129 1715 1286 1743 terarum
1312 1713 1624 1756 comprobatione,
1658 1722 1692 1748 et
1714 1728 1732 1749 a
1759 1717 2015 1762 significatione
2037 1735 2121 1756 suae

1129 1761 1342 1802 voluntatis,
1377 1764 1474 1808 quod
1499 1765 1605 1797 etiam
1635 1766 1811 1801 desiderat
1835 1769 1908 1803 eius
1934 1780 2120 1807 consuetu-

1129 1811 1248 1844 dinem
1274 1813 1402 1847 additis
1426 1814 1538 1848 causis
1563 1816 1688 1850 ordine
1711 1819 1765 1851 sui
1790 1819 1973 1862 desiderii,
2010 1836 2119 1868 quare

1129 1860 1196 1894 hoc
1214 1869 1373 1907 tempore
1400 1865 1553 1898 maxime
1579 1867 1697 1911 cupiat
1719 1870 1814 1913 apud
1835 1871 1941 1904 talem
1965 1874 2119 1908 amicum

1129 1925 1213 1947 esse.
1281 1914 1449 1960 Sequitur
1477 1918 1658 1959 narratio,
1698 1919 1736 1952 in
1763 1933 1831 1965 qua
1857 1922 2022 1957 describit
2044 1939 2119 1959 mo-

1129 1964 1227 2004 dum,
1255 1978 1326 2009 quo
1345 1966 1382 1998 in
1398 1966 1512 1999 amico
1528 1980 1591 2000 suo
1612 1970 1829 2004 consolando
1845 1979 1976 2008 utatur.
2015 1975 2118 2010 Hunc

1128 2021 1250 2059 postea
1270 2018 1517 2050 accommodat
1538 2019 1583 2050 ad
1601 2019 1793 2054 Messinum
1807 2048 1816 2061 ‚
1844 2023 1942 2057 cuius
1958 2026 2119 2061 animum

1130 2067 1318 2099 confirmat
1341 2068 1478 2102 duobus
1503 2071 1740 2113 argumentis,
1782 2073 1945 2108 videlicet
1970 2077 2012 2109 de
2040 2090 2119 2122 per-

1128 2118 1273 2150 ferenda
1299 2119 1445 2153 adversa
1472 2120 1637 2161 fortuna,
1680 2128 1713 2155 et
1738 2123 1780 2156 de
1803 2126 2045 2161 consolatione
2077 2141 2117 2162 ex

1129 2169 1208 2202 loco
1227 2171 1409 2203 communi
1424 2177 1577 2215 sumpta,
1594 2170 1684 2205 nihil
1700 2174 2018 2218 pertimescendum
2032 2192 2118 2221 esse,

1129 2226 1319 2264 propterea
1338 2223 1435 2266 quod
1453 2223 1553 2266 culpa
1571 2230 1687 2256 careat
1700 2251 1708 2264 ,
1743 2231 1775 2258 et
1791 2227 1939 2260 omnino
1955 2229 1999 2262 sit
2015 2230 2119 2264 inno-

1131 2284 1222 2305 cens.
1274 2271 1315 2304 In
1334 2273 1560 2308 conclusione
1579 2281 1700 2308 monet
1725 2276 1880 2310 breviter
1903 2279 1945 2311 de
1967 2292 2032 2314 suo
2057 2284 2118 2315 ad-

1131 2329 1258 2363 ventu,
1299 2330 1333 2356 et
1359 2325 1476 2363 addit,
1519 2337 1596 2358 cum
1619 2325 1792 2361 Messinus
1821 2328 1961 2362 infirma
1983 2332 2118 2366 valetu-

1131 2374 1213 2408 dine
1235 2381 1375 2416 utatur,
1415 2376 1499 2421 quid
1523 2376 1599 2409 fieri
1624 2377 1768 2418 debeat,
1802 2390 1931 2424 nempe
1957 2388 1996 2415 ut
2020 2392 2118 2418 curet

1131 2426 1318 2470 diligenter
1331 2427 1570 2461 valetudinem
1583 2454 1592 2468 ‚
1620 2434 1652 2460 et
1667 2440 1740 2462 non
1765 2435 1896 2465 temere
1920 2435 2118 2469 committat

1132 2491 1167 2512 se
1187 2477 1317 2512 itineri.

1168 2614 1214 2642 15)
1233 2614 1291 2637 Hoc
1308 2613 1496 2643 argumentum
1515 2613 1542 2635 et
1561 2612 1612 2636 duo
1632 2613 1775 2643 sequentia
1793 2614 1820 2638 in
1838 2615 1920 2640 Editt.
1942 2617 2032 2649 1556„
2054 2619 2120 2643 1565

1201 2648 1316 2672 —1596.
1339 2646 1522 2676 reperiuntur.

1169 2690 1214 2721 16)
1232 2687 1414 2721 ἀποστροφὴ]
1440 2688 1479 2712 sic
1501 2687 1551 2712 Ed.
1573 2688 1664 2720 1556.;

1203 2725 1383 2755 Apostrophe.

1528 2758 1574 2791 13
1590 2755 1610 2773 '¹‘

1700 2690 1784 2715 Editt.
1806 2692 1897 2723 1565„
1924 2693 2014 2723 1569.‚
2041 2695 2116 2721 159².
