2351 2990
133 101 210 140 529
286 101 407 138 XXIII.
445 101 754 139 ARGUMENTA
778 102 843 138 ET
871 103 1074 139 SCHOLIA
1100 102 1149 139 IN
1174 102 1323 141 EPIST.
1350 103 1463 142 FAM.
1488 105 1572 143 CIC.
1598 105 1686 144 Ltss.
1703 107 1778 145 XV.
1804 108 1876 146 ΕΡ.
1893 108 2022 147 5-8.
2095 111 2170 149 530

370 188 507 223 Aliud
533 201 689 234 argum
702 195 866 224 entum.
1175 190 1259 236 quia
1277 192 1400 226 consul
1419 198 1514 233 erat,
1543 199 1660 234 curet,
1688 200 1728 227 ut
1745 194 1813 228 sibi
1830 202 1969 231 mature
1986 210 2168 234 successor

1171 242 1334 276 mittatur
1357 243 1394 277 in
1418 243 1663 288 provinciam,
1705 258 1776 292 quo
1811 246 1913 282 citius
1945 249 2019 294 ipse
2045 259 2165 296 posset

1170 293 1351 329 decedere.
1404 295 1543 341 Scripta
1570 302 1621 330 est
1643 293 1730 331 haec
1749 298 1898 343 epistola
1917 312 1959 334 ex
1976 301 2098 336 Cilicia
2117 304 2163 336 ad

1169 345 1218 380 M.
1236 345 1446 380 Marcellum
1464 348 1644 382 consulem
1666 350 1817 383 eundem
1829 377 1838 391 ,
1865 363 1931 396 pro
1951 365 2022 398 quo
2039 351 2161 388 habita

1169 402 1220 430 est
1243 397 1357 430 oratio
1370 424 1379 438 ‚
1421 411 1512 444 quae
1540 405 1645 434 extat.
1714 400 1798 435 Fuit
1826 409 1946 436 autem
1978 404 2006 438 is
2037 406 2161 439 consul

1167 459 1262 481 anno
1279 449 1313 483 3.
1341 448 1566 494 Olympiadis
1584 452 1689 492 182„
1720 464 1816 486 anno
1841 454 1885 487 ab
1907 455 1994 488 urbe
2017 456 2158 489 condita

1167 498 1247 539 73„
1281 512 1376 533 anno
1395 503 1431 536 2.
1459 507 1540 534 ante
1565 502 1697 536 bellum
1725 504 1827 538 civile
1851 511 1884 538 et
1909 518 2114 550 oppressam
2139 520 2158 540 a

188 546 355 590 Argum
368 551 521 578 entum
548 543 595 577 in
623 544 868 590 epistolam
896 545 1039 594 VIL33).
1167 549 1316 584 Caesare
1334 552 1605 596 rempublicam.
1659 553 1697 589 C.
1715 567 1801 588 vero
1814 556 2022 599 Marcellus,
2049 559 2159 592 frater

1165 600 1298 642 Marci,
1331 602 1416 635 item
1435 602 1476 636 L.
1493 602 1664 638 Lentulus
1689 607 1849 641 consules
1873 608 2018 642 suerunt
2038 610 2159 654 proxi-

1165 664 1223 684 mo
1241 664 1336 685 anno
1357 662 1437 697 post
1452 653 1502 687 M.
1522 654 1682 688 Marcelli
1700 658 1921 692 consulatum
1934 685 1943 700 ‚
1972 673 2043 705 quo
2061 673 2156 694 anno

1163 703 1292 736 exarsit
1306 704 1439 738 bellum
1457 705 1571 739 civile.

226 256 436 302 Respondet
463 256 604 292 Catoni.
669 257 821 292 Orditur
852 263 970 291 autem
997 269 1016 290 a
1044 269 1122 291 sen-

126 307 236 343 tentia
248 336 257 350 ‚
283 315 317 342 et
336 308 481 343 Catonis
499 309 542 342 de
560 321 595 343 se
613 308 785 343 iudicium
802 309 995 353 praedicat.
1049 307 1120 342 De-

122 359 204 394 inde
222 361 265 394 de
282 358 465 404 triumpho
481 361 674 405 respondet
689 373 724 395 se
743 367 886 394 senatus
906 361 1116 394 beneficium

121 423 195 445 non
215 411 506 456 repudiaturum,
534 424 573 445 ac
596 418 718 457 rogat,
744 418 784 446 ut
803 411 839 445 id
865 425 1008 459 quoque
1028 412 1115 446 Cato

119 464 322 508 approbare
338 462 435 496 velit.

218 611 508 657 Gratulatur-33³)
526 612 682 657 primum
699 613 892 655 Marcello,
919 616 1016 660 quod
1041 615 1111 647 sra-

115 671 170 698 ter
196 664 270 698 eius
294 664 418 698 consul
438 664 549 697 factus
574 663 635 703 sit;
676 665 804 698 deinde
834 666 942 710 petit,
983 672 1023 700 ut
1052 666 1111 698 det

116 728 263 761 operam
275 742 284 757 ‚
309 721 350 749 ut
367 714 435 760 ipsi
453 714 491 747 in
505 715 691 759 provincia
710 717 931 751 succedatur.

336 791 473 825 Aliu‘l
500 791 885 839 argumentumffl).
1210 812 1537 857 Argumentum
1574 821 1615 848 et
1648 813 1824 851 scholia
1859 818 1903 852 in
1932 820 2103 865 episto-

216 859 390 894 Petitoria
409 865 461 893 est
475 859 635 905 epistola.
687 860 806 904 Rogat
828 859 945 900 enim,
980 866 1020 893 ut
1041 859 1107 894 sibi
1518 865 1607 899 lam
1641 865 1800 915 VEL35).

112 912 242 957 aliquis
259 911 296 944 in
312 911 497 956 provincia
512 911 695 951 succedat,
729 923 794 944 nec
810 917 950 956 tempus
967 911 1017 944 ibi
1032 924 1106 945 ma-

110 963 221 996 nendi
254 968 480 1007 prorogetur.
545 961 743 995 Exordium
778 968 918 996 constat
951 963 1106 1007 gratula-

110 1014 227 1054 tione,
262 1014 359 1059 quod
385 1013 435 1047 M.
458 1012 648 1047 Marcellus
671 1014 820 1047 fratrem
844 1026 945 1047 suum
970 1015 1015 1047 ad
1042 1012 1105 1048 ho-

111 1077 217 1099 nores
234 1065 437 1098 consulares
454 1064 669 1104 subvexerit,
697 1078 803 1110 quam
822 1077 898 1098 rem
916 1063 1104 1099 vehemen-

108 1123 162 1149 ter
177 1117 300 1149 laudat
318 1116 454 1149 Cicero.
514 1116 641 1149 Postea
667 1116 951 1160 propositionem
975 1118 1103 1162 petito-

108 1167 198 1200 riam
216 1167 338 1212 ponit,
364 1173 397 1199 et
414 1167 478 1200 sub
506 1167 611 1199 finem
639 1178 780 1201 causam
804 1168 938 1210 reddit,
974 1182 1035 1202 cur
1060 1170 1102 1202 de

106 1217 276 1252 Parthico
290 1218 384 1251 bello
402 1215 494 1250 nihil
510 1217 700 1262 scripserit.
1259 1213 1503 1248 Gratulatoria
1533 1215 1682 1260 epistola
1705 1224 1853 1262 propter
1877 1220 2045 1264 adeptum
2068 1233 2151 1255 con-

1156 1264 1322 1299 sulatum.
1373 1265 1437 1300 Est
1456 1273 1574 1300 autem
1592 1267 1721 1311 scripta
1739 1269 1803 1302 sub
1825 1269 1968 1304 initium
1993 1272 2078 1305 belli
2101 1273 2149 1306 ci-

1156 1315 1234 1349 vilis
1265 1316 1358 1349 inter
1382 1317 1568 1351 Caesarem
1603 1324 1637 1351 et
1660 1319 1888 1365 Pompeium.
1954 1321 2047 1357 Nam
2072 1330 2147 1358 tum

213 1358 457 1394 Gratulatoria
477 1365 528 1392 est
547 1359 695 1403 epistola
713 1365 746 1392 et
763 1358 942 1404 petitoria.
994 1358 1130 2029 OM!
1156 1366 1193 1401 C.
1222 1367 1412 1403 Marcellus
1445 1374 1479 1402 et
1506 1368 1547 1403 L.
1580 1368 1752 1405 Lentulus
1784 1372 1944 1407 consules
1974 1374 2150 1420 designati

1259 939 1419 985 Epistola
1430 940 1476 988 ³⁶)
1500 941 1656 976 officiosa
1680 950 1749 985 est,
1776 945 1901 993 qua37)
1921 945 2092 983 Marcello
2110 951 2153 984 de

1159 1002 1254 1024 novo
1273 992 1459 1026 consulatu
1476 993 1743 1042 gratulaturffi).

1258 1054 1350 1087 Nam
1369 1065 1468 1099 qzcum
1482 1051 1534 1101 te]
1561 1053 1734 1090 Rationes
1742 1054 1789 1102 3³³)
1806 1057 2068 1100 gratulationis.

1375 1145 1513 1180 Aliud
1547 1149 1932 1196 argumentum‘ffl).

355 1289 497 1324 Aliud
525 1297 853 1335 argumentum.

109 1418 168 1444 tur
191 1423 208 1443 a
233 1410 481 1455 propositione
507 1411 767 1454 gratulationis.
818 1410 925 1443 Ratio
948 1410 1101 1444 sumitur
1154 1424 1248 1452 sunt,

107 1474 149 1494 ex
165 1462 284 1493 debito
303 1467 336 1493 et
351 1459 514 1494 honesto.
566 1461 694 1494 Postea
712 1461 860 1505 ponitur
884 1461 1027 1505 petitio,
1061 1468 1099 1495 ut

104 1511 233 1557 aliquis
266 1511 431 1544 mittatur
465 1511 502 1542 in
536 1511 781 1555 provinciam,
829 1511 890 1557 qui
924 1514 1098 1547 succedat.

105 1562 296 1598 Conclusio
316 1560 422 1595 habet
444 1562 589 1595 brevem
615 1563 912 1598 admonitionem.
965 1563 1004 1597 ln
1030 1565 1098 1597 fine

104 1621 156 1648 est
173 1613 349 1647 excusatio
361 1640 370 1654 ,
398 1625 508 1658 quare
525 1611 615 1646 nihil
631 1614 811 1659 scripserit
827 1617 868 1649 de
886 1614 1029 1649 Parthis
1054 1618 1097 1649 ad

107 1665 301 1699 consulem.

1401 1512 1537 1546 Aliud
1566 1522 1896 1559 argumentum.

1253 1578 1422 1614 Eiusdem
1441 1582 1578 1625 generis
1594 1589 1676 1617 sunt
1695 1584 1786 1617 duae
1810 1591 1996 1630 sequentes
2017 1587 2147 1631 episto-

1153 1630 1218 1664 lae.
1276 1630 1317 1663 In
1342 1632 1457 1675 prima
1483 1634 1683 1678 gratulatur
1707 1635 1916 1679 dignitatem
1942 1639 2146 1673 consulatus

1154 1681 1239 1714 Caio
1263 1682 1453 1724 Marcello,
1489 1685 1618 1719 additis
1644 1686 1758 1720 causis
1778 1699 1862 1721 suae
1886 1689 2147 1732 gratulationis.

1151 1733 1271 1766 Altera
1297 1734 1342 1766 ad
1365 1741 1504 1779 patrem
1527 1737 1657 1781 scripta
1683 1738 1840 1771 continet
1858 1741 2146 1783 gratulationem,

1152 1785 1246 1829 quod
1274 1783 1403 1819 habeat
1424 1787 1535 1821 filium
1562 1789 1765 1830 consulem,
1801 1791 1921 1824 addita
1945 1792 2085 1826 ratione
2110 1799 2144 1826 et

1152 1842 1335 1879 petitlone.

350 1737 487 1772 Aliud
522 1746 851 1783 argumentum.

209 1807 404 1853 Sequentes
428 1813 498 1840 tres
522 1806 692 1851 epistolae
716 1809 761 1841 ad
787 1808 994 1842 Marcellum
1017 1815 1097 1842 sunt

105 1858 373 1905 gratulatoriae.
431 1858 580 1891 Exordii
602 1859 681 1892 loco
707 1860 854 1903 ponitur
877 1860 1095 1904 propositio:

104 1912 252 1946 Gaudeo
270 1911 312 1943 de
329 1909 486 1943 maxima
510 1910 722 1951 autoritate,
759 1923 865 1957 quam
891 1917 1096 1945 consecutus

103 1976 139 1997 es
166 1963 234 1996 tuis
260 1961 450 1995 virtutibus
478 1962 573 2005 apud
594 1961 790 1996 Romanos.
851 1962 1096 2007 Propositioni

104 2014 248 2047 additur
265 2013 356 2045 ratio
374 2024 393 2045 a
415 2013 554 2053 debito,
590 2025 700 2058 quare
724 2019 910 2057 tantopere
933 2015 1094 2057 gaudeat.

103 2064 241 2098 Deinde
260 2064 419 2109 sequitur
438 2064 574 2108 petitio.
626 2064 796 2108 Epilogus
822 2063 928 2098 hahet
950 2066 1093 2098 brevem

103 2114 414 2154 adhortationem,
442 2115 499 2148 cui
517 2115 660 2148 additur
676 2116 852 2150 excusatio
865 2143 873 2155 ‚
909 2129 1018 2162 quare
1042 2117 1094 2149 ni-

104 2167 155 2202 hil
171 2169 213 2200 de
232 2167 336 2200 rebus
353 2166 485 2200 bellicis
503 2167 693 2211 scripserit.

1397 1929 1535 1963 Aliud
1564 1939 1893 1975 argumentum.

1252 1996 1456 2041 Propositio
1475 2010 1553 2030 cum
1572 1999 1856 2043 praedicatione:
1893 2000 2064 2035 Gratulor
2079 2003 2144 2036 tibi

1151 2046 1243 2081 hunc
1261 2045 1456 2088 honorem,
1484 2062 1590 2094 quem
1610 2051 1855 2085 ¹felicissimum
1882 2053 1947 2085 tibi
1969 2065 2041 2087 esse
2065 2066 2144 2099 pre-

1150 2111 1221 2133 cor.
1272 2099 1379 2132 Ratio
1399 2106 1450 2134 est
1469 2112 1487 2133 a
1508 2101 1639 2137 debito.
1687 2102 1858 2148 Epilogus
1874 2101 1981 2138 hahet
1997 2104 2140 2139 brevem

1148 2150 1369 2195 petitionem.

349 2243 483 2277 Aliud
517 2250 846 2288 argumentum.

1181 2292 1230 2319 35)
1250 2293 1337 2321 vuL]
1357 2293 1396 2316 sic
1416 2292 1441 2316 ίιι
1462 2293 1545 2318 Εᾱ111.
1569 2294 1776 2324 1537-1601.;
1803 2296 1828 2319 in
1849 2295 1896 2320 Ed.
1919 2298 2005 2322 oren.
2026 2299 2087 2324 vn.

1182 2328 1229 2354 36)
1251 2327 1317 2350 111111-
1337 2327 1397 2351 voci
1425 2328 1449 2350 ῑιι
1470 2328 1553 2353 icam.
1576 2329 1667 2354 1540..
1690 2330 1780 2359 1544„
1802 2330 1896 2357 1554..
1918 2331 1991 2355 1557.
2016 2334 2140 2363 praefixa

206 2312 269 2346 Est
289 2312 434 2357 epistola
453 2312 696 2356 gratulatoria.
749 2313 960 2347 Gratulatur
976 2319 1093 2346 autem

1215 2364 1280 2385 suut
1300 2361 1357 2387 Cic.
1376 2362 1461 2385 verba
1480 2362 1521 2393 (S.
1538 2362 1591 2390 1.):
1623 2363 1753 2386 Maxima
1772 2370 1837 2388 snm
1858 2365 1985 2389 laetitia.

300 2376 310 2396 ἱ
454 2377 458 2381 .
507 2376 533 2395 1,

105 2365 157 2399 llll
174 2364 296 2398 COHSUI
311 2370 397 2397 Itum
417 2365 504 2397 ἡαπ
520 2377 555 2404 δ’
590 2371 624 2397 et
645 2376 684 2397 ln
707 2365 776 2398 fine
804 2371 912 2410 pent,
947 2370 985 2398 Ut
1008 2376 1094 2409 lpse,
1181 2413 1230 2442 37)
1249 2414 1315 2443 qua]
1336 2413 1375 2436 sic
1394 2413 1477 2438 Editt.
1494 2413 1579 2445 1532,
1601 2414 1686 2446 1540,
1708 2414 1800 2446 1544„
1821 2415 1912 2447 155⁴„
1935 2416 2027 2448 1557.;
2053 2419 2137 2445 Editt.

1219 2448 1310 2479 1545.,
1332 2448 1407 2471 1560.
1427 2454 1504 2478 quae.

1181 2499 1228 2527 38)
1250 2500 1308 2523 Hoc
1326 2500 1516 2529 argumentum
1530 2498 1932 2531 habentEditt.1537-1545„
1949 2502 2036 2534 ¹554„
2053 2504 2138 2534 1557„

139 2484 187 2511 33)
208 2482 282 2511 VIL]
302 2481 342 2505 sic
363 2481 390 2504 in
409 2479 492 2504 Editt.
514 2480 720 2511 1537—1601.;
746 2481 774 2505 in
794 2481 843 2506 Ed.
864 2481 950 2505 Orell.
969 2481 1015 2505 lx.

140 2527 207 2555 33³]
228 2526 295 2550 Huic
320 2524 382 2548 voci
407 2523 434 2547 1“ι1
459 2523 543 2546 Editt.
566 2524 771 2551 1540—1545..
793 2525 884 2553 1554..
907 2525 997 2551 1557..
1019 2525 1093 2549 1560.

173 2562 297 2592 praefixa
316 2561 378 2582 sunt
399 2558 452 2582 Cic.
473 2559 559 2581 verba
577 2558 618 2586 (g.
634 2557 687 2589 1.):
708 2559 744 2583 Te
763 2560 790 2583 et
807 2560 947 2590 pietalis,
968 2560 1092 2589 quoniam

174 2597 215 2620 Ιιίς
244 2596 269 2618 in
294 2595 343 2618 Ed.
363 2593 438 2617 1537.
470 2592 519 2615 hoc
551 2595 739 2623 argumentum
771 2594 796 2617 iu
829 2594 952 2624 margine
981 2594 1093 2623 apposi-

1218 2534 1292 2557 1560.

1180 2584 1228 2613 39)
1248 2584 1396 2612 Rationes]
1416 2583 1456 2607 sic
1475 2583 1538 2607 inae
1554 2583 1636 2606 Editt.
1655 2585 1768 2614 excepta
1788 2584 1835 2608 Ed.
1858 2585 1950 2613 1560..
1977 2586 2004 2610 in
2024 2593 2076 2617 qna
2095 2589 2136 2612 Ιο-

172 2633 227 2653 tum
247 2631 298 2653 est.
1215 2620 1304 2648 gitur:
1329 2619 1420 2642 Ratio.

137 2673 186 2701 34)
208 2674 263 2696 unc
282 2673 471 2700 argumentum
492 2671 519 2693 et
538 2669 592 2693 tria
610 2670 752 2701 sequentia
770 2670 795 2695 in
816 2671 898 2696 Editt.
917 2672 1006 2699 1556..
1029 2671 1094 2694 1555

173 2707 287 2730 -1596,
311 2707 429 2730 exstant.
1216 2705 1333 2728 -1596,
1352 2703 1536 2727 inveniuntur.

108 2749 290 2779 Manui-a.
315 2747 421 2777 OPER.
446 2746 529 2777 Vm..
554 2746 660 2776 xvn.
1571 2737 1620 2772 54

1179 2672 1227 2698 40)
1250 2672 1306 2694 Hoc
1324 2670 1512 2699 argumentum
1533 2668 1559 2691 et
1582 2668 1634 2692 duo
1653 2669 1795 2700 sequentia
1815 2670 1839 2693 ἰη
1853 2670 1937 2695 Editt.
1961 2671 2051 2702 mast,
2073 2674 2138 2697 1565
