2351 2990
109 107 184 144 433
238 106 359 143 XXIII.
406 104 715 142 ARGUMENTA
738 103 805 140 ΕΤ
828 102 1031 140 SCHOLIA
1049 102 1098 139 IN
1116 101 1265 140 EPIST.
1282 102 1395 140 FAM.
1421 102 1505 141 CIC.
1530 103 1619 141 LIB.
1634 104 1705 142 XII.
1733 107 1804 144 ΕΡ.
1818 109 2022 147 14.15.16.
2077 113 2149 149 484

280 192 467 229 Scholia
504 192 549 226 in
582 191 825 238 epistolam
853 191 928 227 XV.

213 269 243 315 ἓ.
265 272 297 305 1.
332 272 376 305 δι’
398 283 452 304 vos
474 266 718 316 Iibe2·z'que⁷³)]
755 268 937 303 Narratio.
1019 271 1102 303 Cor-

108 323 213 365 repiis
234 318 467 367 vectiyalz‘bus]
496 319 661 360 sublatis,
687 319 892 365 interceptis
915 320 1052 355 fraude.

401 405 803 451 Argumentumfl).

223 472 453 508 Nuntiatoria
480 479 530 507 est
554 473 722 518 epistola,
763 473 800 506 in
826 486 895 520 qua
921 473 967 506 ita
994 485 1099 517 expo-

106 531 241 559 nuntur
257 536 312 558 res
332 524 368 556 in
385 524 469 557 Asia
494 531 629 568 gestae,
665 531 703 558 ut
727 525 864 568 possint
886 537 957 558 esse
983 536 1099 557 exem-

106 577 185 620 plar
201 581 392 620 perpetuae
407 576 636 610 narrationis.
690 576 815 609 Primo
832 576 925 609 enim
945 587 1098 608 comme-

105 633 224 660 morat
244 626 436 666 Lentulus,
479 628 662 672 quomodo
685 626 871 660 Dolabella
897 627 1018 661 Asiam
1040 627 1098 659 de-

106 677 273 718 vastarit,
317 690 356 711 ac
388 678 576 722 pecuniam
600 678 778 723 publicam
803 691 843 712 ex
870 678 1098 721 vectigalibus

106 729 288 763 collectam
321 728 534 773 surripuerit
550 729 607 776 ⁷⁵).
675 729 813 763 Deinde
846 731 889 762 de
918 729 1095 762 malitiosa

104 778 332 814 Rhodiorum
357 780 506 824 perfidia
530 781 781 826 conqueritur,
824 781 920 826 quod
954 780 1097 812 faveant

103 832 264 876 partilms
288 831 515 872 Dolabellae,
555 838 589 865 et
618 831 721 865 bonis
744 831 828 865 viris
854 832 1096 864 adversentur.

105 883 292 917 Postremo
311 883 402 916 redit
420 883 464 915 ad
488 882 745 926 expositionem
772 895 891 915 rerum
917 888 1095 926 gestarum

106 941 139 967 et
155 933 311 967 breviter
327 945 470 979 quoque
487 933 574 977 petit
599 933 637 966 in
660 946 719 967 eos
736 933 950 978 supplicium
976 932 1096 973 statui,

105 985 167 1030 qui
196 984 376 1018 oblivione
409 984 570 1028 publicae
593 986 764 1029 pecuniae
787 985 991 1018 societatem
1017 997 1094 1018 cum

102 1036 288 1068 Dolabella
312 1035 470 1069 inierint.
539 1035 641 1068 Circa
670 1037 777 1069 finem
806 1042 965 1069 recenset
990 1048 1096 1081 quae-

103 1088 185 1119 dam
221 1088 264 1120 de
294 1086 480 1120 conatibus
505 1086 713 1120 Dolabellae
739 1099 779 1120 ex
803 1086 976 1120 relatione
1005 1087 1096 1119 mili-

103 1145 199 1177 tum,
221 1136 282 1183 qui
300 1137 343 1170 ab
362 1149 402 1170 eo
423 1137 634 1181 effugerunt.

351 1222 485 1256 Aliud
514 1229 842 1267 argumentum.

205 1290 329 1335 Longa
346 1297 396 1324 est
412 1290 584 1334 expositio
601 1290 637 1323 in
655 1289 708 1325 his
723 1291 849 1324 litteris
874 1291 1030 1335 primum
1056 1290 1095 1322 il-

103 1342 169 1375 lius
184 1341 424 1386 improbitatis
440 1341 648 1375 Dolabellae
673 1348 707 1375 et
734 1355 852 1376 rerum
879 1354 898 1374 a
925 1355 960 1375 se
984 1347 1096 1385 gesta-

103 1405 183 1427 rum
205 1393 249 1426 ad
274 1392 549 1437 opprimendum
580 1405 681 1433 eum,
724 1393 783 1439 qui
816 1399 891 1427 erat
921 1393 1096 1426 iudicatus

103 1443 264 1488 publicus
291 1442 418 1483 hostis,
455 1451 603 1488 propter
624 1444 845 1478 Trebonium
864 1444 968 1478 Asiae
994 1456 1096 1488 prae-

103 1496 233 1528 sectum
251 1495 396 1539 indigne
413 1494 692 1529 circumventum
709 1502 742 1529 et
758 1496 994 1529 intersectum.
1022 1494 1095 1527 Hu-

103 1546 157 1580 ius
182 1545 278 1579 enim
303 1552 429 1590 caput,
476 1546 566 1580 sicut
592 1553 643 1580 est
668 1547 763 1592 apud
788 1547 993 1591 Appianum
1012 1545 1095 1591 7⁵a),

103 1596 294 1630 abscissum
306 1623 316 1637 ,
344 1598 440 1642 quod
458 1597 533 1630 fieri
551 1597 700 1631 iusserat
714 1598 900 1631 Dolabella
914 1624 922 1637 ,
945 1597 980 1630 in
1005 1597 1094 1630 solio

102 1647 305 1692 praetorio,
334 1660 405 1692 quo
421 1647 577 1681 iudicare
596 1648 719 1683 solitus
743 1655 838 1688 erat,
872 1648 966 1692 affigi
984 1648 1095 1689 iussit,

102 1700 139 1732 in
163 1698 262 1732 cuius
286 1705 409 1742 postea
435 1710 563 1742 corpus
593 1706 741 1743 propter
773 1712 896 1732 necem
921 1699 1095 1739 Caesaris,

104 1750 203 1783 cuius
226 1749 405 1794 particeps
426 1749 532 1783 fuisse
558 1749 760 1790 dicebatur,
794 1750 994 1790 Antonius,
1020 1757 1094 1783 tota

101 1800 329 1835 multitudine
355 1800 583 1845 permittente
615 1807 649 1834 et
680 1801 868 1845 instigante
896 1800 1095 1842 Dolabella,

103 1852 292 1886 crudeliter
316 1852 504 1885 excanduit
532 1858 565 1885 et
589 1852 725 1886 saeviit.
786 1852 925 1885 Deinde
951 1852 1095 1896 exponit

102 1903 284 1950 querelam
307 1904 349 1936 de
372 1903 520 1947 perfidia
545 1901 784 1937 Rhodiorum.
845 1903 972 1937 Postea
997 1903 1095 1936 varia

103 1955 301 1995 adduntur,
329 1954 491 1988 videlicet
518 1954 730 1999 pollicitatio
758 1953 812 1988 sui
841 1954 949 1988 studii
972 1954 1009 1986 in
1036 1955 1095 1987 de-

103 2007 279 2039 fendenda
298 2006 499 2050 republica;
528 2003 732 2039 adhortatio
758 2018 819 2039 seu
837 2005 980 2049 petiti‹›;
1009 2005 1093 2039 item

103 2056 312 2101 significatio
331 2058 558 2103 quorundam
575 2069 763 2091 rumorum
786 2057 828 2090 de
845 2056 1044 2091 Dolabella.

350 2141 483 2176 Aliud
518 2149 845 2187 argumentum.

208 2210 376 2244 Narratio
402 2211 444 2244 de
472 2211 621 2255 perfidia
647 2217 680 2244 et
705 2210 912 2244 crudelitate
928 2209 1096 2242 Dolabel-

103 2263 178 2299 lae,
205 2268 310 2306 atque
326 2268 365 2295 ut
381 2261 438 2295 ille
461 2263 640 2306 publicam
664 2262 854 2307 pecuniam
881 2261 917 2293 in
934 2261 1016 2294 Asia
1044 2261 1096 2293 in-

105 2313 292 2356 terceperit
315 2319 348 2346 et
371 2313 571 2351 abstulerit;
607 2314 692 2347 item
716 2315 759 2347 de
782 2313 853 2347 suis
877 2311 1032 2346 consiliis
1056 2323 1096 2345 ac

103 2364 208 2397 rebus
232 2363 335 2408 gestis
362 2371 485 2398 contra
503 2364 740 2399 Dolabellam.
791 2364 929 2398 Deinde
956 2363 1096 2397 subiici-

139 2483 187 2511 73]
207 2483 260 2507 Pro
275 2482 316 2505 his
331 2481 387 2506 cte.
401 2480 494 2505 verbis
509 2480 536 2505 in
549 2481 728 2510 Editt.1545.,
749 2481 823 2506 1560.
839 2481 898 2506 huic
915 2483 995 2506 notae
1015 2485 1096 2510 prae-

173 2518 228 2542 fixa
245 2519 307 2541 sunt
326 2516 483 2546 sequentia:
509 2516 621 2541 Scelere
639 2517 820 2542 Dolabellae.

137 2561 185 2589 74)
207 2561 264 2584 Hoc
283 2562 471 2588 argumentum
492 2560 518 2582 ct
537 2559 588 2583 dno
608 2560 751 2590 sequentia
769 2561 802 2584 ab
818 2559 902 2585 Editt.
920 2559 1008 2582 1556..
1031 2558 1097 2582 1565

173 2595 292 2619 -1596,
313 2595 480 2618 exhihentur.

140 2637 186 2668 75)
207 2643 238 2661 ac
263 2637 402 2668 pecuniam
423 2649 457 2652 —
476 2635 663 2665 surripuerit]
691 2636 730 2660 sic
756 2636 803 2661 Ed.
828 2636 920 2667 155ss.;

175 2672 267 2701 1565„
288 2672 379 2699 1571..
402 2670 475 2694 1596.
494 2671 559 2693 haec
578 2670 685 2695 desunt.

143 2712 209 2739 75³)
229 2713 342 2743 Appiam.
361 2712 429 2736 Bell.
450 2712 508 2736 Civ.
528 2712 573 2741 nl,
592 2712 633 2736 2⁴3.

111 2755 294 2787 Mamm.
310 2755 416 2786 OPER.
448 2754 533 2787 Vot..
551 2754 655 2785 XVII.

959 2636 985 2659 in
1011 2635 1093 2659 Editt.

1157 196 1214 224 tur
1232 191 1373 237 querela
1394 192 1437 225 de
1454 189 1679 226 Rhodiorum
1699 195 1844 238 perfidia
1868 203 1901 230 et
1922 195 2042 232 hostili
2066 212 2146 243 erga

1156 243 1413 287 rempublicam
1437 244 1572 279 animo.
1629 243 1718 277 Eam
1745 246 1991 290 indignitatem
2021 252 2147 295 ampli-

1155 294 1245 328 ficat.
1292 293 1378 328 Inde
1396 296 1438 328 de
1453 295 1524 329 suis
1541 295 1740 330 rationibus
1757 298 2035 341 provincialibus
2052 314 2147 334 com—

1156 352 1348 383 memorat;
1384 352 1565 390 postremo
1591 348 1634 380 de
1660 349 1836 391 praesenti
1860 356 1953 383 statu
1978 351 2145 386 Dolabel-

1153 396 1207 429 lae
1224 403 1256 430 et
1272 397 1378 432 rebus
1395 397 1431 431 in
1449 397 1551 443 Syria
1573 398 1688 442 gestis.

1316 485 1505 521 Scholia
1536 487 1581 520 in
1609 488 1861 532 epistolam
1890 487 1979 522 XVI.

1255 550 1285 597 ξ.
1307 555 1340 588 1.
1367 555 1521 588 Athenas
1535 552 1629 601 veni]
1654 554 1716 589 Est
1733 555 1880 599 epistola
1899 557 2146 599 gratulatoria.

1152 605 1224 644 Qua
1239 616 1285 638 ex·
1301 602 1356 651 re]
1385 604 1603 648 Propositio.
1667 609 1745 640 ss'on
1763 609 1852 640 enim
1871 606 1998 655 nescis]
2025 608 2143 644 Ratio.

1151 655 1231 687 Noli
1249 653 1390 702 putare]
1418 655 1658 699 Amplificatio
1683 657 1883 691 studiorum
1900 659 2144 695 adolescentis.

1150 706 1267 750 Itaque
1283 704 1364 752 tibi]
1394 705 1597 740 Conclusio.

1253 754 1283 800 ξ.
1300 759 1335 792 2.
1366 758 1430 798 Qui
1447 770 1546 803 quum
1562 756 1665 805 mihi]
1693 758 1875 794 Narratio.

1441 833 1772 878 Argumentum
1790 836 1847 881 ⁷⁶).

1253 898 1401 933 Generis
1432 901 1706 934 demonstrativi
1740 908 1790 935 est
1825 902 1984 946 epistola.
2051 904 2141 938 Cum

1150 950 1243 982 enim
1263 950 1466 985 Trebonius
1490 964 1583 986 unus
1608 965 1649 985 ex
1670 953 1956 987 interfectoribus
1983 955 2142 989 Caesaris

1150 1001 1327 1045 effugisset
1344 1014 1384 1035 ex
1400 1003 1487 1035 urhe
1505 1009 1539 1036 et
1554 1003 1591 1036 in
1606 1003 1727 1037 Asiam
1745 1004 1969 1048 provinciam
1994 1005 2060 1039 sibi
2084 1007 2142 1039 de-

1150 1059 1280 1086 cretam
1300 1053 1599 1097 proficisceretur,
1629 1055 1796 1088 convenit
1818 1056 1856 1088 in
1880 1055 2006 1090 itinere
2028 1057 2141 1090 filium

1151 1104 1350 1144 Ciceronis,
1379 1116 1456 1137 cum
1474 1103 1623 1140 Athenis
1642 1107 1736 1151 apud
1755 1107 1963 1152 Cratippum
1983 1106 2140 1152 philoso-

1149 1153 1254 1200 phiae
1273 1167 1417 1200 operam
1438 1163 1598 1191 navaret.
1649 1156 1773 1204 Itaque
1790 1158 1973 1202 praedicat
1990 1157 2046 1193 hic
2067 1160 2140 1194 eius

1150 1207 1285 1246 studia,
1321 1213 1355 1239 et
1377 1208 1591 1250 gratulando
1615 1220 1715 1241 suam
1737 1209 2024 1243 benevolentiam
2050 1211 2139 1243 indi-

1150 1263 1215 1290 cat.
1267 1257 1418 1291 Orditur
1439 1270 1457 1291 a
1481 1259 1709 1300 narratione,
1742 1272 1848 1306 quam
1874 1261 2035 1305 sequitur
2058 1274 2140 1306 pro-

1150 1308 1278 1353 positio
1295 1309 1571 1353 praedicationis
1585 1311 1734 1354 figurata
1752 1312 1990 1355 gratulatione
2008 1321 2039 1346 et
2057 1326 2140 1346 con-

1149 1361 1288 1393 firmata
1319 1359 1523 1394 testimonio
1556 1361 1609 1395 sui
1643 1374 1724 1406 erga
1757 1362 1964 1396 Ciceronem
1996 1365 2140 1399 amoris.

1148 1411 1278 1444 Addita
1314 1417 1365 1444 est
1398 1412 1626 1455 amplificatio
1650 1425 1714 1458 per
1739 1414 2028 1458 occupationem,
2071 1429 2141 1461 qua

1149 1462 1398 1496 assentationis
1417 1463 1653 1507 suspicionem
1671 1472 1843 1499 removet.
1901 1465 2039 1500 Deinde
2059 1479 2141 1500 con-

1149 1513 1258 1546 cludit
1293 1514 1589 1558 gratulationem,
1634 1528 1673 1548 ac
1708 1516 1850 1549 subiicit
1884 1518 2142 1557 narrationem,

1150 1577 1217 1610 qua
1236 1565 1394 1609 exponit,
1418 1567 1600 1611 quomodo
1617 1566 1822 1600 invitaverit
1834 1567 2014 1602 Ciceronis
2031 1569 2142 1602 filium

1149 1617 1192 1648 ad
1210 1615 1431 1649 invisendam
1446 1617 1588 1657 Asiam,
1616 1630 1696 1651 cum
1715 1630 1796 1652 eum
1816 1619 1889 1653 eius
1904 1620 1956 1652 rei
1974 1620 2142 1664 cupidum

1149 1667 1323 1702 sensisset.
1363 1668 1531 1713 Sequitur
1551 1669 1656 1702 etiam
1675 1669 1743 1702 alia
1756 1670 1930 1710 narratio,
1959 1684 2027 1716 qua
2048 1684 2143 1704 com-

1148 1719 1295 1751 mendat
1322 1718 1487 1752 Ciceroni
1511 1732 1614 1753 suum
1645 1732 1794 1765 poema,
1838 1722 1953 1755 obiter
1981 1734 2016 1756 se
2043 1735 2143 1756 excu-

1148 1781 1247 1809 sans,
1283 1771 1379 1815 quod
1404 1770 1549 1805 liberius
1574 1772 1746 1816 quosdam
1771 1772 1962 1806 insectatus
1987 1773 2042 1807 sit.
2103 1773 2142 1806 In

1148 1821 1216 1853 fine
1232 1821 1320 1864 petit
1332 1833 1367 1855 se
1385 1821 1577 1855 immisceri
1595 1822 1822 1866 dialogisticis
1843 1824 2142 1868 disputationibus

1149 1871 1341 1907 Ciceronis.

1398 1939 1531 1973 Aliud
1559 1947 1887 1985 argumentum.

1250 2005 1402 2050 Elegans
1438 2014 1488 2041 est
1519 2007 1666 2052 epistola
1691 2008 1885 2049 Trebonii,
1928 2008 1964 2042 in
1990 2021 2060 2055 qua
2090 2010 2141 2043 iu-

1149 2058 1262 2091 cunde
1280 2064 1404 2090 narrat
1422 2059 1464 2091 de
1486 2059 1610 2093 studiis
1632 2059 1696 2092 filii
1713 2059 1914 2100 Ciceronis,
1951 2060 1987 2093 in
2015 2061 2142 2106 quibus

1150 2115 1181 2142 et
1215 2108 1363 2142 feliciter
1397 2107 1567 2144 hactenus
1603 2117 1760 2145 versatus
1794 2111 1918 2151 fuerit,
1960 2112 2143 2145 contendit

1149 2159 1256 2193 etiam
1274 2172 1337 2193 suo
1356 2160 1473 2194 studio
1492 2173 1638 2205 pergere
1663 2162 1701 2194 in
1724 2162 1804 2196 illis.
1857 2162 1967 2196 Addit
1991 2163 2074 2195 item
2099 2164 2142 2196 de

1150 2213 1307 2245 eiusdem
1325 2212 1612 2256 peregrinatione
1630 2211 1779 2247 honesta
1805 2219 1838 2246 et
1862 2213 1953 2246 utili.
2013 2214 2142 2247 Postea

1149 2263 1289 2296 subiicit
1306 2263 1348 2296 de
1365 2275 1429 2297 suo
1456 2271 1620 2308 poemate
1643 2271 1766 2297 contra
1785 2263 1983 2298 Caesarem.
2036 2264 2143 2298 Ordi-

1149 2321 1207 2348 tur
1224 2326 1242 2347 a
1260 2314 1467 2347 narratione
1480 2341 1488 2355 ,
1516 2315 1552 2347 in
1573 2327 1641 2360 qua
1659 2314 1840 2359 praedicat
1857 2314 2013 2347 studium
2035 2323 2068 2349 et
2090 2317 2142 2349 di-

1148 2366 1332 2410 ligentiam
1349 2366 1615 2407 filiiCiceronis‚
1634 2367 1752 2399 addita
1771 2365 2021 2409 gratulatione,
2044 2369 2138 2413 quod

1149 2418 1255 2450 talem
1270 2414 1401 2451 habeat
1417 2417 1527 2450 filium
1543 2423 1664 2462 pater,
1693 2417 1752 2462 qui
1777 2416 1901 2451 studiis
1921 2423 1956 2450 et
1980 2419 2140 2453 moribus

1148 2466 1305 2502 honestis
1322 2469 1503 2513 praeditus
1519 2468 1574 2502 sit.
1633 2468 1733 2501 Hanc
1753 2468 1914 2513 sequitur
1929 2468 1998 2502 alia
2016 2482 2139 2502 narra-

1148 2520 1198 2553 tio
1216 2522 1258 2554 de
1273 2520 1433 2554 instituta
1450 2519 1668 2564 profectione
1683 2519 1747 2552 filii
1760 2517 2021 2554 honestissima.
2050 2521 2138 2554 Ter-

1148 2572 1196 2605 tia
1216 2572 1395 2611 narratio,
1430 2583 1520 2616 quae
1545 2576 1596 2604 est
1617 2571 1723 2614 plane
1750 2582 1864 2610 nova,
1899 2572 2055 2604 continet
2082 2584 2138 2603 ru-

1180 2675 1227 2702 76)
1247 2675 1304 2698 Hoc
1322 2674 1510 2705 argumentum
1529 2673 1556 2696 et
1575 2673 1628 2697 duo
1647 2673 1791 2704 sequentia
1810 2672 1837 2696 in
1857 2670 1940 2696 Editt.
1963 2672 2048 2702 1556„
2072 2672 2137 2696 1565

1215 2709 1332 2733 -1596,
1352 2710 1469 2732 exstant.
1522 2742 1569 2777 28
