2351 2990
194 139 269 174 671

195 225 323 258 debent
347 233 419 254 esse
442 220 686 264 inpromptu,
715 218 802 250 etin
829 220 1039 259 conspectu,
1066 219 1106 246 ut
1129 212 1180 245 vi-

194 278 346 309 deantur
366 273 458 305 ultro
475 270 710 304 scribentibus
726 280 761 301 se
779 267 908 299 offerre
921 292 930 305 ,
957 265 1047 299 sicut
1063 264 1100 296 in
1123 276 1180 296 ae-

196 325 372 359 dificando
390 336 454 356 nos
473 322 657 354 materiam
684 324 826 362 oportet
850 316 983 350 babere
1009 322 1089 348 ante
1118 327 1179 358 pa-

197 383 323 411 ratam.
352 375 451 407 Talis
468 373 567 417 copia
590 377 622 404 et
640 370 792 402 varietas
811 374 994 412 comparet
1011 367 1046 399 in
1066 366 1180 399 omni-

197 430 261 461 bus
280 425 538 472 pr.’icst.·intibns
558 422 763 461 autoribus,
792 420 828 452 in
847 420 1018 458 Platone,
1045 417 1181 451 Aristo-

198 480 265 513 tele
279 506 287 518 ,
317 474 553 510 Demosthene
567 500 575 511 ,
594 472 816 517 maximeque
838 471 871 504 in
890 470 1072 503 Cicerone.
1112 468 1182 501 Sed

197 529 283 564 hacc
310 528 462 560 varietas
489 537 561 557 non
587 525 690 556 debet
715 536 787 556 esse
814 522 932 566 inepta
957 519 1181 554 coacervatio

198 579 472 615 sententiarum,
509 577 570 609 sed
603 575 650 607 ita
683 574 949 618 conspergenda
977 578 1027 605 est
1053 570 1181 609 oratio,

198 639 235 666 ut
266 629 354 663 nibil
384 628 546 666 yideatur
572 627 756 670 ineptum,
802 631 863 658 aut
886 623 1010 668 procul
1037 621 1183 654 accersi-

198 689 293 721 tum,
321 692 408 713 neve
428 691 556 723 corpus
576 690 617 710 ex
635 675 840 709 huiusmodi
864 674 1073 708 centonibus
1101 684 1183 705 con-

198 740 275 767 stet.
334 732 585 776 Quamquam,
624 728 806 773 quomodo
831 724 884 760 liis
910 725 1056 758 floribus
1082 730 1183 757 nten-

199 786 282 818 dum
302 783 366 822 sit,
394 781 528 826 optime
547 785 750 813 monstrant
767 784 908 811 autores
933 777 1010 821 ipsi.
1064 775 1183 819 Quam

200 841 345 869 venuste
371 833 495 866 Cicero
521 832 567 878 57)
598 830 742 863 Hesiodi
775 829 986 862 versiculum
1011 827 1053 859 ad
1082 837 1184 870 prae-

200 893 298 931 cepta
317 883 543 929 gratitudinis
560 881 764 927 detorquet!
795 879 833 913 ln
859 880 1007 924 epistola
1034 879 1075 909 ad
1093 876 1185 909 Len-

200 939 314 972 tulum
329 936 396 981 ⁵⁸),
432 947 538 980 quam
566 940 646 977 apte
671 933 755 965 citat
772 931 932 964 Platonis
959 928 1185 967 sententiam,

200 989 365 1023 ferendos
384 999 456 1020 esse
474 998 590 1018 mores
608 983 792 1017 delirantis
808 979 1042 1026 reipublicae!
1066 979 1184 1023 Quam

201 1046 389 1073 venustum
408 1044 458 1071 cst
478 1037 563 1069 illud
580 1035 625 1081 ⁵⁸³)
640 1062 648 1074 ,
675 1036 772 1080 quod
793 1034 876 1066 citat
893 1045 933 1065 ex
950 1031 1090 1070 Attico,
1114 1030 1186 1062 sor-

202 1099 325 1125 tunam
342 1091 385 1122 ab
403 1088 522 1121 animo
543 1088 646 1119 firmo
667 1092 701 1118 et
716 1085 817 1129 gravi
841 1091 1013 1129 tanquam
1038 1082 1183 1114 fluctum

203 1155 222 1175 a
248 1154 331 1176 saxo
357 1140 473 1183 frangi
504 1137 685 1182 oportere!
724 1137 796 1169 Pro
822 1135 957 1167 Milone
979 1133 1027 1179 60)
1062 1131 1188 1165 recitat

202 1193 373 1227 indicium
397 1190 553 1224 Palladis
576 1190 618 1221 de
637 1188 761 1221 Oreste
785 1200 827 1219 ex
850 1186 967 1219 fabula
993 1183 1187 1227 Euripidis.

202 1245 289 1278 Item
307 1254 418 1287 paene
437 1242 480 1274 ad
499 1241 647 1273 verbnm
660 1238 955 1271 transsertlocnm
968 1232 1186 1279 Xenophon-

203 1297 266 1336 tis,
293 1308 372 1328 cum
389 1293 627 1326 ratiocinatur
644 1302 715 1323 esse
732 1289 865 1330 Deum,
885 1294 917 1321 et
939 1288 971 1320 ei
989 1298 1093 1320 curae
1115 1297 1188 1318 esse

203 1360 259 1380 res
290 1345 477 1379 humanas.
545 1339 806 1375 Demosthenes
836 1350 1055 1385 quamquam
1091 1348 1189 1369 vere-

205 1397 416 1432 cundissime
442 1394 545 1434 dicit,
589 1400 709 1426 tamen
731 1391 926 1436 plurimum
953 1387 1108 1433 aspergit
1135 1384 1189 1419 bi-

203 1450 396 1484 storiarum
415 1452 449 1479 et
465 1450 684 1490 poematum.
739 1444 927 1475 Praeterea
956 1441 999 1472 ad
1022 1438 1187 1472 discenda

204 1502 334 1539 verba,
375 1496 544 1543 phrasin,
579 1496 729 1539 figuras,
764 1499 915 1538 prosunt
940 1491 1025 1524 boni
1053 1501 1189 1528 omnes,

205 1553 265 1586 scd
283 1552 329 1583 ita
342 1577 350 1590 ,
368 1556 408 1583 ut
425 1554 517 1581 certa
537 1547 714 1592 quaedam
733 1551 899 1578 autorum
915 1548 1010 1575 aetas
1028 1541 1189 1584 eligatur.

308 1601 386 1634 Alia
405 1606 457 1633 est
475 1597 627 1630 imitatio
655 1595 896 1640 specialis,
937 1593 1068 1626 scilicet
1096 1603 1190 1624 eom-

206 1652 413 1697 positionis,
457 1662 518 1683 seu
544 1648 775 1693 periodorum
804 1644 1006 1684 Ciceronis,
1049 1643 1092 1675 de
1119 1653 1188 1686 qua

206 1704 361 1737 breviter
393 1702 520 1734 dicam.
583 1699 809 1732 Assuefacere
840 1709 904 1729 nos
928 1696 1116 1733 debemus,
1152 1698 1191 1725 ut

209 1756 435 1788 observemus
453 1750 708 1784 sententiarum
726 1748 901 1787 ordinem,
921 1753 955 1779 et
970 1747 1095 1778 demus
1108 1756 1190 1788 ope—

207 1818 306 1845 ram,
343 1811 383 1837 ut
415 1802 549 1846 optime
581 1799 808 1834 cohaerentia
839 1799 1045 1832 scribamus.
1113 1795 1188 1827 Hoc

207 1856 396 1901 praecipue
427 1854 532 1887 efficit
549 1852 692 1891 Cicero,
727 1852 787 1885 sed
812 1856 933 1883 tamen
959 1848 1059 1881 addit
1083 1846 1189 1879 etiam

208 1908 294 1940 alias
311 1907 470 1939 virtutes.
521 1903 634 1937 Struit
658 1902 751 1935 enim
780 1901 966 1946 periodos,
1002 1900 1039 1931 in
1063 1898 1191 1943 quibus

207 1959 368 1992 membra
401 1955 596 1995 illuminat,
632 1961 666 1987 et
699 1951 843 1986 adhibet
866 1963 1054 1985 numerum
1081 1961 1190 1994 quen-

208 2011 303 2043 dam.
363 2008 459 2041 Haec
491 2013 541 2040 est
566 2004 661 2038 baud
685 2005 791 2038 dubie
814 2016 951 2037 summa
982 1999 1190 2035 elocutionis

208 2061 339 2099 virtus,
385 2071 492 2104 quam
516 2057 654 2090 etiamsi
682 2068 755 2089 non
780 2065 1030 2100 assequamur,
1071 2058 1191 2083 tamen

208 2124 377 2155 magnum
409 2121 538 2153 operae
566 2108 719 2152 pretium
744 2107 932 2145 faciemus,
975 2117 1053 2137 cum
1081 2103 1124 2134 ab
1149 2114 1190 2134 eo

209 2164 338 2202 verba,
382 2161 534 2204 figuras,
576 2157 742 2203 phrasin,
788 2163 961 2203 quantum
993 2165 1191 2199 possumus,

207 2212 360 2246 mutuati
380 2211 562 2244 fuerimus.
616 2209 754 2242 Deinde
779 2208 897 2253 aliqua
925 2220 965 2239 ex
990 2212 1090 2250 parte
1114 2204 1192 2236 dili-

209 2264 363 2308 gentiam
382 2262 457 2296 eius
474 2262 510 2294 in
530 2260 739 2294 ordinandis
759 2265 792 2292 et
806 2258 1030 2292 absolvendis
1054 2262 1191 2290 senten-

209 2316 267 2348 tiis
286 2314 519 2347 imitabimur.
572 2311 622 2344 Ita
639 2312 733 2344 enim
752 2312 828 2350 fiet,
858 2316 895 2343 ut
915 2309 1040 2342 melius
1067 2305 1192 2339 cobae-

209 2366 323 2398 rentia
347 2365 562 2403 scribamus,
589 2369 624 2396 et
648 2362 760 2406 magis
782 2360 949 2394 dilucida.
1002 2360 1192 2392 Praeterea

210 2416 390 2450 sciendum
417 2422 487 2455 est,
526 2414 623 2447 aliud
648 2426 720 2447 esse
747 2424 955 2456 excerpere,
992 2410 1087 2443 aliud
1117 2408 1195 2441 imi-

210 2467 290 2499 tari.
343 2466 434 2499 Nam
456 2466 616 2498 imitator
640 2466 744 2498 debet
767 2462 898 2497 habere
924 2461 998 2502 ἕξιν
1023 2459 1195 2505 cognitio-

246 2585 296 2612 5⁷)
315 2583 372 2608 Cic.
391 2581 470 2612 epist.
490 2581 525 2605 ad
543 2582 600 2605 Att.
620 2581 702 2611 xm,
726 2581 773 2612 12,
792 2581 817 2605 3.

245 2635 294 2663 58)
313 2633 368 2658 Cic.
390 2632 471 2662 epist.
493 2631 529 2654 ad
546 2631 620 2654 Fam.
640 2630 671 2661 1,
690 2631 722 2661 9,
744 2631 784 2654 18.

243 2686 292 2714 59)
317 2684 372 2710 Cic.
395 2683 475 2713 epist.
496 2682 531 2706 ad
550 2682 625 2705 Fam.
646 2681 702 2714 IX,
721 2682 768 2714 16,
787 2682 813 2706 6,

247 2737 297 2765 60)
317 2735 373 2761 Cic.
393 2739 444 2765 pro
465 2733 522 2758 Mil.
542 2732 575 2764 3,
593 2732 619 2756 8.

778 129 899 164 PHlL.
933 127 1045 162 MEL.
1080 125 1281 162 SCRIPTA
1316 124 1652 161 PHILOLOGICA.

1235 212 1290 246 nis
1323 225 1442 247 rerum
1476 221 1510 248 et
1539 215 1751 252 verborum,
1790 223 1834 244 ne
1858 217 2030 255 tanquam
2054 216 2220 246 centones

1233 270 1382 297 consuat
1410 265 1562 299 aliorum
1588 264 1770 299 mutilatos
1794 274 1935 302 versus,
1979 263 2040 295 sed
2069 268 2109 295 ut
2139 274 2219 296 cum

1233 321 1373 348 nostras
1390 327 1444 350 res
1465 317 1633 357 dicimus,
1668 322 1786 348 tamen
1816 314 1864 346 ita
1889 313 2077 356 iungamus
2100 314 2221 355 verba,

1234 372 1273 399 ut
1305 366 1421 399 oratio
1455 368 1611 401 colorem
1648 366 1802 411 aliquem
1837 366 1942 398 ducat
1967 376 2008 397 ex
2040 364 2222 399 Ciceronis

1235 417 1418 457 oratione,
1463 424 1497 450 et
1536 418 1626 452 sicut
1668 417 1856 450 bellissime
1902 415 1952 448 ait
1993 415 2124 449 Seneca
2155 415 2220 462 δι);

1234 468 1365 502 Nostra
1399 468 1588 509 faciamus,
1629 475 1668 501 ut
1698 481 1810 501 unum
1840 468 2011 513 quiddam
2036 480 2078 500 ex
2100 467 2221 501 multis

1235 520 1295 551 fiat
1310 518 1379 564 62),
1405 519 1495 552 sicut
1510 532 1602 553 unns
1625 531 1796 552 numerus
1818 520 1857 552 sit
1883 531 1924 552 ex
1947 519 2113 562 singulis,
2140 531 2221 552 cum

1235 570 1394 603 minores
1424 583 1581 604 summas
1611 576 1646 603 et
1671 570 1878 604 dissidentes
1904 569 2124 614 computatio
2149 581 2221 603 una

1237 621 1422 665 coniungit
1444 621 1503 667 ⁶³).
1571 620 1801 655 Ostendimus
1833 627 1950 654 autem
1982 621 2019 653 in
2054 618 2221 654 Rhetori-

1237 673 1284 706 cis
1299 672 1346 719 G³)
1364 685 1426 706 seu
1448 679 1635 717 praecepta
1659 684 1720 705 seu
1745 672 1895 704 sormam
1919 673 2100 717 quandam
2125 672 2223 705 Cice-

1237 724 1410 757 ronianae
1429 723 1719 768 compositionis,
1747 734 1816 768 qua
1834 723 2080 756 animadversa
2098 729 2133 756 et
2149 735 2223 757 me·-

1237 776 1304 808 lius
1320 775 1516 819 intelligere
1534 781 1568 808 et
1584 774 1721 807 facilius
1745 774 1912 818 subsequi
1930 773 2137 806 Ciceronem
2159 786 2222 819 po-

1238 827 1404 866 terimus,
1432 833 1466 859 et
1484 826 1550 871 ipsi
1566 826 1676 870 magis
1693 823 1919 858 cohaerentia
1938 824 2142 859 scribemus.

1340 877 1502 910 Primum
1520 883 1749 921 praeceptum
1773 882 1840 909 est:
1869 875 1995 908 Danda
2024 882 2075 909 est
2100 887 2223 920 opera,

1239 934 1278 961 ut
1300 928 1345 962 sit
1368 928 1479 962 iustus
1501 929 1590 961 ordo
1613 928 1882 962 sententiarum.
1935 926 2032 960 Solet
2055 926 2149 960 enim
2168 926 2225 960 Ci-

1241 991 1321 1012 cero
1340 979 1376 1011 in
1394 979 1504 1012 initiis
1522 979 1677 1025 aliquam
1696 990 1829 1023 ponere
1852 978 2156 1023 propositionem,
2184 990 2226 1011 ex

1241 1043 1309 1075 qua
1337 1030 1434 1063 velut
1459 1031 1663 1064 exaedificat
1687 1030 1843 1075 aliquam
1877 1029 2051 1062 orationis
2073 1036 2224 1074 partem.

1239 1083 1290 1114 Ac
1308 1081 1547 1126 propositioni
1564 1082 1615 1114 illi
1632 1081 1759 1114 deiude
1770 1080 2112 1121 subiicitrationem,
2128 1087 2225 1125 post·

1241 1145 1281 1166 ea
1327 1133 1426 1165 addit
1465 1133 1772 1166 confirmationem
1804 1143 1867 1164 seu
1899 1131 2225 1175 amplificationem.

1241 1184 1423 1217 Interdum
1450 1185 1632 1217 adduntur
1658 1182 1923 1222 adversativae,
1951 1182 1981 1215 si
2008 1182 2057 1215 ita
2080 1195 2136 1216 res
2160 1195 2223 1228 po-

1241 1236 1359 1269 stulat.
1414 1235 1562 1268 Talibus
1585 1234 1754 1267 membris
1777 1234 1978 1266 contexitur
2003 1234 2140 1274 oratio,
2168 1246 2226 1268 ea-

1243 1299 1310 1332 que
1329 1286 1436 1319 series
1456 1286 1649 1330 plurimum
1668 1286 1804 1318 confert
1820 1285 1864 1317 ad
1880 1284 2087 1328 dignitatem
2107 1291 2226 1330 etspe-

1243 1338 1331 1370 ciem
1357 1337 1542 1370 orationis.
1604 1336 1802 1380 Diligenter
1827 1335 1921 1368 enim
1950 1336 2101 1369 absolvit
2126 1335 2226 1370 insti-

1242 1394 1336 1422 tutas
1354 1388 1564 1428 sententias,
1592 1400 1671 1420 cum
1690 1387 1734 1427 ii,
1760 1387 1819 1432 qui
1839 1387 1963 1419 dicunt
1987 1387 2225 1431 incomposita

1244 1446 1278 1472 et
1311 1439 1510 1483 promiscue
1534 1444 1760 1477 coacervata,
1796 1450 1899 1481 saepe
1919 1437 2125 1483 relinquant
2149 1451 2227 1472 mu-

1243 1490 1304 1522 tila
1332 1491 1503 1524 membra.
1556 1489 1727 1533 Exempla
1754 1488 1791 1521 in
1817 1495 1970 1534 utroque
1999 1500 2126 1533 genere
2148 1502 2228 1534 pas-

1243 1541 1309 1575 sim
1340 1542 1443 1574 obvia
1478 1547 1570 1575 sunt.
1629 1541 1752 1574 Cicero
1784 1552 1850 1585 pro
1874 1539 2023 1573 Rabirio
2044 1539 2090 1587 65)
2122 1540 2226 1574 initio

1244 1593 1432 1637 proponit:
1460 1592 1587 1625 Dicam
1605 1604 1760 1631 causam,
1779 1603 1889 1637 quare
1899 1591 2087 1625 Rabirium
2107 1593 2226 1626 desen-

1243 1645 1346 1685 (lam,
1381 1644 1465 1689 quia
1495 1656 1536 1677 ex
1557 1639 1691 1684 causa,
1727 1655 1818 1688 quae
1843 1641 1933 1676 mihi
1958 1644 2003 1676 ad
2032 1643 2223 1678 defenden-

1244 1696 1328 1728 dum
1348 1695 1538 1740 praecipua
1558 1702 1628 1736 est,
1656 1695 1760 1728 debet
1777 1695 1883 1727 etiam
1902 1696 1996 1739 apud
2012 1707 2075 1728 vos
2096 1696 2141 1728 ad
2164 1696 2226 1729 ab·

1243 1747 1452 1780 solvendum
1473 1747 1572 1780 illum
1589 1747 1706 1779 valere
1719 1745 1778 1791 66).
1830 1746 1942 1779 Addit
1957 1745 2228 1790 expositionem,

1244 1811 1420 1843 quaenam
1438 1798 1481 1831 sit
1497 1798 1556 1830 illa
1574 1810 1700 1838 causa,
1727 1797 1859 1831 scilicet
1892 1797 1973 1842 quia
2000 1797 2155 1842 pertinet
2183 1799 2228 1831 ad

1245 1850 1399 1882 officinm
1420 1849 1573 1882 consulis
1593 1856 1627 1882 et
1650 1850 1695 1881 ad
1719 1848 1975 1892 rempublicam
1998 1849 2139 1882 defendi
2154 1848 2228 1883 Ra-

1243 1901 1388 1934 birium.
1451 1900 1703 1934 Confirmatio:
1739 1899 1832 1944 Quia
1863 1899 1899 1931 in
1924 1898 2063 1931 Rabirii
2087 1912 2228 1935 accusa—

1245 1952 1342 1985 tione
1360 1951 1515 1985 violatur
1531 1951 1742 1995 respublica,
1762 1962 1852 1995 quae
1870 1950 1997 1994 probat
2014 1952 2155 1984 caedem
2168 1952 2230 1985 Sa-

1245 2003 1392 2037 turnini.
1447 2003 1655 2036 Conclusio:
1684 2002 1778 2045 Ergo
1797 2007 1848 2034 est
1868 2001 2021 2035 consulis
2038 2003 2228 2037 defendere

1245 2054 1444 2088 Rabirium.
1499 2053 1549 2087 Ita
1568 2060 1647 2098 apte
1673 2051 1865 2086 cohaerent
1890 2053 2048 2086 membra
2073 2054 2147 2088 eius
2170 2067 2228 2089 ex-

1246 2106 1359 2146 ordii,
1394 2118 1434 2138 ac
1459 2106 1531 2138 sere
1556 2116 1695 2149 semper
1717 2101 1783 2136 hac
1808 2104 1924 2136 forma
1951 2103 2074 2138 Cicero
2104 2106 2229 2142 utitur.

1279 2235 1328 2262 61)
1348 2234 1470 2257 Senecae
1489 2231 1568 2262 epist.
1587 2231 1629 2255 84.
1649 2230 1724 2254 circa
1742 2232 1810 2255 med.
1838 2231 1913 2263 (opp.
1939 2239 1962 2256 c.
1985 2235 2161 2259 commentar.
2180 2235 2228 2260 Li-

1314 2267 1382 2298 psii,
1410 2266 1559 2294 Gronovii,
1596 2265 1744 2289 Fromondi
1773 2268 1800 2290 et
1829 2266 1866 2291 al.
1893 2267 1967 2291 Tem.
1996 2268 2027 2292 11.
2053 2269 2209 2297 [Amstelod

1315 2301 1434 2326 Eisevir.
1457 2300 1530 2324 1672.
1549 2300 1590 2329 8.]
1611 2307 1636 2330 p.
1653 2300 1741 2327 awa.
2212 2288 2228 2301 ”’

1280 2354 1329 2381 62)
1351 2359 1383 2376 ex
1403 2351 1496 2375 multis
1516 2351 1578 2379 fiat]
1599 2351 1640 2373 sic
1660 2351 1708 2374 Ed.
1732 2351 1827 2382 ¹57o.;
1846 2351 1873 2375 iu
1894 2353 2014 2377 Senecae
2033 2359 2094 2384 opp.
2113 2355 2132 2380 1.
2151 2355 2170 2380 1.
2187 2356 2230 2380 le-

1317 2387 1406 2418 gitur:
1433 2386 1479 2408 fiat
1499 2391 1532 2408 cx
1552 2385 1652 2409 multis.

1280 2437 1329 2465 63)
1349 2435 1503 2466 coniungit]
1529 2434 1570 2458 sic
1595 2434 1645 2459 Ed.
1673 2434 1768 2466 1570.;
1796 2436 1918 2460 senecae
1942 2442 2002 2467 opp.
2027 2439 2045 2463 1.
2073 2439 2092 2463 Ι.
2116 2440 2229 2466 hahent:

1316 2469 1532 2500 comprehendit.

1281 2523 1330 2551 64)
1349 2521 1428 2545 Conf.
1456 2520 1519 2546 Met.
1547 2520 1683 2543 Element.
1708 2520 1819 2544 nlnetor.
1844 2520 1966 2553 lih.'11„
1997 2522 2023 2547 in
2047 2524 2126 2548 huius
2146 2526 2229 2559 corp,

1317 2556 1438 2580 Reform.
1457 2554 1521 2578 voi.
1542 2554 1614 2578 thl.
1634 2561 1659 2585 p.
1681 2554 1733 2578 494
1754 2561 1813 2585 sqq.

1281 2606 1411 2665 ffignfiig'
1442 2611 1491 2636 pro
1525 2605 1556 2630 C.
1592 2604 1703 2630 Rabirio
1734 2605 1930 2635 perduellionis
1961 2613 2010 2632 reo
2039 2609 2073 2633 ad
2107 2611 2228 2640 Quirites

1380 2647 1386 2663 ι
1406 2658 1414 2665 .

1281 2693 1329 2721 66)
1349 2691 1443 2731 ηἰοᾶιη
1462 2696 1574 2715 causam
1591 2703 1626 2708 —
1648 2691 1768 2720 valere]
1792 2691 1857 2714 haec
1873 2696 1928 2715 non
1953 2693 2018 2716 sunt
2042 2692 2128 2724 ipsius
2145 2696 2229 2723 effoe-

1315 2732 1391 2751 roms
1410 2726 1512 2757 verba,
1532 2725 1581 2749 sed
1600 2730 1696 2749 eorum
1714 2724 1901 2755 paraphrasis.

2157 123 2232 162 672
