2294 2975
117 142 183 176 111
687 135 809 170 PHIL.
844 132 956 168 MEL.
989 129 1193 167 SCRIPTA
1225 128 1563 168 PHILOLOGICA.
2076 131 2150 169 112

113 233 193 258 turo
218 222 411 268 triumpho.
479 224 666 256 Postremo
690 222 830 255 additae
855 225 937 252 sunt
962 218 1101 263 petitio-

113 289 173 309 nes
191 284 278 313 tres,
306 281 343 308 ut
361 287 464 319 saepe
480 275 632 311 scribat,
661 279 698 306 ut
719 273 835 305 mittat
859 271 968 303 libros
993 281 1101 313 augu-

113 328 202 359 rales
215 354 222 365 ,
249 327 329 358 item
348 333 387 359 ut
403 326 552 369 diligens
568 325 609 358 sit
629 325 663 356 in
681 322 900 355 decernenda
927 321 1102 366 supplica-

113 379 220 410 tione.
273 376 311 409 lu
330 378 397 410 fine
423 383 471 410 est
493 375 608 409 breuis
630 374 825 413 excusatio,
855 385 966 418 quare
989 372 1101 406 scrius

112 429 236 463 missae
253 427 392 471 sint¹⁰⁰)
412 428 549 460 litterae
567 427 608 458 ad
628 431 802 458 senatum.

339 520 470 553 Aliud
509 524 814 561 argumentum
830 517 873 563 ¹).

215 589 275 621 Est
310 588 407 619 varia
439 587 606 631 epistola,
644 586 679 619 in
705 599 773 632 qua
800 586 955 631 primum
980 585 1102 618 laudat

111 641 264 684 Appium
279 666 286 677 ,
316 639 410 683 quod
428 638 471 671 sit
491 639 601 671 sactus
618 638 760 678 mitior,
790 644 896 683 atque
915 637 947 670 ei
970 635 1101 680 gratias

111 692 180 734 agit
199 702 262 734 pro
281 689 408 722 officio.
444 688 582 722 Deinde
600 689 799 733 gratulatur
819 689 848 722 ci
867 685 1101 732 triumphum,

111 748 141 774 et
172 747 269 779 orat,
307 747 345 773 ut
380 741 421 772 de
449 753 490 773 eo
519 753 624 786 quam
654 740 808 785 primum
835 741 878 773 ad
901 752 936 773 se
959 738 1101 773 scribat.

109 792 232 825 Tertio
254 791 360 835 petit,
390 798 426 824 ut
452 792 611 825 absolvat
635 792 765 824 librum
792 793 833 825 de
855 796 1031 836 auguratu
1050 790 1102 822 in-

109 844 290 881 stitutum,
333 855 437 888 quem
464 842 628 876 Ciceroni
652 843 887 876 dedicaverat.
964 841 1100 874 Ultimo

109 894 196 939 petit
214 895 256 927 de
274 894 592 938 supplicationibus
609 906 673 939 pro
693 895 797 927 rebus
821 895 910 927 bene
936 892 1039 937 gestis
1065 893 1101 925 in

110 945 306 990 proxincia.
362 945 512 979 Orditur
530 958 547 978 a
569 946 880 979 commendatione
896 944 1016 989 Appii.

158 1055 485 1100 Argumentum
521 1062 563 1088 et
597 1052 773 1089 scholia
810 1055 852 1087 in
885 1054 1051 1099 episto-

528 1107 612 1138 lam
641 1106 682 1140 X.

211 1183 323 1222 Haec,
365 1194 455 1227 quae
485 1182 664 1227 sequitur,
705 1188 755 1216 est
776 1181 888 1224 magis
911 1178 1101 1220 rhetorica,

110 1240 229 1279 estque
252 1234 286 1266 in
303 1246 343 1266 ea
366 1233 471 1265 etiam
496 1233 707 1277 compositio
734 1232 945 1266 accuratior.
998 1232 1102 1265 Prin-

110 1285 202 1329 cipio
229 1291 279 1318 cst
305 1285 447 1330 querela
474 1291 507 1317 et
531 1284 739 1317 consolatio.
806 1283 977 1328 Queritur
1006 1283 1099 1316 enim

110 1336 185 1369 fieri
210 1336 378 1369 iniuriam
398 1336 515 1380 Appio
542 1348 559 1367 a
578 1335 774 1368 Dolabella.
828 1335 955 1368 Postea
977 1346 1101 1368 conso-

110 1388 203 1420 latur
221 1400 320 1426 euni,
350 1393 385 1419 ut
406 1399 519 1432 aequo
537 1387 657 1419 animo
676 1387 711 1419 id
729 1387 840 1426 serat,
876 1392 910 1419 et
933 1386 1101 1420 admiscet

108 1440 187 1471 brt-x
199 1451 253 1470 em
291 1438 467 1470 rationem
508 1444 686 1483 sumptam
724 1450 765 1471 ex
797 1438 874 1470 loco
907 1437 1101 1470 communi.

110 1490 271 1523 Secundo
291 1489 402 1521 desert
420 1502 521 1522 sumu
551 1489 717 1522 officium.
770 1488 893 1521 Tertio
920 1489 962 1521 de
978 1488 1102 1521 Ponti-

110 1541 183 1574 nio.
226 1541 364 1585 Quarto
385 1541 427 1573 de
447 1546 606 1585 tempore
623 1539 953 1573 administrationis.
989 1540 1102 1584 Quin—

110 1599 147 1626 to
174 1592 372 1634 gratulatur
396 1591 426 1623 ei
452 1591 581 1625 civium
605 1592 740 1631 studia,
777 1597 810 1623 et
835 1591 933 1623 addit
954 1591 1102 1624 transla-

110 1643 256 1676 tionem.
327 1642 419 1675 Dicit
458 1656 492 1675 se
534 1643 748 1687 reipublicae
785 1654 887 1675 causa
919 1642 1102 1686 gratulari.

110 1694 215 1728 Sexto
232 1693 409 1738 vituperat
428 1693 661 1727 Dolabellam.
716 1693 874 1738 Septimo
899 1700 949 1727 est
973 1705 1103 1738 purga·

110 1746 160 1778 tio
185 1751 325 1789 sumpta
351 1758 390 1778 ex
414 1745 580 1779 suasoriis
605 1745 708 1785 locis,
751 1744 946 1779 honestatis
973 1745 1103 1779 scilicet

111 1803 145 1829 et
162 1796 341 1835 utilitatis,
371 1802 491 1841 estque
508 1797 608 1829 valde
626 1794 802 1829 rhetorica
813 1796 855 1841 2).

215 1846 244 1891 ξ.
264 1849 295 1881 1.
323 1850 397 1881 Etsi
421 1845 640 1895 9raviter³)]
669 1848 834 1892 Querela.
917 1850 1042 1881 Tamen
1068 1853 1103 1882 ut

112 1912 162 1933 me
185 1896 366 1945 colleyi²)]
403 1898 609 1933 Consolatio
636 1912 676 1932 ex
699 1899 805 1932 facili.
892 1900 982 1932 Illud
1003 1900 1103 1942 plane

111 1947 264 1996 moleste]
301 1950 381 1982 Alia
408 1951 563 1996 querela.
644 1947 904 1997 Q110d1u32'5)]
933 1950 1103 1983 Consola-

112 2007 169 2034 tur
188 2013 228 2034 ex
242 1998 405 2035 honesto,
481 2004 534 2036 De
549 2014 599 2035 me
613 2003 675 2035 tihi
690 1999 758 2049 sic]
787 2002 967 2035 Secundus
987 2002 1101 2035 locus:

112 2051 325 2085 Consolatur
342 2065 359 2085 a
377 2053 448 2086 suis
466 2053 588 2086 officiis
600 2079 609 2092 ‚
636 2053 767 2086 auxilio
779 2080 787 2093 ‚
816 2059 879 2087 etc.

213 2102 242 2147 ἓ.
267 2106 302 2138 2.
345 2106 383 2146 Q.
409 2105 579 2139 Servilius
594 2102 652 2151 6)]
690 2105 743 2137 Ad
774 2104 878 2137 aliam
913 2105 1100 2149 epistolam

110 2154 226 2187 brevis
242 2155 428 2199 responsio
440 2182 450 2195 ,
475 2156 517 2188 de
536 2155 664 2188 officio.

150 2292 210 2318 100)
231 2292 299 2320 sint]
325 2292 364 2315 sic
388 2293 463 2315 recte
487 2291 536 2314 Ed.
558 2290 650 2320 15727.
687 2290 770 2315 Editt.
792 2290 883 2321 1556.,
910 2291 1000 2323 1565„
1029 2292 1102 2316 ¹569.

180 2329 252 2348 suut.

149 2377 177 2404 1)
198 2377 253 2399 Hoc
273 2378 460 2408 argumentum
480 2377 505 2400 in
525 2377 608 2400 Editt.
630 2376 820 2400 1565—1596.
840 2376 989 2401 invenitur.

146 2427 177 2453 2)
198 2427 255 2450 noe
267 2430 454 2457 argumentum
476 2429 575 2452 habeut
588 2428 672 2451 Editt.
684 2427 750 2451 ¹5³7
760 2439 790 2445 —
803 2428 887 2458 155⁴„
911 2428 994 2459 1557„
1018 2429 1102 2459 1560„

184 2461 288 2484 1565—
301 2462 390 2491 1536,
415 2462 488 2486 1601.

147 2511 179 2539 3)
199 2512 251 2535 Pro
271 2512 312 2534 his
328 2512 382 2536 Cic.
397 2513 490 2536 verbis
510 2513 730 2545 inEditt.1545.‚
751 2514 824 2537 1560.
842 2513 903 2537 huic
920 2515 1000 2537 notae
1019 2520 1102 2544 prae-

182 2546 236 2569 fixa
253 2548 316 2568 suut
336 2547 434 2569 verba:
463 2549 553 2577 Quum
573 2549 610 2572 ad
629 2556 690 2573 uos.

147 2596 341 2662 ”flu-iisdem
360 2597 375 2620 2
395 2597 478 2621 Editt.
498 2598 556 2622 huic
576 2595 658 2623 uotae
676 2600 802 2629 apposita
820 2600 883 2623 sunt
901 2600 1000 2623 verba:
1025 2599 1102 2624 ΜίΙιὶ

195 2637 251 2654 acu!
269 2638 335 2655 ιηια.

147 2683 177 2710 5)
198 2682 314 2706 Eaedem
333 2682 350 2706 2
368 2682 450 2706 Editt.
469 2682 494 2706 h.
513 2683 530 2706 1.
550 2684 648 2706 habent
667 2685 766 2708 verba:
791 2685 895 2709 Facies
913 2686 1071 2717 sapienter.

143 2734 175 2760 6)
193 2733 310 2757 Eaedem
329 2733 442 2762 2>Editt>
463 2733 486 2756 h.
503 2733 520 2758 1.
541 2734 652 2758 habent:
681 2735 834 2761 Perbreces
852 2743 871 2760 a
889 2737 925 2761 te.

1260 214 1290 261 ᾗ.
1310 217 1344 251 3.
1380 217 1621 264 Ροητίηἰαεῖ),
1655 215 1732 265 qui]
1761 216 1906 251 Tertius
1930 217 2043 251 locus:
2077 217 2148 251 Re-

1153 267 1267 315 ditm)
1285 270 1328 301 ad
1344 269 1472 302 auxilia
1482 268 1526 315 ⁸).
1601 270 1692 303 Illud
1704 266 1837 316 pugna]
1861 268 2019 314 Quartus
2036 268 2148 310 locus,

1154 320 1196 353 de
1213 326 1372 364 tempore
1391 320 1710 353 administrationis
1721 320 1764 365 ⁹).

1257 370 1287 414 ξ.
1315 370 1349 405 4.
1386 373 1477 413 Quae
1501 374 1541 406 de
1562 373 1734 406 homirnam
1746 368 1815 418 ¹⁰)]
1852 370 2008 416 Quintus
2031 371 2146 405 locus:

1154 422 1345 465 gratulatio
1371 423 1553 466 pertinens
1579 424 1623 455 ad
1650 422 1944 456 consolationem.
2029 424 2147 468 Itaque

1153 471 1331 520 capi⁰¹')]
1360 472 1467 506 Ratio
1491 474 1756 517 gratulationis:
1792 474 1929 518 gaudeo
1955 475 2052 519 quod
2075 474 2148 508 sint

1156 524 1285 570 aliqui,
1314 524 1375 568 qui
1392 525 1495 558 bonis
1512 525 1559 558 cix
1571 525 1646 558 ibus
1663 526 1751 558 bene
1771 525 1906 558 volunt.

1257 573 1287 618 ᾗ.
1313 573 1347 609 5.
1389 577 1479 610 Illud
1499 588 1576 610 vero
1602 575 1704 624 mihi]
1745 576 1869 610 Sextus
1888 576 2001 609 locus:
2047 575 2146 610 aliud

1155 626 1336 670 negotium
1355 627 1397 659 de
1409 626 1654 673 Dolabellam).
1710 630 1823 674 Neque
1838 629 1929 661 enim
1943 629 1984 661 de
1999 639 2070 662 meo
2078 625 2145 675 1³)]

1155 678 1360 722 Principale
1379 679 1574 722 negotium.

1260 729 1290 773 ᾗ.
1308 729 1342 762 6.
1370 731 1439 763 Sed
1454 735 1566 764 famen
1580 727 1813 776 siynz'ficatur]
1836 729 2014 773 Septimus
2031 729 2145 763 locus:

1155 781 1320 824 purgatio
1339 780 1383 827 ¹⁴¹)
1409 793 1450 814 ex
1472 780 1698 824 impulsione.
1805 782 1868 814 Ubi
1892 782 1983 814 enim
2007 778 2146 827 39015)]

1155 830 1334 865 lufitiatio.
1414 833 1508 872 Quod
1528 834 1559 865 si
1579 829 1703 878 essem]
1731 830 1837 863 Ratio
1862 843 1902 864 ex
1922 831 2011 866 utili.
2090 833 2148 866 Ad

1154 895 1205 917 me
1230 880 1346 930 adire]
1382 882 1489 915 Redit
1522 883 1565 915 ad
1599 882 1865 915 infitiationem:
1915 881 2146 928 Quamquam

1154 934 1251 967 volui
1269 934 1447 967 moderari
1465 940 1644 978 sumptus,
1672 940 1791 966 tamen
1806 945 1880 966 non
1896 932 1973 967 feci.

1258 983 1289 1029 ἓ.
1306 985 1340 1019 7.
1368 987 1536 1026 Quererer
1559 982 1749 1031 tecum¹⁶)]
1776 984 1911 1017 Probat
1927 996 1963 1017 se
1979 995 2054 1017 non
2071 995 2145 1017 esse

1154 1036 1310 1069 fucatum
1338 1036 1503 1069 amicum.
1581 1038 1700 1082 ltaque
1723 1037 1811 1069 nihil
1827 1038 1868 1069 de
1891 1033 2005 1082 te¹⁷)]
2031 1035 2146 1068 Gene-

1154 1087 1238 1120 ralis
1254 1088 1438 1131 purgati0‚
1467 1094 1501 1120 et
1517 1086 1673 1130 primum
1691 1093 1941 1130 argumentum
1967 1093 2018 1120 est
2043 1098 2062 1119 a
2083 1098 2147 1120 sua

1154 1150 1319 1182 persona.

1259 1188 1288 1234 ἓ.
1305 1190 1339 1223 8.
1368 1189 1456 1229 Quid
1479 1194 1554 1222 erat
1575 1186 1768 1235 autem¹⁸)]
1797 1188 1829 1220 A
1853 1187 1989 1221 meritis
2012 1194 2046 1221 et
2066 1199 2146 1232 per-

1154 1253 1240 1275 sona
1272 1240 1392 1285 Appii.
1485 1241 1593 1280 Quum
1623 1252 1699 1274 vero
1728 1242 1873 1274 reditum
1905 1237 2076 1287 nostrum]
2114 1238 2148 1272 A

1155 1291 1334 1336 prioribus
1361 1290 1495 1324 officijs.

1259 1341 1288 1386 ξ.
1305 1342 1339 1377 9.
1377 1344 1470 1384 Quod
1492 1343 1525 1375 si
1549 1343 1584 1374 id
1604 1339 1734 1388 est'⁹)]
1769 1341 1823 1374 Ex
1844 1341 2060 1386 impulsione
2083 1353 2147 1375 seu

1154 1394 1317 1428 utilitate.
1398 1390 1510 1434 Quid?
1537 1393 1597 1426 illa
1615 1394 1745 1427 vincula
1755 1391 1829 1440 ²⁰)]
1857 1393 1889 1425 A
1913 1392 2147 1427 similitudine

1154 1446 1367 1479 studiorum.

1259 1495 1288 1540 ἓ.
1317 1497 1374 1530 10.
1417 1496 1508 1536 Quae
1531 1500 1565 1528 ut
1585 1492 1754 1541 omittam]
1794 1494 1850 1527 Ab
1879 1495 2000 1529 amicis
2019 1495 2146 1540 Appii:

1155 1547 1329 1592 Pompeio
1347 1560 1425 1581 sum
1444 1546 1596 1585 amicus,
1623 1558 1706 1589 ergo
1724 1553 1754 1578 et
1775 1545 1850 1580 tibi.

1259 1598 1289 1643 ἓ.
1308 1599 1364 1633 11.
1393 1599 1462 1632 Sed
1475 1598 1556 1631 haec
1571 1595 1749 1644 hactenus]
1778 1597 1970 1632 Praecisio.

1191 1722 1220 1753 ⁷)
1244 1724 1412 1752 Pauca-nius]
1437 1723 1477 1747 sic
1498 1723 1579 1747 Editt.
1601 1725 1692 1751 ¹53⁷..
1712 1724 1805 1751 ¹540..
1826 1724 1918 1754 1546.;
1953 1723 2038 1748 Euat.
2055 1708 2148 1755 1544„

1227 1759 1317 1788 1545„
1344 1759 1435 1790 1554„
1463 1758 1553 1790 1557„
1582 1759 1673 1789 1560.‚
1701 1759 1774 1782 1601.
1794 1759 1953 1789 Paulinum
1989 1758 2040 1784 Ed.
2059 1758 2147 1784 orell.

1226 1793 1402 1823 Pomptinus.

1192 1836 1243 1863 7³)
1263 1836 1359 1864 Redit]
1379 1836 1418 1859 sic
1437 1836 1485 1861 Ed.
1508 1836 1598 1865 15³7.3
1634 1836 1716 1859 Editt.
1733 1835 1823 1865 1540„
1846 1835 1936 1865 1544„
1958 1835 2051 1867 ¹554„
2071 1836 2146 1861 ¹557.

1225 1871 1305 1893 Redit
1324 1872 1424 1894 autem.

1189 1915 1219 1942 8)
1240 1914 1313 1936 Haec
1326 1915 1391 1937 uota
1410 1913 1437 1936 in
1454 1913 1537 1936 Editt.
1553 1912 1639 1941 ¹545.,
1661 1913 1734 1936 1560.
1753 1913 1886 1936 disiuncta
1902 1914 1945 1936 est
1959 1913 1984 1936 in
1999 1913 2049 1937 has
2063 1913 2147 1938 duas:

1225 1948 1480 2006 έςῗηὲἑιιὲιιιὲἷηιέαἰ]
1501 1947 1608 1970 Tertius
1626 1947 1710 1971 locus.
1752 1948 1829 1972 Vidit
1847 1949 1901 1972 tua
1919 1948 2074 1977 interesse]
2086 1948 2143 1972 Re-

1189 2026 1220 2054 9)
1240 2026 1273 2048 de
1293 2026 1413 2055 tempore
1432 2025 1692 2053 administrationis]
1712 2025 1751 2048 sic
1770 2026 1846 2048 recte
1858 2025 1941 2050 Editt.
1957 2025 2043 2056 1537„
2059 2026 2145 2057 1545„

1227 2061 1318 2088 1560.;
1344 2060 1425 2084 Editt.
1448 2060 1534 2089 1540..
1555 2060 1647 2090 1544„
1669 2060 1760 2088 1554.‚
1783 2059 1855 2083 1557.
1874 2060 1907 2084 de
1925 2061 2077 2090 temporum
2094 2060 2146 2084 ad-

1225 2094 1437 2119 ministratione.

1192 2139 1239 2166 10)
1259 2137 1376 2161 Eaedem
1397 2137 1413 2160 2
1428 2137 1511 2160 Editt.
1531 2143 1580 2166 pro
1599 2137 1641 2160 his
1661 2136 1685 2159 lt.
1701 2136 1717 2160 Ι.
1738 2136 1837 2160 habent
1850 2137 1952 2161 verba:
1973 2137 2076 2168 ltaque
2093 2143 2146 2162 ca-

1224 2173 1272 2203 pio
1292 2178 1422 2201 maganum
1440 2173 1626 2203 voluptatem.

1192 2215 1238 2242 ιι)
1258 2214 1375 2237 Eaedem
1393 2214 1410 2237 2
1432 2203 1584 2243 Editt.‘pro
1603 2213 1645 2236 ms
1665 2213 1689 2236 ιι.
1709 2212 1726 2235 ι.
1746 2213 1858 2236 nabent:
1887 2213 1932 2237 Ea
1950 2205 2051 2237 tribui.

1192 2257 1236 2288 ¹2)
1256 2257 1372 2280 Eaedem
1391 2257 1407 2280 2
1421 2257 1501 2280 Editt.
1523 2262 1572 2286 pro
1594 2257 1642 2279 hac
1661 2258 1727 2280 nota
1745 2257 1843 2279 hahent
1861 2256 1911 2279 has
1925 2256 2008 2279 duas:
2029 2257 2146 2282 Stultus

1228 2293 1255 2316 et
1272 2292 1409 2322 puerilis]
1428 2292 1527 2315 sextus
1549 2291 1634 2316 locus.
1689 2292 1751 2322 Ego
1765 2291 1861 2315 aulem
1877 2290 1980 2319 citius]
1999 2290 2079 2314 Aliud
2092 2297 2144 2315 ne-

1225 2327 1326 2356 gotium
1346 2326 1378 2349 de
1398 2326 1551 2349 Dolabella.

1192 2369 1236 2396 13)
1258 2368 1374 2392 Eaedem
1393 2369 1409 2392 2
1428 2368 1527 2392 Euat:
1553 2369 1633 2398 Erqa
1651 2369 1679 2392 te
1697 2369 1804 2392 studio.

1192 2412 1238 2435 14)
1261 2411 1351 2434 locus:
1371 2411 1511 2441 purgatio]
1532 2410 1615 2435 Editt.
1638 2409 1729 2441 1545.‚
1751 2410 1826 2436 1560.
1847 2410 1923 2434 locus
1942 2410 2021 2434 habet
2039 2416 2143 2441 pnrga-

1225 2446 1333 2469 tionem.

1192 2489 1239 2515 15)
1261 2489 1377 2513 Eaedem
1403 2489 1419 2513 2
1439 2488 1522 2512 Editt.
1548 2494 1598 2518 pro
1623 2487 1665 2511 his
1689 2488 1714 2511 h.
1734 2488 1751 2512 1.
1777 2488 1890 2511 habent:
1926 2487 1998 2512 Fuit
2022 2488 2144 2519 impedi-

1224 2525 1329 2547 mento.

1193 2566 1238 2593 16)
1260 2566 1375 2589 Eaedem
1392 2565 1409 2589 2
1430 2565 1529 2590 Editt.:
1555 2565 1639 2595 Quod
1656 2565 1824 2589 credideris.

1192 2608 1238 2635 17)
1258 2609 1376 2632 Eaedem
1394 2609 1411 2632 2
1431 2609 1529 2631 Edita:
1559 2607 1636 2631 Num
1653 2609 1679 2631 si
1698 2615 1741 2632 me
1759 2608 1863 2632 virum.

1191 2651 1236 2679 18)
1256 2652 1373 2675 Eaedem
1392 2652 1408 2676 2
1427 2652 1525 2674 fidite:
1552 2651 1629 2680 Quid
1645 2652 1743 2675 autem
1761 2652 1835 2675 erat.

1190 2694 1236 2721 ¹9)
1254 2695 1371 2718 Eaedem
1390 2695 1406 2718 2
1424 2694 1522 2718 Editt.:
1548 2694 1591 2718 Ad
1608 2700 1692 2718 suam
1711 2694 1878 2718 utilitatem.

1188 2736 1235 2766 2⁰)
1255 2737 1372 2762 Eaedem
1389 2737 1406 2762 2
1423 2737 1525 2762 leuitt:
1551 2738 1730 2763 studiorum.
