2351 2990
97 113 168 148 461

99 198 196 243 quod
212 195 348 241 alioqui
366 205 526 239 pressum
545 198 597 226 est
613 193 733 226 multis
751 193 918 228 oneribus
944 202 977 228 et
1000 208 1093 229 sum-

98 249 164 282 mis
196 246 462 282 difficultatibus
493 244 671 277 affectum.
739 244 893 279 Orditur
923 253 1042 280 autem
1073 259 1091 279 a

98 299 307 332 narratione
324 298 366 330 de
390 308 452 330 sua
474 307 556 339 erga
574 294 758 329 Atellanos
782 297 966 330 voluntate
990 305 1025 331 et
1049 298 1091 331 de

100 363 202 384 causa
221 346 561 387 commendationis,
588 346 708 379 addita
731 348 965 392 occupatione
984 356 1017 381 et
1035 361 1091 382 ar-

98 408 266 446 gumento
288 405 464 432 extremae
480 397 708 431 necessitatis.
762 398 931 444 Sequitur
953 400 1090 444 petitio,

99 466 189 498 quae
208 450 315 485 habet
332 449 464 483 inclusa
483 455 692 493 argumenta
711 450 754 482 ab
773 451 955 495 exemplo,
991 465 1008 484 a
1028 464 1088 495 spe

98 511 241 537 mutuae
261 501 459 541 amicitiae,
487 507 559 533 eta
584 500 704 533 debito
726 513 788 534 seu
814 502 942 537 officio.
997 502 1089 535 Con-

98 555 206 588 clusio
222 558 359 587 constat
375 552 586 596 repetitione
605 551 801 596 petitionis.

339 627 476 661 Aliud
510 633 840 671 argumentum.

194 695 362 731 Narratio
397 700 468 735 est,
510 694 547 727 111
570 706 640 740 qua
668 702 943 734 commemorat,
980 706 1086 739 quem

98 755 179 781 ante
201 748 391 782 discessum
417 745 528 789 egerit
551 758 631 779 cum
658 746 784 780 Cluvio
808 748 850 779 de
881 758 965 790 agro
992 745 1086 778 Atel-

96 801 198 839 lano,
240 799 301 844 qui
325 797 503 841 vectigalis
527 803 621 835 erat;
665 798 770 838 item,
805 810 874 842 qua
902 796 1085 830 occasione

95 845 213 884 motus
230 862 324 883 nunc
340 849 469 882 iterum
487 850 529 881 de
549 848 671 880 eadem
699 860 801 882 causa
822 849 963 881 scribat.
1014 848 1085 879 Ad<

96 903 192 935 ditur
217 900 402 944 occupatio
431 900 474 932 de
502 899 616 931 officio
634 898 761 932 Cluvii.
814 899 981 943 Sequitur
998 898 1085 942 peti-

97 954 146 986 tio
159 980 168 993 ‚
202 959 241 985 ut
264 957 418 984 reservet
434 962 507 982 rem
525 949 773 982 Atellanorum
791 950 964 993 integram
979 976 987 989 ,
1022 962 1085 981 nec

96 1005 211 1047 exigat
231 1004 274 1035 al)
301 1002 349 1035 eis
371 1000 574 1044 vectigalia,
610 1001 722 1033 donec
745 1001 818 1044 ipse
837 1001 965 1034 Caesar
990 1013 1084 1033 novo

96 1056 266 1088 mandato
284 1052 444 1091 iusserit,
472 1064 490 1083 a
509 1064 579 1096 quo
597 1064 671 1083 non
695 1052 834 1085 dubitat
857 1064 892 1085 se
917 1052 1086 1096 impetra-

96 1113 215 1139 turum
234 1105 270 1136 in
295 1103 415 1142 brevi,
449 1108 488 1135 ut
512 1103 761 1135 condonentur
788 1103 973 1146 vectigalia
990 1103 1085 1136 Atel-

92 1157 195 1190 lanis.
247 1154 402 1188 Additur
427 1159 678 1197 argumentum
700 1154 744 1186 ab
769 1154 952 1198 exemplo,
988 1155 1084 1198 quod

94 1215 199 1242 antea
221 1203 438 1249 Rliegienses
460 1204 656 1248 municipes
680 1204 774 1237 idem
802 1204 1084 1249 impetraverint.

93 1259 232 1293 Deinde
254 1256 395 1290 subiicit
423 1255 620 1295 rationem,
664 1268 774 1301 quare
801 1262 872 1288 tam
899 1256 1085 1299 diligenter

95 1311 214 1355 cupiat
231 1307 497 1341 commendatos
513 1306 706 1341 Atellanos.
763 1307 951 1340 Conclusio
973 1307 1085 1339 conti-

94 1368 156 1396 net
171 1359 419 1405 repetitionem
441 1357 634 1402 petitionis.

312 1434 450 1469 Aliud
480 1440 791 1477 argumentum
808 1434 868 1480 ¹¹⁹).

196 1503 348 1546 Elegans
364 1500 510 1545 petitio,
539 1513 583 1533 ne
609 1513 693 1544 ager
718 1502 897 1546 vectigalis
913 1501 1085 1535 Atellanis

97 1554 280 1599 eripiatur.
338 1552 453 1584 Habet
471 1551 573 1584 initio
593 1553 857 1586 narrationem:
892 1553 959 1597 Egi
981 1559 1083 1585 antea

96 1609 139 1640 de
158 1605 224 1638 hoc
240 1603 383 1647 negotio
403 1609 535 1641 tecu1n3
562 1604 623 1636 sed
645 1616 740 1636 nunc
763 1617 906 1650 quoque
930 1604 1084 1637 scriben—

95 1660 180 1692 dum
199 1655 293 1689 duxi.
339 1654 449 1686 Addit
466 1654 755 1697 occupationem:
783 1655 859 1689 Etsi
874 1656 945 1689 scio
964 1662 996 1688 te
1011 1668 1084 1688 non

95 1719 198 1754 posse
215 1712 353 1740 tantum
370 1705 504 1744 facere,
529 1711 702 1748 quantum
728 1706 832 1746 velis,
866 1713 988 1739 tamen
1010 1719 1083 1739 non

93 1761 173 1806 plus
190 1764 292 1802 peto,
318 1767 426 1801 quain
451 1755 574 1799 possis.
634 1756 838 1800 Amplificat
862 1764 981 1791 autem
1006 1770 1083 1790 eam

96 1825 114 1845 a
132 1809 351 1844 necessitate.
403 1806 530 1840 Postea
559 1807 720 1851 exponit:
756 1809 827 1841 Aut
850 1821 973 1852 parcas
998 1821 1083 1852 agro

93 1861 363 1899 Atelhmorum,
406 1865 467 1892 aut
488 1869 604 1892 serves
630 1870 706 1891 rem
730 1857 904 1903 integram
931 1859 1083 1892 Caesari.

93 1914 217 1948 Prima
242 1911 336 1944 ratio
359 1911 402 1942 ab
425 1910 585 1953 exemplo
609 1916 749 1954 sumpta
773 1917 844 1950 est,
882 1912 1036 1943 secunda
1064 1923 1082 1942 a

94 1977 158 2000 suo
177 1963 305 1997 officio.
356 1960 395 1994 111
413 1961 481 1994 fine
497 1961 626 2005 repetit
642 1961 945 2006 propositionem,
973 1968 1007 1995 et
1024 1962 1084 1995 ad-

93 2017 146 2051 dit
166 2014 372 2049 clausulam.

259 2103 442 2139 Scholia
479 2105 523 2137 in
551 2104 800 2148 epistolam
827 2103 917 2138 VIII.

197 2174 228 2220 §-
248 2177 280 2208 1.
309 2176 416 2215 Quum
434 2179 466 2208 et
481 2171 584 2220 mihi]
613 2172 811 2206 Exordium
829 2185 849 2206 a
868 2173 944 2207 iure
964 2173 1085 2206 amici-

95 2228 232 2272 tiae50).
311 2227 350 2258 P.
368 2227 518 2258 Sestium
529 2222 602 2271 51)]
631 2224 814 2258 Narratio.

198 2278 228 2322 {-
256 2279 291 2312 2.
326 2277 394 2310 Sed
415 2272 547 2322 tamen]
583 2275 798 2320 Occupatio:
833 2274 916 2309 Non
939 2276 1085 2319 prodest

94 2331 264 2367 dividere.

196 2380 226 2424 ᾗ.
244 2379 278 2412 3.
306 2379 373 2420 Eyo
388 2381 421 2410 tc
432 2377 532 2419 plane
541 2373 615 2423 5“')]
643 2376 848 2421 Propositio
868 2388 928 2410 seu
947 2376 1083 2420 petitio.

128 2482 177 2510 49)
196 2480 254 2504 Hoc
272 2477 462 2507 argumentum
479 2476 578 2500 habent
593 2477 677 2500 Editt.
693 2477 884 2501 1565-1596.

127 2523 272 2581 ὅοέεξιῗιῖο
291 2521 357 2544 nota
375 2520 402 2542 et
420 2519 437 2543 3
456 2519 604 2549 sequentes
627 2519 655 2543 in
673 2519 758 2545 Editt.
779 2520 871 2551 1544„
893 2519 987 2551 1554„
1009 2519 1082 2545 1557.

126 2601 175 2628 51]
194 2600 247 2623 Pro
266 2597 308 2621 his
323 2596 378 2621 Cic.
400 2595 493 2619 verbis
512 2595 539 2619 in
553 2595 636 2620 Editt.
654 2595 740 2626 1545„
759 2597 835 2621 ¹560.
854 2596 916 2621 huic
933 2597 1014 2621 notae
1032 2596 1083 2620 ad-

163 2634 266 2663 scripta
284 2633 348 2655 suut
366 2630 525 2660 sequentia:
549 2630 579 2654 Is
597 2636 683 2660 quum
700 2636 736 2655 ez·
754 2632 835 2657 aliis.

128 2677 177 2704 52)
198 2677 228 2699 lu
245 2675 343 2699 iisdem
362 2674 378 2698 2
395 2673 479 2697 Editt.
499 2672 560 2696 huic
578 2674 660 2696 notae
677 2678 727 2702 pro
747 2673 788 2696 his
809 2674 930 2705 praefixa
947 2675 1011 2699 suut
1025 2673 1081 2700 Cic.

161 2711 246 2735 verba
264 2708 471 2734 antecedentia:
497 2708 553 2734 sed
570 2707 624 2733 Ιιοι·
641 2708 727 2739 quale
745 2708 794 2735 sit.

242 108 362 144 XXIII.
413 106 725 144 ARGUMENTA
749 105 815 141 ΕΤ
842 107 1045 144 SCHOLIA
1070 108 1119 146 IN
1143 111 1291 148 EPIST.
1317 112 1430 148 FAM.
1458 112 1541 149 CIC.
1570 112 1657 147 LIB.
1676 111 1764 147 XIII.
1791 111 1863 147 ΕΡ.
1879 111 2004 146 6-8.

2065 108 2139 144 462

1440 200 1605 243 Argum
1617 205 1766 232 entum
1778 197 1836 242 δί”).

1248 271 1287 306 111
1313 271 1379 307 hac
1403 275 1548 319 epistola
1567 275 1711 314 Cicero,
1748 273 1838 307 sicut
1864 272 1898 304 in
1924 269 2136 316 quibusdam

1145 324 1407 367 superioribus,
1435 327 1621 359 intercedit
1637 338 1701 370 pro
1723 325 1761 358 C.
1774 322 1973 367 Albinoffl),
2001 327 2136 364 petens,

1144 386 1186 406 nc
1207 376 1281 409 eius
1299 378 1374 420 agri
1394 378 1608 422 dissipentur
1629 390 1645 410 a
1664 376 1820 416 Rutilio,
1848 374 1903 407 cui
1921 371 1988 405 hoc
2005 383 2135 404 munus

1144 427 1369 461 commissum
1389 435 1474 462 erat.
1528 428 1726 461 Exordium
1744 432 1924 470 sumptum
1941 430 1992 457 est
2009 435 2028 455 a
2046 422 2135 454 fidu-

1143 476 1194 509 cia
1212 475 1359 512 honeste
1375 479 1509 525 aliquid
1527 480 1670 523 petendi
1689 492 1707 512 a
1726 478 1875 512 Rutilio.
1929 476 2134 520 Sequuntur

1143 528 1233 561 duae
1249 530 1484 564 narrationes.
1536 531 1643 564 Prior
1661 530 1882 564 occasionem
1899 533 1933 560 et
1947 523 2132 569 impulsio-

1142 591 1222 612 nem
1242 581 1418 614 scribendi
1434 582 1590 625 exponit.
1642 582 1825 615 Posterior
1839 590 1994 617 causam,
2023 587 2133 620 quam

1143 631 1250 673 petit,
1294 633 1451 665 declarat
1481 645 1559 665 cum
1585 633 1685 665 brevi
1711 632 1912 665 ostensione
1937 625 2132 662 honestatis

1141 681 1297 714 eiusdem
1316 695 1453 717 causae.
1516 683 1607 716 Hinc
1632 684 1727 716 ducit
1753 681 2036 727 propositionem
2059 687 2131 709 una

1141 738 1278 765 tantum
1298 734 1436 767 ratione
1453 734 1496 767 ab
1517 734 1595 767 utili
1613 736 1872 768 confirmatam.
1925 730 1965 763 111
1990 731 2058 763 fine
2080 733 2131 760 est

1140 784 1263 827 petitio
1282 785 1444 829 repetita.

1384 876 1521 909 Aliud
1550 880 1874 919 argumentum.

1240 952 1370 985 Potitio
1396 958 1464 992 est,
1501 958 1541 985 ut
1557 951 1712 985 Rutilius
1732 950 1902 983 Albinum
1928 947 2070 979 adiuvet
2092 944 2128 977 in

1138 1002 1333 1037 retinendis
1364 1003 1529 1047 praediis.
1596 1002 1793 1035 Exordium
1824 1000 1976 1034 sumitur
2004 1010 2023 1029 a
2052 996 2130 1029 iure

1139 1055 1326 1088 amicitiae.
1381 1054 1550 1100 Sequitur
1563 1054 1725 1086 narratio
1750 1054 1792 1085 de
1817 1063 1920 1085 causa
1946 1047 2129 1094 petitionis

1139 1112 1172 1139 et
1187 1107 1229 1138 de
1244 1106 1387 1150 negotio
1404 1105 1578 1150 Albi11i5‘5)
1591 1131 1600 1145 ,
1629 1105 1684 1138 cui
1707 1104 1850 1137 additur
1877 1105 2129 1146 argumentum

1139 1158 1182 1190 al)
1200 1157 1276 1190 utili
1295 1164 1327 1190 et
1341 1155 1490 1190 honesto
1502 1183 1510 1197 ‚
1539 1157 1636 1202 quod
1658 1155 1820 1189 videlicet
1837 1153 1984 1187 minime
2003 1162 2130 1184 conve-

1138 1209 1213 1241 niat
1231 1208 1388 1241 dividere
1406 1208 1464 1240 illa
1483 1208 1642 1252 praedia.
1701 1207 1830 1240 Postea
1856 1211 1907 1238 est
1930 1200 2129 1248 propositio

1138 1271 1199 1293 seu
1216 1259 1340 1303 petitio
1361 1259 1479 1291 addita
1496 1258 1751 1303 significatione
1768 1256 1873 1291 huius
1891 1254 2008 1294 officii,
2033 1252 2130 1298 quod

1138 1311 1182 1343 sit
1199 1311 1358 1344 futurum
1377 1311 1481 1354 longe
1501 1309 1754 1354 gratissimum.

1383 1402 1517 1437 Aliud
1547 1409 1876 1447 argumentum.

1240 1478 1437 1512 Exordium
1453 1486 1633 1524 sumptum
1651 1486 1702 1513 est
1718 1492 1737 1512 a
1754 1479 1830 1512 iure
1847 1473 2035 1509 amicitiae.
2070 1471 2130 1505 Se-

1139 1530 1260 1575 quitur
1283 1530 1463 1571 narratio,
1491 1530 1527 1563 in
1555 1543 1623 1576 qua
1650 1530 1808 1575 primum
1831 1526 2019 1573 exponitur
2041 1522 2130 1556 ami-

1139 1582 1239 1622 citia,
1283 1594 1373 1627 quae
1404 1588 1454 1615 est
1484 1581 1577 1616 inter
1603 1582 1810 1616 Ciceronem
1843 1587 1876 1613 ct
1903 1577 2054 1612 Sestium
2069 1573 2129 1618 ⁵⁶),

1138 1633 1222 1666 item
1248 1632 1342 1666 inter
1363 1632 1514 1667 Sestium
1544 1641 1577 1667 et
1600 1631 1837 1677 Albinumffl).
1902 1628 2042 1662 Deinde
2069 1626 2130 1658 ad-

1138 1685 1234 1718 ditur
1250 1685 1443 1717 declaratio
1464 1697 1589 1719 causae
1605 1685 1738 1718 Albini.
1792 1681 1945 1716 Additur
1968 1685 2001 1712 et
2025 1688 2129 1720 argu—

1137 1742 1298 1769 mentum
1332 1747 1396 1779 per
1425 1736 1714 1780 occupationem,
1754 1746 1828 1767 non
1858 1732 2046 1777 prodesse,
2091 1733 2131 1760 ut

1138 1787 1345 1820 dividantur
1373 1784 1442 1819 hoc
1476 1793 1637 1831 tempore
1668 1785 1826 1831 praedia.
1889 1783 2027 1817 Ultimo
2047 1779 2128 1811 loco

1138 1837 1284 1882 ponitur
1301 1837 1500 1881 propositio
1517 1851 1578 1872 seu
1592 1838 1730 1883 petitio,
1757 1848 1801 1869 ne
1818 1834 2003 1880 permittat
2017 1828 2130 1865 dividi

1138 1888 1282 1933 praedia
1299 1887 1513 1923 Laberiana.

1358 1980 1490 2014 Aliud
1519 1986 1838 2024 argumentum
1855 1977 1913 2024 58).

1238 2048 1375 2093 Rogat,
1395 2055 1436 2082 ut
1451 2061 1554 2093 agros
1571 2048 1733 2088 Laberii,
1762 2059 1851 2093 quos
1867 2043 2017 2079 Albinus
2035 2052 2128 2074 eme-

1138 2106 1214 2140 rat,
1243 2112 1317 2133 non
1335 2100 1482 2134 dividat.
1535 2100 1649 2133 Huius
1667 2099 1788 2133 Albini
1815 2097 1923 2131 filiam
1939 2095 1980 2128 P.
1996 2092 2128 2127 Sestius

1137 2151 1322 2185 familiaris
1339 2151 1520 2185 Ciceronis
1537 2151 1574 2184 in
1590 2164 1737 2185 uxorem
1754 2149 1890 2183 habuit.
1926 2143 2124 2180 ExordIum

1136 2208 1318 2247 sumptum
1353 2209 1404 2237 est
1438 2215 1457 2236 a
1490 2203 1567 2236 iure
1595 2202 1784 2236 amicitiae.
1850 2200 1980 2233 Postea
2004 2200 2130 2229 narrat

1138 2266 1292 2288 causam.

1170 2386 1218 2415 53)
1237 2387 1504 2444 qugssarguntienttum
1523 2388 1549 2411 et
1571 2387 1622 2411 duo
1643 2386 1785 2417 sequeutia
1804 2386 1830 2410 in
1849 2385 1933 2411 Editt.
1949 2384 2040 2416 1556.‚
2060 2383 2127 2410 1565

1208 2434 1238 2439 —
1266 2428 1283 2444 o
1320 2438 1325 2444 .
1346 2428 1393 2444 exs
1408 2427 1462 2445 an.

1169 2471 1351 2529 54ᾆ1ἶὰ1111110]
1372 2471 1412 2495 sic
1430 2472 1506 2495 reete
1523 2470 1607 2495 Editt.
1628 2471 1720 2502 1565„
1742 2471 1833 2502 1571„
1854 2470 1946 2502 1596.;
1975 2471 2025 2496 Ed.
2047 2471 2122 2496 1556.

1248 2511 1323 2529 nmo.

1169 2556 1218 2585 55)
1236 2555 1342 2585 Albini]
1359 2556 1409 2580 Ed.
1425 2556 1500 2582 1556.
1518 2555 1629 2580 Albinii.

1169 2608 1218 2636 56)
1238 2607 1373 2636 Sestium]
1393 2607 1458 2632 illae
1475 2607 1559 2631 Editt.
1578 2607 1709 2632 Sextium.

1168 2657 1217 2686 57)
1235 2657 1363 2681 Albinum
1382 2675 1390 2681 .
1409 2675 1416 2682 .
1436 2675 1443 2682 .
1462 2656 1570 2686 Albini]
1590 2657 1639 2683 Ed.
1661 2658 1735 2682 1556.
1753 2658 1892 2684 Albinium
1910 2677 1916 2684 .
1934 2677 1941 2684 .
1960 2677 1966 2684 .
1984 2659 2095 2686 Albinii.

1168 2707 1217 2736 58)
1235 2707 1293 2732 noc
1310 2708 1501 2739 argumentum
1518 2706 1547 2732 in
1565 2707 1648 2734 Editt.
1664 2708 1857 2736 1565—1596.
1877 2712 1975 2736 exstat.
