2351 2990
221 123 291 160 851

222 209 296 247 sui,
326 214 459 254 quanto
477 209 593 241 sutura
613 214 699 242 esset
725 210 885 241 acerbior
907 206 1158 252 reprehensio,
1184 207 1213 242 si

222 273 299 293 mea
319 259 508 303 asperitate.
528 259 670 292 alienati
690 261 732 291 ad
751 258 868 293 hostes
894 260 1119 299 defecissent,
1148 271 1212 292 nec

222 312 341 345 suisset
375 311 433 343 illa
469 311 596 343 xirium
631 310 780 343 accessio
813 310 956 353 exigua,
999 311 1026 344 si
1054 310 1213 349 Euboea,

221 362 395 407 Byzantio
422 368 455 395 et
472 360 604 395 Thebis
630 360 762 404 potitus
785 368 886 395 esset.
941 361 1035 406 Quid
1057 362 1213 394 dicerent

222 414 291 446 mei
309 412 468 445 inimici?
496 424 614 445 nonne
633 424 651 443 a
668 424 722 444 me
740 412 868 446 eiectos
885 418 919 445 et
944 413 1105 456 repulsos
1127 424 1213 452 esse,

222 477 302 498 cum
325 464 470 496 mallent
497 463 679 496 nobiscum
712 475 784 496 esse
815 463 1020 497 coniuncti?
1056 464 1214 496 dicerent

221 514 358 550 hostem
379 515 607 558 Hellesponto
632 513 782 557 potitum
811 527 882 548 esse
906 526 970 558 per
985 515 1213 560 Byzantium,

222 573 254 599 et
286 567 321 598 in
358 564 467 598 hostis
501 570 712 609 potestatem
748 566 882 599 venisse
912 572 1022 598 totam
1043 565 1213 599 frumenti

221 616 538 655 transvectionem,
582 616 712 649 bellum
738 616 892 651 vicinum
926 629 990 660 per
1022 615 1214 650 Thebanos

221 668 257 700 in
275 667 428 699 Atticam
455 667 663 700 translatum
691 679 784 707 esse,
818 680 882 701 nos
904 674 1051 712 propter
1073 668 1215 701 latroci-

221 718 279 751 nia
297 718 333 750 in
351 717 533 750 Euboeam
555 718 724 761 navigare
741 730 814 751 non
840 719 1008 763 potuisse.
1062 719 1158 752 Haec
1182 724 1215 751 et

222 769 290 802 alia
308 768 484 802 atrociora
503 769 673 802 dicerent.
727 768 790 802 Est
809 770 956 802 omnino
978 770 1216 803 calumniator

222 820 315 853 mala
334 821 459 863 pestis,
503 826 536 852 et
562 820 753 859 insidiosa,
787 827 820 854 et
843 822 1080 866 undecunque
1107 822 1215 853 male-

222 871 362 904 dicendi
397 872 618 904 occasionem
647 878 802 915 captans.
862 871 913 905 Ita
939 870 995 905 hic
1019 870 1213 905 homuncio

220 922 328 955 etiam
358 927 487 954 natura
521 922 613 955 mala
647 923 762 955 bellua
787 929 857 963 cst,
891 935 955 956 nec
980 921 1128 957 honesta
1154 929 1215 956 aut

221 973 327 1017 digna
359 971 505 1005 homine
538 973 689 1017 suscepit
719 985 898 1018 unquam,
933 974 1034 1007 simia
1069 974 1215 1017 tragica,

221 1024 372 1057 rusticus
401 1024 626 1064 Oenomaus,
673 1024 893 1058 adulterinus
928 1023 1063 1060 rhetor.
1133 1025 1213 1070 Qua

222 1075 316 1108 enim
342 1075 377 1107 in
402 1087 438 1107 re
466 1086 623 1120 unquam
652 1081 710 1108 tua
742 1075 944 1121 eloquentia
969 1077 1107 1121 patriae
1132 1088 1216 1120 pro-

220 1126 312 1158 fuit?
354 1125 457 1159 Nunc
487 1126 530 1158 de
559 1126 760 1170 praeteritis
782 1127 1009 1167 vociferaris,
1052 1134 1091 1161 ut
1115 1127 1161 1174 4¹)
1185 1127 1214 1160 si

221 1176 299 1222 quis
314 1176 471 1209 medicus
491 1183 635 1211 vocatus
655 1178 699 1209 ad
716 1184 940 1221 aegrotantes
958 1176 1049 1211 nihil
1076 1178 1215 1212 consilii

222 1227 448 1268 ostendisset,
478 1230 661 1273 quomodo
679 1229 824 1263 morbus
848 1230 1101 1273 depelleretur;
1135 1235 1216 1273 post

222 1285 373 1312 mortem
395 1291 479 1312 vero
498 1292 648 1325 sequens
668 1280 773 1313 sunus
791 1281 940 1313 diceret:
969 1281 1005 1314 Si
1024 1281 1087 1315 iste
1104 1278 1214 1313 homo

222 1330 357 1364 fecisset
374 1328 441 1362 hoc
468 1338 501 1364 et
524 1328 612 1371 hoc,
646 1343 721 1364 non
744 1338 833 1365 esset
855 1338 1029 1366 mortuus.
1082 1332 1214 1365 Amen-

221 1381 354 1414 tissime
386 1393 479 1414 nunc
505 1382 649 1415 tandem
675 1382 780 1422 dicis,
818 1396 896 1416 cum
922 1389 1023 1416 antea
1050 1382 1213 1416 tacueris.

220 1432 409 1465 Praeterea
429 1445 507 1466 cum
523 1433 596 1466 acie
614 1433 696 1465 victi
712 1439 812 1473 sunt,
841 1445 910 1478 qua
935 1434 971 1465 in
997 1445 1214 1465 commemo-

220 1484 360 1516 ratione
378 1490 415 1516 tu
432 1484 598 1517 scelerate
618 1484 771 1523 exultas,
800 1496 878 1517 cum
904 1496 1043 1527 gemere
1072 1490 1215 1528 oporte-

222 1541 296 1574 ret,
324 1535 360 1567 in
377 1547 433 1567 me
451 1547 554 1568 causa
573 1547 646 1567 non
664 1535 878 1567 conserenda
905 1542 973 1575 est,
1011 1536 1106 1580 quod
1131 1534 1214 1567 inde

222 1585 526 1618 ratiocinandum:
558 1598 734 1630 nusquam
752 1586 788 1618 in
814 1586 1050 1629 legationibus
1073 1585 1215 1619 discessi

222 1636 334 1670 victus
361 1648 379 1668 a
406 1636 529 1677 legatis
555 1634 730 1676 hostium,
766 1637 826 1669 sed
849 1643 1039 1682 postquam
1067 1637 1141 1670 eius
1166 1637 1215 1669 le-

222 1687 294 1731 gati
312 1700 329 1719 a
348 1700 404 1720 me
420 1688 568 1721 dicendo
587 1687 742 1731 superati
764 1695 884 1728 erant,
913 1689 1080 1722 accedens
1104 1686 1215 1721 hostis

222 1750 300 1771 cum
330 1739 483 1771 exercitu
509 1740 639 1772 multos
662 1738 811 1773 domuit.
872 1739 1011 1772 Horum
1036 1739 1214 1772 rationem

222 1801 241 1821 a
266 1801 322 1821 me
348 1789 484 1833 poscis,
521 1802 561 1822 ac
585 1790 636 1823 vis
663 1802 680 1821 a
705 1802 762 1822 me
785 1801 858 1823 uno
882 1796 997 1823 totum
1022 1790 1213 1824 exercitum

222 1840 315 1873 vinci
333 1846 367 1872 et
390 1841 533 1885 quidem
561 1841 688 1874 verbis.
743 1841 843 1873 Hanc
870 1848 1006 1874 tantam
1032 1842 1214 1875 fortitudi-

221 1904 304 1924 nem
321 1903 340 1923 a
356 1904 412 1924 me
439 1891 610 1937 requiris,
644 1904 722 1925 cum
747 1892 891 1937 quidem
917 1893 1103 1926 mollitiem
1126 1891 1215 1925 mihi

223 1943 424 1986 exprobres.
477 1942 555 1987 Ego
572 1955 656 1976 vero
680 1956 767 1988 quas
794 1956 849 1977 res
874 1944 911 1976 in
937 1957 1015 1977 mea
1040 1950 1215 1989 potestate

222 1992 357 2027 habui?
385 1994 467 2028 Non
484 1995 623 2027 animos
641 1994 808 2034 militum,
825 2007 899 2028 non
914 1996 1096 2029 fortunam
1113 2007 1216 2040 prae-

222 2045 408 2085 liantium,
436 2057 509 2077 non
526 2045 714 2089 imperium
734 2045 769 2078 in
788 2046 881 2086 acie,
917 2046 1014 2080 cuius
1036 2059 1053 2079 a
1079 2060 1135 2080 me
1160 2058 1215 2079 ra-

224 2096 358 2129 tionem
382 2108 567 2140 reposcere
593 2097 806 2140 perversitas
831 2104 892 2130 est.
947 2097 1005 2131 Tu
1028 2110 1113 2131 vero
1138 2111 1216 2131 mu-

222 2148 318 2181 neris
336 2147 485 2180 oratorii
502 2148 642 2180 ratione
659 2145 726 2180 hoc
743 2160 760 2180 a
779 2161 835 2181 me
853 2148 1023 2192 postulas.
1075 2149 1128 2181 De
1148 2147 1215 2181 hoc

222 2199 318 2232 nulla
336 2198 479 2239 iudicia,
496 2199 630 2232 nullam
649 2199 914 2244 inquisitionem
932 2200 1085 2243 defugio.
1115 2200 1215 2244 Quae

223 2257 305 2284 sunt
338 2257 456 2283 autem
489 2250 563 2283 cius
587 2250 745 2284 muneris
768 2250 942 2295 propria?
974 2250 1078 2284 Initia
1101 2263 1141 2284 ac
1164 2263 1216 2285 se-

222 2302 320 2334 mina
351 2301 590 2335 mutationum
620 2302 764 2342 videre,
799 2308 832 2335 et
856 2302 943 2335 alios
967 2315 1215 2347 praemonere,

225 2353 321 2397 quod
339 2353 423 2393 feci,
459 2359 493 2385 et
517 2353 676 2398 quolibet
698 2359 859 2397 tempore
886 2354 1116 2394 cessationes,
1144 2360 1216 2387 tar-

224 2403 391 2444 ditatem,
419 2404 680 2448 ignorantiam,
717 2404 983 2445 contentiones,
1018 2417 1109 2450 quae
1133 2411 1216 2439 sunt

224 2455 427 2487 communia
447 2462 480 2488 et
496 2456 693 2490 necessaria
719 2456 881 2490 omnium
908 2456 1091 2489 civitatum
1116 2456 1215 2497 vitia,

225 2512 398 2551 quantum
416 2507 490 2539 fieri
508 2513 640 2550 potest,
669 2520 912 2552 compescere,
941 2514 975 2541 et
997 2507 1144 2540 incitare
1169 2502 1222 2540 ci-'

225 2569 285 2591 ves
310 2563 344 2590 et
368 2557 482 2591 socios
508 2559 552 2590 ad
575 2559 825 2599 concordiam,
860 2560 904 2592 ad
927 2559 1142 2600 amicitiam,
1176 2571 1215 2591 ac

226 2609 270 2641 ad
290 2608 446 2642 studium
463 2615 556 2642 recte
571 2610 735 2644 faciendi.
788 2610 884 2644 Haec
900 2610 967 2644 seci
985 2610 1125 2651 omnia,
1151 2622 1215 2643 nec

260 2727 307 2756 41)
324 2728 370 2757 ut]
388 2726 439 2752 Ed.
459 2726 534 2754 1562.
553 2732 650 2753 errore
668 2728 794 2759 typogr.:
818 2727 855 2753 vi.

798 122 920 158 PHIL.
955 121 1068 158 MEL.
1103 119 1306 157 SCRIPTA
1342 121 1677 158 PHILOLOGICA.

2177 123 2252 161 852

1266 207 1359 241 ullus
1374 205 1484 241 homo
1503 210 1664 242 ostendet
1681 209 1717 242 in
1733 207 1786 243 his
1813 208 1947 254 aliquid
1972 221 1990 242 a
2016 222 2073 243 me
2098 217 2256 255 praeter-

1265 258 1410 292 missum
1439 271 1523 293 esse.
1583 260 1620 294 Si
1645 260 1723 306 quis
1748 272 1994 306 quemcunque
2017 261 2124 304 igitur
2149 262 2259 296 inter-

1265 315 1384 352 roget:
1405 309 1542 354 Quibus
1559 311 1663 345 rebus
1680 312 1832 345 maxime
1851 311 1933 345 vicit
1950 309 2084 346 hostis?
2111 325 2258 358 respon-

1266 361 1400 393 debunt
1433 372 1572 394 omncs:
1613 361 1778 396 Exercitu
1813 369 1846 396 et
1877 363 2099 407 corruptelis.
2166 364 2261 398 Cum¹

1267 417 1384 444 autem
1412 423 1474 455 ego
1501 413 1690 446 exercitum
1719 425 1791 446 non
1820 414 2003 454 duxerim,
2040 426 2057 447 a
2081 426 2138 449 me
2163 415 2256 449 ratio

1267 462 1507 496 dimicationis
1538 474 1612 496 non
1643 470 1694 497 est
1724 466 1937 509 repetenda,
1971 466 2031 498 sed
2062 463 2128 499 hac
2154 472 2257 511 parte

1267 513 1335 546 vici
1362 511 1588 557 Philippum,
1629 516 1724 560 quod
1754 528 1810 549 me
1844 516 1992 560 pecnnia
2028 528 2259 562 corrumpere

1267 576 1341 597 nou
1375 565 1503 608 potuit.
1565 565 1613 598 Ut
1648 566 1740 599 enim
1771 567 1911 601 licitans
1936 568 2049 600 victor
2073 574 2143 608 est,
2178 580 2258 602 cum

1269 616 1353 648 emit
1369 615 1616 659 accipientem:
1646 616 1693 649 ita
1712 623 1832 650 contra
1846 645 1854 658 ,
1883 618 1943 663 qui
1965 630 2037 651 non
2063 618 2200 663 patitur
2222 631 2259 653 se

1268 667 1470 710 corrumpi,
1499 678 1563 699 nec
1580 667 1725 711 accipit,
1753 668 1866 701 victor
1885 675 1936 702 est
1959 669 2136 704 licitantis.
2189 669 2259 703 Ita-

1269 730 1336 763 que
1356 724 1529 762 quantum
1546 717 1582 750 in
1598 730 1653 751 me
1670 719 1757 759 suit,
1776 719 1898 753 civitas
1912 720 1978 753 suit
1994 720 2136 755 invicta.
2162 720 2259 755 Haec

1269 775 1302 801 et
1320 769 1386 801 alia
1405 768 1534 802 similia
1550 769 1660 802 multa
1681 769 1749 802 dici
1767 777 1933 814 possunt,
1952 782 2041 816 quae
2059 773 2260 814 ostendunt,

1269 832 1359 865 quae
1376 819 1447 852 siut
1463 831 1540 851 mea
1567 821 1713 860 merita,
1741 827 1888 865 propter
1911 833 2001 867 quae
2018 820 2258 866 Ctesiphontis

1269 872 1448 904 decretum
1482 870 1612 904 iustum
1638 871 1722 910 suit3
1760 872 1888 905 addam
1911 884 1996 905 vero
2022 873 2122 907 vobis
2145 873 2259 906 omni-

1267 923 1332 955 bus
1358 921 1598 956 notissimum.
1660 923 1747 957 Post
1771 935 1927 967 pugnam
1951 923 2069 957 statim
2094 925 2261 969 populus,

1269 972 1331 1018 qui
1364 979 1398 1005 et
1428 973 1559 1006 sciebat
1589 979 1623 1005 et
1652 974 1791 1007 viderat
1816 974 1958 1014 omnia,
1993 986 2084 1020 quae
2108 987 2262 1020 egeram,

1269 1036 1347 1057 cum
1366 1023 1509 1069 quidem
1527 1023 1563 1056 in
1577 1025 1711 1057 recenti
1728 1025 1825 1058 clade
1849 1037 1923 1058 non
1948 1025 2150 1060 mirandum
2176 1026 2261 1061 fuis-

1268 1081 1320 1109 set
1335 1075 1466 1108 multos
1481 1073 1570 1108 mihi
1588 1075 1711 1116 irasci,
1746 1082 1865 1109 tamen
1890 1089 1967 1109 mea
1992 1077 2108 1110 studia
2133 1078 2175 1111 de
2201 1078 2262 1111 de-

1267 1127 1442 1159 fendenda
1462 1127 1550 1159 urbe
1568 1127 1868 1171 comprobarunt,
1896 1134 1930 1161 et
1950 1139 2027 1161 mea
2053 1129 2191 1162 decreta
2215 1129 2262 1162 ci-

1268 1178 1359 1211 vitas
1376 1178 1591 1223 sequebatur
1609 1178 1646 1210 in
1665 1178 1844 1219 omnibus,
1863 1190 1954 1224 quae
1971 1180 2014 1212 de
2031 1179 2261 1213 custodienda

1267 1229 1356 1262 urbe
1379 1229 1581 1262 statuebant
1605 1229 1641 1261 in
1667 1230 1820 1263 excubiis
1843 1230 2071 1271 ordinandis,
2105 1230 2142 1263 in
2166 1231 2261 1265 sestis

1269 1279 1432 1323 agendis,
1470 1280 1507 1311 in
1529 1280 1677 1323 pecunia
1703 1281 1935 1321 conferenda,
1978 1281 2014 1313 in
2040 1282 2260 1315 conficiendo

1267 1342 1402 1363 muros.
1455 1329 1595 1363 Deinde
1616 1343 1672 1363 me
1689 1331 1842 1375 populus
1869 1338 2065 1375 emptorem
2090 1333 2261 1366 frumenti

1267 1381 1370 1423 legit,
1399 1386 1433 1413 et
1452 1393 1531 1414 cum
1547 1393 1582 1415 se
1600 1382 1702 1414 multi
1729 1382 2012 1423 coniunxissent,
2048 1389 2087 1415 ut
2111 1395 2168 1416 me
2193 1384 2260 1416 tol-

1266 1433 1399 1471 lerent,
1428 1438 1462 1464 et
1480 1432 1667 1465 adversum
1684 1445 1739 1465 me
1758 1433 1984 1466 instituerent
2007 1434 2261 1475 accusationes,

1268 1482 1516 1528 inquisitiones
1533 1489 1567 1515 et
1584 1483 1713 1516 iudicia
1731 1484 1846 1517 laesae
1865 1484 2079 1525 maiestatis,
2106 1496 2172 1519 nec
2193 1485 2262 1518 ini-

1268 1534 1317 1566 tio
1335 1545 1398 1577 per
1416 1546 1507 1574 sese,
1535 1534 1595 1567 sed
1612 1546 1675 1578 per
1693 1534 1800 1574 alios,
1827 1547 1871 1567 ne
1888 1547 1957 1580 qua
1977 1536 2019 1569 de
2042 1535 2127 1579 ipsis
2149 1535 2263 1581 suspiss

1269 1584 1322 1617 cio
1344 1584 1509 1618 oriretur.
1563 1584 1776 1619 Meministis
1800 1586 1893 1619 enim
1920 1598 1976 1619 me
1998 1586 2147 1621 assiduis
2170 1587 2262 1621 iudi-

1268 1636 1329 1669 ciis
1353 1642 1433 1680 post
1457 1648 1613 1679 pugnam
1640 1643 1886 1681 oppugnatum
1916 1649 2000 1671 esse.
2058 1635 2157 1671 Nihil
2178 1639 2260 1672 reli-

1269 1693 1424 1732 querunt
1439 1687 1672 1728 intentatum,
1697 1700 1771 1721 non
1794 1688 1970 1732 desperati
1993 1686 2149 1723 hominis
2168 1689 2262 1723 Sosi-

1269 1738 1329 1771 clis
1349 1738 1585 1771 temeritatem
1599 1765 1607 1779 ,
1633 1751 1706 1771 non
1723 1737 1936 1773 Philocratis
1954 1739 2168 1781 calumnias,
2185 1753 2261 1774 non

1269 1789 1422 1822 aliorum
1441 1790 1592 1823 furores.
1644 1789 1684 1822 ln
1709 1788 1764 1824 his
1787 1796 1908 1824 tamen
1930 1790 2068 1824 iudiciis
2095 1791 2261 1826 omnibus

1268 1840 1424 1884 primum
1451 1840 1516 1873 Dei
1538 1842 1729 1882 beneficio,
1770 1841 1898 1875 deinde
1921 1848 2038 1875 vestro
2064 1842 2154 1876 iuste
2178 1842 2260 1877 vici.

1270 1891 1379 1936 Quod
1405 1893 1499 1924 enim
1518 1904 1642 1925 verum
1667 1899 1737 1932 est,
1772 1898 1806 1925 et
1831 1905 1909 1926 cum
1935 1893 2042 1926 iurati
2067 1894 2260 1928 sententias

1269 1943 1438 1983 tuleritis,
1465 1955 1691 1988 nequaquam
1715 1941 2028 1988 reprehendendae
2050 1950 2142 1978 sunt.
2191 1943 2260 1978 Ita-

1270 2006 1338 2039 que
1355 2006 1434 2027 cum
1452 2007 1508 2027 me
1526 1995 1724 2028 absolvistis
1739 1994 1775 2027 in
1800 1994 1931 2027 iudicio
1958 1994 2072 2027 laesae
2096 1995 2260 2029 maiesta-

1269 2046 1332 2085 tis,
1361 2052 1395 2078 et
1411 2045 1605 2079 adversarii
1620 2058 1694 2078 non
1714 2043 1917 2078 habuerunt
1935 2046 2096 2091 quintam
2119 2053 2259 2090 partem

1269 2096 1541 2141 suffragiorum,
1577 2109 1614 2129 re
1647 2097 1720 2141 ipsa
1754 2096 2014 2140 pronuntiastis
2040 2109 2097 2130 me
2122 2097 2259 2142 optima

1270 2147 1399 2191 egisse,
1429 2160 1506 2181 cum
1525 2160 1581 2180 me
1599 2148 1785 2181 excusastis
1810 2149 1846 2180 in
1869 2147 2021 2189 iudicio,
2049 2148 2087 2181 in
2111 2161 2181 2194 quo
2203 2161 2260 2182 ac—

1269 2199 1438 2232 cusabant
1455 2211 1511 2232 me
1526 2198 1702 2243 scripsisse
1720 2199 1858 2231 decreta
1880 2205 2002 2232 contra
2022 2199 2127 2244 leges,
2145 2206 2262 2234 osten-

1270 2249 1368 2283 distis
1400 2262 1456 2283 me
1482 2249 1637 2293 legitima
1664 2249 1860 2294 scripsisse,
1898 2262 1976 2284 cum
2002 2251 2259 2295 comprobastis

1269 2313 1324 2334 res
1341 2307 1474 2345 gestas,
1493 2301 1639 2334 confessi
1659 2301 1739 2334 estis
1755 2314 1810 2334 me
1828 2302 1916 2335 iuste
1933 2307 1966 2334 et
1980 2301 2056 2336 sine
2075 2308 2257 2347 corrupte-

1269 2352 1310 2386 lis
1327 2352 1447 2385 omnia
1466 2352 1586 2395 egisse.
1640 2352 1734 2385 Haec
1751 2365 1829 2386 cum
1845 2353 1892 2385 ita
1909 2352 1999 2393 sint,
2016 2353 2155 2398 =quibus
2178 2366 2258 2387 ver-

1268 2403 1322 2437 bis
1340 2403 1392 2437 uti
1407 2401 1674 2448 Ctesiphontem
1691 2404 1850 2448 oportuit
1866 2405 1908 2437 de
1928 2404 2016 2438 meis
2033 2403 2256 2439 actionibus?

1268 2454 1397 2488 Nonne
1413 2455 1537 2488 iisdem
1554 2454 1686 2493 verbis,
1715 2456 1842 2501 quibus
1858 2461 1960 2488 antea
1976 2455 2129 2500 populus
2147 2462 2181 2489 et
2203 2455 2257 2490 iu-

1268 2506 1338 2539 rati
1368 2506 1498 2539 iudices
1531 2505 1584 2539 usi
1617 2512 1737 2547 erant,
1779 2513 1813 2540 et
1844 2518 1935 2551 quae
1961 2506 2104 2540 evidens
2126 2506 2258 2541 veritas

1269 2558 1362 2601 apud
1398 2569 1519 2590 omnes
1552 2558 1749 2591 confirmat.
1816 2557 1885 2591 Sed
1911 2557 2037 2591 recitat
2063 2554 2257 2592 Aeschines

1269 2606 1416 2653 Cephali
1434 2608 1565 2641 dictum
1577 2635 1586 2648 ,
1615 2608 1677 2654 qui
1693 2608 1863 2653 gloriatus
1880 2614 1931 2643 est
1947 2621 1982 2642 se
1997 2619 2182 2653 nunquam
2198 2620 2255 2642 ac-

1268 2665 1427 2693 cusatum
1446 2671 1529 2693 esse.
1581 2658 1627 2692 Et
1651 2671 1734 2693 sane
1756 2657 1944 2705 pulchrum
1969 2659 2169 2704 exemplum
2192 2665 2256 2701 est,

1266 2711 1377 2744 immo
1394 2710 1540 2745 felicitas
1560 2711 1753 2757 quaedam,
1780 2711 1840 2746 sed
1858 2722 1920 2745 cur
1941 2711 2054 2756 magis
2079 2710 2257 2756 vitupere-
