2351 2990
216 126 290 160 883

217 213 276 245 sed
310 222 428 242 rerum
452 216 627 253 gestarum
653 211 812 243 narratio
839 210 980 253 grandis
1004 218 1037 243 et
1063 217 1200 243 ornata.

216 263 264 294 Ac
283 261 383 294 facile
401 267 449 293 est
470 261 596 294 seriem
617 262 722 294 totius
742 261 958 294 narrationis
975 268 1090 294 mente
1108 275 1201 294 com-

218 312 336 356 plecti,
365 311 447 356 quia
466 313 624 357 sequitur
640 319 839 355 temporum
856 312 1036 351 ordinem,
1065 319 1097 345 et
1120 325 1203 344 con-

216 364 375 397 siliorum
402 364 657 407 expositionem
683 363 863 396 distribuit
886 363 920 395 in
945 370 1098 408 quamor
1117 370 1202 396 tem-

221 427 321 457 pora.

319 465 478 498 Primum
513 463 617 496 fuisse
653 463 786 509 inquit,
836 477 913 497 cum
949 471 1028 508 post
1064 470 1202 508 captam

216 514 449 559 Amphipolin
466 513 697 547 Athenienses
722 527 843 559 pacem
869 528 945 548 cum
964 514 1131 559 Philippo
1157 515 1204 547 se-

219 573 352 599 verunt.
405 566 469 599 Hic
486 566 534 598 ait
557 566 639 598 dolo
663 566 819 599 exclusos
842 579 914 600 esse
938 579 956 599 a
983 579 1066 610 pace
1092 572 1204 598 caete-

219 629 276 649 ros
302 618 475 656 Graecos,
518 622 551 649 et
580 623 618 649 ut
644 614 829 661 Philippus
854 624 929 650 tuto
955 618 1043 651 alios
1069 616 1204 649 adoriri

220 674 354 711 posset,
397 674 429 700 et
463 680 506 700 ne
530 668 602 710 ipsa
629 667 750 702 civitas
777 669 892 701 Attica
919 669 1033 702 socios
1058 666 1205 700 haberet

216 718 326 757 ullos,
358 718 386 751 si
409 716 596 763 Philippus
620 718 752 752 xiolato
776 720 919 753 foedere
942 720 1074 752 bellum
1096 716 1206 752 Athe-

218 768 399 802 niensihus
419 770 575 803 inferret.
629 769 694 802 Sed
715 768 804 802 hanc
822 777 930 803 totam
960 770 1202 803 narrationem

218 818 474 854 Demosthenes
491 821 701 853 infitiatione
722 823 862 856 refutat.
914 821 1027 866 Negat
1042 833 1078 856 se
1096 821 1205 854 inter—

218 871 322 904 fuisse
354 872 508 905 consiliis
540 872 613 905 eins
646 872 816 916 temporis
849 874 890 905 de
916 886 1001 917 pace
1026 873 1204 910 facienda,

219 929 322 965 negat
351 923 439 956 ullas
470 923 663 967 legationes
697 923 819 957 missas
851 924 954 958 fuisse
981 925 1024 957 ad
1049 930 1205 957 caeteros

219 973 392 1013 Graecos,
421 974 516 1006 illam
536 974 641 1007 etiam
669 986 788 1017 pacem
818 974 950 1008 civitati
967 975 1103 1008 Atticae
1126 987 1204 1019 per-

218 1024 388 1057 niciosam
408 1025 523 1059 fuisse.
575 1024 619 1057 Et
640 1025 763 1058 intexit
779 1025 815 1057 in
831 1038 892 1059 sua
911 1026 1072 1059 oratione
1099 1025 1205 1059 recri—

221 1075 450 1108 minationem
463 1103 472 1116 ,
497 1077 591 1121 quod
610 1083 731 1120 postea
747 1076 872 1110 missus
890 1075 1081 1111 Aeschines
1096 1077 1133 1110 in
1157 1077 1205 1109 le-

218 1126 359 1169 gatione
390 1133 578 1171 corruptus
612 1128 759 1171 pecnnia
800 1129 935 1163 tardius
973 1128 1206 1173 postulaverit

220 1177 462 1211 iusiurandum
502 1191 520 1210 a
554 1177 723 1223 Philippo
764 1178 905 1212 interim
938 1180 1041 1224 plura
1072 1180 1202 1224 oppida

218 1235 423 1272 occupante.
466 1228 591 1262 Inserit
608 1236 726 1263 autem
741 1228 934 1264 Aeschines
950 1231 987 1263 in
1005 1229 1072 1264 hoc
1087 1232 1204 1276 primo

217 1286 376 1323 tempore
405 1281 578 1324 quaedam
603 1278 788 1329 πάρεργα,
817 1282 978 1315 videlicet
995 1281 1204 1316 Demosthe-

218 1343 297 1362 nem
324 1331 483 1363 nuntiata
512 1337 626 1364 morte
651 1330 830 1376 Philippi,
865 1333 1017 1377 septimo
1043 1334 1098 1366 die
1125 1340 1205 1378 post

217 1388 367 1413 morteen
386 1382 478 1414 filiae
493 1382 664 1427 prodiisse
682 1390 906 1424 coronatum,
926 1386 1085 1417 nondum
1104 1385 1203 1417 finito

217 1439 377 1476 tempore
410 1433 535 1468 luctus.
600 1433 665 1466 Hic
689 1435 867 1479 vituperat
890 1436 1001 1479 patris
1024 1435 1202 1468 levitatem

215 1484 333 1520 multis
359 1485 485 1521 verbis,
537 1484 671 1533 Estque
696 1483 753 1518 hic
776 1486 874 1520 locus
898 1498 917 1519 a
936 1486 1104 1519 Cicerone
1130 1487 1204 1520 lau-

216 1541 334 1574 datus:
373 1537 585 1585 Nunquam,
628 1538 762 1585 inquit,
803 1539 869 1572 erit
895 1545 1017 1572 orator
1041 1538 1204 1574 salutaris

218 1591 373 1635 patriae,
404 1591 462 1636 qui
481 1591 610 1624 liberos
626 1591 719 1631 odit,
747 1597 780 1624 et
796 1597 898 1635 pater
916 1591 1028 1625 malus
1046 1598 1107 1626 est.
1159 1591 1204 1626 Et

215 1642 276 1688 qui
294 1655 366 1675 non
385 1648 520 1675 exercet
537 1641 703 1686 pietatem
722 1654 803 1686 erga
823 1655 904 1676 suos
920 1655 959 1676 ac
980 1643 1203 1684 domesticos,

213 1706 398 1741 nunquam
419 1706 478 1729 vos
497 1694 667 1727 anteferet
684 1693 830 1735 exteris,
858 1706 922 1728 nec
947 1694 1007 1740 qui
1034 1695 1201 1739 privatim

216 1759 345 1792 pravus
363 1754 409 1781 est
423 1774 431 1787 ,
460 1747 597 1791 publice
614 1747 728 1781 bonus
750 1747 827 1781 erit.

303 1799 470 1844 Sequitur
487 1800 679 1832 secundum
698 1805 849 1844 tempus,
865 1798 901 1831 in
915 1810 985 1845 quo
996 1797 1202 1832 brevissime

215 1851 252 1883 fit
268 1851 401 1883 mentio
421 1850 631 1883 calamitatis
648 1848 898 1884 Phocensium.
952 1850 1001 1882 Ut
1017 1856 1134 1882 autem
1149 1848 1204 1882 hi-

215 1902 345 1935 storiae
376 1902 481 1935 series
509 1901 665 1945 conspici
700 1908 733 1934 et
762 1908 923 1946 tempora
946 1901 1097 1935 discerni
1123 1913 1203 1945 pos-

214 1952 302 1993 sint,
331 1953 453 1985 ordine
471 1952 730 1986 recensebimus
747 1964 872 1993 annos,
897 1953 1024 1998 quibus
1041 1952 1203 1996 regnavit

214 2002 421 2049 Philippus,
456 2004 515 2049 qui
542 2017 559 2036 a
588 2004 749 2037 Diodoro
774 2004 805 2050 2)
831 2004 1020 2047 diligenter
1041 2004 1203 2036 annotati

215 2062 307 2090 sunt.

316 2104 502 2150 Philippus
528 2105 676 2138 Macedo
707 2118 855 2149 regnum
889 2104 1123 2138 Macedoniae
1153 2111 1203 2138 te-

213 2157 292 2191 nuit
308 2169 420 2191 annos
438 2156 498 2192 24.
552 2156 656 2190 Sexto
676 2163 794 2190 autem
819 2156 918 2200 regni
945 2156 1073 2200 ipsius,
1108 2154 1203 2190 Pho-

215 2221 333 2242 censes
357 2215 547 2241 moverunt
570 2220 706 2241 sacrum
729 2208 860 2241 bellum
886 2209 973 2240 duce
988 2205 1202 2248 Philomelo,

215 2273 287 2305 quo
320 2267 479 2304 tempore
504 2257 690 2303 Philippus
721 2260 880 2291 nondum
908 2259 1078 2292 Graeciae
1110 2259 1200 2291 bella

214 2311 354 2351 intulit,
381 2313 441 2345 sed
467 2311 549 2344 alibi
567 2309 725 2355 Illyricos
749 2310 898 2343 domuit.
953 2310 1119 2343 Refertur
1141 2322 1202 2343 au-

214 2368 285 2394 tem
302 2362 383 2395 belli
404 2362 493 2396 sacri
518 2362 658 2395 initium
685 2361 720 2394 in
746 2373 878 2394 annum
904 2360 1059 2405 primum
1078 2360 1201 2406 Olym-

214 2413 330 2456 piadis
351 2413 432 2446 106.
450 2420 483 2445 et
502 2424 634 2446 annum
654 2413 859 2446 secundum.
887 2411 961 2445 Etsi
978 2419 1094 2445 autem
1107 2411 1200 2445 Pho-

215 2475 333 2496 censes
365 2464 492 2496 auxilia
527 2462 706 2497 habebant
728 2461 998 2498 Atheniensium
1034 2470 1066 2496 et
1092 2463 1199 2496 Lace-

213 2514 506 2554 daemoniorum,
533 2522 653 2548 tamen
673 2513 838 2548 Thebani
864 2514 1065 2558 superiores
1087 2521 1199 2555 erant,

214 2565 276 2611 qui
294 2578 330 2599 se
346 2566 533 2598 defendere
549 2567 719 2610 templum
747 2566 966 2599 iactitahant.
1019 2563 1198 2598 Philome-

212 2618 266 2650 lus
289 2616 396 2660 igitur
418 2617 488 2650 dux
512 2614 721 2658 Phocensis,
756 2629 834 2651 cum
860 2616 934 2650 acie
957 2616 1069 2650 victus
1097 2623 1197 2656 esset,

248 2735 280 2763 2)
298 2734 409 2760 niodor.
428 2734 504 2759 xvt.
524 2734 540 2759 2
554 2741 612 2765 sqq.

793 125 913 160 PHIL.
946 124 1057 159 MEL.
1093 124 1293 159 SCRIPTA
1326 124 1661 162 PHILOLOGICA.

2170 125 2246 161 884

1255 223 1290 244 se
1306 212 1348 244 de
1363 223 1450 255 rupe
1465 212 1603 246 deiecit.
1639 212 1776 246 Oetaxo
1794 223 1889 243 anno
1906 218 1985 254 post
2004 211 2142 244 initium
2162 211 2245 245 belli

1255 262 1362 301 sacri,
1398 262 1459 307 qui
1481 263 1547 296 fuit
1573 264 1695 296 tertius
1718 262 1873 295 decimus
1899 274 2012 296 annus
2036 261 2136 306 regni
2160 260 2244 296 Phi-

1257 312 1362 356 lippi,
1397 325 1457 346 rex
1490 314 1526 346 in
1551 312 1731 347 Thessalia
1759 314 1889 346 bellum
1914 325 2056 356 gerens,
2090 313 2138 346 ibi
2163 325 2243 347 cum

1256 362 1488 397 Onomarcho
1506 365 1695 408 pugnavit,
1724 365 1782 410 qui
1809 365 1879 397 dux
1901 370 1973 396 erat
1993 362 2243 404 Phocensium,

1257 421 1291 447 et
1308 414 1381 447 acie
1398 414 1528 447 xictum
1546 416 1798 459 strangulavit;
1827 416 1986 448 nondum
2017 421 2134 448 tamen
2159 427 2242 459 pro-

1257 477 1394 508 gressus
1413 472 1464 499 est
1480 465 1515 497 in
1530 464 1724 500 Phociden.
1775 466 1912 499 Deinde
1929 478 2023 498 anno
2040 477 2137 499 nono
2149 492 2158 505 ,
2192 465 2244 498 vi-

1258 516 1382 549 delicet
1403 516 1459 550 14.
1475 514 1654 560 Philippi,
1681 530 1758 549 cum
1776 515 1944 561 Phayllus
1962 518 2032 549 dux
2048 523 2135 551 esset
2147 513 2241 549 Pho-

1257 567 1435 606 censium,
1477 567 1647 610 processit
1677 565 1862 611 Philippus
1894 568 1983 600 intra
2020 568 2139 612 l'ylas3
2182 568 2241 600 sed

1259 617 1398 651 auxiliis
1423 615 1693 651 Atheniensium
1717 630 1896 662 repressus
1919 617 2007 651 nihil
2032 625 2115 651 tunc
2139 618 2243 661 gessit

1258 675 1458 701 memoratu
1489 669 1656 712 dignum,
1697 682 1736 701 ac
1771 668 1888 702 statim
1920 670 1956 701 in
1992 669 2241 703 Macedoniam

1258 731 1418 753 reversus
1434 720 1533 752 duxit
1552 719 1743 753 exercitum
1760 720 1795 752 in
1812 717 2016 753 Thraciam.

1358 771 1464 803 Anno
1490 771 1615 816 quinto
1640 770 1777 803 decimo
1796 768 1974 815 Philippi,
2009 770 2069 816 qui
2093 770 2162 804 fuit'
2181 782 2243 803 an—

1257 832 1323 855 nus
1337 821 1473 864 primus
1488 821 1712 866 Olympiadis
1733 821 1942 855 centesimae
1960 828 2105 854 octavae
2118 848 2127 862 ,
2163 833 2241 854 cuni

1257 870 1457 906 Phocenses
1475 874 1562 906 duce
1578 871 1754 906 Phalaeco
1770 873 1904 906 felicius
1922 878 2084 916 gererent
2099 872 2242 912 bellum,

1259 930 1292 955 et
1321 931 1538 957 accerserent
1569 923 1935 957 Lacedaemoniorum
1965 923 2116 963 auxilia,
2149 921 2243 956 The-

1259 974 1342 1006 bani
1367 982 1495 1008 vocant
1516 973 1722 1020 Philippum
1749 975 2002 1015 Macedonem,
2037 980 2071 1007 et
2097 986 2176 1007 cum
2199 977 2241 1014 §o

1258 1025 1460 1059 societatem
1484 1025 1628 1060 faciunt.
1680 1025 1849 1060 Laetatus
1871 1024 1937 1059 hac
1960 1025 2143 1059 occasione
2160 1022 2245 1058 Phi-

1258 1077 1393 1121 lippus,
1420 1077 1626 1121 praesertim
1647 1090 1724 1111 cum
1753 1090 1918 1122 magnam
1935 1076 2139 1111 Thessaliae
2163 1088 2244 1121 par-

1259 1134 1328 1160 tem
1359 1128 1532 1161 domitam
1558 1129 1629 1161 iam
1654 1135 1808 1169 teneret,
1841 1129 2031 1163 instructus
2056 1126 2245 1161 Thessalo-

1258 1191 1337 1212 rum
1364 1185 1397 1212 et
1414 1179 1651 1213 Macedonum
1678 1180 1850 1221 exercitu,
1885 1180 1982 1213 venit
2005 1180 2099 1212 intra
2125 1179 2243 1224 Pylas,

1258 1242 1408 1275 cumque
1436 1229 1631 1264 Phalaecus
1656 1231 1828 1275 imparem
1852 1243 1888 1264 se
1912 1243 1983 1265 esse
2010 1231 2147 1263 videret
2170 1236 2243 1263 tam

1258 1281 1382 1314 validis
1399 1282 1528 1325 copiis,
1565 1294 1686 1325 pacem
1706 1288 1827 1326 petens
1843 1282 1999 1316 discessit
2014 1282 2052 1314 in
2066 1281 2244 1325 Pelopon-

1257 1344 1393 1365 nesum.
1446 1330 1646 1366 Phocenses
1662 1333 1768 1376 igitur
1784 1333 1858 1366 sine
1877 1332 2069 1365 certamine
2093 1332 2243 1365 deditio-

1257 1395 1337 1415 nem
1356 1384 1532 1423 fecerxmt,
1561 1384 1688 1429 quibus
1704 1385 1867 1427 adempta
1883 1390 1933 1417 est
1949 1395 2023 1416 non
2041 1383 2156 1417 solum
2183 1395 2243 1416 au-

1258 1434 1382 1467 toritas
1396 1435 1540 1478 regendi
1564 1435 1705 1478 templi,
1741 1435 1801 1467 sed
1826 1434 1932 1466 etiam
1956 1434 2122 1475 libertas,
2149 1433 2244 1467 muri

1258 1485 1473 1529 oppidorum
1494 1485 1601 1518 diruti
1628 1491 1728 1524 sunt,
1757 1485 1859 1518 multi
1884 1485 1976 1518 cives
1999 1485 2091 1529 pulsi
2115 1485 2244 1530 patria,

1256 1536 1426 1582 reliquiae
1446 1536 1480 1569 in
1496 1549 1605 1582 pagos
1623 1536 1830 1571 distributae
1853 1543 1952 1577 sunt,
1980 1543 2014 1570 et
2037 1536 2245 1581 impositum

1257 1590 1450 1632 tributum,
1492 1597 1531 1625 ut
1563 1590 1755 1637 quotannis
1788 1589 1966 1624 solverent
2009 1587 2057 1622 60
2099 1587 2244 1621 talenta.

1255 1640 1423 1687 Philippo
1447 1643 1617 1676 traditum
1644 1648 1696 1676 est
1715 1642 1769 1676 ius
1791 1642 1944 1675 duorum
1966 1639 2182 1673 calculorum
2206 1637 2244 1676 isa

1256 1694 1406 1727 concilio
1428 1692 1749 1739 Amphictyonico,
1790 1693 1888 1738 quod
1917 1697 2019 1725 antea
2044 1688 2244 1727 habuerant

1255 1743 1467 1779 Phocenses.
1520 1745 1587 1778 Hic
1602 1745 1680 1780 finis
1697 1744 1764 1778 fuit
1777 1744 1862 1777 belli
1876 1743 1985 1783 sacri,
2012 1742 2129 1787 primo
2146 1753 2242 1776 anno

1256 1796 1479 1842 Olympiadis
1497 1797 1601 1837 108„
1628 1803 1668 1830 ut
1685 1796 1813 1830 diserte
1836 1794 1953 1841 inquit
1969 1793 2244 1841 Pausanias²³)‚

1255 1848 1431 1893 rediitque
1447 1846 1634 1893 Philippus
1650 1848 1687 1880 in
1706 1846 1928 1880 Thessaliam
1951 1846 2079 1879 omissa
2105 1844 2242 1890 reliqua

1256 1900 1417 1934 Graecia.
1454 1899 1651 1943 Scripserat
1668 1898 1762 1932 enim
1779 1896 2072 1937 Atheniensibus,
2090 1902 2130 1930 ut
2145 1895 2243 1942 quie-

1255 1957 1410 1990 scerent,
1438 1950 1499 1996 qui
1516 1950 1628 1995 etipsi
1646 1962 1768 1995 pacem
1788 1961 1865 1982 cum
1890 1960 1930 1982 eo
1956 1948 2123 1982 fecerant,
2174 1946 2245 1980 Re-

1256 2002 1389 2047 liquam
1409 2001 1516 2045 igitur
1535 2000 1754 2035 Thessaliam
1774 2000 1902 2044 partim
1924 1999 2084 2039 domuit,
2110 1998 2240 2043 partim

1255 2052 1457 2087 foederibus
1474 2053 1541 2087 sihi
1567 2052 1738 2086 adiunxit.
1792 2050 2027 2096 Sequentibus
2051 2049 2153 2084 annis
2171 2049 2242 2084 Eu·

1255 2105 1383 2138 boeam
1416 2103 1616 2144 constituit,
1652 2110 1686 2136 et
1717 2100 1928 2135 Perinthum
1963 2108 1997 2135 et
2026 2100 2240 2147 Byzantium

1257 2155 1488 2200 oppugnavit.
1541 2154 1701 2200 Cumque
1720 2153 1893 2199 Byzantio
1909 2152 2040 2187 auxilia
2064 2151 2242 2186 misissent

1255 2205 1508 2247 Athenienses,
1549 2204 1736 2250 Philippus
1766 2205 1899 2238 destitit
1929 2215 2135 2249 oppugnare
2161 2215 2239 2237 eam

1255 2258 1400 2298 urbem,
1421 2265 1455 2291 et
1471 2270 1593 2302 pacem
1611 2270 1690 2290 cum
1710 2256 1854 2290 Graecis
1867 2256 1959 2290 fecit.
2004 2256 2131 2289 Postea
2151 2254 2242 2288 rnul-

1256 2316 1312 2342 tae
1344 2309 1512 2355 utrinque
1545 2308 1758 2342 offensiones
1791 2307 2002 2341 inciderunt.
2076 2306 2237 2340 Tandem

1255 2372 1339 2393 vero
1357 2372 1452 2393 anno
1470 2359 1573 2393 tertio
1592 2366 1625 2392 et
1645 2359 1831 2399 vicesimo,
1860 2358 1921 2404 qui
1944 2359 2009 2392 fuit
2033 2369 2147 2393 annus
2168 2363 2239 2391 ter-

1254 2411 1322 2445 tius
1340 2410 1562 2457 Olympiadis
1583 2412 1599 2445 1
1612 2412 1669 2444 10.
1686 2417 1719 2444 et
1734 2410 1831 2444 urbis
1848 2410 1984 2443 Romae
2009 2421 2123 2443 annus
2139 2407 2238 2449 414„

1252 2469 1471 2507 postremum
1486 2462 1616 2496 bellurn
1631 2489 1639 2501 ,
1667 2462 1703 2495 in
1728 2475 1799 2507 quo
1824 2462 1868 2495 ad
1885 2459 2129 2495 Chaeroneam
2155 2459 2239 2492 victi

1252 2520 1334 2547 sunt
1349 2512 1511 2547 Thebani
1529 2519 1561 2546 et
1578 2511 1811 2547 Athenienses
1826 2525 1955 2557 magno
1976 2511 2113 2557 proelio
2125 2538 2134 2552 ‚
2162 2522 2238 2545 mo-

1252 2570 1325 2598 tum
1348 2571 1408 2598 est.
1462 2563 1691 2598 Intervallum
1711 2564 1819 2608 igitur
1845 2564 1938 2597 inter
1962 2564 2138 2608 primum,
2166 2574 2242 2608 quo

1251 2622 1352 2648 antea
1364 2613 1551 2659 Philippus
1572 2617 1616 2649 ad
1634 2616 1888 2660 opprimendos
1899 2613 2098 2648 Phocenses
2113 2626 2132 2646 a
2144 2611 2242 2646 The-

1283 2732 1333 2761 2⁸)
1355 2733 1472 2758 Pausan.
1492 2733 1528 2757 X.
1547 2733 1572 2758 3.
