2294 2975
71 134 124 172 6⁵

62 221 178 257 ‚Ratio
203 233 222 254 a
247 218 467 265 gratitudine
483 217 642 252 Milonis.

62 270 281 320 aecor-3⁴5]
308 270 341 305 A
356 282 419 306 sua
437 281 604 316 persona.

169 321 252 369 §.5.
281 325 372 368 Byo,
406 323 444 357 αἱ
460 327 492 357 te
506 317 702 368 viden-2⁴⁴)]
730 316 942 359 ἀποδίωξις.
981 317 1067 351 Am-

61 376 234 421 plificatio
258 386 322 420 per
345 371 689 419 translationem‘ffi).
798 373 910 405 Unum
932 370 993 404 lwc
1019 370 1069 403 nic

60 425 200 475 habeto]
226 425 530 460 Artificiosissima
553 422 783 471 amplificatio
813 434 855 457 ex
875 421 1066 455 collatione

59 478 186 514 salutis
203 485 238 513 et
251 477 407 524 pietatis.

721 217 818 254 Miluo·
837 228 915 251 vero
935 221 1069 251 tantun·

278 564 413 599 Aliud
449 568 764 608 argumentum
783 559 842 606 ω).

167 633 264 668 Haec
292 632 442 679 epistola
478 643 547 665 una
578 637 630 665 est
663 642 704 664 ex
737 627 1065 675 praestantissimis,

67 697 159 732 quae
181 685 433 731 anteponenda
459 690 510 718 est
537 682 659 717 multis
678 681 775 721 aliis,
804 680 960 713 maxime
979 691 1064 713 vero

66 737 154 777 illis,
188 748 278 784 quas
300 735 441 782 scripsit
464 736 509 769 ad
530 746 701 774 uxorem,
733 733 867 771 filium,
897 731 1063 765 libertum

66 801 171 824 suum
188 789 385 828 Tironem,
412 787 587 827 Acilium,
615 792 650 819 et
674 785 720 818 ad
746 784 936 829 plerosque
962 782 1064 822 alios,

65 852 159 886 quae
169 840 217 886 Η)
233 852 357 874 omnes
372 852 447 873 non
463 845 546 873 sunt
563 836 672 873 simili
692 847 775 870 cura
798 841 832 868 et
848 841 923 867 arte
945 834 1064 867 elabo-

63 898 164 926 ratae
177 919 186 933 ‚
212 892 515 939 quemadmodum
534 895 586 923 est
601 886 689 922 haec
711 898 879 932 praesens
902 885 1064 931 epistola,

64 942 104 976 in
136 955 206 989 qua
237 944 359 976 omnia
393 941 587 987 exquisite,
626 945 810 978 accurate,
853 944 887 971 et
913 937 1064 971 feliciter

64 994 196 1039 scripta
212 1001 314 1033 sunt,
340 1006 382 1028 ex
399 1005 471 1039 quo
488 1003 617 1037 genere
639 996 692 1025 est
714 990 774 1023 illa
802 989 951 1034 epistola
979 1001 1063 1034 pro-

63 1045 133 1079 lixa
162 1046 207 1079 ad
234 1044 427 1079 Lentulum
451 1044 489 1077 in
511 1044 602 1077 libro
627 1042 757 1087 primo.
811 1040 898 1074 Item
927 1041 1062 1087 plerae-

62 1109 131 1143 que
165 1098 211 1130 ad
247 1096 410 1130 Marcum
436 1095 639 1129 Varronem
673 1094 711 1126 in
744 1104 842 1126 nono
873 1092 987 1133 libro,
1029 1098 1064 1125 et

60 1147 142 1188 illa,
185 1159 277 1194 quae
302 1147 433 1192 scripta
456 1153 508 1181 est
536 1147 581 1180 ad
600 1144 772 1180 Luceium
798 1143 890 1178 libro
923 1144 1063 1191 quinto,

62 1199 101 1232 in
117 1212 187 1245 qua
205 1206 356 1234 conatur
373 1199 610 1244 persuadere,
645 1203 685 1230 ut
706 1208 762 1231 res
789 1195 865 1242 21⁴⁸)
887 1209 922 1230 se
948 1203 1062 1240 gestas

61 1250 138 1296 ipse
155 1250 282 1285 litteris
299 1251 455 1284 mandet.
508 1249 573 1283 Est
589 1255 708 1282 autem
734 1247 873 1292 generis
896 1247 1062 1288 suasorii,

60 1302 212 1348 epistola
230 1301 397 1348 petitoria
410 1328 419 1343 ,
444 1312 514 1348 qua
539 1300 769 1334 commendat
787 1297 938 1332 Curioni
954 1298 1063 1333 Milo-

61 1365 143 1387 nem
172 1366 354 1389 summum
379 1365 484 1388 suurn
512 1352 686 1391 amicum,
723 1357 761 1385 ut
789 1363 870 1384 eum
905 1350 943 1383 in
973 1351 1061 1396 peti-

61 1405 160 1439 tione
178 1406 384 1440 consulatus
398 1403 499 1438 omni
513 1404 631 1438 studio
651 1415 691 1436 ac
706 1403 774 1436 fide
792 1401 947 1436 adiuvet.
992 1402 1061 1436 Ex-

62 1457 205 1491 ordium
223 1463 407 1502 sumptum
426 1462 478 1490 est
492 1467 511 1488 a
530 1455 777 1500 magnitudine
804 1455 958 1498 negotii,
995 1461 1061 1488 est-

59 1521 130 1555 que
149 1508 348 1548 excusatio,
377 1520 439 1542 cur
460 1514 534 1541 tam
560 1507 631 1541 cito
653 1506 789 1540 litteras
813 1505 956 1539 obviam
980 1506 1061 1539 mit-

59 1566 130 1601 tat,
158 1566 192 1594 et
207 1572 282 1593 non
297 1559 418 1606 potius
435 1565 593 1604 expectet
610 1559 684 1592 eius
702 1558 895 1591 adventum
908 1584 917 1597 ,
952 1570 1059 1604 quem

59 1611 193 1646 sciebat
208 1611 280 1645 iam
298 1624 372 1646 esse
397 1611 437 1644 in
458 1611 598 1646 itinere.
650 1608 890 1644 Excusatione
916 1609 1061 1643 additur

60 1664 160 1698 locus
201 1662 415 1708 captationis
446 1661 720 1696 benevolentiae
752 1673 770 1694 a
804 1661 876 1695 suis
910 1662 1060 1703 meritis,

61 1727 154 1760 quae
176 1721 364 1754 extenuat,
399 1720 433 1747 et
455 1714 569 1747 utitur
593 1713 732 1748 erudita
757 1712 980 1755 inversione,
1015 1728 1059 1749 ne

59 1766 226 1800 videatur
242 1777 429 1811 reposcere
454 1765 605 1809 gratiam
632 1776 698 1809 pro
724 1764 872 1799 meritis.
925 1765 1059 1813 Estque

58 1815 146 1852 haec
177 1830 317 1852 summa
350 1816 582 1851 inversionis:
624 1815 709 1850 Non
734 1815 814 1849 ideo
840 1814 907 1849 hoc
928 1818 1059 1852 benefi-

58 1869 152 1904 cium
170 1870 232 1904 abs
248 1876 280 1903 te
298 1874 400 1914 peto,
428 1869 526 1915 quod
543 1875 576 1902 te
594 1865 682 1900 mihi
705 1867 833 1901 debere
851 1867 888 1901 id
910 1870 955 1902 ob
981 1883 1058 1903 mea

58 1921 187 1955 merita
205 1927 325 1967 putem
340 1948 350 1961 ,
377 1921 439 1955 sed
457 1920 540 1966 quia
561 1926 599 1954 tu
617 1926 720 1952 antea
742 1931 797 1952 me
816 1920 936 1955 multis
953 1921 1059 1955 bene-

57 1973 145 2008 ficiis
159 1973 325 2012 affecisti,
353 1979 388 2006 et
407 1973 504 2018 quod
521 1971 626 2017 cupio
642 1971 707 2004 tihi
731 1983 838 2017 quam
861 1972 1056 2016 plurimum

58 2025 200 2060 debere.
269 2024 439 2059 Narratio
467 2035 610 2058 causam
636 2023 795 2057 continet
818 2023 872 2057 sui
906 2025 1058 2066 consilii,

59 2089 172 2124 quare
197 2076 346 2111 sollicite
372 2075 570 2109 intercedat
594 2088 660 2121 pro
679 2075 835 2115 Milone,
873 2076 1058 2117 nimirum,

57 2130 157 2175 quod
172 2128 293 2174 cupiat
308 2127 340 2161 ei
359 2127 511 2162 vicissim
526 2128 676 2161 reddere
692 2127 844 2172 gratiam
855 2154 864 2167 ,
900 2141 971 2174 quo
997 2129 1059 2162 tri-

56 2181 155 2215 buno
180 2179 334 2214 maxima
360 2180 465 2213 laude
491 2179 572 2213 exul
595 2179 779 2213 restitutus
801 2179 856 2213 sit.
920 2179 1058 2214 Deinde

58 2239 259 2279 sequuntur
292 2233 364 2265 duo
399 2237 609 2275 argumenta
647 2243 665 2264 a
698 2230 858 2276 possibili
894 2238 927 2265 et
951 2233 1058 2267 facili.

57 2284 189 2319 Postea
207 2289 258 2318 est
273 2282 420 2328 petitio,
450 2295 542 2329 quae
559 2283 647 2316 duas
670 2280 777 2316 habet
801 2283 979 2324 rationes,
1009 2285 1058 2317 al·

57 2341 132 2369 tera
153 2341 203 2369 est
227 2347 244 2367 a
269 2333 487 2378 gratitudine
504 2334 670 2375 Milonis,
711 2335 822 2369 altera
846 2347 865 2368 a
891 2348 952 2370 sua
979 2349 1057 2382 per-

92 2444 141 2477 4³)
162 2444 288 2474 decoris]
308 2444 356 2468 Ed.
378 2444 452 2468 1540.
471 2445 560 2471 decet.

93 2490 142 2517 44)
159 2488 273 2517 videre]
292 2487 376 2512 Editt.
397 2488 473 2511 1540.
492 2490 518 2512 et
539 2489 625 2520 1544„
645 2489 733 2519 ¹554„
754 2488 828 2514 1557.
848 2490 913 2521 (hae
932 2492 990 2514 tres
1009 2496 1056 2515 so-

126 2524 182 2547 lum
200 2523 227 2546 in
247 2522 340 2546 verbis
359 2522 531 2547 annotationi
549 2522 710 2554 praefixis):
736 2524 872 2549 viderem.

92 2565 140 2597 45)
160 2566 234 2590 Haec
253 2567 318 2590 uota
337 2565 362 2589 in
382 2565 468 2590 Editt.
485 2565 578 2596 1545.‚
599 2567 672 2590 1560.
693 2567 782 2591 deest.

92 2610 140 2638 46)
159 2610 217 2633 Hoc
234 2610 425 2641 argumentum
444 2609 472 2633 et
490 2609 542 2634 duo
561 2610 705 2640 sequentia
724 2612 757 2634 ab
776 2610 858 2635 Editt.
876 2612 967 2643 1556.,
990 2611 1056 2636 1565

127 2643 244 2668 -1596.
264 2644 432 2668 exhibentur.

92 2686 139 2719 4⁷)
159 2688 242 2717 quae]
263 2687 303 2711 sic
321 2687 369 2711 Ed.
386 2686 480 2715 1556.;
506 2687 555 2711 Ed.
574 2687 647 2712 157⁷.
667 2689 746 2719 qui83
772 2688 853 2713 Editt.
872 2689 958 2719 1565„
980 2690 1054 2714 1569.

125 2723 268 2752 corrupte:
295 2728 382 2752 quem.

92 2764 139 2793 48]
157 2765 188 2793 a]
209 2764 257 2788 Ed.
279 2764 352 2788 1557.
373 2764 413 2787 ab.

60 2807 243 2840 Mamm-u.
261 2806 366 2837 Ori-m.
400 2806 484 2837 VoL.
502 2806 607 2837 xvu.

214 131 337 169 xxm.
389 131 702 168 ARGUMENTA
736 130 801 165 ET
835 127 1040 165 SCHOLIA
1070 128 1119 166 IN
1151 127 1301 164 EPIST.
1332 128 1447 164 FAM.
1481 129 1566 165 CIC.
1608 130 1696 166 Lus.
1722 130 1764 166 11.
1799 130 1870 167 ΕΡ.
1892 131 1928 170 4.
1953 130 1988 167 5.

1121 227 1221 250 sona.
1282 215 1474 251 Conclusio
1497 217 1656 262 primum
1681 215 1788 251 habet
1811 216 2034 260 ἀποδίωξιν,
2067 229 2124 254 te-

1122 267 1310 301 iectionem
1345 269 1670 304 commendationis
1698 281 1765 314 pro
1799 268 1953 307 Milone:
1993 270 2122 305 deinde

1121 318 1264 352 brevem
1289 320 1540 366 repetitionem
1553 320 1601 366 ⁸⁹)
1636 320 1819 366 petitionis
1858 333 1922 355 seu
1956 322 2120 367 proposi-

1121 370 1241 406 tionis.

1374 457 1505 491 Aliud
1542 464 1873 502 argumentum.

1224 524 1407 571 Principio
1428 533 1479 560 est
1502 526 1725 560 exordiolum
1753 526 1939 561 continens
1962 538 2118 567 causam,

1121 587 1184 609 cur
1202 582 1274 609 tam
1294 576 1364 610 cito
1388 577 1508 611 mittat
1532 577 1680 612 litteras.
1740 577 1831 612 Huic
1854 579 1998 613 additur
2022 579 2120 612 aliud

1120 627 1328 667 exordium,
1377 630 1474 674 quod
1509 636 1560 663 est
1588 629 1775 674 proprium
1808 642 1953 670 causae,
1996 635 2118 676 estque

1118 685 1301 724 sumptum
1319 692 1361 713 ex
1378 680 1597 714 inversione:
1636 681 1706 713 Alii
1731 681 1966 716 confidentius
1991 688 2118 727 petunt

1118 736 1267 775 propter
1295 743 1358 765 sua
1393 732 1540 772 merita,
1577 744 1642 776 ego
1668 739 1793 767 contra
1815 733 1896 767 ideo
1922 740 2006 779 peto
2034 746 2116 767 con-

1117 781 1304 822 fidentius,
1339 783 1422 829 quia
1449 790 1507 818 tua
1533 783 1570 817 in
1594 797 1652 817 me
1672 784 1842 818 beneficia
1859 785 1996 819 maiora
2023 792 2117 825 sunt,

1118 845 1225 879 quam
1247 845 1326 868 mea
1341 835 1378 868 in
1395 841 1439 869 te.
1492 834 1538 869 Et
1557 836 1657 869 addit
1675 836 1984 871 confirmationem
2007 849 2025 870 a
2053 849 2115 872 sua

1117 884 1346 929 gratitudine.
1400 886 1540 921 Deinde
1557 894 1609 922 est
1626 888 1806 928 narratio,
1833 889 1917 934 quid
1935 895 2027 934 agat,
2055 895 2116 923 aut

1117 936 1203 982 quid
1220 944 1337 982 petat,
1366 939 1402 971 in
1421 951 1489 985 qua
1511 939 1666 986 denique
1682 951 1720 973 re
1737 940 1780 974 sit
1797 940 1863 974 sibi
1892 953 1982 986 opus
2007 952 2116 985 opera

1117 988 1284 1024 Curionis
1295 1016 1303 1028 ,
1332 996 1455 1037 estque
1469 991 1698 1037 praeparatio
1715 990 1802 1026 haec
1816 993 1978 1026 narratio
1998 993 2042 1025 ad
2058 1004 2117 1037 pe-

1116 1040 1293 1076 titionem.
1346 1041 1600 1077 Nan—ationem
1625 1044 1786 1090 sequitur
1810 1044 2009 1089 propositio
2032 1056 2117 1077 con-

1116 1091 1232 1127 tinens
1256 1092 1487 1138 petitionem,
1524 1103 1558 1129 et
1582 1095 1820 1131 subiiciuntur
1841 1098 1933 1131 duae
1960 1095 2117 1130 rationes

1117 1155 1136 1176 a
1168 1143 1315 1179 Milonis
1348 1152 1382 1179 et
1409 1159 1472 1181 sua
1503 1147 1731 1192 gratitudine.
1807 1146 1980 1194 Epilogus
2008 1145 2117 1181 habet

1116 1196 1399 1240 praecisionem,
1450 1210 1541 1246 quae
1579 1206 1630 1234 est
1665 1201 1842 1246 quaedam
1873 1200 2116 1245 amplificatio,

1117 1247 1173 1281 cui
1199 1255 1250 1282 est
1274 1249 1395 1283 addita
1421 1251 1457 1283 in
1486 1251 1574 1291 fine,
1618 1258 1652 1285 et
1681 1251 1790 1285 altera
1824 1252 2113 1286 artificiosissima

1116 1300 1347 1345 amplificatio
1373 1313 1414 1335 ex
1438 1302 1628 1336 collatione
1653 1303 1776 1338 salutis
1802 1310 1836 1337 et
1858 1304 2011 1349 pietatis.

1359 1387 1499 1422 Aliud
1535 1397 1868 1433 argumentum.

1218 1455 1315 1490 Haec
1331 1457 1480 1502 epistola
1498 1464 1549 1492 est
1570 1458 1758 1503 petitoria,
1793 1467 1827 1494 et
1851 1463 1895 1495 ad
1921 1473 2031 1506 genus
2055 1464 2115 1496 ae-

1114 1508 1341 1542 liherativum
1365 1509 1531 1555 pertinet.
1584 1510 1884 1547 Ambitiosissime
1909 1516 2003 1550 enim
2029 1519 2113 1552 scri-

1112 1560 1166 1594 bit
1185 1561 1228 1594 ad
1245 1560 1439 1595 Curionem
1460 1562 1625 1596 iuvenem
1638 1563 1826 1599 florentem
1838 1593 1847 1606 ,
1885 1573 1918 1600 et
1938 1581 2043 1614 quem
2062 1571 2113 1603 vi-

1114 1613 1221 1647 debat
1240 1613 1276 1646 in
1294 1625 1423 1658 magna
1441 1615 1536 1659 apud
1558 1627 1681 1649 omnes
1697 1617 1812 1660 gratia
1830 1630 1922 1659 esse,
1950 1627 1984 1653 et
2002 1622 2113 1654 maxi-

1114 1677 1190 1699 mas
1211 1665 1304 1699 faces
1328 1663 1474 1699 adhibet
1507 1668 1550 1700 ad
1588 1666 1682 1701 illius
1708 1670 1868 1704 animum
1900 1683 2112 1715 permoven-

1114 1718 1198 1751 dum
1211 1742 1219 1756 ,
1248 1723 1288 1751 ut
1301 1729 1366 1751 suo
1383 1717 1554 1763 suffragio
1575 1718 1749 1753 Milonem
1769 1721 1806 1754 in
1830 1723 2004 1767 petitione
2028 1738 2112 1759 con-

1113 1769 1247 1803 sulatus
1272 1768 1396 1803 iuvare
1420 1769 1514 1804 velit.
1576 1770 1749 1816 Cupiebat
1772 1774 1866 1808 enim
1895 1774 2018 1810 Cicero
2044 1777 2112 1810 Mi-

1112 1821 1188 1854 loni
1206 1821 1337 1855 referre
1354 1822 1504 1866 gratiam
1517 1849 1526 1862 ,
1555 1823 1616 1869 qui
1631 1836 1734 1858 suum
1752 1826 1975 1862 tribunatum
1992 1830 2036 1863 ad
2058 1843 2112 1865 sa-

1112 1873 1223 1906 lutem
1243 1872 1426 1907 Ciceronis
1441 1874 1652 1909 contulerat.
1708 1877 1797 1911 Milo
1823 1885 1943 1913 tamen
1965 1893 1982 1914 a
2004 1882 2111 1916 Pom-

1112 1924 1193 1970 peio
1210 1925 1381 1966 desertus,
1400 1926 1535 1960 destitit
1550 1939 1568 1959 a
1588 1927 1762 1971 petitione
1779 1933 1994 1967 consulatus.
2024 1934 2112 1970 Post

1113 1977 1159 2010 ob
1177 1976 1295 2010 Clodii
1310 1979 1454 2011 caedem
1474 1978 1672 2012 Massiliam
1692 1980 1727 2013 in
1746 1981 1889 2016 exilium
1907 1985 2005 2019 abiit.
2041 1985 2111 2020 Ex-

1113 2028 1254 2062 ordium
1273 2036 1456 2074 sumptum
1474 2038 1524 2065 est
1540 2042 1558 2062 a
1577 2032 1822 2074 magnitudine
1839 2046 1983 2069 causae:
2012 2036 2110 2072 Tan-

1112 2087 1187 2114 tum
1206 2092 1279 2115 esse
1296 2081 1480 2125 negotium
1495 2109 1503 2122 ‚
1531 2088 1582 2121 ut,
1606 2082 1746 2118 etiamsi
1762 2085 1849 2118 sciat
1859 2085 2052 2121 Curionem
2072 2090 2109 2123 in

1113 2132 1239 2166 itinere
1264 2144 1356 2173 esse,
1392 2140 1512 2167 tamen
1535 2145 1608 2167 non
1634 2136 1792 2180 potuerit
1817 2137 1890 2172 eius
1914 2140 2108 2175 adventum

1112 2190 1307 2230 expectare.
1376 2184 1514 2219 Deinde
1540 2187 1810 2231 occupationem
1840 2190 1956 2231 addit,
1987 2204 2031 2225 ne
2058 2194 2108 2226 vi-

1112 2238 1239 2271 deatur
1263 2249 1448 2282 reposcere
1472 2238 1624 2282 gratiam
1654 2251 1672 2271 a
1701 2240 1874 2274 Curione:
1920 2242 2002 2277 Non
2026 2245 2107 2279 ideo

1111 2296 1194 2334 peto
1215 2302 1233 2321 a
1252 2295 1285 2322 te
1305 2289 1535 2330 beneficium,
1563 2292 1658 2336 quod
1681 2297 1713 2324 te
1738 2290 1826 2325 mihi
1850 2292 1885 2326 id
1910 2295 2039 2330 debere
2062 2299 2109 2331 ob

1111 2354 1188 2375 mea
1207 2340 1335 2374 merita
1351 2348 1487 2387 putem,
1515 2343 1575 2376 sed
1593 2344 1688 2388 quod
1705 2344 1808 2389 cupio
1826 2345 1889 2378 tihi
1906 2359 2013 2393 quam
2030 2349 2107 2394 plu-

1110 2393 1242 2427 rimum
1270 2394 1410 2427 debere.
1478 2393 1605 2428 Postea
1630 2402 1755 2429 narrat
1775 2409 1879 2431 suum
1907 2400 2107 2443 consilium,

1111 2457 1173 2479 cut
1195 2445 1369 2479 Milonem
1395 2446 1513 2490 cupiat
1537 2446 1671 2480 iuvare.
1732 2447 1894 2483 Tandem
1916 2454 2105 2497 proponit:

1110 2497 1186 2530 Oro
1212 2497 1338 2541 igitur,
1380 2503 1417 2529 ut
1441 2509 1520 2531 eum
1547 2497 1670 2531 iuvare
1692 2499 1788 2534 velis.
1850 2502 1961 2536 Addit
1986 2512 2104 2539 autem

1110 2550 1196 2583 duas
1214 2549 1390 2589 rationes,
1426 2549 1573 2581 alteram
1599 2561 1617 2582 a
1638 2550 1803 2592 Milonis,
1839 2554 1987 2588 alteram
2007 2569 2023 2589 a
2042 2570 2103 2591 sua

1109 2601 1337 2643 gratitudine.
1393 2598 1431 2632 In
1451 2601 1519 2633 fine
1538 2601 1634 2634 addit
1654 2602 1860 2638 clausulam.

1144 2730 1196 2788 ⁴⁹2*
1209 2731 1415 2759 repetitionem]
1436 2730 1475 2755 sic
1491 2731 1573 2755 Editt.
1592 2732 1799 2762 1585-Ιὸ77.;
1818 2734 1865 2758 Ed.
1882 2735 1956 2761 1556.
1977 2738 2105 2768 expecta-

1191 2771 1276 2788 nonem
