2351 2990
127 115 205 150 997

172 196 491 244 Bellerophontem
511 197 703 243 occide⁹⁶)‚
719 203 780 231 aut
790 197 919 231 Proete
928 198 974 240 ⁹⁷)
995 198 1126 242 peribis
1147 204 1158 290 Ι

175 251 247 296 Qui
267 249 356 283 mihi
374 256 524 284 conatus
540 249 725 294 praesigne
744 250 883 283 auferre
901 250 1050 294 pudoris

175 302 364 336 Foeminei
386 303 502 335 decus.

232 371 322 404 Cum
340 370 414 415 ipsa
432 369 533 414 prior
547 368 810 402 adolescentem
829 370 873 402 ad
895 369 1124 402 concubitum

123 422 367 462 sollicitasset,
410 426 614 464 contempta
649 420 686 452 in
726 418 794 453 1100
836 420 1035 464 periculum
1072 420 1125 452 in-

123 473 244 515 duxit,
280 479 321 507 ut
353 485 432 505 cum
461 469 650 505 Chimaera
677 483 797 516 pugna
821 484 1029 516 congresso,
1064 483 1126 515 pa-

123 537 204 559 rum
235 523 409 564 abfuerit,
453 522 542 568 quin
574 522 718 556 victrice
745 523 856 557 bestia
887 523 1125 556 occumberet.

122 576 242 610 Tanta
268 586 385 620 poena
411 575 543 608 luenda
571 574 639 607 fuit
661 574 825 614 castitas,
861 576 1048 619 pudorque
1072 574 1125 607 iu-

121 627 268 667 venilis,
299 638 404 672 quem
420 623 555 670 hospiti
572 625 728 658 coniunx
743 626 904 659 adultera
921 632 1123 670 suspectum

119 680 266 712 fecerat.
320 677 445 710 Simile
463 677 634 723 quiddam
653 675 815 710 Phaedra
835 677 1042 721 privignum
1070 689 1125 709 ca-

119 729 318 769 lumniata,
362 728 496 770 effecit,
540 734 580 762 ut
609 728 673 761 filii
704 734 811 773 caput
840 735 942 773 pater
965 726 1124 762 Theseus

120 787 325 815 execratum
343 780 470 814 belluis
486 779 636 813 marinis
652 781 863 820 devoveret,
891 792 1124 826 quamquam,

120 845 141 866 o
161 832 302 877 superi,
330 829 421 865 nihil
441 843 608 876 prorsum
625 831 844 877 deliquisset.

225 884 274 918 At
290 883 429 929 inquiet
446 883 626 929 quispiam
643 882 707 929 93);
737 883 794 915 An
811 894 884 915 non
910 883 1038 926 dignus
1070 887 1124 915 est

117 935 187 969 fide
206 947 472 980 nonnunquam
490 934 564 974 vir,
593 941 772 967 caeterum
791 934 895 967 bonis
913 934 1074 967 moribus
1091 939 1124 966 et

118 993 217 1020 recto
234 986 402 1032 civilique
420 985 552 1019 iudicio
574 986 777 1030 praeditus,
806 985 868 1032 qui
891 985 1042 1019 alterum
1068 997 1124 1018 ac-

118 1037 243 1071 cusat}>
271 1038 356 1072 Non
372 1037 455 1071 licet
470 1037 533 1071 tali
556 1038 814 1077 auscultemus,
843 1038 952 1070 modo
976 1036 1124 1082 reliquis

116 1089 185 1123 sibi
202 1089 307 1123 malis
325 1090 462 1122 artibus
480 1088 715 1133 temperarit?
741 1089 815 1132 Age
834 1089 980 1135 inquam
992 1115 1001 1128 ,
1026 1095 1123 1121 estne

117 1141 208 1174 alius
238 1140 396 1175 Aristide
414 1140 461 1187 99)
495 1139 647 1174 iustior?
686 1139 745 1173 ille
772 1146 893 1174 tamen
915 1141 1123 1173 adversatus

119 1190 355 1226 Themistocli
372 1191 456 1239 ¹⁰⁰),
490 1198 615 1225 contra
642 1204 723 1225 euni
749 1192 875 1236 populi
902 1191 1042 1225 animos
1066 1203 1122 1224 ex-

118 1245 234 1284 acuit,
262 1244 398 1277 invidia
416 1244 552 1287 gloriae
578 1243 782 1288 popularis,
811 1250 851 1276 ut
875 1242 995 1283 aiunt,
1023 1242 1123 1275 velli-

118 1301 228 1329 catus.
280 1295 380 1329 Alias
410 1295 466 1327 vir
490 1295 606 1328 bonus
630 1294 823 1334 Aristides,
859 1306 983 1327 verum
1011 1292 1122 1327 homo

116 1353 212 1387 erat,
254 1358 320 1379 nec
343 1346 423 1379 felle
451 1347 586 1386 caruit,
628 1346 837 1391 solebatque
866 1357 988 1378 amare
1021 1345 1122 1384 alios,

117 1398 206 1431 alios
223 1398 351 1431 odisse.

115 1450 220 1483 mede
236 1450 372 1483 ferunt:
390 1449 681 1494 Sapientissimus
693 1448 878 1496 quidem¹)
899 1447 1120 1482 Achivorum

115 1513 157 1535 ac
174 1502 219 1535 ad
238 1513 294 1535 res
311 1500 399 1535 alias
415 1502 587 1545 gerendas
602 1502 877 1541 accommodus,
905 1500 1040 1534 invidia
1060 1500 1121 1532 fla-

117 1565 246 1598 grans,
288 1552 436 1586 insidias
468 1565 613 1597 parasse
638 1553 752 1586 fertur
780 1558 954 1597 cognato,
992 1552 1121 1592 3111100,

114 1606 161 1638 ad
177 1603 265 1638 haec
283 1604 441 1638 eiusdem
458 1604 543 1637 belli
559 1604 669 1638 socio.
720 1605 821 1637 Adeo
839 1611 988 1637 naturae
1005 1602 1121 1637 homi—

113 1669 202 1691 num
219 1656 397 1690 familiare
414 1663 484 1696 est,
512 1654 581 1689 hoc
599 1667 721 1689 errore
740 1656 824 1689 labi.
860 1656 997 1695 Porro,
1013 1667 1122 1701 quor-

116 1721 195 1743 sum
220 1708 397 1742 attinebat
421 1714 455 1741 et
477 1708 660 1741 Socratem
678 1708 709 1753 2)
736 1719 939 1748 recensere,
974 1707 1122 1740 insimu-

117 1761 230 1794 latum
265 1761 361 1805 apud
393 1760 569 1804 populum
591 1757 847 1793 Atheniensem
873 1759 1058 1793 seditionis
1089 1765 1123 1791 et

153 1895 202 1923 96)
222 1894 261 1918 ait
278 1893 378 1917 Antia:

192 1929 431 1959 Bellerophontem
465 1926 570 1959 occide]
604 1927 643 1950 sic
677 1929 751 1951 recte
780 1928 865 1951 Editt.
894 1926 961 1950 1518
980 1926 1122 1960 ——1543.,

190 1964 286 1992 1562,
315 1962 409 1991 1592.;
435 1962 521 1988 Editt.
548 1962 639 1987 ¹559..
669 1963 735 1985 1564
753 1974 787 1979 ——-
809 1962 900 1986 1552:
928 1962 983 1985 ait:

222 1998 306 2023 Antia
325 1998 567 2027 Bellerophontem
588 1997 690 2022 occide.

155 2049 202 2081 97)
229 2050 344 2077 Proete]
376 2049 417 2072 sic
442 2050 518 2072 recte
546 2049 628 2072 Editt.
658 2049 724 2071 1518
742 2048 888 2075 -1543.,
923 2048 1017 2075 1562.,
1048 2048 1123 2071 1592.

189 2093 221 2106 z:
241 2080 356 2115 Προῖτ”;
383 2084 467 2107 Editt.
488 2084 579 2115 1552,
618 2084 710 2115 1564.,
738 2083 813 2108 1570.
834 2083 952 2112 1’roete3
977 2083 1025 2106 Ed.
1047 2082 1123 2106 1537.

193 2119 308 2143 Poetae.

156 2171 204 2199 98)
225 2171 257 2193 Η.
276 2170 295 2195 l.
316 2168 343 2192 iu
366 2169 448 2192 Editt.
472 2170 563 2199 1535„
593 2170 666 2193 1513.
690 2171 753 2192 nuta
780 2169 896 2198 margin,
916 2169 1036 2199 ‚ilii-5115:
1067 2170 1123 2193 Ol)-

191 2205 282 2229 iectio.

155 2258 203 2289 99)
224 2256 361 2284 Aristide]
386 2255 427 2278 sic
447 2261 543 2279 omnes
562 2255 647 2280 Editt.
670 2256 780 2285 praeter
800 2256 848 2278 Ed.
871 2255 961 2283 1516„
988 2256 1030 2278 ubi
1051 2256 1122 2286 legi-

189 2293 248 2315 tur:
276 2291 409 2315 aristida,

158 2342 222 2374 100)
244 2344 276 2366 Η.
303 2343 320 2365 l.
349 2342 375 2365 iu
401 2342 450 2366 Ed.
479 2342 554 2367 1518.
583 2345 649 2365 nota
673 2343 806 2371 margia:
835 2343 905 2366 N'ide
931 2342 1069 2366 Plutarch.
1096 2342 1122 2365 111

191 2378 250 2401 vita
270 2377 399 2400 Themist.
430 2377 466 2404 [c.
493 2377 517 2399 3.
542 2377 600 2405 5.];
627 2377 653 2399 iu
681 2377 764 2401 mitt.
788 2377 878 2404 ¹559„
908 2378 1025 2400 1561-
1048 2377 1122 2402 1557.

192 2412 332 2436 Aristides
358 2413 457 2435 conti-a
484 2412 710 2439 Themistoclem:
748 2412 774 2435 111
802 2412 885 2435 Editt.
915 2412 1006 2439 maffia,
1048 2412 1121 2436 1543.

190 2449 256 2470 nota
274 2446 390 2476 margin.
410 2445 532 2475 Micylli:
558 2446 661 2470 Dilutio
680 2448 714 2470 ab
733 2447 876 2476 exemplis,

156 2500 186 2528 1)
208 2498 439 2528 sapientissimus
465 2497 587 2527 quidem]
614 2498 654 2521 sic
680 2498 761 2521 Editt.
789 2498 880 2525 1527..
909 2499 974 2522 1559
993 2510 1026 2514 -
1047 2499 1121 2524 1592,

193 2536 239 2562 (=
260 2533 371 2556 Luciam.
394 2529 406 2554 ὁ
430 2529 649 2561 συνετώτατος);
682 2533 766 2556 Εᾱίῐῐ.
794 2534 888 2562 1518,
925 2533 1016 2559 1538..
1048 2533 1122 2556 ¹5⁴3.

191 2567 421 2598 sapientissimus
441 2567 559 2596 quidam.

159 2619 189 2647 2)
210 2619 370 2646 Socratem]
398 2618 436 2641 sic
462 2624 556 2641 onmes
583 2618 686 2647 Edita,
715 2621 827 2649 excepta
855 2620 901 2642 Ed.
931 2619 1023 2644 1518..
1053 2626 1122 2649 quae

194 2654 293 2677 habet:
317 2654 460 2677 socraten.
1146 2645 1150 2664 1

435 111 508 147 XL.
548 110 951 147 INTERPRETATIO
980 109 1244 146 ORATIONIS
1272 110 1468 146 LUClAM
1496 111 1542 146 IN
1573 111 1876 147 CALUMNIAM.

409 1396 485 1430 Iam
511 1398 542 1431 si
565 1409 690 1431 verum
717 1403 788 1437 est,
824 1398 922 1443 quod
951 1397 994 1430 de
1017 1396 1121 1430 Pala-

1148 2163 1152 2219 !

1148 2232 1152 2501 1

2105 111 2180 148 998

1184 197 1378 242 impietatis
1393 198 1450 244 ³)?
1478 198 1574 243 Quid
1599 197 1876 232 Themistoclem
1904 205 1966 232 aut
1981 198 2182 232 Miltiadem

1183 256 1237 282 tot
1264 250 1375 294 partis
1399 250 1577 290 victoriis,
1611 250 1812 294 suspicione
1840 250 2053 294 proditionis
2079 257 2182 284 nota-

1181 300 1263 334 tos?
1290 301 1380 334 Sunt
1399 300 1493 334 enim
1513 302 1672 346 exempla
1690 302 1900 342 innumera,
1929 309 1962 335 et
1978 302 2083 345 vulgo
2109 302 2181 335 iam

1180 352 1351 398 pleraque
1368 364 1443 385 non
1459 353 1593 397 ignota.
1648 353 1745 398 Quid
1762 353 1870 397 igitur
1895 353 1999 386 faciet
2021 354 2076 386 vir
2098 366 2182 398 pru-

1180 404 1268 436 dens
1289 404 1326 436 in
1353 416 1391 437 re
1415 404 1657 449 znnbig11a'1)?
1693 417 1778 438 sane
1804 405 1953 449 opinor,
1989 406 2086 450 quod
2108 405 2182 438 Ho-

1180 467 1300 489 merus
1314 455 1351 487 in
1368 455 1534 488 Sirenum
1552 456 1671 488 sabula
1689 456 1719 503 5)
1741 457 1863 496 docet,
1891 455 2109 500 perniciosas
2129 463 2182 489 ta-

1178 505 1266 538 lium
1294 519 1501 540 sermonum
1529 507 1671 541 delicias
1698 507 1843 552 navigio
1865 513 2086 552 praetereat,
2121 508 2183 541 ob-

1180 563 1275 590 turet
1289 557 1322 603 6)
1349 570 1470 598 aures,
1512 570 1577 591 nec
1610 559 1741 603 passim
1775 559 1913 604 aperiat
1944 560 2085 593 affectui
2110 559 2182 593 cui-

1179 607 1277 652 piam
1298 609 1483 649 ohnoxiis,
1519 611 1580 642 sed
1599 610 1752 644 ianitore
1770 611 1893 644 sedulo
1921 623 1960 643 ac
1984 612 2054 644 fido
2081 609 2182 644 adhi-

1179 659 1275 700 bito,
1318 659 1458 693 ratione
1492 661 1656 694 videlicet
1688 674 1728 694 ac
1762 661 1894 695 iudicio
1919 662 2050 704 animi,
2085 669 2180 696 recta

1179 711 1337 745 dicentes
1362 712 1508 745 reclusis
1534 713 1670 747 foribus
1694 713 1863 757 excipiat,
1904 713 2046 749 inutiles
2069 727 2182 759 nugas

1180 762 1303 795 obdito
1330 763 1471 807 pessulo
1498 771 1626 798 arceat.
1680 764 1817 809 Nempe
1842 764 2031 799 ridiculum
2062 766 2181 806 fuerit,

1178 815 1303 847 datum
1321 815 1468 848 aedibus
1486 815 1676 849 ianitorem
1695 817 1811 849 officio
1830 829 1904 849 non
1928 817 2091 861 defungi,
2121 830 2183 851 au-

1178 878 1234 899 res
1251 872 1479 912 mentemque
1504 867 1611 911 vulgo
1640 874 1773 912 patere.
1827 868 2068 914 Posteaquam
2096 881 2181 914 ergo

1179 917 1248 949 tale
1266 918 1438 963 quiddam
1458 918 1721 952 calumniarum
1741 919 1771 966 ⁷)
1790 920 1963 960 audieris,
1992 927 2065 954 tute
2085 921 2183 966 apud

1179 968 1342 1002 animum
1360 975 1460 1003 tuum
1481 982 1556 1003 rem
1577 970 1690 1015 ipsam
1711 972 1914 1016 perpende,
1932 969 2023 1005 nihil
2040 972 2180 1013 attinet,

1179 1020 1294 1066 qualis
1310 1021 1372 1061 sit,
1396 1021 1458 1067 qui
1474 1029 1635 1063 accusat,
1664 1021 1755 1057 nihil
1772 1024 1817 1056 ad
1834 1036 1909 1057 rem
1929 1023 2184 1058 faciuntalieni

1179 1084 1316 1113 mores,
1348 1070 1448 1118 nihil
1465 1074 1700 1108 accusationis
1729 1075 1939 1110 acrimonia.
1994 1075 2112 1121 Quin,
2140 1089 2182 1110 eo

1178 1123 1316 1156 maiore
1350 1136 1434 1157 cura
1457 1137 1532 1158 rem
1562 1125 1718 1167 discute,
1755 1140 1826 1173 quo
1854 1127 2062 1161 instructior
2085 1129 2183 1162 venit

1179 1175 1330 1209 delator.
1385 1176 1510 1222 Neque
1529 1177 1614 1210 item
1635 1179 1778 1211 credere
1803 1179 1972 1213 convenit
1995 1179 2126 1214 iudicio
2149 1186 2183 1214 et

1179 1226 1436 1260 existimationi
1468 1228 1634 1269 alterius,
1671 1230 1782 1263 immo
1807 1231 2006 1265 accusantis
2023 1230 2054 1278 ⁸)
2078 1233 2181 1271 odio;

1178 1279 1238 1312 sed
1255 1291 1359 1312 suum
1378 1279 1454 1312 veri
1473 1292 1622 1313 examen
1641 1282 1735 1326 apud
1761 1294 1827 1316 nos
1852 1289 2016 1316 accurate
2038 1296 2183 1318 servan-

1178 1330 1264 1362 dum
1283 1336 1352 1370 est,
1369 1343 1453 1364 suae
1473 1331 1556 1364 ilem
1577 1333 1848 1367 calumniatoris
1864 1334 2084 1369 invidentiae
2100 1349 2182 1381 par-

1179 1387 1229 1414 tes
1249 1382 1401 1416 dandae.
1456 1382 1643 1429 Denique,
1671 1387 1768 1431 quod
1785 1385 1953 1432 utrinque
1971 1395 2183 1431 argumenta

1178 1433 1374 1473 suaserint,
1420 1437 1662 1471 statuendum.
1733 1438 1828 1471 Tum
1857 1439 1914 1471 vel
1946 1438 2079 1480 odisse,
2126 1441 2181 1473 vel

1179 1496 1321 1525 amare,
1373 1498 1479 1531 quem
1521 1487 1710 1531 diligenter
1750 1489 2036 1534 exploravimus,
2088 1491 2182 1527 licet.

1176 1536 1394 1582 Priusquam
1412 1537 1447 1570 id
1466 1538 1598 1572 factum
1615 1540 1677 1581 sit,
1707 1540 1917 1575 Calumniae
1935 1543 2128 1577 concedere
2144 1544 2182 1577 in

1177 1587 1295 1631 primo
1315 1589 1436 1622 statim
1454 1602 1664 1635 congressu,
1693 1589 1810 1626 hercle
1831 1593 1938 1627 nimis
1963 1607 2072 1640 quam
2096 1609 2183 1640 pue-

1177 1639 1243 1672 rile
1272 1646 1345 1680 est,
1383 1653 1422 1674 ac
1449 1641 1638 1686 indignum
1663 1643 1762 1685 1110,
1796 1645 1974 1692 longeque
2000 1658 2018 1679 a
2047 1647 2181 1682 iustitia

1177 1697 1368 1726 semotum.
1419 1693 1467 1726 At
1483 1707 1568 1727 vero
1586 1692 1716 1729 horum
1735 1697 1897 1731 omnium
1917 1711 2021 1733 causa
2037 1699 2087 1746 ⁹),
2109 1714 2181 1735 una

1178 1749 1229 1776 est
1246 1743 1451 1787 ignorantia
1469 1747 1709 1793 tenebraeque
1729 1748 1829 1789 illae,
1867 1750 1995 1795 quibus
2014 1764 2097 1785 suae
2123 1766 2181 1787 cu-

1178 1794 1304 1840 iusque
1335 1793 1493 1830 hominis
1526 1798 1685 1832 rationes
1710 1813 1900 1846 moresque
1926 1803 2180 1840 obvolvuntur.

1178 1845 1252 1878 Iam
1264 1873 1273 1886 ,
1303 1847 1332 1881 si
1349 1847 1508 1882 Deorum
1527 1850 1704 1895 quispiam
1722 1852 1814 1885 vitae
1831 1859 1975 1887 nostrae
1993 1854 2115 1889 lumen
2132 1858 2182 1890 af-

1177 1898 1288 1938 ferat,
1317 1900 1478 1933 futurum
1505 1908 1576 1941 est,
1611 1909 1650 1935 ut
1675 1911 1863 1937 evanescat
1885 1905 2092 1949 calumnia,
2126 1909 2179 1942 fu-

1178 1949 1322 1995 giatque
1339 1951 1376 1984 in
1395 1952 1505 1985 altum
1533 1952 1746 1988 barathrum
1768 1955 1833 2002 ¹⁰),
1872 1969 1937 1990 nec
1961 1971 2113 2004 usquam
2140 1960 2178 1993 in

1177 1999 1345 2036 humanis
1355 2003 1473 2037 locum
1485 2004 1657 2046 inveniat,
1666 2007 1803 2040 reddita
1815 2009 1919 2043 nobis
1928 2010 2004 2043 luce
2015 2013 2178 2046 omnium

1178 2054 1272 2086 vitae
1288 2055 1489 2089 studiorum
1503 2083 1512 2097 ,
1541 2058 1700 2092 veritatis
1716 2060 1900 2095 beneficio.

1211 2153 1241 2185 3)
1263 2156 1295 2179 H.
1316 2156 1334 2178 l.
1355 2156 1382 2179 111
1403 2157 1451 2179 Ed.
1474 2158 1547 2180 1518.
1569 2160 1634 2181 nota
1653 2159 1786 2189 mar-Exim:
1813 2160 1967 2185 Peroratio.

1212 2206 1240 2238 4)
1263 2209 1294 2231 H.
1316 2208 1333 2232 l.
1354 2208 1380 2231 iu
1400 2209 1483 2232 Editt.
1505 2210 1595 2235 1530..
1624 2211 1697 2233 1543.
1724 2213 1789 2235 uota
1816 2213 1932 2243 margin.
1952 2214 2072 2245 Micylli:
2101 2216 2175 2240 Cou-

1246 2242 1337 2266 silium
1358 2243 1392 2266 de
1413 2250 1465 2267 11011
1485 2244 1655 2268 admittenda.
1673 2246 1818 2270 calumnia.

1211 2292 1242 2324 5)
1264 2294 1342 2318 Hom.
1363 2294 1410 2318 Od.
1432 2294 1498 2321 xit,
1523 2295 1679 2319 142—200.

1212 2344 1386 2403 munitum-eti]
1406 2347 1444 2369 sic
1470 2352 1563 2370 omues
1583 2348 1685 2376 Enati„
1713 2351 1826 2379 excepta
1845 2351 1894 2374 Ed.
1917 2352 2008 2382 1518,
2036 2359 2104 2383 quae
2123 2354 2174 2377 lia-

1254 2387 1279 2403 )0
1301 2388 1307 2403 ;
1329 2386 1361 2403 ο)
1383 2383 1451 2406 uret.

1212 2432 1475 2489 7)lcalumuiarum]
1502 2435 1587 2459 Editt.
1616 2435 1707 2465 1533„
1736 2437 1810 2461 1543.
1840 2444 1935 2461 errore
1959 2439 2091 2470 t>·pogr.:
2125 2446 2173 2464 ca—

1259 2468 1418 2491 umiiiatum.

1209 2518 1240 2545 8)
1262 2520 1434 2548 accusantis]
1455 2520 1504 2543 Ed.
1526 2521 1600 2546 1533.
1619 2527 1715 2545 errore
1735 2523 1862 2553 typogr.:
1880 2525 2050 2550 accusandis,

1209 2569 1240 2596 9)
1262 2570 1291 2593 Η.
1313 2570 1330 2592 l.
1358 2570 1382 2593 111
1405 2571 1486 2594 Editt.
1510 2571 1601 2596 1533.,
1633 2572 1707 2597 1513.
1726 2574 1791 2596 nota
1815 2574 1932 2604 margin,
1951 2575 2071 2605 Micylli:
2098 2577 2172 2601 Con-

1247 2604 1331 2627 cludit
1352 2606 1445 2628 eodem
1466 2606 1526 2629 loco
1547 2607 1696 2635 communi,
1718 2613 1769 2636 quo
1793 2613 1809 2631 a
1829 2609 1963 2638 principio
1983 2611 2077 2634 utitur.

1214 2656 1259 2683 10)
1281 2657 1455 2686 barathrum]
1478 2658 1524 2680 lid.
1548 2658 1621 2683 1527.
1642 2664 1739 2682 errore
1758 2660 1886 2691 tyvogn:
1916 2662 2062 2685 baratrum.

1505 2804 1552 2837 63
