<?xml version="1.0" encoding="UTF-8"?>
<!DOCTYPE html PUBLIC "-//W3C//DTD XHTML 1.0 Transitional//EN"
    "http://www.w3.org/TR/xhtml1/DTD/xhtml1-transitional.dtd">
<html xmlns="http://www.w3.org/1999/xhtml" xml:lang="en" lang="en">
 <head>
  <title>
</title>
<meta http-equiv="Content-Type" content="text/html;charset=utf-8" />
  <meta name='ocr-system' content='tesseract 3.04.00' />
  <meta name='ocr-capabilities' content='ocr_page ocr_carea ocr_par ocr_line ocrx_word'/>
</head>
<body>
  <div class='ocr_page' id='page_1' title='image "./operaquaesupersu17melauoft/operaquaesupersu17melauoft_0117.png"; bbox 0 0 2294 2975; ppageno 0'>
   <div class='ocr_carea' id='block_1_1' title="bbox 88 118 1987 173">
    <p class='ocr_par' dir='ltr' id='par_1_1' title="bbox 88 118 1987 173">
     <span class='ocr_line' id='line_1_1' title="bbox 88 118 1987 173; baseline 0.01 -18"><span class='ocrx_word' id='word_1_1' title='bbox 88 120 163 155; x_wconf 75' lang='lat'>209</span> <span class='ocrx_word' id='word_1_2' title='bbox 227 119 348 156; x_wconf 82' lang='lat' dir='ltr'>XXIII.</span> <span class='ocrx_word' id='word_1_3' title='bbox 402 118 710 155; x_wconf 83' lang='lat' dir='ltr'><strong>ARGUMENTA</strong></span> <span class='ocrx_word' id='word_1_4' title='bbox 736 118 801 153; x_wconf 90' lang='lat' dir='ltr'>ET</span> <span class='ocrx_word' id='word_1_5' title='bbox 828 119 1032 154; x_wconf 87' lang='lat' dir='ltr'>SCHOLIA</span> <span class='ocrx_word' id='word_1_6' title='bbox 1059 119 1107 155; x_wconf 91' lang='lat' dir='ltr'>IN</span> <span class='ocrx_word' id='word_1_7' title='bbox 1133 120 1282 158; x_wconf 88' lang='lat' dir='ltr'>EPIST.</span> <span class='ocrx_word' id='word_1_8' title='bbox 1309 121 1422 159; x_wconf 68' lang='grc' dir='ltr'><strong>ΒΑΜ.</strong></span> <span class='ocrx_word' id='word_1_9' title='bbox 1452 124 1537 160; x_wconf 89' lang='lat' dir='ltr'>ClC.</span> <span class='ocrx_word' id='word_1_10' title='bbox 1565 126 1652 163; x_wconf 87' lang='lat' dir='ltr'>LIB.</span> <span class='ocrx_word' id='word_1_11' title='bbox 1672 129 1729 166; x_wconf 65' lang='lat' dir='ltr'>Vl.</span> <span class='ocrx_word' id='word_1_12' title='bbox 1756 132 1828 169; x_wconf 74' lang='grc' dir='ltr'>ΕΡ.</span> <span class='ocrx_word' id='word_1_13' title='bbox 1844 136 1878 170; x_wconf 85' lang='grc'>3.</span> <span class='ocrx_word' id='word_1_14' title='bbox 1897 136 1930 172; x_wconf 78' lang='grc'>4.</span> <span class='ocrx_word' id='word_1_15' title='bbox 1952 137 1987 173; x_wconf 85' lang='grc'>5.</span> 
     </span>
    </p>
   </div>
   <div class='ocr_carea' id='block_1_2' title="bbox 2051 143 2126 177">
    <p class='ocr_par' dir='ltr' id='par_1_2' title="bbox 2051 143 2126 177">
     <span class='ocr_line' id='line_1_2' title="bbox 2051 143 2126 177; baseline 0 -1"><span class='ocrx_word' id='word_1_16' title='bbox 2051 143 2126 177; x_wconf 81' lang='lat'>210</span> 
     </span>
    </p>
   </div>
   <div class='ocr_carea' id='block_1_3' title="bbox 89 205 2128 263">
    <p class='ocr_par' dir='ltr' id='par_1_3' title="bbox 89 205 2128 263">
     <span class='ocr_line' id='line_1_3' title="bbox 89 205 2128 263; baseline 0.01 -25"><span class='ocrx_word' id='word_1_17' title='bbox 89 218 161 239; x_wconf 87' lang='lat' dir='ltr'>esse</span> <span class='ocrx_word' id='word_1_18' title='bbox 185 206 422 241; x_wconf 85' lang='lat' dir='ltr'>miseriarum.</span> <span class='ocrx_word' id='word_1_19' title='bbox 474 205 538 239; x_wconf 91' lang='lat' dir='ltr'>His</span> <span class='ocrx_word' id='word_1_20' title='bbox 562 205 661 239; x_wconf 83' lang='lat' dir='ltr'>addit</span> <span class='ocrx_word' id='word_1_21' title='bbox 684 217 793 249; x_wconf 84' lang='lat' dir='ltr'>genus</span> <span class='ocrx_word' id='word_1_22' title='bbox 817 205 1083 246; x_wconf 80' lang='lat' dir='ltr'>consolationis,</span> <span class='ocrx_word' id='word_1_23' title='bbox 1138 212 1211 240; x_wconf 80' lang='lat' dir='ltr'>tera</span> <span class='ocrx_word' id='word_1_24' title='bbox 1221 208 1267 254; x_wconf 75' lang='lat'>¹²⁹)</span> <span class='ocrx_word' id='word_1_25' title='bbox 1287 209 1489 244; x_wconf 84' lang='lat' dir='ltr'>coniectura</span> <span class='ocrx_word' id='word_1_26' title='bbox 1506 213 1659 247; x_wconf 75' lang='lat' dir='ltr'>sumitur</span> <span class='ocrx_word' id='word_1_27' title='bbox 1681 227 1699 248; x_wconf 87' lang='lat' dir='ltr'>a</span> <span class='ocrx_word' id='word_1_28' title='bbox 1717 229 1868 261; x_wconf 85' lang='lat' dir='ltr'>persona</span> <span class='ocrx_word' id='word_1_29' title='bbox 1888 222 2098 258; x_wconf 77' lang='lat' dir='ltr'>Caecinae⁵⁰</span> <span class='ocrx_word' id='word_1_30' title='bbox 2117 252 2128 263; x_wconf 88' lang='lat'>.</span> 
     </span>
    </p>
   </div>
   <div class='ocr_carea' id='block_1_4' title="bbox 83 257 1082 813">
    <p class='ocr_par' dir='ltr' id='par_1_4' title="bbox 83 257 1082 813">
     <span class='ocr_line' id='line_1_4' title="bbox 89 257 1081 301; baseline 0.002 -12"><span class='ocrx_word' id='word_1_31' title='bbox 89 270 161 301; x_wconf 86' lang='lat' dir='ltr'>quo</span> <span class='ocrx_word' id='word_1_32' title='bbox 182 257 250 301; x_wconf 87' lang='lat' dir='ltr'>ipsi</span> <span class='ocrx_word' id='word_1_33' title='bbox 273 258 326 291; x_wconf 91' lang='lat' dir='ltr'>uti</span> <span class='ocrx_word' id='word_1_34' title='bbox 346 258 477 297; x_wconf 79' lang='lat' dir='ltr'>soleat,</span> <span class='ocrx_word' id='word_1_35' title='bbox 512 263 678 290; x_wconf 81' lang='lat' dir='ltr'>constans</span> <span class='ocrx_word' id='word_1_36' title='bbox 706 257 820 291; x_wconf 89' lang='lat' dir='ltr'>tribus</span> <span class='ocrx_word' id='word_1_37' title='bbox 852 257 1081 301; x_wconf 78' lang='lat' dir='ltr'>argumentis.</span> 
     </span>
     <span class='ocr_line' id='line_1_5' title="bbox 90 308 1081 342; baseline 0.001 -2"><span class='ocrx_word' id='word_1_38' title='bbox 90 308 253 342; x_wconf 86' lang='lat' dir='ltr'>Primum</span> <span class='ocrx_word' id='word_1_39' title='bbox 277 321 296 341; x_wconf 88' lang='lat' dir='ltr'>a</span> <span class='ocrx_word' id='word_1_40' title='bbox 322 308 535 342; x_wconf 85' lang='lat' dir='ltr'>conscientia</span> <span class='ocrx_word' id='word_1_41' title='bbox 569 308 813 342; x_wconf 90' lang='lat' dir='ltr'>consiliorum.</span> <span class='ocrx_word' id='word_1_42' title='bbox 878 308 1081 342; x_wconf 88' lang='lat' dir='ltr'>Secundum</span> 
     </span>
     <span class='ocr_line' id='line_1_6' title="bbox 90 359 1082 394; baseline 0.003 -3"><span class='ocrx_word' id='word_1_43' title='bbox 90 371 109 392; x_wconf 84' lang='lat' dir='ltr'>a</span> <span class='ocrx_word' id='word_1_44' title='bbox 133 360 204 393; x_wconf 77' lang='lat' dir='ltr'>vita</span> <span class='ocrx_word' id='word_1_45' title='bbox 220 366 301 393; x_wconf 88' lang='lat' dir='ltr'>ante</span> <span class='ocrx_word' id='word_1_46' title='bbox 318 366 394 393; x_wconf 86' lang='lat' dir='ltr'>acta</span> <span class='ocrx_word' id='word_1_47' title='bbox 413 366 446 393; x_wconf 86' lang='lat' dir='ltr'>et</span> <span class='ocrx_word' id='word_1_48' title='bbox 468 360 512 392; x_wconf 86' lang='lat' dir='ltr'>ab</span> <span class='ocrx_word' id='word_1_49' title='bbox 535 365 662 393; x_wconf 87' lang='lat' dir='ltr'>aetate.</span> <span class='ocrx_word' id='word_1_50' title='bbox 716 359 879 393; x_wconf 87' lang='lat' dir='ltr'>Tertium</span> <span class='ocrx_word' id='word_1_51' title='bbox 899 372 919 393; x_wconf 87' lang='lat' dir='ltr'>a</span> <span class='ocrx_word' id='word_1_52' title='bbox 944 361 1082 394; x_wconf 79' lang='lat' dir='ltr'>casibus</span> 
     </span>
     <span class='ocr_line' id='line_1_7' title="bbox 89 410 1081 457; baseline 0.003 -15"><span class='ocrx_word' id='word_1_53' title='bbox 89 422 152 443; x_wconf 87' lang='lat' dir='ltr'>seu</span> <span class='ocrx_word' id='word_1_54' title='bbox 168 411 313 444; x_wconf 89' lang='lat' dir='ltr'>interitu</span> <span class='ocrx_word' id='word_1_55' title='bbox 336 422 558 445; x_wconf 87' lang='lat' dir='ltr'>summorum</span> <span class='ocrx_word' id='word_1_56' title='bbox 582 410 757 445; x_wconf 85' lang='lat' dir='ltr'>virorum.</span> <span class='ocrx_word' id='word_1_57' title='bbox 809 410 981 457; x_wconf 90' lang='lat' dir='ltr'>Hancque</span> <span class='ocrx_word' id='word_1_58' title='bbox 998 423 1081 445; x_wconf 84' lang='lat' dir='ltr'>con—</span> 
     </span>
     <span class='ocr_line' id='line_1_8' title="bbox 88 461 1081 505; baseline 0 -10"><span class='ocrx_word' id='word_1_59' title='bbox 88 461 299 495; x_wconf 76' lang='lat' dir='ltr'>solationem</span> <span class='ocrx_word' id='word_1_60' title='bbox 317 461 495 495; x_wconf 84' lang='lat' dir='ltr'>concludit</span> <span class='ocrx_word' id='word_1_61' title='bbox 512 462 669 505; x_wconf 83' lang='lat' dir='ltr'>generali</span> <span class='ocrx_word' id='word_1_62' title='bbox 684 462 857 495; x_wconf 86' lang='lat' dir='ltr'>sententia</span> <span class='ocrx_word' id='word_1_63' title='bbox 873 463 916 496; x_wconf 88' lang='lat' dir='ltr'>de</span> <span class='ocrx_word' id='word_1_64' title='bbox 932 470 1029 497; x_wconf 89' lang='lat' dir='ltr'>metu</span> <span class='ocrx_word' id='word_1_65' title='bbox 1048 468 1081 496; x_wconf 92' lang='lat' dir='ltr'>et</span> 
     </span>
     <span class='ocr_line' id='line_1_9' title="bbox 86 509 1079 558; baseline 0.002 -13"><span class='ocrx_word' id='word_1_66' title='bbox 86 518 221 552; x_wconf 89' lang='lat' dir='ltr'>morte,</span> <span class='ocrx_word' id='word_1_67' title='bbox 248 526 338 558; x_wconf 85' lang='lat' dir='ltr'>quae</span> <span class='ocrx_word' id='word_1_68' title='bbox 355 514 461 546; x_wconf 87' lang='lat' dir='ltr'>finem</span> <span class='ocrx_word' id='word_1_69' title='bbox 477 509 608 546; x_wconf 90' lang='lat' dir='ltr'>habeat</span> <span class='ocrx_word' id='word_1_70' title='bbox 632 513 778 547; x_wconf 86' lang='lat' dir='ltr'>doloris.</span> <span class='ocrx_word' id='word_1_71' title='bbox 830 512 876 547; x_wconf 88' lang='lat' dir='ltr'>Et</span> <span class='ocrx_word' id='word_1_72' title='bbox 900 514 1079 548; x_wconf 89' lang='lat' dir='ltr'>conclusio</span> 
     </span>
     <span class='ocr_line' id='line_1_10' title="bbox 87 561 1081 609; baseline 0.003 -14"><span class='ocrx_word' id='word_1_73' title='bbox 87 564 288 607; x_wconf 75' lang='lat' dir='ltr'>generalem</span> <span class='ocrx_word' id='word_1_74' title='bbox 313 564 469 609; x_wconf 86' lang='lat' dir='ltr'>primum</span> <span class='ocrx_word' id='word_1_75' title='bbox 486 561 593 597; x_wconf 86' lang='lat' dir='ltr'>habet</span> <span class='ocrx_word' id='word_1_76' title='bbox 615 564 877 598; x_wconf 82' lang='lat' dir='ltr'>excusationem</span> <span class='ocrx_word' id='word_1_77' title='bbox 896 566 1081 609; x_wconf 83' lang='lat' dir='ltr'>prolixita-</span> 
     </span>
     <span class='ocr_line' id='line_1_11' title="bbox 87 613 1079 656; baseline 0.002 -10"><span class='ocrx_word' id='word_1_78' title='bbox 87 613 149 651; x_wconf 85' lang='lat' dir='ltr'>tis;</span> <span class='ocrx_word' id='word_1_79' title='bbox 175 615 302 648; x_wconf 88' lang='lat' dir='ltr'>deinde</span> <span class='ocrx_word' id='word_1_80' title='bbox 327 613 635 656; x_wconf 80' lang='lat' dir='ltr'>adhortationem,</span> <span class='ocrx_word' id='word_1_81' title='bbox 662 622 702 649; x_wconf 90' lang='lat' dir='ltr'>ut</span> <span class='ocrx_word' id='word_1_82' title='bbox 728 615 766 648; x_wconf 91' lang='lat' dir='ltr'>in</span> <span class='ocrx_word' id='word_1_83' title='bbox 788 616 946 649; x_wconf 84' lang='lat' dir='ltr'>absentia</span> <span class='ocrx_word' id='word_1_84' title='bbox 965 615 1079 650; x_wconf 88' lang='lat' dir='ltr'>Servii</span> 
     </span>
     <span class='ocr_line' id='line_1_12' title="bbox 85 663 1079 712; baseline 0.004 -15"><span class='ocrx_word' id='word_1_85' title='bbox 85 663 233 708; x_wconf 86' lang='lat' dir='ltr'>Sulpicii</span> <span class='ocrx_word' id='word_1_86' title='bbox 250 679 286 700; x_wconf 91' lang='lat' dir='ltr'>se</span> <span class='ocrx_word' id='word_1_87' title='bbox 304 666 419 711; x_wconf 90' lang='lat' dir='ltr'>ipsum</span> <span class='ocrx_word' id='word_1_88' title='bbox 438 667 653 707; x_wconf 82' lang='lat' dir='ltr'>consoletur,</span> <span class='ocrx_word' id='word_1_89' title='bbox 669 673 843 712; x_wconf 88' lang='lat' dir='ltr'>quantum</span> <span class='ocrx_word' id='word_1_90' title='bbox 859 667 936 700; x_wconf 89' lang='lat' dir='ltr'>fieri</span> <span class='ocrx_word' id='word_1_91' title='bbox 953 673 1079 712; x_wconf 90' lang='lat' dir='ltr'>potest.</span> 
     </span>
     <span class='ocr_line' id='line_1_13' title="bbox 85 713 1078 762; baseline 0.001 -13"><span class='ocrx_word' id='word_1_92' title='bbox 85 714 273 750; x_wconf 91' lang='lat' dir='ltr'>Postremo</span> <span class='ocrx_word' id='word_1_93' title='bbox 293 718 394 761; x_wconf 92' lang='lat' dir='ltr'>ponit</span> <span class='ocrx_word' id='word_1_94' title='bbox 409 717 704 762; x_wconf 84' lang='lat' dir='ltr'>pollicitationem</span> <span class='ocrx_word' id='word_1_95' title='bbox 729 718 783 752; x_wconf 90' lang='lat' dir='ltr'>sui</span> <span class='ocrx_word' id='word_1_96' title='bbox 805 718 931 759; x_wconf 87' lang='lat' dir='ltr'>officii,</span> <span class='ocrx_word' id='word_1_97' title='bbox 959 713 1078 752; x_wconf 82' lang='lat' dir='ltr'>addita</span> 
     </span>
     <span class='ocr_line' id='line_1_14' title="bbox 83 766 902 813; baseline 0.002 -13"><span class='ocrx_word' id='word_1_98' title='bbox 83 766 182 800; x_wconf 86' lang='lat' dir='ltr'>brevi</span> <span class='ocrx_word' id='word_1_99' title='bbox 200 769 466 813; x_wconf 84' lang='lat' dir='ltr'>praedicatione</span> <span class='ocrx_word' id='word_1_100' title='bbox 484 769 694 803; x_wconf 85' lang='lat' dir='ltr'>meritorum</span> <span class='ocrx_word' id='word_1_101' title='bbox 712 768 902 813; x_wconf 85' lang='lat' dir='ltr'>Torquati.</span> 
     </span>
    </p>
   </div>
   <div class='ocr_carea' id='block_1_5' title="bbox 333 867 820 911">
    <p class='ocr_par' dir='ltr' id='par_1_5' title="bbox 333 867 820 911">
     <span class='ocr_line' id='line_1_15' title="bbox 333 867 820 911; baseline 0 -11"><span class='ocrx_word' id='word_1_102' title='bbox 333 867 466 901; x_wconf 89' lang='lat' dir='ltr'>Aliud</span> <span class='ocrx_word' id='word_1_103' title='bbox 492 873 820 911; x_wconf 82' lang='lat' dir='ltr'>argumentum.</span> 
     </span>
    </p>
   </div>
   <div class='ocr_carea' id='block_1_6' title="bbox 80 950 1080 1855">
    <p class='ocr_par' dir='ltr' id='par_1_6' title="bbox 80 950 1080 1855">
     <span class='ocr_line' id='line_1_16' title="bbox 186 950 1079 996; baseline -0.003 -9"><span class='ocrx_word' id='word_1_104' title='bbox 186 951 370 996; x_wconf 86' lang='lat' dir='ltr'>Principio</span> <span class='ocrx_word' id='word_1_105' title='bbox 406 957 458 985; x_wconf 88' lang='lat' dir='ltr'>est</span> <span class='ocrx_word' id='word_1_106' title='bbox 492 951 609 985; x_wconf 82' lang='lat' dir='ltr'>brevis</span> <span class='ocrx_word' id='word_1_107' title='bbox 644 951 844 996; x_wconf 89' lang='lat' dir='ltr'>propositio</span> <span class='ocrx_word' id='word_1_108' title='bbox 883 950 1079 985; x_wconf 82' lang='lat' dir='ltr'>excusatio-</span> 
     </span>
     <span class='ocr_line' id='line_1_17' title="bbox 84 1001 1078 1050; baseline -0.003 -11"><span class='ocrx_word' id='word_1_109' title='bbox 84 1018 166 1039; x_wconf 86' lang='lat' dir='ltr'>nem</span> <span class='ocrx_word' id='word_1_110' title='bbox 184 1004 230 1050; x_wconf 68' lang='lat'>4⁶)</span> <span class='ocrx_word' id='word_1_111' title='bbox 260 1003 465 1042; x_wconf 91' lang='lat' dir='ltr'>continens,</span> <span class='ocrx_word' id='word_1_112' title='bbox 508 1015 617 1048; x_wconf 86' lang='lat' dir='ltr'>quare</span> <span class='ocrx_word' id='word_1_113' title='bbox 643 1001 733 1036; x_wconf 89' lang='lat' dir='ltr'>nihil</span> <span class='ocrx_word' id='word_1_114' title='bbox 758 1015 934 1036; x_wconf 90' lang='lat' dir='ltr'>novarum</span> <span class='ocrx_word' id='word_1_115' title='bbox 957 1015 1078 1036; x_wconf 88' lang='lat' dir='ltr'>rerum</span> 
     </span>
     <span class='ocr_line' id='line_1_18' title="bbox 83 1053 1077 1100; baseline -0.004 -10"><span class='ocrx_word' id='word_1_116' title='bbox 83 1056 227 1091; x_wconf 85' lang='lat' dir='ltr'>scribat.</span> <span class='ocrx_word' id='word_1_117' title='bbox 294 1053 583 1098; x_wconf 84' lang='lat' dir='ltr'>Propositionem</span> <span class='ocrx_word' id='word_1_118' title='bbox 607 1054 768 1099; x_wconf 89' lang='lat' dir='ltr'>sequitur</span> <span class='ocrx_word' id='word_1_119' title='bbox 789 1053 970 1094; x_wconf 88' lang='lat' dir='ltr'>narratio,</span> <span class='ocrx_word' id='word_1_120' title='bbox 1009 1066 1077 1100; x_wconf 90' lang='lat' dir='ltr'>qua</span> 
     </span>
     <span class='ocr_line' id='line_1_19' title="bbox 82 1104 1080 1152; baseline -0.003 -11"><span class='ocrx_word' id='word_1_121' title='bbox 82 1106 274 1152; x_wconf 86' lang='lat' dir='ltr'>exponitur</span> <span class='ocrx_word' id='word_1_122' title='bbox 290 1104 486 1150; x_wconf 84' lang='lat' dir='ltr'>praedictio</span> <span class='ocrx_word' id='word_1_123' title='bbox 505 1104 789 1149; x_wconf 87' lang='lat' dir='ltr'>impendentium</span> <span class='ocrx_word' id='word_1_124' title='bbox 813 1105 1010 1146; x_wconf 88' lang='lat' dir='ltr'>malorum,</span> <span class='ocrx_word' id='word_1_125' title='bbox 1039 1118 1080 1138; x_wconf 85' lang='lat' dir='ltr'>ex</span> 
     </span>
     <span class='ocr_line' id='line_1_20' title="bbox 82 1155 1079 1201; baseline -0.004 -9"><span class='ocrx_word' id='word_1_126' title='bbox 82 1158 176 1192; x_wconf 89' lang='lat' dir='ltr'>bello</span> <span class='ocrx_word' id='word_1_127' title='bbox 194 1157 300 1191; x_wconf 88' lang='lat' dir='ltr'>civili.</span> <span class='ocrx_word' id='word_1_128' title='bbox 350 1155 489 1189; x_wconf 89' lang='lat' dir='ltr'>Deinde</span> <span class='ocrx_word' id='word_1_129' title='bbox 516 1162 566 1190; x_wconf 90' lang='lat' dir='ltr'>est</span> <span class='ocrx_word' id='word_1_130' title='bbox 590 1157 776 1200; x_wconf 89' lang='lat' dir='ltr'>occupatio</span> <span class='ocrx_word' id='word_1_131' title='bbox 798 1169 861 1201; x_wconf 89' lang='lat' dir='ltr'>per</span> <span class='ocrx_word' id='word_1_132' title='bbox 884 1156 1079 1190; x_wconf 88' lang='lat' dir='ltr'>concessio-</span> 
     </span>
     <span class='ocr_line' id='line_1_21' title="bbox 82 1206 1079 1254; baseline -0.002 -11"><span class='ocrx_word' id='word_1_133' title='bbox 82 1221 187 1249; x_wconf 85' lang='lat' dir='ltr'>nem,</span> <span class='ocrx_word' id='word_1_134' title='bbox 215 1219 322 1254; x_wconf 90' lang='lat' dir='ltr'>quam</span> <span class='ocrx_word' id='word_1_135' title='bbox 341 1206 532 1252; x_wconf 80' lang='lat' dir='ltr'>praeponit</span> <span class='ocrx_word' id='word_1_136' title='bbox 550 1207 799 1242; x_wconf 82' lang='lat' dir='ltr'>consolationi.</span> <span class='ocrx_word' id='word_1_137' title='bbox 840 1207 973 1253; x_wconf 85' lang='lat' dir='ltr'>Estque</span> <span class='ocrx_word' id='word_1_138' title='bbox 992 1206 1079 1241; x_wconf 86' lang='lat' dir='ltr'>haec</span> 
     </span>
     <span class='ocr_line' id='line_1_22' title="bbox 82 1258 1080 1302; baseline -0.003 -8"><span class='ocrx_word' id='word_1_139' title='bbox 82 1272 240 1295; x_wconf 84' lang='lat' dir='ltr'>summa:</span> <span class='ocrx_word' id='word_1_140' title='bbox 269 1258 346 1291; x_wconf 88' lang='lat' dir='ltr'>Hoc</span> <span class='ocrx_word' id='word_1_141' title='bbox 372 1258 479 1291; x_wconf 90' lang='lat' dir='ltr'>modo</span> <span class='ocrx_word' id='word_1_142' title='bbox 506 1270 617 1302; x_wconf 84' lang='lat' dir='ltr'>augeo</span> <span class='ocrx_word' id='word_1_143' title='bbox 646 1265 785 1291; x_wconf 89' lang='lat' dir='ltr'>tantum</span> <span class='ocrx_word' id='word_1_144' title='bbox 813 1258 878 1291; x_wconf 88' lang='lat' dir='ltr'>tibi</span> <span class='ocrx_word' id='word_1_145' title='bbox 904 1259 1080 1299; x_wconf 87' lang='lat' dir='ltr'>dolorem,</span> 
     </span>
     <span class='ocr_line' id='line_1_23' title="bbox 84 1308 1077 1357; baseline -0.002 -13"><span class='ocrx_word' id='word_1_146' title='bbox 84 1311 147 1357; x_wconf 88' lang='lat' dir='ltr'>qui</span> <span class='ocrx_word' id='word_1_147' title='bbox 164 1308 254 1343; x_wconf 89' lang='lat' dir='ltr'>mihi</span> <span class='ocrx_word' id='word_1_148' title='bbox 269 1321 359 1343; x_wconf 91' lang='lat' dir='ltr'>esses</span> <span class='ocrx_word' id='word_1_149' title='bbox 378 1309 542 1354; x_wconf 84' lang='lat' dir='ltr'>inprimis</span> <span class='ocrx_word' id='word_1_150' title='bbox 559 1309 809 1343; x_wconf 89' lang='lat' dir='ltr'>consolandus.</span> <span class='ocrx_word' id='word_1_151' title='bbox 868 1309 1077 1343; x_wconf 82' lang='lat' dir='ltr'>Consolatio</span> 
     </span>
     <span class='ocr_line' id='line_1_24' title="bbox 83 1360 1078 1405; baseline -0.002 -9"><span class='ocrx_word' id='word_1_152' title='bbox 83 1374 169 1396; x_wconf 85' lang='lat' dir='ltr'>vero</span> <span class='ocrx_word' id='word_1_153' title='bbox 186 1361 261 1405; x_wconf 83' lang='lat' dir='ltr'>ipsa</span> <span class='ocrx_word' id='word_1_154' title='bbox 280 1366 420 1405; x_wconf 87' lang='lat' dir='ltr'>sumpta</span> <span class='ocrx_word' id='word_1_155' title='bbox 438 1366 489 1394; x_wconf 88' lang='lat' dir='ltr'>est</span> <span class='ocrx_word' id='word_1_156' title='bbox 505 1372 522 1393; x_wconf 86' lang='lat' dir='ltr'>a</span> <span class='ocrx_word' id='word_1_157' title='bbox 540 1361 619 1394; x_wconf 92' lang='lat' dir='ltr'>loco</span> <span class='ocrx_word' id='word_1_158' title='bbox 637 1361 790 1394; x_wconf 86' lang='lat' dir='ltr'>maxime</span> <span class='ocrx_word' id='word_1_159' title='bbox 806 1360 937 1405; x_wconf 83' lang='lat' dir='ltr'>insigni</span> <span class='ocrx_word' id='word_1_160' title='bbox 954 1367 988 1394; x_wconf 87' lang='lat' dir='ltr'>et</span> <span class='ocrx_word' id='word_1_161' title='bbox 1006 1373 1078 1394; x_wconf 90' lang='lat' dir='ltr'>me-</span> 
     </span>
     <span class='ocr_line' id='line_1_25' title="bbox 83 1411 1079 1457; baseline -0.002 -10"><span class='ocrx_word' id='word_1_162' title='bbox 83 1412 272 1452; x_wconf 84' lang='lat' dir='ltr'>morabili,</span> <span class='ocrx_word' id='word_1_163' title='bbox 300 1412 461 1445; x_wconf 87' lang='lat' dir='ltr'>sciliceta</span> <span class='ocrx_word' id='word_1_164' title='bbox 479 1411 694 1445; x_wconf 89' lang='lat' dir='ltr'>conscientia</span> <span class='ocrx_word' id='word_1_165' title='bbox 712 1412 811 1446; x_wconf 88' lang='lat' dir='ltr'>recti.</span> <span class='ocrx_word' id='word_1_166' title='bbox 861 1412 999 1445; x_wconf 85' lang='lat' dir='ltr'>Deinde</span> <span class='ocrx_word' id='word_1_167' title='bbox 1017 1425 1079 1457; x_wconf 85' lang='lat' dir='ltr'>per</span> 
     </span>
     <span class='ocr_line' id='line_1_26' title="bbox 83 1463 1077 1510; baseline -0.003 -13"><span class='ocrx_word' id='word_1_168' title='bbox 83 1465 264 1510; x_wconf 89' lang='lat' dir='ltr'>quandam</span> <span class='ocrx_word' id='word_1_169' title='bbox 288 1463 544 1496; x_wconf 83' lang='lat' dir='ltr'>correctionem</span> <span class='ocrx_word' id='word_1_170' title='bbox 573 1463 772 1497; x_wconf 88' lang='lat' dir='ltr'>institutam</span> <span class='ocrx_word' id='word_1_171' title='bbox 796 1465 1077 1496; x_wconf 79' lang='lat' dir='ltr'>consolationem</span> 
     </span>
     <span class='ocr_line' id='line_1_27' title="bbox 83 1510 1079 1556; baseline -0.002 -9"><span class='ocrx_word' id='word_1_172' title='bbox 83 1526 103 1547; x_wconf 87' lang='lat' dir='ltr'>a</span> <span class='ocrx_word' id='word_1_173' title='bbox 118 1513 223 1546; x_wconf 86' lang='lat' dir='ltr'>rebus</span> <span class='ocrx_word' id='word_1_174' title='bbox 239 1511 388 1556; x_wconf 86' lang='lat' dir='ltr'>publicis</span> <span class='ocrx_word' id='word_1_175' title='bbox 403 1512 448 1543; x_wconf 90' lang='lat' dir='ltr'>ad</span> <span class='ocrx_word' id='word_1_176' title='bbox 470 1523 525 1544; x_wconf 90' lang='lat' dir='ltr'>res</span> <span class='ocrx_word' id='word_1_177' title='bbox 551 1510 709 1555; x_wconf 87' lang='lat' dir='ltr'>privatas</span> <span class='ocrx_word' id='word_1_178' title='bbox 733 1512 901 1545; x_wconf 85' lang='lat' dir='ltr'>transfert</span> <span class='ocrx_word' id='word_1_179' title='bbox 924 1524 1079 1545; x_wconf 90' lang='lat' dir='ltr'>comme-</span> 
     </span>
     <span class='ocr_line' id='line_1_28' title="bbox 81 1562 1077 1598; baseline -0.002 0"><span class='ocrx_word' id='word_1_180' title='bbox 81 1575 229 1598; x_wconf 84' lang='lat' dir='ltr'>morans</span> <span class='ocrx_word' id='word_1_181' title='bbox 246 1562 467 1595; x_wconf 90' lang='lat' dir='ltr'>voluntatem</span> <span class='ocrx_word' id='word_1_182' title='bbox 486 1562 658 1596; x_wconf 85' lang='lat' dir='ltr'>Caesaris.</span> <span class='ocrx_word' id='word_1_183' title='bbox 710 1562 865 1596; x_wconf 87' lang='lat' dir='ltr'>Additur</span> <span class='ocrx_word' id='word_1_184' title='bbox 881 1565 1077 1597; x_wconf 85' lang='lat' dir='ltr'>confutatio</span> 
     </span>
     <span class='ocr_line' id='line_1_29' title="bbox 84 1613 1079 1658; baseline -0.001 -9"><span class='ocrx_word' id='word_1_185' title='bbox 84 1628 104 1649; x_wconf 84' lang='lat' dir='ltr'>a</span> <span class='ocrx_word' id='word_1_186' title='bbox 128 1616 290 1649; x_wconf 90' lang='lat' dir='ltr'>locorum</span> <span class='ocrx_word' id='word_1_187' title='bbox 307 1613 518 1653; x_wconf 88' lang='lat' dir='ltr'>collatione,</span> <span class='ocrx_word' id='word_1_188' title='bbox 546 1620 580 1646; x_wconf 91' lang='lat' dir='ltr'>et</span> <span class='ocrx_word' id='word_1_189' title='bbox 605 1626 668 1647; x_wconf 91' lang='lat' dir='ltr'>suo</span> <span class='ocrx_word' id='word_1_190' title='bbox 697 1614 879 1658; x_wconf 84' lang='lat' dir='ltr'>exemplo,</span> <span class='ocrx_word' id='word_1_191' title='bbox 914 1616 1079 1649; x_wconf 87' lang='lat' dir='ltr'>interser—</span> 
     </span>
     <span class='ocr_line' id='line_1_30' title="bbox 83 1664 1079 1701; baseline -0.002 0"><span class='ocrx_word' id='word_1_192' title='bbox 83 1667 127 1701; x_wconf 87' lang='lat' dir='ltr'>tis</span> <span class='ocrx_word' id='word_1_193' title='bbox 156 1664 340 1700; x_wconf 89' lang='lat' dir='ltr'>sententiis</span> <span class='ocrx_word' id='word_1_194' title='bbox 366 1664 635 1698; x_wconf 85' lang='lat' dir='ltr'>venustissimis.</span> <span class='ocrx_word' id='word_1_195' title='bbox 710 1665 900 1699; x_wconf 88' lang='lat' dir='ltr'>Conclusio</span> <span class='ocrx_word' id='word_1_196' title='bbox 941 1673 1079 1700; x_wconf 86' lang='lat' dir='ltr'>constat</span> 
     </span>
     <span class='ocr_line' id='line_1_31' title="bbox 83 1714 1078 1763; baseline 0.001 -12"><span class='ocrx_word' id='word_1_197' title='bbox 83 1717 303 1763; x_wconf 88' lang='lat' dir='ltr'>praecisione</span> <span class='ocrx_word' id='word_1_198' title='bbox 321 1722 355 1749; x_wconf 90' lang='lat' dir='ltr'>et</span> <span class='ocrx_word' id='word_1_199' title='bbox 368 1715 573 1748; x_wconf 88' lang='lat' dir='ltr'>reiectione.</span> <span class='ocrx_word' id='word_1_200' title='bbox 632 1714 673 1748; x_wconf 92' lang='lat' dir='ltr'>In</span> <span class='ocrx_word' id='word_1_201' title='bbox 698 1717 767 1749; x_wconf 87' lang='lat' dir='ltr'>fine</span> <span class='ocrx_word' id='word_1_202' title='bbox 793 1717 938 1751; x_wconf 85' lang='lat' dir='ltr'>additur</span> <span class='ocrx_word' id='word_1_203' title='bbox 961 1718 1078 1752; x_wconf 64' lang='lat' dir='ltr'>brevis</span> 
     </span>
     <span class='ocr_line' id='line_1_32' title="bbox 83 1766 1077 1813; baseline 0 -11"><span class='ocrx_word' id='word_1_204' title='bbox 83 1767 257 1813; x_wconf 87' lang='lat' dir='ltr'>expositio</span> <span class='ocrx_word' id='word_1_205' title='bbox 292 1767 335 1800; x_wconf 92' lang='lat' dir='ltr'>de</span> <span class='ocrx_word' id='word_1_206' title='bbox 368 1766 523 1800; x_wconf 85' lang='lat' dir='ltr'>discessu</span> <span class='ocrx_word' id='word_1_207' title='bbox 548 1766 682 1807; x_wconf 88' lang='lat' dir='ltr'>Servii,</span> <span class='ocrx_word' id='word_1_208' title='bbox 718 1780 797 1801; x_wconf 91' lang='lat' dir='ltr'>cum</span> <span class='ocrx_word' id='word_1_209' title='bbox 818 1769 1077 1812; x_wconf 83' lang='lat' dir='ltr'>pollicitatione</span> 
     </span>
     <span class='ocr_line' id='line_1_33' title="bbox 80 1818 271 1855; baseline -0.016 0"><span class='ocrx_word' id='word_1_210' title='bbox 80 1820 134 1855; x_wconf 89' lang='lat' dir='ltr'>sui</span> <span class='ocrx_word' id='word_1_211' title='bbox 154 1818 271 1853; x_wconf 82' lang='lat' dir='ltr'>officii.</span> 
     </span>
    </p>
   </div>
   <div class='ocr_carea' id='block_1_7' title="bbox 134 1941 1026 2029">
    <p class='ocr_par' dir='ltr' id='par_1_7' title="bbox 134 1941 1026 2029">
     <span class='ocr_line' id='line_1_34' title="bbox 134 1941 1026 1991; baseline 0.001 -11"><span class='ocrx_word' id='word_1_212' title='bbox 134 1945 460 1991; x_wconf 79' lang='lat' dir='ltr'>Argumentum</span> <span class='ocrx_word' id='word_1_213' title='bbox 497 1950 539 1977; x_wconf 90' lang='lat' dir='ltr'>et</span> <span class='ocrx_word' id='word_1_214' title='bbox 566 1941 741 1978; x_wconf 85' lang='lat' dir='ltr'>scholia</span> <span class='ocrx_word' id='word_1_215' title='bbox 777 1944 821 1979; x_wconf 88' lang='lat' dir='ltr'>in</span> <span class='ocrx_word' id='word_1_216' title='bbox 854 1945 1026 1990; x_wconf 89' lang='lat' dir='ltr'>episto-</span> 
     </span>
     <span class='ocr_line' id='line_1_35' title="bbox 503 1993 662 2029; baseline 0.006 -1"><span class='ocrx_word' id='word_1_217' title='bbox 503 1996 590 2028; x_wconf 87' lang='lat' dir='ltr'>lam</span> <span class='ocrx_word' id='word_1_218' title='bbox 619 1993 662 2029; x_wconf 91' lang='lat' dir='ltr'>V.</span> 
     </span>
    </p>
   </div>
   <div class='ocr_carea' id='block_1_8' title="bbox 81 2089 1075 2394">
    <p class='ocr_par' dir='ltr' id='par_1_8' title="bbox 81 2089 1075 2394">
     <span class='ocr_line' id='line_1_36' title="bbox 186 2089 1075 2127; baseline 0.003 -3"><span class='ocrx_word' id='word_1_219' title='bbox 186 2089 392 2124; x_wconf 86' lang='lat' dir='ltr'>Consolatio</span> <span class='ocrx_word' id='word_1_220' title='bbox 410 2096 477 2127; x_wconf 83' lang='lat' dir='ltr'>est;</span> <span class='ocrx_word' id='word_1_221' title='bbox 504 2090 565 2124; x_wconf 90' lang='lat' dir='ltr'>sed</span> <span class='ocrx_word' id='word_1_222' title='bbox 589 2090 730 2125; x_wconf 90' lang='lat' dir='ltr'>orditur</span> <span class='ocrx_word' id='word_1_223' title='bbox 752 2103 772 2124; x_wconf 84' lang='lat' dir='ltr'>a</span> <span class='ocrx_word' id='word_1_224' title='bbox 796 2092 1075 2127; x_wconf 83' lang='lat' dir='ltr'>narrationibus.</span> 
     </span>
     <span class='ocr_line' id='line_1_37' title="bbox 82 2141 1075 2189; baseline 0.001 -12"><span class='ocrx_word' id='word_1_225' title='bbox 82 2143 210 2177; x_wconf 86' lang='lat' dir='ltr'>Postea</span> <span class='ocrx_word' id='word_1_226' title='bbox 231 2141 370 2175; x_wconf 87' lang='lat' dir='ltr'>subiicit</span> <span class='ocrx_word' id='word_1_227' title='bbox 389 2141 692 2186; x_wconf 82' lang='lat' dir='ltr'>propositionem,</span> <span class='ocrx_word' id='word_1_228' title='bbox 715 2142 752 2175; x_wconf 90' lang='lat' dir='ltr'>in</span> <span class='ocrx_word' id='word_1_229' title='bbox 778 2155 847 2189; x_wconf 88' lang='lat' dir='ltr'>qua</span> <span class='ocrx_word' id='word_1_230' title='bbox 874 2151 924 2177; x_wconf 88' lang='lat' dir='ltr'>est</span> <span class='ocrx_word' id='word_1_231' title='bbox 951 2157 1075 2178; x_wconf 90' lang='lat' dir='ltr'>conso-</span> 
     </span>
     <span class='ocr_line' id='line_1_38' title="bbox 83 2193 1074 2239; baseline 0.001 -11"><span class='ocrx_word' id='word_1_232' title='bbox 83 2195 169 2228; x_wconf 89' lang='lat' dir='ltr'>latio</span> <span class='ocrx_word' id='word_1_233' title='bbox 186 2193 231 2239; x_wconf 65' lang='lat'>4⁷)</span> <span class='ocrx_word' id='word_1_234' title='bbox 255 2193 357 2226; x_wconf 87' lang='lat' dir='ltr'>ducta</span> <span class='ocrx_word' id='word_1_235' title='bbox 383 2205 401 2225; x_wconf 88' lang='lat' dir='ltr'>a</span> <span class='ocrx_word' id='word_1_236' title='bbox 429 2205 489 2237; x_wconf 91' lang='lat' dir='ltr'>spe</span> <span class='ocrx_word' id='word_1_237' title='bbox 516 2193 662 2228; x_wconf 84' lang='lat' dir='ltr'>reditus.</span> <span class='ocrx_word' id='word_1_238' title='bbox 733 2194 953 2239; x_wconf 82' lang='lat' dir='ltr'>Argumenta</span> <span class='ocrx_word' id='word_1_239' title='bbox 985 2197 1074 2230; x_wconf 80' lang='lat' dir='ltr'>hene</span> 
     </span>
     <span class='ocr_line' id='line_1_39' title="bbox 83 2244 1075 2290; baseline 0.001 -10"><span class='ocrx_word' id='word_1_240' title='bbox 83 2244 250 2290; x_wconf 88' lang='lat' dir='ltr'>sperandi</span> <span class='ocrx_word' id='word_1_241' title='bbox 267 2245 337 2277; x_wconf 89' lang='lat' dir='ltr'>duo</span> <span class='ocrx_word' id='word_1_242' title='bbox 353 2244 465 2288; x_wconf 87' lang='lat' dir='ltr'>ponit.</span> <span class='ocrx_word' id='word_1_243' title='bbox 516 2244 680 2279; x_wconf 87' lang='lat' dir='ltr'>Primum</span> <span class='ocrx_word' id='word_1_244' title='bbox 697 2253 748 2280; x_wconf 89' lang='lat' dir='ltr'>est</span> <span class='ocrx_word' id='word_1_245' title='bbox 762 2247 964 2281; x_wconf 86' lang='lat' dir='ltr'>coniectura</span> <span class='ocrx_word' id='word_1_246' title='bbox 981 2261 1075 2281; x_wconf 86' lang='lat' dir='ltr'>sum-</span> 
     </span>
     <span class='ocr_line' id='line_1_40' title="bbox 82 2295 1075 2343; baseline 0.003 -14"><span class='ocrx_word' id='word_1_247' title='bbox 82 2303 143 2342; x_wconf 87' lang='lat' dir='ltr'>pta</span> <span class='ocrx_word' id='word_1_248' title='bbox 162 2308 179 2328; x_wconf 92' lang='lat' dir='ltr'>a</span> <span class='ocrx_word' id='word_1_249' title='bbox 197 2295 400 2328; x_wconf 87' lang='lat' dir='ltr'>conditione</span> <span class='ocrx_word' id='word_1_250' title='bbox 415 2295 643 2339; x_wconf 85' lang='lat' dir='ltr'>reipublicae.</span> <span class='ocrx_word' id='word_1_251' title='bbox 704 2297 788 2332; x_wconf 87' lang='lat' dir='ltr'>Non</span> <span class='ocrx_word' id='word_1_252' title='bbox 812 2305 928 2343; x_wconf 89' lang='lat' dir='ltr'>potest</span> <span class='ocrx_word' id='word_1_253' title='bbox 953 2299 1075 2333; x_wconf 86' lang='lat' dir='ltr'>civitas</span> 
     </span>
     <span class='ocr_line' id='line_1_41' title="bbox 81 2346 1075 2394; baseline 0.004 -14"><span class='ocrx_word' id='word_1_254' title='bbox 81 2353 256 2393; x_wconf 86' lang='lat' dir='ltr'>perpetuo</span> <span class='ocrx_word' id='word_1_255' title='bbox 275 2346 446 2394; x_wconf 63' lang='lat' dir='ltr'>carere&#39;ffl)</span> <span class='ocrx_word' id='word_1_256' title='bbox 473 2348 794 2392; x_wconf 88' lang='lat' dir='ltr'>praestantioribus</span> <span class='ocrx_word' id='word_1_257' title='bbox 817 2350 964 2386; x_wconf 78' lang='lat' dir='ltr'>civibus.</span> <span class='ocrx_word' id='word_1_258' title='bbox 1015 2351 1075 2384; x_wconf 89' lang='lat' dir='ltr'>Al-</span> 
     </span>
    </p>
   </div>
   <div class='ocr_carea' id='block_1_9' title="bbox 117 2479 1075 2545">
    <p class='ocr_par' dir='ltr' id='par_1_9' title="bbox 117 2479 1075 2545">
     <span class='ocr_line' id='line_1_42' title="bbox 117 2479 1075 2517; baseline 0.008 -14"><span class='ocrx_word' id='word_1_259' title='bbox 117 2482 165 2510; x_wconf 81' lang='grc'>46)</span> <span class='ocrx_word' id='word_1_260' title='bbox 186 2479 404 2508; x_wconf 79' lang='lat' dir='ltr'>excusationem]</span> <span class='ocrx_word' id='word_1_261' title='bbox 424 2480 463 2504; x_wconf 84' lang='lat' dir='ltr'>sic</span> <span class='ocrx_word' id='word_1_262' title='bbox 480 2481 530 2505; x_wconf 84' lang='lat' dir='ltr'>Ed.</span> <span class='ocrx_word' id='word_1_263' title='bbox 551 2482 642 2514; x_wconf 81' lang='lat'>1556.;</span> <span class='ocrx_word' id='word_1_264' title='bbox 672 2483 757 2510; x_wconf 80' lang='lat' dir='ltr'>Editt.</span> <span class='ocrx_word' id='word_1_265' title='bbox 778 2485 865 2517; x_wconf 83' lang='grc'><strong>1565..</strong></span> <span class='ocrx_word' id='word_1_266' title='bbox 888 2486 978 2517; x_wconf 77' lang='grc'><strong>1569..</strong></span> <span class='ocrx_word' id='word_1_267' title='bbox 1001 2487 1075 2511; x_wconf 81' lang='grc'><strong>1592.</strong></span> 
     </span>
     <span class='ocr_line' id='line_1_43' title="bbox 152 2514 360 2545; baseline -0.01 -6"><span class='ocrx_word' id='word_1_268' title='bbox 152 2514 360 2545; x_wconf 81' lang='lat' dir='ltr'>expositionem.</span> 
     </span>
    </p>
   </div>
   <div class='ocr_carea' id='block_1_10' title="bbox 119 2563 1076 2658">
    <p class='ocr_par' dir='ltr' id='par_1_10' title="bbox 119 2563 1076 2658">
     <span class='ocr_line' id='line_1_44' title="bbox 119 2563 1076 2601; baseline 0.008 -13"><span class='ocrx_word' id='word_1_269' title='bbox 119 2566 168 2593; x_wconf 82' lang='grc'>47)</span> <span class='ocrx_word' id='word_1_270' title='bbox 187 2564 354 2593; x_wconf 76' lang='lat' dir='ltr'>consolatio]</span> <span class='ocrx_word' id='word_1_271' title='bbox 382 2563 420 2588; x_wconf 78' lang='lat' dir='ltr'>sic</span> <span class='ocrx_word' id='word_1_272' title='bbox 438 2566 523 2590; x_wconf 77' lang='lat' dir='ltr'>Editt.</span> <span class='ocrx_word' id='word_1_273' title='bbox 539 2568 629 2596; x_wconf 79' lang='lat'>¹537.,</span> <span class='ocrx_word' id='word_1_274' title='bbox 651 2570 742 2600; x_wconf 87' lang='grc'><strong>1540..</strong></span> <span class='ocrx_word' id='word_1_275' title='bbox 764 2571 854 2599; x_wconf 76' lang='grc'><strong>1544..</strong></span> <span class='ocrx_word' id='word_1_276' title='bbox 876 2573 968 2597; x_wconf 75' lang='grc'><strong>1554..</strong></span> <span class='ocrx_word' id='word_1_277' title='bbox 991 2573 1076 2601; x_wconf 78' lang='grc'><strong>1557..</strong></span> 
     </span>
     <span class='ocr_line' id='line_1_45' title="bbox 153 2600 1076 2658; baseline 0.011 -37"><span class='ocrx_word' id='word_1_278' title='bbox 153 2600 351 2658; x_wconf 47' lang='lat'>{3553615690</span> <span class='ocrx_word' id='word_1_279' title='bbox 372 2600 464 2631; x_wconf 78' lang='lat'>1592.;</span> <span class='ocrx_word' id='word_1_280' title='bbox 489 2602 573 2627; x_wconf 80' lang='lat' dir='ltr'>Editt.</span> <span class='ocrx_word' id='word_1_281' title='bbox 592 2604 676 2636; x_wconf 60' lang='lat'>1545„</span> <span class='ocrx_word' id='word_1_282' title='bbox 698 2606 784 2637; x_wconf 56' lang='lat'>1546„</span> <span class='ocrx_word' id='word_1_283' title='bbox 807 2607 892 2637; x_wconf 78' lang='grc'><strong>1560..</strong></span> <span class='ocrx_word' id='word_1_284' title='bbox 915 2608 988 2631; x_wconf 81' lang='grc'><strong>1601.</strong></span> <span class='ocrx_word' id='word_1_285' title='bbox 1008 2614 1076 2631; x_wconf 72' lang='lat' dir='ltr'>con-</span> 
     </span>
    </p>
   </div>
   <div class='ocr_carea' id='block_1_11' title="bbox 121 2683 1076 2754">
    <p class='ocr_par' dir='ltr' id='par_1_11' title="bbox 121 2683 1076 2754">
     <span class='ocr_line' id='line_1_46' title="bbox 121 2683 1076 2724; baseline 0.008 -15"><span class='ocrx_word' id='word_1_286' title='bbox 121 2685 168 2712; x_wconf 80' lang='lat'>48)</span> <span class='ocrx_word' id='word_1_287' title='bbox 188 2685 301 2713; x_wconf 81' lang='lat' dir='ltr'>carere]</span> <span class='ocrx_word' id='word_1_288' title='bbox 321 2683 360 2708; x_wconf 89' lang='lat' dir='ltr'>sic</span> <span class='ocrx_word' id='word_1_289' title='bbox 378 2687 453 2710; x_wconf 83' lang='lat' dir='ltr'>recte</span> <span class='ocrx_word' id='word_1_290' title='bbox 474 2687 556 2712; x_wconf 79' lang='lat' dir='ltr'>Editt.</span> <span class='ocrx_word' id='word_1_291' title='bbox 580 2689 665 2718; x_wconf 83' lang='grc'><strong>1565..</strong></span> <span class='ocrx_word' id='word_1_292' title='bbox 685 2691 771 2724; x_wconf 71' lang='grc'><strong>1569..</strong></span> <span class='ocrx_word' id='word_1_293' title='bbox 792 2693 883 2724; x_wconf 77' lang='grc'><strong>1592,;</strong></span> <span class='ocrx_word' id='word_1_294' title='bbox 907 2693 991 2717; x_wconf 84' lang='lat' dir='ltr'>Editt.</span> <span class='ocrx_word' id='word_1_295' title='bbox 1011 2692 1076 2716; x_wconf 81' lang='lat'>1537</span> 
     </span>
     <span class='ocr_line' id='line_1_47' title="bbox 155 2719 736 2754; baseline 0.019 -14"><span class='ocrx_word' id='word_1_296' title='bbox 155 2719 289 2748; x_wconf 74' lang='lat'>-1554.,</span> <span class='ocrx_word' id='word_1_297' title='bbox 310 2719 400 2750; x_wconf 60' lang='lat'>1557„</span> <span class='ocrx_word' id='word_1_298' title='bbox 421 2721 513 2753; x_wconf 80' lang='lat'>1560.,</span> <span class='ocrx_word' id='word_1_299' title='bbox 535 2723 609 2748; x_wconf 81' lang='lat'>1601.</span> <span class='ocrx_word' id='word_1_300' title='bbox 628 2729 736 2754; x_wconf 82' lang='lat' dir='ltr'>parere.</span> 
     </span>
    </p>
   </div>
   <div class='ocr_carea' id='block_1_12' title="bbox 93 2758 652 2796">
    <p class='ocr_par' dir='ltr' id='par_1_12' title="bbox 93 2758 652 2796">
     <span class='ocr_line' id='line_1_48' title="bbox 93 2758 652 2796; baseline 0.009 -6"><span class='ocrx_word' id='word_1_301' title='bbox 93 2759 279 2790; x_wconf 61' lang='lat' dir='ltr'>MELANTH.</span> <span class='ocrx_word' id='word_1_302' title='bbox 306 2758 413 2792; x_wconf 81' lang='lat' dir='ltr'>OPER.</span> <span class='ocrx_word' id='word_1_303' title='bbox 436 2762 521 2793; x_wconf 69' lang='lat' dir='ltr'>von.</span> <span class='ocrx_word' id='word_1_304' title='bbox 544 2764 608 2795; x_wconf 77' lang='lat' dir='ltr'>XV</span> <span class='ocrx_word' id='word_1_305' title='bbox 610 2766 652 2796; x_wconf 88' lang='lat'>11.</span> 
     </span>
    </p>
   </div>
   <div class='ocr_carea' id='block_1_13' title="bbox 1129 257 2128 662">
    <p class='ocr_par' dir='ltr' id='par_1_13' title="bbox 1134 257 2127 464">
     <span class='ocr_line' id='line_1_49' title="bbox 1135 257 2127 311; baseline 0.023 -22"><span class='ocrx_word' id='word_1_306' title='bbox 1135 257 1219 291; x_wconf 84' lang='lat' dir='ltr'>Fuit</span> <span class='ocrx_word' id='word_1_307' title='bbox 1242 267 1361 294; x_wconf 88' lang='lat' dir='ltr'>autem</span> <span class='ocrx_word' id='word_1_308' title='bbox 1380 262 1529 296; x_wconf 88' lang='lat' dir='ltr'>Caecina</span> <span class='ocrx_word' id='word_1_309' title='bbox 1558 266 1737 308; x_wconf 86' lang='lat' dir='ltr'>eruditus,</span> <span class='ocrx_word' id='word_1_310' title='bbox 1775 270 1854 304; x_wconf 87' lang='lat' dir='ltr'>ideo</span> <span class='ocrx_word' id='word_1_311' title='bbox 1877 274 1984 308; x_wconf 87' lang='lat' dir='ltr'>etiam</span> <span class='ocrx_word' id='word_1_312' title='bbox 2010 279 2127 311; x_wconf 88' lang='lat' dir='ltr'>erudi-</span> 
     </span>
     <span class='ocr_line' id='line_1_50' title="bbox 1135 308 2127 362; baseline 0.021 -21"><span class='ocrx_word' id='word_1_313' title='bbox 1135 308 1205 343; x_wconf 89' lang='lat' dir='ltr'>tius</span> <span class='ocrx_word' id='word_1_314' title='bbox 1236 311 1282 344; x_wconf 93' lang='lat' dir='ltr'>ad</span> <span class='ocrx_word' id='word_1_315' title='bbox 1314 324 1394 346; x_wconf 90' lang='lat' dir='ltr'>eum</span> <span class='ocrx_word' id='word_1_316' title='bbox 1425 314 1558 349; x_wconf 83' lang='lat' dir='ltr'>scribit.</span> <span class='ocrx_word' id='word_1_317' title='bbox 1626 315 1693 351; x_wconf 90' lang='lat' dir='ltr'>Ista</span> <span class='ocrx_word' id='word_1_318' title='bbox 1725 321 1841 354; x_wconf 90' lang='lat' dir='ltr'>oratio</span> <span class='ocrx_word' id='word_1_319' title='bbox 1869 331 1919 357; x_wconf 88' lang='lat' dir='ltr'>est</span> <span class='ocrx_word' id='word_1_320' title='bbox 1945 324 2127 362; x_wconf 85' lang='lat' dir='ltr'>character</span> 
     </span>
     <span class='ocr_line' id='line_1_51' title="bbox 1135 360 2124 417; baseline 0.021 -25"><span class='ocrx_word' id='word_1_321' title='bbox 1135 360 1266 402; x_wconf 89' lang='lat' dir='ltr'>animi,</span> <span class='ocrx_word' id='word_1_322' title='bbox 1293 374 1366 396; x_wconf 91' lang='lat' dir='ltr'>non</span> <span class='ocrx_word' id='word_1_323' title='bbox 1382 370 1520 398; x_wconf 91' lang='lat' dir='ltr'>tantum</span> <span class='ocrx_word' id='word_1_324' title='bbox 1539 366 1633 409; x_wconf 90' lang='lat' dir='ltr'>eius,</span> <span class='ocrx_word' id='word_1_325' title='bbox 1662 370 1723 414; x_wconf 88' lang='lat' dir='ltr'>qui</span> <span class='ocrx_word' id='word_1_326' title='bbox 1739 372 1898 417; x_wconf 88' lang='lat' dir='ltr'>scripsit,</span> <span class='ocrx_word' id='word_1_327' title='bbox 1934 378 1994 410; x_wconf 90' lang='lat' dir='ltr'>sed</span> <span class='ocrx_word' id='word_1_328' title='bbox 2017 379 2124 413; x_wconf 87' lang='lat' dir='ltr'>etiam</span> 
     </span>
     <span class='ocr_line' id='line_1_52' title="bbox 1134 412 1554 464; baseline 0.017 -20"><span class='ocrx_word' id='word_1_329' title='bbox 1134 412 1180 444; x_wconf 86' lang='lat' dir='ltr'>ad</span> <span class='ocrx_word' id='word_1_330' title='bbox 1199 425 1304 458; x_wconf 90' lang='lat' dir='ltr'>quem</span> <span class='ocrx_word' id='word_1_331' title='bbox 1321 415 1554 464; x_wconf 56' lang='lat' dir='ltr'>scribitur-³¹).</span> 
     </span>
    </p>

    <p class='ocr_par' dir='ltr' id='par_1_14' title="bbox 1129 462 1915 563">
     <span class='ocr_line' id='line_1_53' title="bbox 1238 462 1915 517; baseline 0.019 -20"><span class='ocrx_word' id='word_1_332' title='bbox 1238 462 1268 507; x_wconf 66' lang='grc' dir='ltr'>ἓ.</span> <span class='ocrx_word' id='word_1_333' title='bbox 1288 465 1321 498; x_wconf 95' lang='grc'>1.</span> <span class='ocrx_word' id='word_1_334' title='bbox 1357 467 1640 517; x_wconf 72' lang='lat' dir='ltr'>Quotiescunque]</span> <span class='ocrx_word' id='word_1_335' title='bbox 1666 469 1915 511; x_wconf 84' lang='lat' dir='ltr'>Narrationes.</span> 
     </span>
     <span class='ocr_line' id='line_1_54' title="bbox 1129 512 1619 563; baseline 0.012 -16"><span class='ocrx_word' id='word_1_336' title='bbox 1129 512 1289 556; x_wconf 75' lang='lat' dir='ltr'>fortunae</span> <span class='ocrx_word' id='word_1_337' title='bbox 1298 514 1370 563; x_wconf 74' lang='lat'>5⁴·‘&#39;)]</span> <span class='ocrx_word' id='word_1_338' title='bbox 1400 517 1619 554; x_wconf 85' lang='lat' dir='ltr'>Consolatio.</span> 
     </span>
    </p>

    <p class='ocr_par' dir='ltr' id='par_1_15' title="bbox 1134 564 2128 662">
     <span class='ocr_line' id='line_1_55' title="bbox 1238 564 2128 626; baseline 0.019 -27"><span class='ocrx_word' id='word_1_339' title='bbox 1238 564 1267 609; x_wconf 65' lang='grc' dir='ltr'>ἓ.</span> <span class='ocrx_word' id='word_1_340' title='bbox 1290 569 1326 601; x_wconf 77' lang='lat'>2.</span> <span class='ocrx_word' id='word_1_341' title='bbox 1361 570 1412 601; x_wconf 83' lang='lat' dir='ltr'>Ea</span> <span class='ocrx_word' id='word_1_342' title='bbox 1436 575 1560 603; x_wconf 81' lang='lat' dir='ltr'>natura</span> <span class='ocrx_word' id='word_1_343' title='bbox 1582 570 1718 620; x_wconf 84' lang='lat' dir='ltr'>rerum]</span> <span class='ocrx_word' id='word_1_344' title='bbox 1751 572 2039 620; x_wconf 82' lang='lat' dir='ltr'>Argumentatur</span> <span class='ocrx_word' id='word_1_345' title='bbox 2055 582 2128 626; x_wconf 87' lang='lat' dir='ltr'>pri-</span> 
     </span>
     <span class='ocr_line' id='line_1_56' title="bbox 1134 620 1560 662; baseline 0.012 -14"><span class='ocrx_word' id='word_1_346' title='bbox 1134 627 1232 649; x_wconf 90' lang='lat' dir='ltr'>mum</span> <span class='ocrx_word' id='word_1_347' title='bbox 1250 628 1269 649; x_wconf 84' lang='lat' dir='ltr'>a</span> <span class='ocrx_word' id='word_1_348' title='bbox 1286 629 1347 662; x_wconf 89' lang='lat' dir='ltr'>spe</span> <span class='ocrx_word' id='word_1_349' title='bbox 1366 620 1560 655; x_wconf 92' lang='lat' dir='ltr'>communi.</span> 
     </span>
    </p>
   </div>
   <div class='ocr_carea' id='block_1_14' title="bbox 1134 665 2127 768">
    <p class='ocr_par' dir='ltr' id='par_1_16' title="bbox 1134 665 2127 768">
     <span class='ocr_line' id='line_1_57' title="bbox 1238 665 2127 727; baseline 0.019 -27"><span class='ocrx_word' id='word_1_350' title='bbox 1238 665 1267 710; x_wconf 60' lang='grc' dir='ltr'>ξ.</span> <span class='ocrx_word' id='word_1_351' title='bbox 1285 668 1319 702; x_wconf 86' lang='lat'>3.</span> <span class='ocrx_word' id='word_1_352' title='bbox 1350 670 1461 710; x_wconf 77' lang='lat' dir='ltr'>Quare</span> <span class='ocrx_word' id='word_1_353' title='bbox 1473 673 1516 704; x_wconf 83' lang='lat' dir='ltr'>ad</span> <span class='ocrx_word' id='word_1_354' title='bbox 1530 684 1603 705; x_wconf 82' lang='lat' dir='ltr'>eam</span> <span class='ocrx_word' id='word_1_355' title='bbox 1618 672 1729 721; x_wconf 80' lang='lat' dir='ltr'>spem]</span> <span class='ocrx_word' id='word_1_356' title='bbox 1751 675 1914 712; x_wconf 90' lang='lat' dir='ltr'>Secundo</span> <span class='ocrx_word' id='word_1_357' title='bbox 1933 692 1951 712; x_wconf 89' lang='lat' dir='ltr'>a</span> <span class='ocrx_word' id='word_1_358' title='bbox 1970 683 2127 727; x_wconf 86' lang='lat' dir='ltr'>propriis</span> 
     </span>
     <span class='ocr_line' id='line_1_58' title="bbox 1134 719 1812 768; baseline 0.019 -20"><span class='ocrx_word' id='word_1_359' title='bbox 1134 719 1374 760; x_wconf 87' lang='lat' dir='ltr'>ornamentis,</span> <span class='ocrx_word' id='word_1_360' title='bbox 1406 733 1495 765; x_wconf 87' lang='lat' dir='ltr'>quae</span> <span class='ocrx_word' id='word_1_361' title='bbox 1512 734 1609 766; x_wconf 89' lang='lat' dir='ltr'>spem</span> <span class='ocrx_word' id='word_1_362' title='bbox 1626 727 1812 768; x_wconf 85' lang='lat' dir='ltr'>praebent.</span> 
     </span>
    </p>
   </div>
   <div class='ocr_carea' id='block_1_15' title="bbox 2005 481 2128 515">
    <p class='ocr_par' dir='ltr' id='par_1_17' title="bbox 2005 481 2128 515">
     <span class='ocr_line' id='line_1_59' title="bbox 2005 481 2128 515; baseline 0.016 -2"><span class='ocrx_word' id='word_1_363' title='bbox 2005 481 2072 514; x_wconf 77' lang='lat' dir='ltr'>Res</span> <span class='ocrx_word' id='word_1_364' title='bbox 2096 487 2128 515; x_wconf 80' lang='lat' dir='ltr'>et</span> 
     </span>
    </p>
   </div>
   <div class='ocr_carea' id='block_1_16' title="bbox 1353 810 1907 868">
    <p class='ocr_par' dir='ltr' id='par_1_18' title="bbox 1353 810 1907 868">
     <span class='ocr_line' id='line_1_60' title="bbox 1353 810 1907 868; baseline 0.027 -26"><span class='ocrx_word' id='word_1_365' title='bbox 1353 810 1493 846; x_wconf 91' lang='lat' dir='ltr'>Aliud</span> <span class='ocrx_word' id='word_1_366' title='bbox 1521 825 1831 859; x_wconf 84' lang='lat' dir='ltr'>argumentum</span> <span class='ocrx_word' id='word_1_367' title='bbox 1849 821 1907 868; x_wconf 78' lang='lat'>53).</span> 
     </span>
    </p>
   </div>
   <div class='ocr_carea' id='block_1_17' title="bbox 1132 875 2129 1857">
    <p class='ocr_par' dir='ltr' id='par_1_19' title="bbox 1132 875 2129 1857">
     <span class='ocr_line' id='line_1_61' title="bbox 1235 875 2127 929; baseline 0.024 -21"><span class='ocrx_word' id='word_1_368' title='bbox 1235 875 1385 911; x_wconf 86' lang='lat' dir='ltr'>Caecina</span> <span class='ocrx_word' id='word_1_369' title='bbox 1409 879 1622 925; x_wconf 89' lang='lat' dir='ltr'>Pompeium</span> <span class='ocrx_word' id='word_1_370' title='bbox 1647 892 1785 920; x_wconf 89' lang='lat' dir='ltr'>secutus</span> <span class='ocrx_word' id='word_1_371' title='bbox 1809 887 1846 921; x_wconf 88' lang='lat' dir='ltr'>in</span> <span class='ocrx_word' id='word_1_372' title='bbox 1872 898 1971 925; x_wconf 89' lang='lat' dir='ltr'>motu</span> <span class='ocrx_word' id='word_1_373' title='bbox 1994 893 2055 927; x_wconf 91' lang='lat' dir='ltr'>illo</span> <span class='ocrx_word' id='word_1_374' title='bbox 2081 896 2127 929; x_wconf 94' lang='lat' dir='ltr'>ci-</span> 
     </span>
     <span class='ocr_line' id='line_1_62' title="bbox 1133 925 2127 987; baseline 0.021 -29"><span class='ocrx_word' id='word_1_375' title='bbox 1133 925 1214 967; x_wconf 87' lang='lat' dir='ltr'>vili,</span> <span class='ocrx_word' id='word_1_376' title='bbox 1241 940 1282 961; x_wconf 94' lang='lat' dir='ltr'>eo</span> <span class='ocrx_word' id='word_1_377' title='bbox 1299 926 1424 963; x_wconf 88' lang='lat' dir='ltr'>habuit</span> <span class='ocrx_word' id='word_1_378' title='bbox 1442 931 1627 967; x_wconf 82' lang='lat' dir='ltr'>Caesarem</span> <span class='ocrx_word' id='word_1_379' title='bbox 1646 934 1880 982; x_wconf 88' lang='lat' dir='ltr'>iniquiorem,</span> <span class='ocrx_word' id='word_1_380' title='bbox 1909 947 1984 975; x_wconf 88' lang='lat' dir='ltr'>tum</span> <span class='ocrx_word' id='word_1_381' title='bbox 2005 945 2127 987; x_wconf 89' lang='lat' dir='ltr'>etiam,</span> 
     </span>
     <span class='ocr_line' id='line_1_63' title="bbox 1134 979 2127 1031; baseline 0.02 -21"><span class='ocrx_word' id='word_1_382' title='bbox 1134 979 1231 1023; x_wconf 90' lang='lat' dir='ltr'>quod</span> <span class='ocrx_word' id='word_1_383' title='bbox 1246 979 1283 1013; x_wconf 90' lang='lat' dir='ltr'>in</span> <span class='ocrx_word' id='word_1_384' title='bbox 1302 992 1382 1014; x_wconf 88' lang='lat' dir='ltr'>eum</span> <span class='ocrx_word' id='word_1_385' title='bbox 1401 982 1600 1027; x_wconf 86' lang='lat' dir='ltr'>scripserat.</span> <span class='ocrx_word' id='word_1_386' title='bbox 1653 986 1773 1031; x_wconf 84' lang='lat' dir='ltr'>Quare</span> <span class='ocrx_word' id='word_1_387' title='bbox 1791 991 1853 1024; x_wconf 89' lang='lat' dir='ltr'>etsi</span> <span class='ocrx_word' id='word_1_388' title='bbox 1878 993 2009 1028; x_wconf 91' lang='lat' dir='ltr'>multos</span> <span class='ocrx_word' id='word_1_389' title='bbox 2032 997 2127 1029; x_wconf 83' lang='lat' dir='ltr'>exilii</span> 
     </span>
     <span class='ocr_line' id='line_1_64' title="bbox 1133 1027 2128 1081; baseline 0.019 -19"><span class='ocrx_word' id='word_1_390' title='bbox 1133 1027 1280 1064; x_wconf 86' lang='lat' dir='ltr'>haberet</span> <span class='ocrx_word' id='word_1_391' title='bbox 1305 1032 1494 1079; x_wconf 66' lang='lat' dir='ltr'>soci0s54)‚</span> <span class='ocrx_word' id='word_1_392' title='bbox 1538 1036 1599 1081; x_wconf 89' lang='lat' dir='ltr'>qui</span> <span class='ocrx_word' id='word_1_393' title='bbox 1621 1038 1837 1081; x_wconf 87' lang='lat' dir='ltr'>pertinacius</span> <span class='ocrx_word' id='word_1_394' title='bbox 1862 1042 2005 1078; x_wconf 88' lang='lat' dir='ltr'>Caesari</span> <span class='ocrx_word' id='word_1_395' title='bbox 2027 1049 2128 1081; x_wconf 86' lang='lat' dir='ltr'>resti-</span> 
     </span>
     <span class='ocr_line' id='line_1_65' title="bbox 1134 1087 2127 1140; baseline 0.019 -27"><span class='ocrx_word' id='word_1_396' title='bbox 1134 1087 1270 1122; x_wconf 86' lang='lat' dir='ltr'>terant,</span> <span class='ocrx_word' id='word_1_397' title='bbox 1299 1089 1417 1117; x_wconf 89' lang='lat' dir='ltr'>tamen</span> <span class='ocrx_word' id='word_1_398' title='bbox 1437 1097 1478 1118; x_wconf 93' lang='lat' dir='ltr'>eo</span> <span class='ocrx_word' id='word_1_399' title='bbox 1505 1087 1682 1122; x_wconf 91' lang='lat' dir='ltr'>minorem</span> <span class='ocrx_word' id='word_1_400' title='bbox 1710 1103 1808 1135; x_wconf 88' lang='lat' dir='ltr'>spem</span> <span class='ocrx_word' id='word_1_401' title='bbox 1831 1095 1966 1129; x_wconf 88' lang='lat' dir='ltr'>reditus</span> <span class='ocrx_word' id='word_1_402' title='bbox 1989 1094 2127 1140; x_wconf 80' lang='lat' dir='ltr'>habuit,</span> 
     </span>
     <span class='ocr_line' id='line_1_66' title="bbox 1134 1136 2126 1188; baseline 0.019 -24"><span class='ocrx_word' id='word_1_403' title='bbox 1134 1145 1241 1178; x_wconf 84' lang='lat' dir='ltr'>quam</span> <span class='ocrx_word' id='word_1_404' title='bbox 1259 1136 1389 1168; x_wconf 88' lang='lat' dir='ltr'>caeteri</span> <span class='ocrx_word' id='word_1_405' title='bbox 1399 1136 1443 1182; x_wconf 75' lang='lat'>55)</span> <span class='ocrx_word' id='word_1_406' title='bbox 1455 1162 1464 1175; x_wconf 96' lang='lat'>,</span> <span class='ocrx_word' id='word_1_407' title='bbox 1493 1139 1589 1182; x_wconf 92' lang='lat' dir='ltr'>quod</span> <span class='ocrx_word' id='word_1_408' title='bbox 1605 1150 1678 1173; x_wconf 91' lang='lat' dir='ltr'>non</span> <span class='ocrx_word' id='word_1_409' title='bbox 1696 1143 1804 1177; x_wconf 87' lang='lat' dir='ltr'>armis</span> <span class='ocrx_word' id='word_1_410' title='bbox 1823 1146 1936 1179; x_wconf 90' lang='lat' dir='ltr'>solum</span> <span class='ocrx_word' id='word_1_411' title='bbox 1949 1173 1959 1188; x_wconf 90' lang='lat'>‚</span> <span class='ocrx_word' id='word_1_412' title='bbox 1993 1149 2053 1181; x_wconf 91' lang='lat' dir='ltr'>sed</span> <span class='ocrx_word' id='word_1_413' title='bbox 2070 1162 2126 1182; x_wconf 87' lang='lat' dir='ltr'>ca-</span> 
     </span>
     <span class='ocr_line' id='line_1_67' title="bbox 1132 1185 2125 1234; baseline 0.018 -18"><span class='ocrx_word' id='word_1_414' title='bbox 1132 1185 1227 1217; x_wconf 86' lang='lat' dir='ltr'>lamo</span> <span class='ocrx_word' id='word_1_415' title='bbox 1248 1198 1391 1231; x_wconf 89' lang='lat' dir='ltr'>quoque</span> <span class='ocrx_word' id='word_1_416' title='bbox 1409 1194 1531 1221; x_wconf 89' lang='lat' dir='ltr'>contra</span> <span class='ocrx_word' id='word_1_417' title='bbox 1552 1189 1739 1225; x_wconf 85' lang='lat' dir='ltr'>Caesarem</span> <span class='ocrx_word' id='word_1_418' title='bbox 1758 1201 1834 1228; x_wconf 87' lang='lat' dir='ltr'>erat</span> <span class='ocrx_word' id='word_1_419' title='bbox 1852 1209 1946 1232; x_wconf 88' lang='lat' dir='ltr'>usus.</span> <span class='ocrx_word' id='word_1_420' title='bbox 2000 1199 2125 1234; x_wconf 90' lang='lat' dir='ltr'>Cicero</span> 
     </span>
     <span class='ocr_line' id='line_1_68' title="bbox 1133 1235 2128 1292; baseline 0.018 -25"><span class='ocrx_word' id='word_1_421' title='bbox 1133 1235 1241 1279; x_wconf 80' lang='lat' dir='ltr'>igitur</span> <span class='ocrx_word' id='word_1_422' title='bbox 1261 1249 1340 1270; x_wconf 92' lang='lat' dir='ltr'>eum</span> <span class='ocrx_word' id='word_1_423' title='bbox 1367 1239 1591 1281; x_wconf 87' lang='lat' dir='ltr'>consolatur,</span> <span class='ocrx_word' id='word_1_424' title='bbox 1624 1254 1668 1275; x_wconf 94' lang='lat' dir='ltr'>ne</span> <span class='ocrx_word' id='word_1_425' title='bbox 1689 1245 1831 1287; x_wconf 85' lang='lat' dir='ltr'>gravius</span> <span class='ocrx_word' id='word_1_426' title='bbox 1854 1247 1944 1281; x_wconf 88' lang='lat' dir='ltr'>ferat</span> <span class='ocrx_word' id='word_1_427' title='bbox 1970 1250 2128 1292; x_wconf 87' lang='lat' dir='ltr'>exilium,</span> 
     </span>
     <span class='ocr_line' id='line_1_69' title="bbox 1134 1289 2127 1337; baseline 0.016 -18"><span class='ocrx_word' id='word_1_428' title='bbox 1134 1294 1167 1320; x_wconf 92' lang='lat' dir='ltr'>et</span> <span class='ocrx_word' id='word_1_429' title='bbox 1185 1299 1283 1331; x_wconf 88' lang='lat' dir='ltr'>spem</span> <span class='ocrx_word' id='word_1_430' title='bbox 1302 1289 1435 1323; x_wconf 91' lang='lat' dir='ltr'>reditus</span> <span class='ocrx_word' id='word_1_431' title='bbox 1462 1290 1492 1322; x_wconf 90' lang='lat' dir='ltr'>ei</span> <span class='ocrx_word' id='word_1_432' title='bbox 1516 1291 1600 1325; x_wconf 87' lang='lat' dir='ltr'>facit</span> <span class='ocrx_word' id='word_1_433' title='bbox 1611 1292 1669 1337; x_wconf 74' lang='lat'>⁵⁶).</span> <span class='ocrx_word' id='word_1_434' title='bbox 1720 1294 1920 1331; x_wconf 78' lang='lat' dir='ltr'>Exordium</span> <span class='ocrx_word' id='word_1_435' title='bbox 1943 1297 2050 1334; x_wconf 88' lang='lat' dir='ltr'>habet</span> <span class='ocrx_word' id='word_1_436' title='bbox 2075 1303 2127 1335; x_wconf 87' lang='lat' dir='ltr'>lo-</span> 
     </span>
     <span class='ocr_line' id='line_1_70' title="bbox 1133 1339 2127 1387; baseline 0.017 -18"><span class='ocrx_word' id='word_1_437' title='bbox 1133 1351 1212 1371; x_wconf 87' lang='lat' dir='ltr'>cum</span> <span class='ocrx_word' id='word_1_438' title='bbox 1244 1339 1526 1375; x_wconf 70' lang='lat' dir='ltr'>benevolentiae.</span> <span class='ocrx_word' id='word_1_439' title='bbox 1594 1344 1788 1379; x_wconf 90' lang='lat' dir='ltr'>Pollicetur</span> <span class='ocrx_word' id='word_1_440' title='bbox 1822 1349 1916 1382; x_wconf 89' lang='lat' dir='ltr'>enim</span> <span class='ocrx_word' id='word_1_441' title='bbox 1958 1353 2127 1387; x_wconf 78' lang='lat' dir='ltr'>osticium.</span> 
     </span>
     <span class='ocr_line' id='line_1_71' title="bbox 1132 1389 2129 1437; baseline 0.016 -16"><span class='ocrx_word' id='word_1_442' title='bbox 1132 1389 1271 1422; x_wconf 89' lang='lat' dir='ltr'>Deinde</span> <span class='ocrx_word' id='word_1_443' title='bbox 1294 1391 1435 1424; x_wconf 85' lang='lat' dir='ltr'>subiicit</span> <span class='ocrx_word' id='word_1_444' title='bbox 1457 1394 1701 1429; x_wconf 85' lang='lat' dir='ltr'>narrationem</span> <span class='ocrx_word' id='word_1_445' title='bbox 1723 1397 1867 1432; x_wconf 89' lang='lat' dir='ltr'>brevem</span> <span class='ocrx_word' id='word_1_446' title='bbox 1890 1402 1933 1434; x_wconf 88' lang='lat' dir='ltr'>de</span> <span class='ocrx_word' id='word_1_447' title='bbox 1958 1409 2051 1436; x_wconf 90' lang='lat' dir='ltr'>statu</span> <span class='ocrx_word' id='word_1_448' title='bbox 2075 1417 2129 1437; x_wconf 88' lang='lat' dir='ltr'>re-</span> 
     </span>
     <span class='ocr_line' id='line_1_72' title="bbox 1132 1441 2128 1496; baseline 0.017 -25"><span class='ocrx_word' id='word_1_449' title='bbox 1132 1453 1212 1473; x_wconf 85' lang='lat' dir='ltr'>rum</span> <span class='ocrx_word' id='word_1_450' title='bbox 1240 1441 1426 1477; x_wconf 83' lang='lat' dir='ltr'>Caecinae.</span> <span class='ocrx_word' id='word_1_451' title='bbox 1483 1443 1699 1489; x_wconf 86' lang='lat' dir='ltr'>Priusquam</span> <span class='ocrx_word' id='word_1_452' title='bbox 1724 1455 1842 1482; x_wconf 87' lang='lat' dir='ltr'>autem</span> <span class='ocrx_word' id='word_1_453' title='bbox 1868 1461 2049 1496; x_wconf 87' lang='lat' dir='ltr'>proponat</span> <span class='ocrx_word' id='word_1_454' title='bbox 2069 1468 2128 1488; x_wconf 72' lang='lat' dir='ltr'>ve-</span> 
     </span>
     <span class='ocr_line' id='line_1_73' title="bbox 1133 1491 2128 1540; baseline 0.016 -19"><span class='ocrx_word' id='word_1_455' title='bbox 1133 1491 1325 1523; x_wconf 86' lang='lat' dir='ltr'>recundam</span> <span class='ocrx_word' id='word_1_456' title='bbox 1346 1492 1625 1535; x_wconf 81' lang='lat' dir='ltr'>praefationem,</span> <span class='ocrx_word' id='word_1_457' title='bbox 1660 1498 1857 1539; x_wconf 90' lang='lat' dir='ltr'>praemittit</span> <span class='ocrx_word' id='word_1_458' title='bbox 1880 1514 1917 1535; x_wconf 90' lang='lat' dir='ltr'>se</span> <span class='ocrx_word' id='word_1_459' title='bbox 1940 1504 2021 1537; x_wconf 88' lang='lat' dir='ltr'>ideo</span> <span class='ocrx_word' id='word_1_460' title='bbox 2048 1517 2128 1540; x_wconf 76' lang='lat' dir='ltr'>suas</span> 
     </span>
     <span class='ocr_line' id='line_1_74' title="bbox 1132 1542 2126 1590; baseline 0.016 -16"><span class='ocrx_word' id='word_1_461' title='bbox 1132 1542 1353 1576; x_wconf 87' lang='lat' dir='ltr'>coniecturas</span> <span class='ocrx_word' id='word_1_462' title='bbox 1374 1542 1547 1584; x_wconf 88' lang='lat' dir='ltr'>scribere,</span> <span class='ocrx_word' id='word_1_463' title='bbox 1576 1547 1672 1590; x_wconf 92' lang='lat' dir='ltr'>quod</span> <span class='ocrx_word' id='word_1_464' title='bbox 1692 1549 1867 1584; x_wconf 85' lang='lat' dir='ltr'>existimet</span> <span class='ocrx_word' id='word_1_465' title='bbox 1893 1565 1972 1587; x_wconf 90' lang='lat' dir='ltr'>eum</span> <span class='ocrx_word' id='word_1_466' title='bbox 2002 1556 2126 1590; x_wconf 91' lang='lat' dir='ltr'>dolore</span> 
     </span>
     <span class='ocr_line' id='line_1_75' title="bbox 1133 1593 2129 1648; baseline 0.018 -24"><span class='ocrx_word' id='word_1_467' title='bbox 1133 1593 1319 1638; x_wconf 88' lang='lat' dir='ltr'>impediri,</span> <span class='ocrx_word' id='word_1_468' title='bbox 1348 1606 1419 1638; x_wconf 89' lang='lat' dir='ltr'>quo</span> <span class='ocrx_word' id='word_1_469' title='bbox 1437 1594 1555 1629; x_wconf 91' lang='lat' dir='ltr'>minus</span> <span class='ocrx_word' id='word_1_470' title='bbox 1570 1598 1694 1631; x_wconf 89' lang='lat' dir='ltr'>eadem</span> <span class='ocrx_word' id='word_1_471' title='bbox 1713 1600 1868 1644; x_wconf 83' lang='lat' dir='ltr'>cogitare</span> <span class='ocrx_word' id='word_1_472' title='bbox 1886 1605 2009 1648; x_wconf 89' lang='lat' dir='ltr'>possit.</span> <span class='ocrx_word' id='word_1_473' title='bbox 2058 1608 2129 1641; x_wconf 90' lang='lat' dir='ltr'>De-</span> 
     </span>
     <span class='ocr_line' id='line_1_76' title="bbox 1134 1645 2129 1691; baseline 0.016 -15"><span class='ocrx_word' id='word_1_474' title='bbox 1134 1646 1215 1677; x_wconf 83' lang='lat' dir='ltr'>inde</span> <span class='ocrx_word' id='word_1_475' title='bbox 1233 1645 1421 1689; x_wconf 87' lang='lat' dir='ltr'>proponit:</span> <span class='ocrx_word' id='word_1_476' title='bbox 1457 1645 1513 1679; x_wconf 93' lang='lat' dir='ltr'>Tu</span> <span class='ocrx_word' id='word_1_477' title='bbox 1538 1647 1639 1680; x_wconf 91' lang='lat' dir='ltr'>brevi</span> <span class='ocrx_word' id='word_1_478' title='bbox 1664 1651 1871 1688; x_wconf 88' lang='lat' dir='ltr'>restitueris.</span> <span class='ocrx_word' id='word_1_479' title='bbox 1924 1656 2047 1690; x_wconf 89' lang='lat' dir='ltr'>Prima</span> <span class='ocrx_word' id='word_1_480' title='bbox 2072 1671 2129 1691; x_wconf 88' lang='lat' dir='ltr'>ra-</span> 
     </span>
     <span class='ocr_line' id='line_1_77' title="bbox 1133 1697 2129 1753; baseline 0.015 -25"><span class='ocrx_word' id='word_1_481' title='bbox 1133 1697 1181 1729; x_wconf 90' lang='lat' dir='ltr'>tio</span> <span class='ocrx_word' id='word_1_482' title='bbox 1201 1703 1341 1740; x_wconf 86' lang='lat' dir='ltr'>sumpta</span> <span class='ocrx_word' id='word_1_483' title='bbox 1360 1702 1410 1729; x_wconf 85' lang='lat' dir='ltr'>est</span> <span class='ocrx_word' id='word_1_484' title='bbox 1424 1708 1442 1728; x_wconf 88' lang='lat' dir='ltr'>a</span> <span class='ocrx_word' id='word_1_485' title='bbox 1461 1700 1642 1732; x_wconf 90' lang='lat' dir='ltr'>communi</span> <span class='ocrx_word' id='word_1_486' title='bbox 1658 1713 1719 1745; x_wconf 91' lang='lat' dir='ltr'>spe</span> <span class='ocrx_word' id='word_1_487' title='bbox 1743 1704 1926 1747; x_wconf 87' lang='lat' dir='ltr'>omnium,</span> <span class='ocrx_word' id='word_1_488' title='bbox 1961 1708 2022 1753; x_wconf 87' lang='lat' dir='ltr'>qui</span> <span class='ocrx_word' id='word_1_489' title='bbox 2047 1717 2129 1743; x_wconf 89' lang='lat' dir='ltr'>sunt</span> 
     </span>
     <span class='ocr_line' id='line_1_78' title="bbox 1132 1747 2127 1801; baseline 0.016 -23"><span class='ocrx_word' id='word_1_490' title='bbox 1132 1748 1168 1780; x_wconf 86' lang='lat' dir='ltr'>in</span> <span class='ocrx_word' id='word_1_491' title='bbox 1186 1747 1303 1780; x_wconf 80' lang='lat' dir='ltr'>exilio.</span> <span class='ocrx_word' id='word_1_492' title='bbox 1355 1747 1476 1780; x_wconf 82' lang='lat' dir='ltr'>Altera</span> <span class='ocrx_word' id='word_1_493' title='bbox 1503 1760 1521 1781; x_wconf 86' lang='lat' dir='ltr'>a</span> <span class='ocrx_word' id='word_1_494' title='bbox 1551 1753 1862 1789; x_wconf 87' lang='lat' dir='ltr'>commendatione</span> <span class='ocrx_word' id='word_1_495' title='bbox 1889 1757 2021 1801; x_wconf 85' lang='lat' dir='ltr'>ingenii</span> <span class='ocrx_word' id='word_1_496' title='bbox 2041 1760 2127 1794; x_wconf 86' lang='lat' dir='ltr'>Cae-</span> 
     </span>
     <span class='ocr_line' id='line_1_79' title="bbox 1133 1798 2128 1857; baseline 0.012 -25"><span class='ocrx_word' id='word_1_497' title='bbox 1133 1800 1253 1839; x_wconf 83' lang='lat' dir='ltr'>cinae,</span> <span class='ocrx_word' id='word_1_498' title='bbox 1282 1810 1361 1831; x_wconf 89' lang='lat' dir='ltr'>cum</span> <span class='ocrx_word' id='word_1_499' title='bbox 1382 1798 1454 1842; x_wconf 87' lang='lat' dir='ltr'>ipse</span> <span class='ocrx_word' id='word_1_500' title='bbox 1476 1801 1621 1835; x_wconf 87' lang='lat' dir='ltr'>excellat</span> <span class='ocrx_word' id='word_1_501' title='bbox 1637 1802 1802 1847; x_wconf 83' lang='lat' dir='ltr'>ingenio,</span> <span class='ocrx_word' id='word_1_502' title='bbox 1832 1807 2037 1848; x_wconf 72' lang='lat' dir='ltr'>Caesarem,</span> <span class='ocrx_word' id='word_1_503' title='bbox 2066 1812 2128 1857; x_wconf 90' lang='lat' dir='ltr'>qui</span> 
     </span>
    </p>
   </div>
   <div class='ocr_carea' id='block_1_18' title="bbox 1132 1850 2126 1898">
    <p class='ocr_par' dir='ltr' id='par_1_20' title="bbox 1132 1850 2126 1898">
     <span class='ocr_line' id='line_1_80' title="bbox 1132 1850 2126 1898; baseline 0.013 -16"><span class='ocrx_word' id='word_1_504' title='bbox 1132 1851 1275 1894; x_wconf 79' lang='lat' dir='ltr'>ingenio</span> <span class='ocrx_word' id='word_1_505' title='bbox 1301 1850 1514 1891; x_wconf 82' lang='lat' dir='ltr'>delectatur,</span> <span class='ocrx_word' id='word_1_506' title='bbox 1546 1853 1622 1885; x_wconf 86' lang='lat' dir='ltr'>sore</span> <span class='ocrx_word' id='word_1_507' title='bbox 1646 1855 1868 1898; x_wconf 83' lang='lat' dir='ltr'>placabilem.</span> <span class='ocrx_word' id='word_1_508' title='bbox 1937 1860 2126 1896; x_wconf 72' lang='lat' dir='ltr'>Conclusio</span> 
     </span>
    </p>
   </div>
   <div class='ocr_carea' id='block_1_19' title="bbox 1139 1939 1337 1943">
    <p class='ocr_par' dir='ltr' id='par_1_21' title="bbox 1139 1939 1337 1943">
     <span class='ocr_line' id='line_1_81' title="bbox 1139 1939 1337 1943; baseline 0 0"><span class='ocrx_word' id='word_1_509' title='bbox 1139 1939 1337 1943; x_wconf 95' lang='lat' dir='ltr'> </span> 
     </span>
    </p>
   </div>
   <div class='ocr_carea' id='block_1_20' title="bbox 1165 1981 1887 2018">
    <p class='ocr_par' dir='ltr' id='par_1_22' title="bbox 1165 1981 1887 2018">
     <span class='ocr_line' id='line_1_82' title="bbox 1165 1981 1887 2018; baseline 0.012 -14"><span class='ocrx_word' id='word_1_510' title='bbox 1165 1981 1211 2011; x_wconf 75' lang='lat'>49)</span> <span class='ocrx_word' id='word_1_511' title='bbox 1231 1982 1342 2011; x_wconf 78' lang='lat' dir='ltr'>Altera]</span> <span class='ocrx_word' id='word_1_512' title='bbox 1362 1983 1410 2006; x_wconf 88' lang='lat' dir='ltr'>Ed.</span> <span class='ocrx_word' id='word_1_513' title='bbox 1433 1984 1507 2009; x_wconf 81' lang='lat'>1537.</span> <span class='ocrx_word' id='word_1_514' title='bbox 1528 1991 1625 2009; x_wconf 84' lang='lat' dir='ltr'>errore</span> <span class='ocrx_word' id='word_1_515' title='bbox 1644 1988 1772 2018; x_wconf 64' lang='lat' dir='ltr'>typognz</span> <span class='ocrx_word' id='word_1_516' title='bbox 1800 1989 1887 2013; x_wconf 84' lang='lat' dir='ltr'>Alter.</span> 
     </span>
    </p>
   </div>
   <div class='ocr_carea' id='block_1_21' title="bbox 1164 2024 2123 2088">
    <p class='ocr_par' dir='ltr' id='par_1_23' title="bbox 1164 2024 2123 2088">
     <span class='ocr_line' id='line_1_83' title="bbox 1164 2024 2123 2067; baseline 0.015 -21"><span class='ocrx_word' id='word_1_517' title='bbox 1164 2025 1211 2052; x_wconf 83' lang='lat'>50]</span> <span class='ocrx_word' id='word_1_518' title='bbox 1231 2024 1367 2064; x_wconf 71' lang='lat' dir='ltr'>Caecinae</span> <span class='ocrx_word' id='word_1_519' title='bbox 1387 2027 1453 2055; x_wconf 61' lang='lat' dir='ltr'>ete]</span> <span class='ocrx_word' id='word_1_520' title='bbox 1474 2027 1558 2053; x_wconf 80' lang='lat' dir='ltr'>Editt.</span> <span class='ocrx_word' id='word_1_521' title='bbox 1576 2028 1665 2057; x_wconf 83' lang='grc'><strong>1537..</strong></span> <span class='ocrx_word' id='word_1_522' title='bbox 1687 2030 1777 2060; x_wconf 60' lang='grc'><strong>1540..</strong></span> <span class='ocrx_word' id='word_1_523' title='bbox 1799 2032 1874 2055; x_wconf 86' lang='grc'><strong>1560.</strong></span> <span class='ocrx_word' id='word_1_524' title='bbox 1900 2031 2036 2058; x_wconf 81' lang='lat' dir='ltr'>cecinnae</span> <span class='ocrx_word' id='word_1_525' title='bbox 2055 2037 2123 2067; x_wconf 83' lang='lat' dir='ltr'>etc.;</span> 
     </span>
     <span class='ocr_line' id='line_1_84' title="bbox 1200 2060 1812 2088; baseline 0.01 -7"><span class='ocrx_word' id='word_1_526' title='bbox 1200 2060 1310 2083; x_wconf 85' lang='lat' dir='ltr'>ceterae</span> <span class='ocrx_word' id='word_1_527' title='bbox 1328 2060 1439 2083; x_wconf 80' lang='lat' dir='ltr'>illarum</span> <span class='ocrx_word' id='word_1_528' title='bbox 1458 2061 1558 2084; x_wconf 84' lang='lat' dir='ltr'>Editt.:</span> <span class='ocrx_word' id='word_1_529' title='bbox 1584 2062 1740 2086; x_wconf 79' lang='lat' dir='ltr'>caecinnae</span> <span class='ocrx_word' id='word_1_530' title='bbox 1762 2065 1812 2088; x_wconf 82' lang='lat' dir='ltr'>etc.</span> 
     </span>
    </p>
   </div>
   <div class='ocr_carea' id='block_1_22' title="bbox 1164 2102 2125 2164">
    <p class='ocr_par' dir='ltr' id='par_1_24' title="bbox 1164 2102 2125 2164">
     <span class='ocr_line' id='line_1_85' title="bbox 1164 2102 2125 2144; baseline 0.015 -21"><span class='ocrx_word' id='word_1_531' title='bbox 1164 2103 1212 2128; x_wconf 85' lang='grc'>51)</span> <span class='ocrx_word' id='word_1_532' title='bbox 1234 2102 1291 2125; x_wconf 83' lang='lat' dir='ltr'>Hoc</span> <span class='ocrx_word' id='word_1_533' title='bbox 1317 2104 1506 2132; x_wconf 77' lang='lat' dir='ltr'>argumentum</span> <span class='ocrx_word' id='word_1_534' title='bbox 1532 2104 1658 2128; x_wconf 84' lang='lat' dir='ltr'>exhibent</span> <span class='ocrx_word' id='word_1_535' title='bbox 1681 2106 1766 2130; x_wconf 83' lang='lat' dir='ltr'>Editt.</span> <span class='ocrx_word' id='word_1_536' title='bbox 1788 2107 2008 2141; x_wconf 73' lang='lat'>1537—1554.,</span> <span class='ocrx_word' id='word_1_537' title='bbox 2038 2112 2125 2144; x_wconf 84' lang='grc'><strong>1557.,</strong></span> 
     </span>
     <span class='ocr_line' id='line_1_86' title="bbox 1202 2137 1622 2164; baseline 0.01 -6"><span class='ocrx_word' id='word_1_538' title='bbox 1202 2137 1292 2164; x_wconf 84' lang='grc'><strong>1560..</strong></span> <span class='ocrx_word' id='word_1_539' title='bbox 1317 2137 1524 2162; x_wconf 81' lang='grc'><strong>1565-1596..</strong></span> <span class='ocrx_word' id='word_1_540' title='bbox 1549 2138 1622 2163; x_wconf 88' lang='grc'><strong>1601.</strong></span> 
     </span>
    </p>
   </div>
   <div class='ocr_carea' id='block_1_23' title="bbox 1163 2178 2124 2251">
    <p class='ocr_par' dir='ltr' id='par_1_25' title="bbox 1163 2178 2124 2251">
     <span class='ocr_line' id='line_1_87' title="bbox 1163 2178 2124 2213; baseline 0.012 -13"><span class='ocrx_word' id='word_1_541' title='bbox 1163 2179 1212 2206; x_wconf 78' lang='lat'>52)</span> <span class='ocrx_word' id='word_1_542' title='bbox 1232 2178 1286 2202; x_wconf 87' lang='lat' dir='ltr'>Pro</span> <span class='ocrx_word' id='word_1_543' title='bbox 1304 2178 1346 2201; x_wconf 85' lang='lat' dir='ltr'>his</span> <span class='ocrx_word' id='word_1_544' title='bbox 1367 2178 1421 2203; x_wconf 79' lang='lat' dir='ltr'>Cic.</span> <span class='ocrx_word' id='word_1_545' title='bbox 1442 2179 1534 2202; x_wconf 77' lang='lat' dir='ltr'>verbis</span> <span class='ocrx_word' id='word_1_546' title='bbox 1556 2180 1583 2203; x_wconf 84' lang='lat' dir='ltr'>in</span> <span class='ocrx_word' id='word_1_547' title='bbox 1603 2180 1686 2204; x_wconf 79' lang='lat' dir='ltr'>Editt.</span> <span class='ocrx_word' id='word_1_548' title='bbox 1707 2182 1798 2213; x_wconf 80' lang='lat'>1540.,</span> <span class='ocrx_word' id='word_1_549' title='bbox 1821 2184 1911 2211; x_wconf 72' lang='grc'><strong>1544..</strong></span> <span class='ocrx_word' id='word_1_550' title='bbox 1936 2185 2027 2213; x_wconf 77' lang='grc'><strong>1554..</strong></span> <span class='ocrx_word' id='word_1_551' title='bbox 2049 2188 2124 2212; x_wconf 87' lang='grc'><strong>1557.</strong></span> 
     </span>
     <span class='ocr_line' id='line_1_88' title="bbox 1199 2214 2124 2251; baseline 0.012 -16"><span class='ocrx_word' id='word_1_552' title='bbox 1199 2214 1260 2236; x_wconf 81' lang='lat' dir='ltr'>huic</span> <span class='ocrx_word' id='word_1_553' title='bbox 1279 2214 1361 2236; x_wconf 78' lang='lat' dir='ltr'>notae</span> <span class='ocrx_word' id='word_1_554' title='bbox 1380 2214 1526 2242; x_wconf 75' lang='lat' dir='ltr'>praefixiS,</span> <span class='ocrx_word' id='word_1_555' title='bbox 1564 2215 1589 2237; x_wconf 91' lang='lat' dir='ltr'>in</span> <span class='ocrx_word' id='word_1_556' title='bbox 1610 2215 1694 2238; x_wconf 79' lang='lat' dir='ltr'>Editt.</span> <span class='ocrx_word' id='word_1_557' title='bbox 1716 2217 1806 2247; x_wconf 69' lang='lat'>1545.,</span> <span class='ocrx_word' id='word_1_558' title='bbox 1834 2218 1907 2241; x_wconf 88' lang='grc'><strong>1560.</strong></span> <span class='ocrx_word' id='word_1_559' title='bbox 1934 2219 1958 2242; x_wconf 83' lang='lat' dir='ltr'>ei</span> <span class='ocrx_word' id='word_1_560' title='bbox 1982 2221 2124 2251; x_wconf 81' lang='lat' dir='ltr'>adscripta</span> 
     </span>
    </p>
   </div>
   <div class='ocr_carea' id='block_1_24' title="bbox 1198 2248 2122 2316">
    <p class='ocr_par' dir='ltr' id='par_1_26' title="bbox 1198 2248 2122 2316">
     <span class='ocr_line' id='line_1_89' title="bbox 1198 2248 2122 2283; baseline 0.011 -13"><span class='ocrx_word' id='word_1_561' title='bbox 1198 2250 1260 2270; x_wconf 84' lang='lat' dir='ltr'>suut</span> <span class='ocrx_word' id='word_1_562' title='bbox 1280 2249 1363 2271; x_wconf 76' lang='lat' dir='ltr'>verba</span> <span class='ocrx_word' id='word_1_563' title='bbox 1381 2248 1538 2278; x_wconf 77' lang='lat' dir='ltr'>sequentia:</span> <span class='ocrx_word' id='word_1_564' title='bbox 1567 2250 1621 2273; x_wconf 74' lang='lat' dir='ltr'>Ht&#39;s</span> <span class='ocrx_word' id='word_1_565' title='bbox 1639 2251 1737 2274; x_wconf 78' lang='lat' dir='ltr'>autem</span> <span class='ocrx_word' id='word_1_566' title='bbox 1756 2251 1790 2275; x_wconf 81' lang='lat' dir='ltr'>de</span> <span class='ocrx_word' id='word_1_567' title='bbox 1807 2252 1908 2279; x_wconf 71' lang='lat' dir='ltr'>rebus,</span> <span class='ocrx_word' id='word_1_568' title='bbox 1930 2254 2025 2283; x_wconf 77' lang='lat' dir='ltr'>quibus</span> <span class='ocrx_word' id='word_1_569' title='bbox 2041 2257 2122 2280; x_wconf 78' lang='lat' dir='ltr'>etiam</span> 
     </span>
     <span class='ocr_line' id='line_1_90' title="bbox 1198 2282 2102 2316; baseline 0.01 -12"><span class='ocrx_word' id='word_1_570' title='bbox 1198 2283 1224 2305; x_wconf 87' lang='lat' dir='ltr'>in</span> <span class='ocrx_word' id='word_1_571' title='bbox 1245 2282 1292 2305; x_wconf 87' lang='lat' dir='ltr'>Ed.</span> <span class='ocrx_word' id='word_1_572' title='bbox 1315 2282 1390 2305; x_wconf 87' lang='grc'><strong>1537.</strong></span> <span class='ocrx_word' id='word_1_573' title='bbox 1411 2288 1463 2305; x_wconf 83' lang='lat' dir='ltr'>vox</span> <span class='ocrx_word' id='word_1_574' title='bbox 1484 2282 1698 2312; x_wconf 77' lang='lat' dir='ltr'>„Consolatio”</span> <span class='ocrx_word' id='word_1_575' title='bbox 1719 2285 1744 2307; x_wconf 85' lang='lat' dir='ltr'>in</span> <span class='ocrx_word' id='word_1_576' title='bbox 1765 2286 1888 2316; x_wconf 62' lang='lat' dir='ltr'>margine</span> <span class='ocrx_word' id='word_1_577' title='bbox 1904 2288 2031 2316; x_wconf 72' lang='lat' dir='ltr'>apposita</span> <span class='ocrx_word' id='word_1_578' title='bbox 2050 2292 2102 2313; x_wconf 82' lang='lat' dir='ltr'>est.</span> 
     </span>
    </p>
   </div>
   <div class='ocr_carea' id='block_1_25' title="bbox 1162 2325 2121 2384">
    <p class='ocr_par' dir='ltr' id='par_1_27' title="bbox 1162 2325 2121 2384">
     <span class='ocr_line' id='line_1_91' title="bbox 1162 2325 2121 2362; baseline 0.009 -16"><span class='ocrx_word' id='word_1_579' title='bbox 1162 2325 1210 2356; x_wconf 81' lang='lat'>53)</span> <span class='ocrx_word' id='word_1_580' title='bbox 1232 2326 1288 2348; x_wconf 83' lang='lat' dir='ltr'>Hoc</span> <span class='ocrx_word' id='word_1_581' title='bbox 1305 2327 1494 2352; x_wconf 59' lang='lat' dir='ltr'>argumentum</span> <span class='ocrx_word' id='word_1_582' title='bbox 1514 2327 1541 2348; x_wconf 87' lang='lat' dir='ltr'>et</span> <span class='ocrx_word' id='word_1_583' title='bbox 1559 2327 1611 2350; x_wconf 85' lang='lat' dir='ltr'>duo</span> <span class='ocrx_word' id='word_1_584' title='bbox 1631 2328 1775 2357; x_wconf 85' lang='lat' dir='ltr'>sequentia</span> <span class='ocrx_word' id='word_1_585' title='bbox 1792 2328 1819 2351; x_wconf 85' lang='lat' dir='ltr'>in</span> <span class='ocrx_word' id='word_1_586' title='bbox 1839 2329 1924 2355; x_wconf 76' lang='lat' dir='ltr'>Editt.</span> <span class='ocrx_word' id='word_1_587' title='bbox 1942 2330 2033 2362; x_wconf 82' lang='lat'>1556.,</span> <span class='ocrx_word' id='word_1_588' title='bbox 2055 2333 2121 2357; x_wconf 84' lang='grc'><strong>1565</strong></span> 
     </span>
     <span class='ocr_line' id='line_1_92' title="bbox 1196 2360 1520 2384; baseline 0.003 -2"><span class='ocrx_word' id='word_1_589' title='bbox 1196 2372 1229 2376; x_wconf 91' lang='grc'>-</span> <span class='ocrx_word' id='word_1_590' title='bbox 1244 2360 1316 2383; x_wconf 79' lang='grc'><strong>1596.</strong></span> <span class='ocrx_word' id='word_1_591' title='bbox 1336 2360 1520 2384; x_wconf 80' lang='lat' dir='ltr'>inveniuntur.</span> 
     </span>
    </p>
   </div>
   <div class='ocr_carea' id='block_1_26' title="bbox 1163 2402 2121 2572">
    <p class='ocr_par' dir='ltr' id='par_1_28' title="bbox 1163 2402 2121 2495">
     <span class='ocr_line' id='line_1_93' title="bbox 1163 2402 2121 2439; baseline 0.007 -14"><span class='ocrx_word' id='word_1_592' title='bbox 1163 2403 1211 2430; x_wconf 70' lang='lat'>54)</span> <span class='ocrx_word' id='word_1_593' title='bbox 1231 2404 1321 2432; x_wconf 85' lang='lat' dir='ltr'>Quare</span> <span class='ocrx_word' id='word_1_594' title='bbox 1341 2402 1392 2425; x_wconf 83' lang='lat' dir='ltr'>etsi</span> <span class='ocrx_word' id='word_1_595' title='bbox 1412 2403 1511 2425; x_wconf 74' lang='lat' dir='ltr'>multos</span> <span class='ocrx_word' id='word_1_596' title='bbox 1532 2402 1606 2426; x_wconf 79' lang='lat' dir='ltr'>exitii</span> <span class='ocrx_word' id='word_1_597' title='bbox 1625 2403 1737 2426; x_wconf 80' lang='lat' dir='ltr'>haberet</span> <span class='ocrx_word' id='word_1_598' title='bbox 1763 2402 1871 2433; x_wconf 86' lang='lat' dir='ltr'>socios]</span> <span class='ocrx_word' id='word_1_599' title='bbox 1897 2405 1937 2429; x_wconf 84' lang='lat' dir='ltr'>sic</span> <span class='ocrx_word' id='word_1_600' title='bbox 1956 2406 2004 2430; x_wconf 88' lang='lat' dir='ltr'>Ed.</span> <span class='ocrx_word' id='word_1_601' title='bbox 2027 2407 2121 2439; x_wconf 82' lang='lat'>1556.;</span> 
     </span>
     <span class='ocr_line' id='line_1_94' title="bbox 1198 2437 2119 2466; baseline 0.007 -6"><span class='ocrx_word' id='word_1_602' title='bbox 1198 2437 1281 2461; x_wconf 81' lang='lat' dir='ltr'>Editt.</span> <span class='ocrx_word' id='word_1_603' title='bbox 1304 2437 1395 2466; x_wconf 54' lang='lat'>1565„</span> <span class='ocrx_word' id='word_1_604' title='bbox 1419 2438 1508 2466; x_wconf 73' lang='grc'><strong>1569..</strong></span> <span class='ocrx_word' id='word_1_605' title='bbox 1530 2438 1602 2462; x_wconf 79' lang='grc'><strong>1592.</strong></span> <span class='ocrx_word' id='word_1_606' title='bbox 1627 2438 1686 2460; x_wconf 77' lang='lat' dir='ltr'>Etsi</span> <span class='ocrx_word' id='word_1_607' title='bbox 1706 2439 1797 2461; x_wconf 86' lang='lat' dir='ltr'>autem</span> <span class='ocrx_word' id='word_1_608' title='bbox 1816 2439 1930 2463; x_wconf 81' lang='lat' dir='ltr'>haberet</span> <span class='ocrx_word' id='word_1_609' title='bbox 1949 2441 2050 2466; x_wconf 87' lang='lat' dir='ltr'>multos</span> <span class='ocrx_word' id='word_1_610' title='bbox 2070 2448 2119 2466; x_wconf 90' lang='lat' dir='ltr'>so-</span> 
     </span>
     <span class='ocr_line' id='line_1_95' title="bbox 1197 2471 1359 2495; baseline 0.006 -1"><span class='ocrx_word' id='word_1_611' title='bbox 1197 2472 1255 2495; x_wconf 85' lang='lat' dir='ltr'>cios</span> <span class='ocrx_word' id='word_1_612' title='bbox 1276 2471 1359 2495; x_wconf 79' lang='lat' dir='ltr'>exilii.</span> 
     </span>
    </p>

    <p class='ocr_par' dir='ltr' id='par_1_29' title="bbox 1163 2512 1712 2572">
     <span class='ocr_line' id='line_1_96' title="bbox 1163 2512 1712 2544; baseline 0.004 -9"><span class='ocrx_word' id='word_1_613' title='bbox 1163 2514 1211 2539; x_wconf 71' lang='lat'>55]</span> <span class='ocrx_word' id='word_1_614' title='bbox 1233 2519 1311 2543; x_wconf 83' lang='lat' dir='ltr'>quam</span> <span class='ocrx_word' id='word_1_615' title='bbox 1337 2513 1453 2542; x_wconf 73' lang='lat' dir='ltr'>caeteri]</span> <span class='ocrx_word' id='word_1_616' title='bbox 1487 2512 1526 2537; x_wconf 84' lang='lat' dir='ltr'>sic</span> <span class='ocrx_word' id='word_1_617' title='bbox 1548 2513 1598 2538; x_wconf 81' lang='lat' dir='ltr'>Ed.</span> <span class='ocrx_word' id='word_1_618' title='bbox 1620 2513 1712 2544; x_wconf 78' lang='lat'>1556.;</span> 
     </span>
     <span class='ocr_line' id='line_1_97' title="bbox 1198 2547 1401 2572; baseline -0.005 -1"><span class='ocrx_word' id='word_1_619' title='bbox 1198 2548 1274 2572; x_wconf 76' lang='lat'>1592.</span> <span class='ocrx_word' id='word_1_620' title='bbox 1294 2547 1401 2570; x_wconf 80' lang='lat' dir='ltr'>desunt.</span> 
     </span>
    </p>
   </div>
   <div class='ocr_carea' id='block_1_27' title="bbox 1167 2590 2118 2751">
    <p class='ocr_par' dir='ltr' id='par_1_30' title="bbox 1167 2590 2118 2751">
     <span class='ocr_line' id='line_1_98' title="bbox 1167 2590 2118 2620; baseline 0.004 -7"><span class='ocrx_word' id='word_1_621' title='bbox 1167 2590 1215 2617; x_wconf 88' lang='grc'>56)</span> <span class='ocrx_word' id='word_1_622' title='bbox 1237 2590 1285 2613; x_wconf 77' lang='lat' dir='ltr'>sed</span> <span class='ocrx_word' id='word_1_623' title='bbox 1310 2590 1413 2613; x_wconf 80' lang='lat' dir='ltr'>calamo</span> <span class='ocrx_word' id='word_1_624' title='bbox 1440 2596 1545 2620; x_wconf 86' lang='lat' dir='ltr'>quoque</span> <span class='ocrx_word' id='word_1_625' title='bbox 1564 2602 1597 2607; x_wconf 94' lang='lat'><strong>—</strong></span> <span class='ocrx_word' id='word_1_626' title='bbox 1616 2597 1690 2620; x_wconf 87' lang='lat' dir='ltr'>spem</span> <span class='ocrx_word' id='word_1_627' title='bbox 1719 2591 1823 2615; x_wconf 83' lang='lat' dir='ltr'>reditus</span> <span class='ocrx_word' id='word_1_628' title='bbox 1851 2591 1873 2614; x_wconf 81' lang='lat' dir='ltr'>ei</span> <span class='ocrx_word' id='word_1_629' title='bbox 1900 2592 1989 2620; x_wconf 60' lang='lat' dir='ltr'>facit]</span> <span class='ocrx_word' id='word_1_630' title='bbox 2014 2593 2052 2616; x_wconf 81' lang='lat' dir='ltr'>sic</span> <span class='ocrx_word' id='word_1_631' title='bbox 2071 2594 2118 2617; x_wconf 86' lang='lat' dir='ltr'>Ed.</span> 
     </span>
     <span class='ocr_line' id='line_1_99' title="bbox 1202 2624 2118 2656; baseline 0.003 -9"><span class='ocrx_word' id='word_1_632' title='bbox 1202 2625 1292 2649; x_wconf 41' lang='lat'>¹556*</span> <span class='ocrx_word' id='word_1_633' title='bbox 1320 2624 1403 2647; x_wconf 72' lang='lat' dir='ltr'>Editt,</span> <span class='ocrx_word' id='word_1_634' title='bbox 1418 2624 1503 2650; x_wconf 71' lang='lat'>1565..</span> <span class='ocrx_word' id='word_1_635' title='bbox 1524 2625 1609 2651; x_wconf 58' lang='lat'>15⁶9„</span> <span class='ocrx_word' id='word_1_636' title='bbox 1630 2625 1703 2649; x_wconf 81' lang='lat'>1592.</span> <span class='ocrx_word' id='word_1_637' title='bbox 1724 2626 1772 2648; x_wconf 83' lang='lat' dir='ltr'>sed</span> <span class='ocrx_word' id='word_1_638' title='bbox 1792 2626 1905 2655; x_wconf 80' lang='lat' dir='ltr'>publicis</span> <span class='ocrx_word' id='word_1_639' title='bbox 1925 2626 2035 2656; x_wconf 78' lang='lat' dir='ltr'>scriptis</span> <span class='ocrx_word' id='word_1_640' title='bbox 2050 2633 2118 2656; x_wconf 81' lang='lat' dir='ltr'>quo-</span> 
     </span>
     <span class='ocr_line' id='line_1_100' title="bbox 1200 2659 2117 2689; baseline 0.002 -8"><span class='ocrx_word' id='word_1_641' title='bbox 1200 2665 1250 2689; x_wconf 85' lang='lat' dir='ltr'>que</span> <span class='ocrx_word' id='word_1_642' title='bbox 1270 2659 1414 2681; x_wconf 67' lang='lat' dir='ltr'>Faesarem</span> <span class='ocrx_word' id='word_1_643' title='bbox 1434 2659 1601 2683; x_wconf 72' lang='lat' dir='ltr'>oss&#39;endisset.</span> <span class='ocrx_word' id='word_1_644' title='bbox 1645 2660 1735 2688; x_wconf 79' lang='lat' dir='ltr'>Quare</span> <span class='ocrx_word' id='word_1_645' title='bbox 1754 2659 1850 2684; x_wconf 83' lang='lat' dir='ltr'>Cicero</span> <span class='ocrx_word' id='word_1_646' title='bbox 1870 2666 1928 2683; x_wconf 86' lang='lat' dir='ltr'>eum</span> <span class='ocrx_word' id='word_1_647' title='bbox 1948 2662 2117 2688; x_wconf 76' lang='lat' dir='ltr'>consolatur,</span> 
     </span>
     <span class='ocr_line' id='line_1_101' title="bbox 1198 2693 2115 2724; baseline 0.002 -8"><span class='ocrx_word' id='word_1_648' title='bbox 1198 2700 1232 2716; x_wconf 80' lang='lat' dir='ltr'>ue</span> <span class='ocrx_word' id='word_1_649' title='bbox 1251 2693 1363 2720; x_wconf 63' lang='lat' dir='ltr'>gravius</span> <span class='ocrx_word' id='word_1_650' title='bbox 1383 2693 1453 2715; x_wconf 74' lang='lat' dir='ltr'>ferat</span> <span class='ocrx_word' id='word_1_651' title='bbox 1474 2693 1627 2717; x_wconf 83' lang='lat' dir='ltr'>diuturnum</span> <span class='ocrx_word' id='word_1_652' title='bbox 1647 2694 1770 2721; x_wconf 79' lang='lat' dir='ltr'>exitium.</span> <span class='ocrx_word' id='word_1_653' title='bbox 1791 2696 1817 2717; x_wconf 88' lang='lat' dir='ltr'>et</span> <span class='ocrx_word' id='word_1_654' title='bbox 1837 2694 1916 2718; x_wconf 81' lang='lat' dir='ltr'>simul</span> <span class='ocrx_word' id='word_1_655' title='bbox 1936 2695 1959 2717; x_wconf 83' lang='lat' dir='ltr'>ei</span> <span class='ocrx_word' id='word_1_656' title='bbox 1979 2701 2053 2724; x_wconf 79' lang='lat' dir='ltr'>spem</span> <span class='ocrx_word' id='word_1_657' title='bbox 2072 2695 2115 2718; x_wconf 81' lang='lat' dir='ltr'>fa-</span> 
     </span>
     <span class='ocr_line' id='line_1_102' title="bbox 1197 2728 1363 2751; baseline -0.012 -1"><span class='ocrx_word' id='word_1_658' title='bbox 1197 2728 1234 2751; x_wconf 85' lang='lat' dir='ltr'>cit</span> <span class='ocrx_word' id='word_1_659' title='bbox 1253 2728 1363 2750; x_wconf 75' lang='lat' dir='ltr'>reditus.</span> 
     </span>
    </p>
   </div>
   <div class='ocr_carea' id='block_1_28' title="bbox 1749 2513 2118 2547">
    <p class='ocr_par' dir='ltr' id='par_1_31' title="bbox 1749 2513 2118 2547">
     <span class='ocr_line' id='line_1_103' title="bbox 1749 2513 2118 2547; baseline 0.011 -10"><span class='ocrx_word' id='word_1_660' title='bbox 1749 2513 1778 2537; x_wconf 74' lang='lat' dir='ltr'>in</span> <span class='ocrx_word' id='word_1_661' title='bbox 1802 2513 1886 2537; x_wconf 82' lang='lat' dir='ltr'>Editt.</span> <span class='ocrx_word' id='word_1_662' title='bbox 1910 2515 2000 2547; x_wconf 83' lang='lat'>1565.‚</span> <span class='ocrx_word' id='word_1_663' title='bbox 2034 2517 2118 2547; x_wconf 82' lang='lat'>1569.,</span> 
     </span>
    </p>
   </div>
   <div class='ocr_carea' id='block_1_29' title="bbox 1565 2762 1609 2796">
    <p class='ocr_par' dir='ltr' id='par_1_32' title="bbox 1565 2762 1609 2796">
     <span class='ocr_line' id='line_1_104' title="bbox 1565 2762 1609 2796; baseline 0 0"><span class='ocrx_word' id='word_1_664' title='bbox 1565 2762 1609 2796; x_wconf 77' lang='lat'>14</span> 
     </span>
    </p>
   </div>
  </div>
 </body>
</html>
