2351 2990
125 96 199 131 397
262 95 383 132 XXIII.
433 97 742 132 ARGUMENTA
767 97 831 131 ET
852 96 1055 132 SCHOLIA
1080 96 1127 132 IN
1152 96 1299 136 EPIST.
1324 101 1436 138 FAM.
1461 103 1544 139 CIC.
1569 104 1658 141 LIB.
1676 106 1732 142 XI.
1758 108 1830 144 ΕΡ.
1851 110 2027 149 15—19.
2090 116 2165 150 398

421 182 819 228 Argumentumoe).

226 250 394 285 Eiusdem
413 257 464 284 est
480 251 683 294 argumenti
698 264 777 284 cum
796 253 1021 295 praecedenti
1047 253 1120 297 epi-

125 301 226 335 stola.
288 302 380 336 Nam
404 301 567 335 Lamiam
590 302 704 335 Bruto
730 302 767 335 in
792 302 994 336 adiuvanda
1018 316 1120 348 prae-

125 359 204 385 tura
241 354 479 387 commendat.
550 353 734 397 Principio
770 360 957 398 ponuntur
993 367 1119 388 causae

126 404 447 437 commendationis
464 416 527 448 per
544 404 803 438 narrationem.
844 404 983 438 Deinde
1003 406 1118 451 sequi-

124 461 183 487 tur
202 455 399 498 propositio
414 456 518 499 plane
537 455 581 487 ad
599 456 754 489 sormam
774 456 968 500 superioris
993 456 1118 502 enthy-

125 512 299 539 mematis.

368 580 505 615 Aliud
540 588 868 626 argumentum.

224 647 382 693 Sequens
396 649 543 693 epistola
559 649 715 683 eiusdem
733 657 782 684 est
797 650 1009 695 argumenti,
1026 661 1115 695 quae

122 704 260 731 constat
283 700 419 733 duabus
444 700 622 744 partibus,
651 702 858 734 narratione
881 708 915 736 et
933 702 1115 746 petitione.

121 749 221 782 Hanc
237 751 415 784 concludit
432 752 584 785 clausula
615 765 675 785 seu
697 753 796 785 brevi
828 753 1050 796 repetitione.

367 832 504 866 Aliud
533 840 857 877 argumentum.

223 900 382 944 Epistola
408 907 459 934 cst
485 900 642 933 eiusdem
667 901 773 944 plane
798 902 1017 945 argumenti,
1053 902 1113 934 sed

120 951 275 984 brevior.
328 951 450 983 Primo
468 951 545 983 loco
564 951 711 995 ponitur
729 953 903 992 narratio,
932 966 1001 997 qua
1020 965 1113 985 com-

122 1003 267 1034 mendat
290 1001 474 1041 Lamiam,
509 1002 630 1035 addito
658 1003 827 1043 consilio,
862 1016 972 1048 quare
997 1010 1113 1036 tanto-

120 1064 203 1096 pere
229 1064 295 1096 pro
323 1065 363 1084 co
386 1052 535 1086 laboret.
594 1052 766 1098 Epilogus
793 1055 950 1087 continet
972 1055 1112 1098 petitio-

118 1115 199 1136 nem
211 1129 220 1143 ‚
249 1109 288 1136 ut
306 1103 450 1136 adiuvet
468 1102 644 1137 Lamiam.

166 1203 494 1247 Argumentum
530 1211 571 1239 et
607 1202 783 1238 scholia
820 1205 863 1238 in
896 1206 1062 1249 episto-

498 1255 583 1287 lam
612 1254 733 1289 XVIII.

217 1331 386 1365 Narratio
396 1331 461 1377 ⁰9),
488 1331 525 1364 in
545 1343 612 1376 qua
631 1329 861 1375 reprehendit
883 1332 1109 1365 timiditatem

116 1383 239 1423 Bruti,
284 1382 345 1426 qui
376 1380 443 1414 hoc
472 1382 588 1415 solum
614 1383 822 1423 verebatur,
865 1395 909 1415 ne
933 1383 1111 1416 Antonius

118 1434 189 1466 iam
206 1433 326 1477 pulsus
343 1445 360 1465 a
378 1433 516 1466 Mutina
528 1459 536 1472 ‚
564 1434 794 1478 coniungeret
811 1446 845 1468 se
864 1447 943 1467 cum
960 1433 1109 1478 Lepido,

117 1491 151 1517 et
168 1496 279 1517 novos
299 1483 465 1516 excitaret
481 1485 653 1517 tumultus
664 1485 723 1530 ⁷⁰).

220 1532 249 1577 ᾗ.
270 1535 301 1567 1.
338 1536 412 1567 Etsi
435 1547 482 1567 ex
507 1534 693 1582 mandatis]
719 1535 924 1579 Propositio
953 1537 1110 1568 continet

116 1585 412 1627 obiurgationem.
501 1588 648 1620 Senatus
672 1584 800 1633 autem]
830 1586 1001 1620 Rationes·
1027 1599 1108 1630 pro-

116 1635 322 1680 positionis:
364 1635 456 1679 Quia
468 1636 513 1678 Ἡ)
541 1637 600 1668 alii
622 1637 730 1670 fortes
753 1643 854 1677 sunt,
888 1637 934 1670 sis
960 1645 996 1670 tu
1022 1651 1108 1682 quo—

115 1699 200 1732 que;
234 1693 283 1718 et:
310 1686 468 1718 Antonio
489 1687 590 1730 pulso
609 1687 697 1719 bene
712 1700 856 1731 sperare
876 1689 1056 1722 debemus.

219 1736 248 1780 §.
268 1737 302 1769 3.
331 1738 443 1777 Quare
466 1735 581 1783 velim]
608 1735 840 1778 Adllortatio,
875 1745 913 1771 ut
937 1751 1011 1771 rem
1036 1741 1106 1772 sor—

113 1788 196 1822 titer
213 1793 311 1832 gerat
327 1788 494 1821 adversus
511 1789 722 1822 Antonium.

331 1871 470 1905 Aliud
505 1873 891 1919 :11·gumentum⁷²).

214 1940 470 1984 Obiurgatoria
490 1948 540 1975 est
557 1941 718 1986 epistola.
770 1941 862 1975 Nam
879 1954 957 1974 cum
972 1942 1104 1977 Brutus

113 1992 251 2027 senatui
270 1992 516 2036 significasset,
544 2005 580 2025 se
601 2000 780 2031 metuere,
803 2005 846 2025 ne
867 1993 1043 2027 Antonius
1061 1996 1103 2027 ad

110 2043 288 2077 blutinam
308 2043 516 2087 profligatus
539 2045 669 2077 auxilio
690 2044 817 2088 Lepidi
842 2044 933 2078 11105
959 2057 1103 2090 recupe—

111 2101 227 2135 raret,
254 2100 287 2126 et
303 2094 433 2127 bellum
450 2102 658 2136 renovaret,
686 2096 808 2129 Cicero
829 2108 908 2128 eum
928 2096 1102 2140 obiurgat,

112 2147 209 2192 quod
234 2151 306 2177 tam
333 2145 457 2178 timido
483 2146 527 2180 sit
554 2147 694 2187 animo,
733 2146 933 2190 significans
965 2147 998 2179 id
1028 2154 1101 2181 toto

111 2195 248 2231 senatui
263 2196 461 2229 molestiam
477 2197 644 2231 attulisse.
705 2197 902 2230 Exordium
921 2205 1099 2242 sumptum

109 2255 159 2282 est
190 2247 233 2280 ab
265 2247 515 2291 occupatione,
558 2249 613 2282 cui
645 2249 770 2282 attexit
797 2250 1097 2293 propositionem:

143 2383 191 2410 68)
210 2382 267 2405 Hoc
285 2378 474 2409 argumentum
495 2380 521 2402 et
541 2379 592 2403 duo
613 2380 757 2409 sequeutia
779 2379 805 2403 iu
828 2380 1010 2411 Edttt.1556.,
1032 2381 1098 2405 1565

176 2415 285 2438 -1596
306 2413 490 2443 reperitmtur,

142 2460 190 2487 69)
209 2457 278 2482 Huic
302 2455 362 2479 voci
386 2455 412 2477 111
432 2455 514 2480 Editt.
536 2455 627 2485 1540.,
648 2456 740 2486 1514„
761 2456 852 2487 1554„
874 2457 947 2482 1557.
974 2458 1096 2488 praefixa

178 2493 242 2517 suut
262 2491 316 2515 Cic.
337 2490 423 2512 verba.
442 2487 482 2520 (ξ.
499 2487 554 2519 1.);
580 2490 647 2514 Etsi
666 2496 701 2514 ez·
719 2491 873 2515 mandatis.

139 2535 186 2567 70)
206 2535 263 2558 Hoc
278 2533 467 2563 argumentum
478 2531 576 2555 habent
590 2532 885 2565 Edttt.1537—1554.,
902 2535 988 2567 1557„
1009 2535 1095 2568 1560„

176 2569 249 2594 1601.

137 2613 186 2640 71)
207 2610 290 2641 Quia]
310 2610 358 2634 Ed.
380 2609 453 2634 1560.
474 2614 535 2639 qua.

138 2653 469 2712 72nggeargxusutigl1¹=ttum
487 2652 514 2675 et
533 2651 584 2676 duo
603 2651 748 2683 sequentia
765 2651 794 2677 in
811 2653 896 2679 Editt.
916 2654 1001 2686 1556„
1023 2655 1090 2679 1565

1174 185 1285 219 Valde
1305 188 1468 222 timidum
1491 196 1523 222 te
1548 202 1620 224 esse
1647 194 1814 229 ostendis.
1879 197 1978 231 Hanc
2004 200 2166 240 obiurga-

1175 237 1307 271 tionem
1326 242 1493 274 transfert
1510 241 1545 273 in
1563 249 1725 276 senatum
1737 271 1746 284 ,
1771 246 1831 290 qui
1850 247 1884 280 id
1902 250 2047 284 moleste
2073 235 2164 289 tulit,

1174 295 1207 321 et
1239 290 1430 333 amplificat
1462 304 1481 324 a
1510 292 1654 328 minori.
1725 295 1864 331 Deinde
1898 302 2087 344 respondet
2120 305 2165 335 ad

1173 342 1353 384 quandam
1381 343 1671 386 occupationem,
1706 349 1802 391 quod
1824 361 1868 382 ne
1886 349 2062 395 Lepidum
2088 354 2165 398 qui-

1172 392 1251 424 dem
1267 399 1413 427 metuat.
1450 394 1604 428 Additur
1623 396 1730 429 etiam
1745 408 1995 442 argumentum
2014 415 2032 435 a
2051 404 2162 447 turpi:

1170 442 1316 475 Publica
1333 445 1523 487 gratulatio
1542 452 1602 479 tuo
1622 448 1767 481 nomine
1786 451 1875 484 facta
1892 459 1961 491 est,
1991 466 2072 497 ergo
2090 467 2164 486 non

1171 493 1270 526 decet
1291 500 1323 527 te
1348 507 1420 528 esse
1439 497 1698 532 meticulosum.
1749 499 1920 546 Epilogus
1947 502 2054 537 habet
2077 506 2164 537 fidu-

1171 544 1260 577 ciam
1279 546 1321 578 de
1339 547 1577 590 opprimendo
1598 550 1771 584 Antonio.

1419 629 1553 664 Aliud
1582 641 1907 675 argumentum.

1271 695 1524 740 Obiurgatoria
1549 704 1599 731 cst
1622 698 1769 742 epistola
1794 709 1934 747 sumpta
1968 717 2007 737 ex
2032 706 2163 740 timidi-

1170 752 1239 779 tate
1256 747 1377 787 Bruti,
1401 761 1508 792 quam
1528 761 1602 781 11011
1620 750 1767 783 obscure
1788 752 2046 795 significaverat
2064 771 2165 791 sena-

1168 797 1231 830 tui.
1303 797 1453 831 Orditur
1479 812 1497 831 a
1522 797 1797 843 reprehensione
1823 803 2021 840 timiditatis
2047 808 2163 848 Bruti,

1169 860 1276 892 quam
1295 855 1438 882 senatus
1457 851 1650 884 admodum
1669 863 1772 895 aegre
1789 854 1887 895 tulit,
1913 857 2041 892 additis
2059 871 2162 903 argu—

1168 899 1316 939 mentis,
1353 901 1448 945 quod
1482 899 1586 935 huius
1616 901 1872 946 indignationis
1908 919 2058 951 magnae
2093 911 2160 943 sint

1168 962 1303 983 causae.
1357 951 1485 985 Postea
1511 959 1562 985 est
1587 950 1812 995 adhortatio,
1847 963 1886 989 ut
1911 970 2049 992 memor
2076 974 2160 994 suae

1166 1001 1385 1035 fortitudinis
1414 1009 1447 1035 et
1472 1004 1692 1037 constantiae
1717 1016 1792 1037 rem
1818 1007 1958 1041 fortiter
1982 1017 2079 1053 gerat
2102 1013 2163 1044 ad-

1167 1064 1287 1085 versus
1304 1053 1516 1088 Antonium.

1413 1136 1549 1169 Aliud
1578 1146 1903 1181 argumentum.

1267 1201 1416 1235 Exordii
1448 1203 1522 1236 1100
1553 1205 1700 1248 ponitur
1734 1208 1934 1251 propositio
1975 1213 2160 1248 continens

1167 1252 1453 1296 obiurgationem
1480 1254 1680 1290 timiditatis
1707 1265 1855 1302 propter
1883 1260 1974 1294 vires
1998 1264 2159 1300 Antonii.

1165 1302 1336 1337 Rationes
1359 1305 1500 1337 additae
1524 1313 1685 1350 sumptae
1710 1316 1791 1342 sunt
1816 1322 1835 1342 a
1860 1310 1994 1345 viribus
2018 1323 2159 1349 senatus

1164 1353 1338 1393 Romani,
1381 1354 1465 1387 item
1490 1368 1508 1388 a
1539 1369 1598 1400 spe
1624 1355 1794 1393 hactenus
1818 1358 1938 1394 habita
1964 1364 2005 1396 de
2031 1365 2157 1401 Bruto.

1164 1405 1289 1437 Postea
1308 1405 1468 1450 sequitur
1488 1409 1792 1443 conl‘utatiuncula
1816 1413 1858 1444 de
1878 1412 2034 1457 Lepido,
2061 1420 2159 1462 quod

1164 1456 1191 1488 is
1213 1454 1303 1488 nihil
1326 1457 1371 1489 sit
1392 1457 1582 1491 moliturus
1602 1467 1723 1493 contra
1750 1464 2019 1506 rempublit‘am.
2073 1468 2157 1513 Epi-

1163 1507 1262 1550 logus
1295 1507 1453 1541 continet
1483 1510 1724 1551 voluntatem,
1767 1525 1801 1545 se
1824 1521 1965 1557 optare,
2001 1524 2039 1549 ut
2065 1519 2156 1553 vires

1162 1558 1311 1590 Antonii
1331 1559 1471 1602 penitus
1488 1561 1617 1593 fractae
1635 1562 1716 1595 sint.
1769 1565 1923 1598 Additur
1950 1574 1983 1599 et
2009 1572 2155 1603 commi-

1163 1609 1278 1648 natio,
1304 1611 1501 1643 Antonium
1525 1613 1666 1645 tandem
1687 1615 1912 1657 cogniturum
1929 1630 2155 1661 magnorum

1163 1660 1318 1702 periculo
1336 1661 1407 1693 11111
1427 1675 1466 1693 ac
1483 1663 1678 1706 potentiam
1699 1672 1841 1700 senatus
1863 1667 2027 1703 Romani.

1380 1745 1517 1778 Aliud
1549 1756 1860 1791 argumentum
1879 1752 1936 1798 73¹),

1262 1810 1325 1844 Est
1348 1813 1529 1852 narratio,
1571 1814 1607 1846 in
1642 1827 1710 1859 qua
1743 1817 1896 1860 primum
1924 1820 2153 1864 reprehendit

1161 1861 1263 1894 Bruti
1281 1862 1507 1896 timiditatem
1525 1866 1713 1899 metuentis
1731 1867 1783 1907 id,
1820 1871 1915 1913 quod
1934 1872 2079 1910 accidit,
2107 1888 2151 1906 ne

1158 1913 1336 1946 Antonius
1364 1914 1483 1958 pulsus
1509 1927 1527 1947 a
1546 1915 1707 1957 Mutina,
1745 1931 1822 1951 cum
1847 1919 1983 1965 Lepido
2009 1936 2043 1956 se
2068 1938 2150 1957 con-

1159 1963 1339 2006 iungeret,
1374 1971 1407 1997 et
1428 1977 1560 1998 novum
1586 1973 1724 2000 motum
1750 1971 1861 2004 daret.
1915 1972 2051 2006 Deinde
2069 1974 2151 2008 11111-

1160 2020 1252 2047 tatur
1269 2027 1347 2047 eum
1367 2017 1411 2048 ad
1432 2029 1507 2049 rem
1526 2017 1665 2050 sortiter
1682 2022 1893 2062 gerendam,
1922 2030 1953 2056 et
1973 2027 2144 2068 promittit

1158 2078 1196 2098 ea
1216 2079 1250 2097 111
1270 2078 1306 2098 10
1326 2073 1466 2100 senatus
1486 2068 1728 2103 autoritatem.

1290 2156 1476 2191 Scholia
1505 2159 1550 2192 in
1579 2161 1826 2205 epistolam
1856 2164 2012 2211 XIX.⁷²).

1258 2233 1286 2274 ξ.
1314 2235 1345 2268 1.

1388 2237 1444 2268 Ad
1470 2235 1643 2283 senatum]
1677 2237 1846 2272 Narratio
1872 2242 1913 2274 de
1940 2243 2144 2278 difficultate

1154 2285 1246 2319 belli.

1257 2334 1287 2380 ἓ.
1303 2339 1337 2370 2.
1365 2338 1430 2370 His
1447 2349 1488 2369 ne
1506 2337 1687 2385 quccm⁷⁵)]
1715 2339 1862 2380 Petitio,
1891 2343 2144 2380 utVicentino-

1152 2399 1229 2420 rum
1249 2400 1390 2420 causam
1407 2394 1528 2420 contra
1550 2401 1669 2422 501105
1685 2391 1896 2426 domesticos
1912 2394 2032 2428 iuvare
2049 2399 2141 2432 velit.

1183 2502 1231 2530 73)
1252 2504 1310 2526 Hoc
1327 2505 1516 2534 argumentum
1536 2504 1563 2528 in
1582 2505 1664 2529 Editt.
1687 2506 1875 2533 1555—1596.
1896 2510 2042 2537 invenitur.

1183 2545 1230 2573 74)
1249 2546 1311 2568 Met.
1330 2548 1492 2576 argumento
1511 2547 1594 2571 Editt.
1611 2549 1811 2579 1537—1554.,
1836 2553 1927 2582 1552,
1949 2556 2039 2580 1560..
2062 2558 2135 2582 1601.

1211 2580 1321 2637 ¹{pugi-ae
1345 2581 1461 2610 epistola
1486 2582 1512 2605 et
1537 2582 1630 2606 decem
1653 2585 1830 2614 sequentibus
1850 2587 1912 2612 XX.
1925 2590 2068 2616 -ΧΧΙΧ,
2088 2598 2135 2615 ca-

1176 2656 1223 2684 75)
1244 2657 1296 2680 Pro
1314 2657 1358 2680 his
1378 2656 1432 2682 Cic,
1453 2658 1544 2681 verbis
1562 2658 1590 2682 111
1603 2659 1687 2685 Editt.
1703 2661 1788 2692 1545„
1810 2663 1884 2688 1560.
1903 2665 1964 2690 huic
1981 2668 2063 2691 notae
2081 2669 2131 2691 ad-

1212 2691 1315 2722 scripta
1334 2692 1398 2715 sunt
1417 2692 1622 2718 antecedentia:
1647 2693 1733 2721 Nunc
1752 2703 1818 2722 vero
1838 2704 1930 2728 quum.
