2351 2990
141 128 158 161 1
165 124 240 161 049

139 212 190 246 tio
215 214 258 247 de
278 213 397 248 multis
421 214 499 248 aliis
523 213 560 246 in
578 214 728 248 Graecia
754 212 890 249 haberi.
943 216 994 249 Ut
1012 222 1131 250 autem

141 271 244 299 antea
278 265 446 299 virtutem
481 265 575 298 vitae
605 267 825 300 consuetudo
861 267 1055 312 significat,
1086 269 1135 302 sic

143 318 331 350 confirmat
354 317 478 351 exitus.
538 316 630 351 Nam
656 317 693 350 in
716 315 770 351 his
795 318 922 359 etiam,
947 319 1008 365 qui
1031 326 1133 353 antea

143 368 285 402 obscuri
299 369 464 409 fuerunt,
490 367 670 402 laudanda
690 376 741 403 est
756 370 944 411 fortitudo,
972 383 1050 404 cum
1067 383 1134 415 pro

140 420 256 464 patria
273 420 483 453 dimicantes
500 420 634 454 mortui
651 427 744 455 sunt.
798 421 873 455 Hac
891 422 986 455 enim
1003 422 1134 456 virtute

140 472 300 516 priorem
324 471 576 516 negligentiam
602 478 778 517 tegentes,
820 474 898 518 plus
922 474 1135 518 profuerunt

140 523 291 567 patriae,
315 535 422 568 quam
439 522 470 556 ei
488 523 587 567 prius
604 531 816 559 nocuerunt.
871 525 1008 558 Horum
1026 538 1133 559 nemo

141 581 202 608 aut
226 575 349 608 volens
379 574 449 608 srui
483 574 636 616 divitiis,
679 583 740 609 aut
766 588 913 621 sperans
935 589 970 610 se
997 583 1132 610 mutata

138 631 350 670 paupertate
377 626 524 659 divitem
557 628 653 667 sore,
690 628 781 672 fugit
814 626 882 661 boc
916 628 1133 673 periculum;

138 678 198 711 sed
218 677 331 722 magis
355 678 547 711 voluerunt
571 677 689 713 hostes
713 679 925 724 profligare,
959 686 993 713 et
1017 680 1134 714 existi-

137 735 277 762 mantes
299 727 366 762 hoc
383 735 565 763 certamen
582 728 871 765 honestissimum
891 744 984 771 esse,
1014 732 1133 765 conati

138 787 222 814 sunt
238 781 392 825 depulsis
409 779 570 816 hostibus
586 789 707 826 postea
727 783 798 816 suis
817 783 922 816 rebus
946 783 1028 817 frui.
1081 781 1132 816 Ita

138 844 307 876 praesens
324 832 543 877 periculum,
579 835 675 879 quod
694 834 805 868 oculis
825 835 1036 874 cernebant,
1064 835 1133 867 ele-

138 890 266 927 gerunt
289 896 350 928 spe
368 884 501 917 incerta
520 885 711 925 victoriae,
740 893 774 919 et
800 886 1003 918 maluerunt
1028 898 1132 930 proe-

136 934 258 968 liando
277 935 391 975 mori,
417 948 525 981 quam
542 937 711 980 fugiendo
729 938 838 970 vitam
856 937 1023 970 retinere.
1052 937 1129 970 Ma-

134 986 209 1019 lum
238 986 346 1030 igitur
377 999 528 1031 corpore
562 988 795 1028 sustinentes,
832 990 963 1021 famam
997 989 1129 1021 malam

135 1037 357 1081 effugerunt,
384 1050 423 1072 ac
448 1039 658 1073 brevissimo
682 1046 844 1084 tempore
867 1040 1048 1073 fortunam
1074 1052 1131 1073 ex-

134 1089 227 1133 perti
242 1096 325 1123 sunt
341 1090 453 1134 magis
470 1103 550 1124 cum
568 1092 681 1135 gloria
698 1104 804 1137 quam
826 1104 904 1125 cum
922 1097 1031 1125 metu.

249 1141 355 1175 Tales
372 1139 409 1174 hi
427 1142 572 1176 fuerunt
591 1143 690 1186 digni
708 1142 774 1176 hac
790 1143 920 1187 patria.
973 1142 1046 1175 Vos
1071 1153 1131 1175 au-

134 1197 205 1224 tem
221 1193 426 1236 superstites
444 1200 568 1238 optare
585 1194 729 1240 quidem
747 1195 932 1227 meliorem
947 1194 1128 1227 fortunam

133 1243 249 1283 decet,
277 1245 337 1277 sed
356 1245 542 1278 audaciam
561 1245 714 1279 similem
731 1244 862 1278 habere
880 1246 1049 1279 adversus
1068 1242 1130 1277 ho-

132 1300 212 1328 stes.
267 1294 374 1340 Quod
393 1302 432 1328 ut
449 1296 606 1336 faciatis,
633 1296 768 1330 utilitas
786 1309 848 1329 vos
865 1303 1028 1335 moveat,
1056 1308 1130 1328 non

131 1351 273 1379 tantum
292 1359 384 1392 quae
404 1347 568 1380 oratione
589 1347 866 1381 commemorari
884 1354 1020 1391 potest,
1049 1358 1128 1379 cum

131 1397 277 1442 quidem
301 1411 364 1432 vos
388 1398 454 1442 ipsi
480 1398 615 1439 sciatis,
644 1405 818 1445 quantum
841 1399 929 1432 boni
947 1398 992 1432 sit
1010 1396 1129 1431 hostes

130 1449 327 1493 depellere,
355 1451 415 1483 sed
435 1450 547 1483 multo
564 1451 697 1494 magis,
727 1463 817 1496 quae
834 1450 911 1495 ipso
937 1455 1129 1493 conspectu

130 1500 228 1535 urbis
245 1501 421 1535 cernitur:
453 1499 558 1535 buius
575 1502 650 1535 sitis
675 1509 873 1542 amatores,
902 1507 936 1534 et
964 1501 1128 1545 cogitate,

130 1558 268 1585 tantam
295 1565 368 1587 esse
392 1554 521 1586 factam
550 1566 614 1598 per
640 1553 727 1587 tales
746 1555 862 1593 viros,
892 1553 953 1598 qui
970 1559 1004 1585 et
1025 1552 1128 1585 intel-

129 1603 320 1645 lexerunt,
362 1605 448 1650 quid
478 1605 680 1638 faciendum
705 1611 795 1639 esset
819 1604 887 1650 ²⁷),
921 1610 955 1637 et
986 1603 1127 1636 fortiter

129 1655 205 1688 ausi
229 1662 312 1690 sunt
333 1663 427 1690 recte
449 1657 585 1697 facere,
613 1657 700 1690 etin
717 1655 936 1701 perferendis
960 1655 1127 1699 periculis

128 1705 314 1741 infamiam
339 1708 519 1748 vitarunt,
562 1714 596 1741 et
619 1709 648 1742 si
674 1709 819 1753 quando
846 1719 920 1740 non
942 1707 1127 1751 respondit

128 1764 296 1799 eventus,
328 1771 403 1792 non
432 1765 554 1792 tamen
579 1760 739 1804 ipsorum
765 1759 877 1793 virtus
906 1758 1043 1803 patriae
1066 1759 1125 1791 de-

125 1810 203 1844 fuit.
264 1810 332 1845 Sed
359 1809 640 1855 pulcherrimum
669 1823 798 1845 munus
821 1810 959 1856 patriae
993 1810 1124 1843 tribue-

126 1868 229 1901 runt,
258 1875 319 1896 sua
340 1863 504 1896 videlicet
530 1875 703 1907 corpora,
732 1875 798 1907 pro
826 1862 954 1908 quibus
976 1861 1124 1894 immor-

126 1913 233 1946 talem
251 1914 402 1959 gloriam
422 1921 653 1959 receperunt,
688 1920 721 1947 et
746 1912 980 1947 honorificam
1007 1913 1124 1957 sepul-

125 1970 243 1998 turam
257 1992 266 2005 ,
300 1979 374 1999 non
398 1967 514 2000 solum
539 1972 579 1999 ut
594 1966 642 1999 ibi
668 1978 746 1999 ossa
763 1977 887 1999 eorum
905 1965 1021 2009 posita
1038 1965 1122 2005 sint,

127 2016 188 2049 sed
205 2023 243 2050 ut
261 2017 373 2061 gloria
391 2030 516 2052 eorum
540 2029 559 2050 a
582 2017 892 2062 praetereuntibus
909 2028 1121 2062 quacunque

127 2068 312 2103 occasione
336 2076 510 2115 perpetuo
542 2070 750 2103 celebretur.
810 2068 903 2103 Nam
929 2068 1119 2102 illustrium

125 2119 287 2154 virorum
311 2120 537 2166 sepulchrum
562 2121 679 2155 omnis
700 2128 794 2154 terra
821 2126 891 2160 est,
932 2126 966 2153 et
994 2132 1121 2154 monu-

123 2178 284 2206 mentum
303 2180 354 2207 est
369 2185 443 2206 non
460 2179 599 2207 tantum
618 2173 803 2217 inscriptio
822 2172 859 2205 in
876 2171 1014 2205 tumulo
1026 2198 1035 2212 ,
1058 2172 1119 2205 sed

124 2223 232 2257 etiam
255 2237 330 2258 non
357 2224 486 2270 scripta
513 2225 709 2265 memoria,
737 2236 829 2270 quae
860 2223 898 2256 in
928 2223 1119 2263 mentibus,

123 2287 198 2308 non
221 2275 258 2309 in
282 2277 427 2310 tumulis
451 2284 707 2311 commoratur.
761 2276 835 2309 Hos
858 2274 1058 2316 imitantes,
1085 2281 1119 2308 et

125 2327 366 2362 existimantes
398 2328 597 2362 libertatem
631 2341 704 2363 esse
739 2326 1018 2367 beatitudinem,
1053 2339 1118 2360 nec

123 2378 197 2412 sine
221 2380 431 2413 fortitudine
458 2380 658 2414 libertatem
675 2379 843 2419 retineri,
870 2378 1027 2423 pericula
1045 2379 1117 2412 bel-

120 2430 186 2464 lica
211 2443 286 2465 non
308 2432 475 2477 defugite.
527 2431 610 2467 Non
633 2432 729 2466 enim
754 2437 895 2465 tantum
918 2430 1115 2464 calamitosi

120 2489 273 2517 mortem
305 2483 405 2517 facile
437 2485 588 2524 adeant,
621 2485 680 2518 sed
716 2483 823 2517 etiam
849 2482 909 2515 alii
935 2482 1114 2523 florentes,

120 2534 202 2581 quia
222 2534 301 2568 viro
316 2536 401 2569 forti
418 2535 615 2580 ignominia
633 2536 770 2570 tristior
792 2541 843 2569 est
858 2540 995 2575 morte,
1021 2546 1113 2580 quae

121 2598 199 2620 cum
219 2587 331 2632 gloria
358 2594 392 2621 et
415 2600 475 2632 spe
493 2587 655 2632 publicae
673 2587 796 2622 salutis
813 2587 887 2621 sine
903 2586 1011 2630 longo
1035 2598 1112 2620 cru·
1136 2592 1141 2625 ξ

118 2638 211 2672 ciatu
237 2639 366 2673 aditur.

151 2758 200 2786 27)
222 2759 314 2787 esset]
334 2757 381 2782 Ed.
400 2757 474 2782 1562.
495 2762 592 2782 errore
610 2758 739 2788 typogr.:
759 2762 832 2780 esse.

405 126 510 163 XLII.
557 125 956 163 INTERPRETATIO
979 128 1276 165 ORATIONUM
1302 131 1365 166 EX
1392 133 1686 170 THUCYDIDIS
1712 135 1860 172 LlBRO
1875 136 1916 173 H.

2086 147 2102 180 1
2109 146 2185 182 050

1289 218 1372 253 Ideo
1396 233 1491 255 nunc
1515 229 1680 266 parentes
1702 221 1832 258 horum
1848 239 1921 261 non
1940 229 2097 272 deflebo,
2122 234 2181 267 sed

1188 271 1412 307 consolabor.
1482 272 1571 307 Cum
1598 274 1692 308 enim
1720 276 1833 311 sciant
1863 292 1899 313 se
1923 289 2085 326 expertos
2110 296 2184 319 esse

1188 321 1306 356 varias
1338 324 1503 358 fortunae
1534 325 1645 367 vices,
1686 327 1845 363 iudicent
1872 331 1988 367 felices
2012 328 2086 368 e'sso
2110 347 2183 378 eos,

1188 385 1341 417 quorum
1359 375 1471 410 exitus
1489 383 1540 410 est
1562 378 1757 421 gloriosus,
1789 387 1823 413 et
1843 383 1944 417 vobis
1960 387 2181 429 parentibus,

1187 436 1260 456 non
1288 425 1373 470 ipsis
1397 428 1548 461 mortuis
1572 430 1733 464 dolorem
1759 432 1880 474 affert,
1927 448 2081 480 quorum
2106 439 2179 472 vita

1187 473 1335 510 honeste
1350 484 1425 511 acta
1446 486 1480 513 et
1496 479 1593 514 finita
1614 488 1676 516 est.

1291 528 1371 562 Scio
1397 530 1538 565 difficile
1569 544 1642 567 esse
1673 533 1785 567 lenire
1818 536 2001 578 dolorem,
2042 552 2120 573 cum
2146 541 2183 574 in

1187 578 1341 613 aliorum
1366 582 1471 617 rebus
1488 584 1651 618 secundis
1670 586 1713 618 de
1737 593 1851 620 vestra
1875 589 2027 623 orbitate
2051 592 2183 636 cogita-

1186 630 1289 671 bitis,
1317 638 1351 665 et
1377 634 1539 669 dolorem
1565 637 1681 670 adfert
1704 638 1859 682 privatio
1883 652 1956 674 non
1976 654 2100 676 eorum
2120 644 2183 677 bo—

1186 694 1338 724 norum,
1367 698 1459 730 quae
1483 698 1556 721 non
1581 685 1739 722 habituri
1765 702 1925 733 eramus,
1960 694 2020 727 sed
2044 706 2182 737 eorum,

1187 746 1278 779 quae
1305 733 1506 772 habuimus.
1575 738 1644 773 Sed
1664 747 1783 774 tamen
1806 739 1900 776 hunc
1923 745 2084 779 dolorem
2111 747 2183 781 for·

1186 786 1256 820 tius
1280 787 1399 822 ferant
1416 788 1492 829 isti,
1526 803 1680 836 quorum
1707 799 1803 826 aetas
1829 792 1946 828 adhuc
1968 798 2011 829 ad
2036 798 2183 842 gignen-

1186 838 1271 870 dum
1290 839 1419 874 idonea
1440 848 1501 875 est.
1544 843 1636 876 Nam
1654 844 1771 878 futura
1792 846 1932 880 soboles
1952 849 2066 882 adfert
2091 851 2180 883 obli-

1186 889 1328 924 vionem
1364 892 1590 928 amissorum.
1661 895 1707 929 Et
1740 896 1957 941 reipublicae
1994 897 2080 934 haec
2108 903 2179 935 duo

1186 944 1375 976 commoda
1394 946 1579 986 accedent,
1607 949 1704 992 quod
1723 960 1894 983 numerus
1921 950 2051 984 civium
2077 964 2184 997 auge-

1186 999 1263 1033 tur,
1299 1001 1333 1028 et
1358 997 1455 1041 quod
1479 997 1612 1031 tutiora
1635 999 1782 1033 consilia
1802 1001 1945 1035 dantur.
2000 1002 2091 1037 Nam
2117 1005 2179 1050 qui

1185 1056 1258 1076 non
1282 1043 1415 1081 habent
1448 1048 1580 1082 liberos
1616 1051 1859 1094 periculorum
1911 1054 2026 1088 socios
2049 1082 2058 1095 ,
2102 1068 2175 1089 non

1184 1096 1333 1139 perinde
1356 1099 1447 1133 iusta
1478 1100 1624 1134 consilia
1650 1103 1738 1135 dant
1762 1104 1912 1148 patriae.
1974 1105 2048 1140 Vos
2083 1120 2181 1149 vero,

1185 1147 1247 1192 qui
1266 1155 1381 1183 aetate
1402 1152 1642 1195 processistis,
1670 1154 1787 1188 ducite
1805 1155 1943 1189 lucrum
1962 1170 2054 1197 esse,
2082 1160 2180 1205 quod

1184 1198 1326 1244 longior
1349 1214 1431 1246 pars
1461 1204 1554 1237 vitae
1583 1205 1731 1238 feliciter
1755 1213 1831 1240 acta
1860 1214 1931 1247 est,
1966 1216 2001 1242 et
2028 1210 2181 1253 cogitate

1183 1251 1361 1297 reliquum
1383 1255 1538 1299 spatium
1562 1256 1670 1290 breve
1693 1258 1791 1299 fore,
1820 1260 1918 1304 quod
1943 1260 2055 1295 levius
2073 1262 2179 1296 saciet

1184 1303 1352 1346 cogitatio
1381 1306 1423 1338 de
1449 1307 1561 1351 gloria
1586 1308 1749 1343 istorum.
1810 1309 1903 1344 Nam
1928 1313 2002 1345 sola
2026 1314 2177 1348 dulcedo

1183 1353 1319 1396 gloriae
1345 1369 1418 1389 non
1442 1359 1609 1399 senescit,
1636 1371 1719 1400 nec,
1753 1368 1792 1394 ut
1818 1362 1964 1407 quidam
1993 1364 2112 1405 aiunt,
2142 1367 2178 1399 in

1182 1412 1320 1438 senecta
1336 1407 1468 1442 lucrari
1484 1410 1597 1454 magis
1615 1411 1777 1452 delectat,
1796 1425 1903 1458 quam
1917 1412 2055 1449 honore
2073 1417 2177 1452 affici.

1283 1456 1382 1493 Filiis
1409 1467 1528 1494 autem
1561 1469 1595 1495 et
1627 1463 1798 1498 fratribus
1835 1477 1981 1507 eorum,
2018 1469 2079 1513 qui
2113 1470 2175 1502 ad-

1181 1514 1283 1549 sunt,
1312 1523 1481 1555 magnum
1505 1519 1684 1546 certamen
1708 1517 1933 1560 propositum
1959 1525 2010 1552 est
2032 1520 2069 1552 in
2094 1519 2175 1554 imi-

1182 1559 1318 1594 tatione
1346 1563 1567 1598 fortitudinis
1603 1577 1764 1601 suorum.
1824 1567 1916 1602 Nam
1950 1577 2179 1606 mortuorum

1180 1610 1278 1644 laudi
1296 1625 1403 1648 nemo
1419 1615 1566 1650 invidet.
1618 1616 1685 1650 Vix
1704 1618 1812 1662 igitur
1835 1617 1902 1653 hoc
1925 1624 2178 1668 assequemini,

1180 1674 1254 1695 non
1272 1671 1312 1698 ut
1328 1678 1432 1709 pares
1446 1668 1592 1708 vestris,
1620 1670 1681 1702 sed
1706 1671 1813 1714 paulo
1837 1672 2032 1708 deteriores
2056 1675 2175 1709 videa·
2196 1706 2198 1709 .

1179 1714 1280 1750 mini.
1333 1715 1471 1751 Invidia
1497 1719 1592 1752 enim
1618 1720 1777 1756 viventes
1805 1730 1963 1764 exercet,
1994 1727 2054 1759 sed
2080 1740 2176 1761 mor-

1178 1765 1247 1800 tuis
1265 1768 1514 1804 benevolentia
1532 1772 1607 1805 sine
1625 1773 1885 1808 obtrectatione
1905 1783 2117 1819 praestatur.

1279 1821 1420 1855 Addam
1446 1830 1481 1856 et
1506 1823 1663 1857 breviter
1688 1825 1824 1870 aliquid
1847 1827 1890 1859 de
1909 1827 2099 1862 mulierum
2117 1842 2175 1864 or-

1176 1869 1307 1912 bitate,
1339 1886 1491 1919 quarum
1520 1888 1649 1919 magua
1673 1882 1724 1910 est
1749 1877 1882 1920 gloria,
1916 1890 1989 1912 non
2016 1892 2089 1915 esse
2116 1894 2174 1917 eas

1176 1921 1427 1960 imbecilliores
1442 1940 1506 1961 suo
1521 1940 1626 1967 sexu,
1654 1934 1687 1961 et
1709 1936 1891 1972 praestare
1910 1929 1947 1962 in
1964 1929 2029 1965 hac
2051 1945 2089 1966 re
2114 1935 2173 1967 de-

1176 1986 1256 2015 cus,
1285 1975 1322 2008 in
1338 1990 1407 2023 qua
1425 1991 1498 2012 non
1517 1986 1567 2012 est
1586 1979 1655 2012 viri
1667 1979 1765 2021 laus,
1788 1982 1848 2015 sed
1865 1982 2035 2018 mulieris.
2077 1985 2170 2019 Nam

1176 2024 1244 2058 viri
1259 2027 1335 2062 laus
1361 2036 1412 2063 est
1436 2030 1473 2063 in
1499 2031 1732 2075 proeliando,
1760 2033 1821 2066 sed
1846 2033 2006 2069 mulieris
2032 2036 2108 2070 laus
2133 2037 2169 2070 in

1174 2079 1422 2115 moderatione
1439 2082 1566 2116 luctus.

1275 2130 1378 2174 Dixi,
1406 2146 1498 2180 quae
1533 2135 1578 2167 ad
1615 2132 1707 2167 hanc
1741 2146 1817 2168 rem
1853 2136 2035 2180 pertinent
2070 2139 2168 2175 iuxta

1172 2181 1308 2226 legem,
1337 2191 1371 2219 et
1398 2185 1468 2219 iam
1496 2193 1733 2219 monumento
1757 2188 1876 2220 ornati
1893 2196 1976 2222 sunt
1992 2187 2048 2230 hi,
2077 2204 2167 2237 quos

1171 2234 1410 2278 sepelivimus.
1464 2238 1577 2272 Natos
1593 2250 1678 2271 vero
1695 2250 1736 2271 ex
1754 2238 1838 2283 ipsis
1862 2240 2001 2284 publice
2027 2242 2096 2276 alet
2120 2244 2168 2276 ci-

1172 2285 1261 2320 vitas
1289 2300 1400 2335 usque
1426 2290 1471 2322 ad
1492 2296 1632 2334 tempus
1656 2290 1871 2334 pubertatis,
1900 2298 1939 2325 ut
1962 2294 2164 2338 exemplum

1171 2339 1335 2373 ostendat
1351 2354 1434 2375 suae
1451 2342 1702 2375 beneficentiae
1722 2354 1803 2386 erga
1831 2355 1907 2383 eos,
1935 2345 1997 2389 qui
2018 2357 2083 2389 pro
2109 2359 2164 2380 re-

1169 2390 1309 2433 pubIIca
1328 2399 1480 2426 mortem
1498 2399 1684 2438 oppetunt.
1736 2392 1788 2426 lbi
1806 2394 1898 2427 enim
1922 2395 2014 2430 cives
2035 2398 2164 2442 optimi

1167 2443 1269 2483 fiunt,
1285 2444 1346 2477 ubi
1362 2445 1522 2489 praemia
1535 2445 1660 2478 virtuti
1678 2445 1832 2478 maxima
1850 2447 2034 2492 proposita
2051 2457 2144 2485 sunt.

1426 2530 1589 2565 Oratio
1616 2531 1817 2566 Periclis
1841 2531 1901 2580 28).

1266 2599 1349 2634 Non
1375 2605 1427 2633 est
1450 2597 1538 2632 mihi
1562 2599 1781 2645 inexpectata
1802 2601 2002 2645 indignatio
2029 2609 2158 2639 vestra.

1135 2653 1140 2705 ξ
1164 2649 1321 2684 Intellexi
1346 2651 1440 2684 enim
1467 2664 1523 2684 me
1555 2651 1732 2691 accusari,
1773 2664 1923 2698 eamque
1948 2654 1993 2686 ob
2013 2666 2155 2689 causam

1136 2730 1138 2737 Δ
1196 2754 1246 2783 28)
1264 2754 1383 2784 Thucyd.
1401 2753 1435 2785 11,
1448 2753 1571 2778 ‹io—64.
