2351 2990
187 144 257 179 391
773 135 895 171 Pau..
929 134 1043 169 mm..
1075 131 1277 168 semr'rA
1308 131 1641 169 Patronoech.
2150 133 2224 170 892

187 232 294 264 fectus
316 228 502 261 reficiendo
523 237 645 259 muro,
674 224 732 256 sed
751 224 793 254 de
816 234 880 255 sno
908 232 1071 263 magnam
1097 232 1179 263 ope-

187 282 234 314 ris
254 287 387 324 partem
409 278 627 309 aediticatmn
648 287 738 311 esse,
765 284 872 317 seque
897 278 1036 303 centnm
1066 271 1179 304 minas

187 334 336 365 donasse
355 328 500 361 cixitati.
555 327 649 370 Quid
670 324 775 367 igitur
797 323 918 355 attinet
949 323 1102 355 rationes
1126 333 1179 353 re-

186 384 296 418 ferre,
323 381 388 414 nisi
407 381 499 411 dona
521 378 624 409 etiam
645 376 686 407 ad
707 374 877 407 calculum
899 375 1055 406 vocanda
1073 372 1178 406 sunt}¹

186 435 239 466 Ad
275 431 366 465 lium·
397 435 614 474 praetextum
649 426 768 458 audite
795 438 849 457 me
874 436 1004 469 quaeso
1030 425 1119 456 insta
1146 429 1179 455 et

187 485 284 518 utilia
307 484 492 515 dicentem.
536 478 573 509 ln
591 476 654 509 bac
672 483 743 509 tam
762 476 871 508 veteri
891 482 923 508 et
944 487 1071 518 magna
1092 475 1178 506 urbe

188 548 292 568 nemo
329 546 400 565 non
436 537 485 563 est
529 528 703 561 obnoxius
744 526 937 559 referendis
981 525 1179 558 rationibus

187 586 368 619 omnium.
409 581 470 626 qui
496 582 538 612 ad
564 578 818 623 rempublicam
848 579 1036 616 accedunt,
1073 576 1178 620 idque

186 637 370 671 ostendam
392 633 546 676 primum
564 632 606 663 de.
626 628 690 668 his,
719 630 761 662 de
779 629 906 674 quibus
922 627 1066 660 minime
1084 627 1178 659 vide-

188 690 302 721 batur.
356 684 490 717 Omnes
510 682 602 714 enim
621 681 838 717 sacerdotes,
874 692 987 712 mares
1014 690 1053 710 ac
1078 677 1178 710 semi-

185 751 250 772 nas
266 738 361 771 iubet
378 736 431 767 lex
448 734 623 766 rationem
641 733 788 764 reddere
809 738 882 763 tum
901 730 1085 763 universos
1103 736 1177 761 tum

185 790 342 833 singulos
360 785 513 823 viritim,
542 783 602 829 qui
619 782 795 826 recipiunt
813 781 983 819 donaria,
1018 786 1051 812 et
1074 780 1179 813 sacri-

187 843 292 874 ficant
309 851 373 883 pro
391 836 504 869 nobis.
562 835 687 879 Neque
711 833 825 866 solum
850 834 892 864 de
917 831 1083 874 singulis,
1119 831 1179 863 sed

186 893 293 925 etiam
337 891 379 922 de
415 886 637 921 sacerdotum
673 884 828 927 collegiis
864 883 910 916 ita
948 882 1179 915 constitutum

186 950 248 977 est.
302 941 489 974 Praeterea
513 938 604 980 leges
631 935 854 980 praecipiunt
882 933 1067 978 praesectis
1094 933 1180 966 clas-

186 995 277 1029 sium
303 992 434 1025 reserre
461 988 634 1027 rationes,
678 985 818 1019 tametsi
840 997 913 1018 non
939 985 1180 1027 tractentjpu-

186 1046 313 1079 blicam
354 1041 539 1087 pecuniam
559 1065 568 1078 ‚
622 1050 686 1071 nec
720 1037 918 1081 glorientur
948 1048 983 1069 se
1017 1035 1180 1079 exiguam

187 1095 374 1141 pecuniam
406 1091 541 1136 patriae
565 1090 720 1128 donare,
761 1094 801 1121 ut
826 1088 882 1121 isti
906 1087 1061 1125 faciunt,
1107 1085 1180 1130 qui,

187 1159 265 1181 cum
289 1158 329 1179 ex
345 1143 485 1189 publico
501 1140 609 1174 furati
627 1141 716 1179 sint,
751 1152 790 1172 ac
806 1145 920 1172 vestra
941 1138 1041 1171 vobis
1060 1137 1178 1181 aliqua

188 1211 228 1231 ex
261 1203 360 1241 parte
392 1195 561 1232 reddant,
600 1191 807 1235 praedicant
829 1203 865 1223 se
890 1189 989 1222 vobis
1012 1200 1180 1231 magnam

189 1250 258 1282 vim
283 1247 359 1280 anri
377 1247 537 1278 donasse.
591 1242 724 1275 Verum
741 1241 908 1286 praefecti
930 1240 1093 1273 classium
1119 1251 1181 1282 pa-

188 1299 356 1334 trimonia
374 1309 435 1330 sua
455 1296 490 1328 iu
508 1293 765 1338 rempublicam
783 1291 932 1325 honoris
950 1302 1052 1324 causa
1073 1290 1181 1322 collo-

187 1358 280 1385 cant.
313 1350 436 1393 Neque
453 1353 591 1380 tautum
610 1344 770 1377 classium
789 1343 970 1387 praefecti,
996 1342 1055 1375 sed
1073 1340 1179 1373 etiam

187 1414 325 1437 summa
343 1399 489 1433 consilia
508 1398 543 1429 in
562 1397 649 1430 urbe
667 1395 785 1429 subire
804 1394 974 1427 iudicium
994 1397 1180 1433 coguntur.

187 1454 284 1487 lubet
302 1452 395 1485 enim
411 1451 466 1483 lex
483 1454 644 1482 senatum
663 1447 698 1479 in
713 1448 903 1490 Areopago
922 1443 1065 1477 inscribi
1086 1442 1180 1485 apud

188 1504 393 1541 rationales,
419 1508 454 1533 et
472 1499 647 1533 rationem
663 1497 889 1541 negotiorum
906 1501 1085 1539 gestorum
1103 1493 1181 1524 red-

188 1558 270 1590 dere
291 1566 350 1588 eos
371 1553 486 1597 ipsos,
521 1549 649 1595 quibus
675 1548 805 1582 iudicia
829 1546 1034 1591 capitalium
1059 1555 1180 1576 rerum

189 1606 377 1641 commissa
396 1609 489 1637 sunt.
541 1600 656 1635 Nemo
674 1599 783 1643 igitur
799 1603 993 1631 coronatur
1013 1608 1054 1628 ex
1069 1596 1182 1628 Areo-

189 1670 281 1703 pago
294 1684 303 1697 ,
329 1667 394 1688 nec
410 1665 488 1687 mos
505 1658 573 1691 est,
608 1651 817 1695 priusquam
835 1648 1006 1682 iudicium
1023 1645 1182 1680 subierit.

188 1710 234 1744 Et
251 1718 469 1754 quamquam
490 1702 650 1736 ambiant
667 1713 837 1739 coronas,
871 1706 991 1733 tamen
1016 1709 1091 1730 non
1117 1709 1182 1740 pu-

190 1766 267 1794 tant
286 1759 369 1792 satis
384 1768 456 1790 esse
476 1752 567 1788 nihil
584 1765 762 1798 peccasse,
800 1752 861 1786 sed
878 1751 1004 1784 volunt
1021 1749 1057 1781 id
1075 1747 1182 1781 etiam

189 1811 412 1856 exploratum
438 1819 478 1839 ac
501 1811 627 1838 notum
652 1816 724 1838 esse
752 1802 929 1836 omnibus.
982 1800 1066 1833 Ideo
1084 1805 1183 1831 ante-

190 1875 298 1909 quam
323 1858 526 1893 decernitur
551 1867 703 1895 corona,
742 1856 829 1887 dant
852 1852 1043 1892 iudicium,
1079 1862 1119 1906 ac
1141 1850 1183 1906 si,

190 1914 286 1960 quod
309 1917 490 1956 peccatum
517 1904 811 1951 deprehendunt,
843 1904 1008 1949 puniunt.
1066 1901 1184 1935 Westrl

194 1977 278 1998 vero
296 1961 457 1996 rhetores
473 1958 698 1993 deliciantur.

294 2014 441 2057 Cogitur
456 2018 489 2044 et
509 2011 598 2043 alter
616 2015 760 2043 senatus
776 2019 918 2040 causam
935 2005 1052 2038 dicere
1076 2015 1183 2047 nego-

191 2067 323 2100 tiorum
344 2070 543 2109 gestorum,
572 2067 605 2093 et
620 2059 800 2103 legislator
817 2059 906 2091 adeo
924 2056 1053 2090 diffidit
1069 2054 1184 2111 omni-

189 2119 273 2157 bus,
303 2130 321 2149 a
339 2115 467 2161 quibus
485 2111 621 2156 flagitat
643 2111 840 2148 rationem,
874 2114 914 2142 ut
935 2107 1053 2141 statim
1080 2112 1183 2162 mitro

190 2169 274 2213 legis
292 2164 518 2212 prohibuerit
534 2162 779 2207 magistratum
791 2187 800 2201 ,
828 2166 1019 2205 antequam
1038 2157 1186 2192 subierit

193 2220 359 2254 iudicium
374 2245 382 2258 ‚
419 2226 565 2261 peregre
593 2213 691 2246 abire
703 2239 713 2253 ,
741 2222 959 2258 quamquam
978 2221 1061 2243 sane
1077 2219 1184 2265 grave

191 2272 253 2311 sit,
281 2276 489 2315 propterea,
517 2265 600 2311 quia
619 2264 866 2308 magistratum
885 2261 1052 2306 gesseris,
1086 2261 1182 2292 domi

192 2321 350 2355 retineri.
403 2319 471 2353 Sed
491 2317 687 2350 cavendum
706 2321 802 2354 erat,
829 2326 874 2346 ne
893 2313 972 2358 quis
990 2313 1128 2346 furatus
1144 2322 1186 2343 ex

192 2373 334 2417 publico
359 2371 539 2414 effugeret.
607 2367 680 2401 Nec
705 2366 786 2399 licet
813 2364 941 2398 talibus
966 2361 1184 2408 patrimonia

192 2423 270 2457 Diis
288 2423 472 2461 addicere,
499 2425 561 2453 aut
584 2418 725 2463 templis
750 2416 934 2455 dedicare,
968 2421 1030 2447 aut
1055 2413 1185 2446 abalie-

194 2486 280 2508 nare
292 2500 301 2513 ,
330 2479 390 2505 aut
406 2476 655 2505 testamentum
674 2469 846 2505 condere3
874 2468 935 2501 sed
953 2465 1058 2499 simul
1076 2464 1186 2497 facul-

194 2532 283 2560 tates
301 2535 424 2557 omnes
441 2521 574 2555 civitati
593 2520 852 2565 oppignoratae
867 2523 969 2557 sunt,
996 2517 1109 2549 donec
1129 2525 1185 2547 ra-
1209 2541 1214 2550 ,

195 2577 310 2610 tiones
324 2573 521 2608 retulerint.
574 2572 763 2605 Praeterea
780 2571 879 2604 iubet
899 2570 954 2602 lex
976 2568 1056 2600 illos
1077 2566 1184 2600 etiam

196 2629 241 2661 ad
263 2625 454 2660 rationales
480 2623 663 2662 accedere,
691 2623 771 2669 qui,
805 2620 943 2655 etiamsi
968 2618 1104 2652 nullam
1125 2629 1186 2674 pe-

196 2678 337 2712 cuniam
363 2679 572 2719 receperunt
598 2679 658 2706 aut
691 2673 953 2718 expenderunt,
996 2676 1116 2703 tamen
1148 2679 1186 2700 111

197 2728 460 2774 magistratibus
489 2726 654 2764 suerunt,
695 2731 728 2758 et
760 2725 816 2758 lex
846 2723 921 2768 ipsa
945 2723 1064 2761 docet,
1098 2730 1187 2766 quo-

1235 220 1341 251 modo
1360 219 1415 252 isti
1434 220 1590 263 profiteri
1608 221 1770 253 debeant.
1811 219 1910 253 lubet
1929 220 2022 252 enim
2040 218 2223 263 perscribi,

1233 271 1327 314 qnod
1349 268 1435 302 nihil
1453 272 1648 315 receperint
1671 278 1730 304 ant
1754 270 1986 315 expenderint
2009 269 2223 314 reipublicae

1232 321 1388 354 nomine.
1453 321 1615 367 Denique
1639 323 1725 355 nulli
1752 329 1834 355 sunt
1861 321 2041 361 omnium,
2075 320 2135 366 qui
2163 320 2224 353 ad-

1233 371 1436 404 ministrant
1455 373 1594 415 negotia
1613 373 1782 413 civitatis,
1810 373 1870 419 qni
1889 385 1961 405 non
1977 378 2148 416 cogantur
2169 382 2224 403 ra-

1233 422 1365 454 tionem
1401 425 1624 466 negotiorum
1659 431 1837 467 gestorum
1874 425 2032 457 reddere.
2101 422 2222 455 Recita

1233 474 1336 516 leges.

1335 523 1490 568 Quando
1510 523 1616 567 igitur
1631 524 1782 558 maxime
1800 525 1940 558 iactabit
1963 538 1997 559 se
2015 521 2225 558 Demosthe-

1233 587 1312 613 nes,
1349 576 1443 619 quod
1472 576 1565 607 dona
1593 587 1665 607 non
1691 575 1761 608 sint
1793 577 1835 608 ad
1870 577 2020 610 calculos
2050 575 2224 613 vocanda,

1232 623 1298 658 boc
1328 625 1486 658 obiicite:
1530 625 1638 670 Atqui
1667 627 1856 670 oportebat
1882 634 1914 660 te
1938 627 2052 661 sinere
2080 637 2223 671 praeco-

1232 677 1331 709 nium
1359 676 1443 709 illud
1471 676 1623 720 patrium
1650 689 1689 709 ac
1716 677 1909 720 legitimum
1942 680 2037 722 apud
2066 677 2224 710 rationa-

1233 729 1280 760 les
1297 727 1385 760 fieri.
1429 727 1516 771 Quis
1532 728 1606 760 vult
1624 728 1811 760 accusare?
1839 729 2022 768 Permitte,
2051 735 2089 762 ut
2105 735 2221 761 tecum

1233 778 1393 824 quisquis
1410 779 1493 811 velit
1511 778 1639 810 civium
1656 778 1845 823 disceptet,
1879 781 1975 825 quod
1998 777 2087 812 nihil
2113 780 2224 812 dona-

1233 830 1324 863 veris
1346 829 1581 873 reipublicae,
1608 831 1668 863 sed
1694 842 1738 862 ne
1762 837 1899 864 tantum
1928 831 2072 877 quidem
2097 841 2225 874 expen-

1232 881 1344 920 deris,
1374 886 1547 925 quantum
1567 892 1608 912 ex
1632 881 1772 914 aerario
1798 881 1981 926 accepisti,
2014 893 2142 926 nempe
2166 882 2226 914 de-

1234 943 1308 965 cem
1338 931 1482 965 talenta.
1552 931 1605 965 Ne
1638 929 1733 965 hunc
1766 930 1939 966 honorem
1965 944 2118 966 coronae
2144 938 2224 965 ante

1233 989 1372 1026 tempus
1387 982 1505 1026 rapias
1517 1009 1526 1022 ,
1554 994 1618 1015 nec
1634 989 1804 1028 extorque
1822 984 1997 1018 iudicibus
2014 984 2167 1017 calculos
2182 984 2225 1016 de

1234 1034 1418 1073 manibus,
1453 1045 1517 1065 nec
1536 1034 1672 1077 praeito
1691 1034 1844 1077 legibus,
1879 1036 1939 1069 sed
1963 1047 2109 1080 sequere
2133 1035 2226 1078 leges

1234 1085 1271 1117 in
1288 1084 1596 1117 administratione
1612 1085 1841 1129 reipublicae.
1894 1086 1970 1119 Hoc
1986 1086 2080 1119 enim
2098 1086 2141 1119 ad
2155 1091 2224 1119 sta-

1232 1136 1427 1168 biliendam
1453 1135 1653 1168 libertatem
1679 1137 1858 1171 conducit.
1924 1137 2040 1183 Atque
2062 1135 2148 1170 haec
2170 1148 2224 1169 re-

1233 1187 1416 1231 spondisse
1432 1186 1581 1219 sufficiat
1595 1189 1639 1219 ad
1655 1187 1864 1232 praecipuas
1880 1188 1979 1222 istius
1994 1187 2201 1222 calumnias.

1336 1238 1443 1282 Quod
1465 1243 1583 1270 autem
1601 1244 1685 1271 tunc
1711 1239 1873 1272 debuerit
1899 1239 2057 1273 rationes
2081 1239 2226 1277 referre,

1235 1301 1313 1321 cum
1333 1300 1464 1321 corona
1483 1289 1514 1321 ei
1531 1289 1668 1321 decreta
1694 1295 1764 1328 est,
1800 1289 1835 1321 id
1860 1302 1901 1322 ex
1925 1290 2074 1334 publicis
2099 1289 2224 1322 litteris

1234 1340 1431 1372 ostendam.
1484 1338 1576 1372 Nam
1594 1351 1673 1372 curn
1689 1340 1753 1373 sub
1771 1340 1806 1373 id
1833 1347 1972 1385 tempus
1993 1341 2124 1374 multos
2150 1351 2224 1372 ma-

1233 1389 1399 1433 gistratus
1417 1389 1521 1423 simul
1539 1390 1704 1433 gesserit,
1731 1391 1799 1423 fuit
1823 1392 1918 1424 enim
1941 1397 1975 1424 et
1999 1397 2142 1424 curator
2165 1402 2226 1435 pe-

1234 1440 1358 1473 cuniae
1377 1438 1579 1480 theatralis,
1607 1447 1641 1474 et
1664 1442 1862 1485 praefectus
1883 1442 1994 1475 muris
2015 1441 2226 1481 reficiendis,

1234 1492 1276 1523 de
1308 1491 1406 1524 nullo
1441 1503 1565 1524 eorum
1596 1492 1868 1535 magistratuum
1904 1494 2061 1527 rationes
2092 1492 2225 1526 retulit.

1234 1542 1376 1581 Recita,
1403 1554 1474 1587 quo
1502 1548 1685 1586 praetore,
1723 1555 1794 1588 quo
1819 1555 1959 1584 mense,
1990 1544 2027 1576 in
2048 1556 2118 1589 qua
2143 1555 2226 1576 con-

1235 1593 1335 1626 cione
1353 1593 1481 1626 electus
1497 1593 1542 1627 sit
1557 1594 1602 1626 ad
1616 1595 1836 1627 tractandam
1862 1595 2048 1639 pecuniam
2070 1593 2227 1628 theatra-

1234 1645 1316 1678 lem.
1368 1643 1572 1687 Intelligetis
1591 1645 1705 1685 enim,
1734 1645 1770 1678 in
1788 1646 1906 1679 medio
1930 1647 1990 1679 illo
2015 1646 2226 1690 magistratu

1236 1707 1405 1728 coronam
1425 1696 1602 1728 decretam
1621 1708 1704 1729 esse.
1746 1696 1925 1731 Numerus
1943 1697 2091 1731 dierum.
2127 1697 2227 1731 Non-

1236 1759 1279 1779 ne
1299 1747 1388 1780 iuste
1409 1747 1640 1780 damnaretur
1658 1745 1846 1791 Ctesipho,
1883 1748 2021 1782 etiamsi
2043 1755 2227 1793 praeterea

1235 1796 1325 1831 nihil
1342 1797 1590 1831 ostenderem?
1618 1810 1691 1831 non
1711 1799 1803 1832 enim
1822 1812 1901 1832 mea
1930 1800 2029 1833 illum
2050 1800 2225 1834 accusatio

1237 1849 1434 1888 convincit,
1476 1850 1537 1882 sed
1563 1849 1726 1894 publicae
1751 1850 1901 1885 litterae.
1967 1851 2063 1885 Olim
2087 1851 2227 1896 publice

1236 1901 1349 1934 scriba
1367 1900 1448 1943 eligi
1463 1901 1619 1941 solebat,
1650 1901 1710 1946 qui
1727 1902 1873 1946 singulis
1891 1903 2069 1936 mensibus
2087 1900 2229 1936 exhibe-

1236 1953 1297 1984 bat
1326 1952 1459 1996 populo
1490 1952 1646 1985 rationes
1670 1954 1874 1986 reddituum
1899 1954 2123 1997 publicorum
2148 1955 2229 1988 sub-

1237 2004 1371 2036 ductas.
1421 2002 1571 2043 Postea,
1598 2016 1676 2036 cum
1695 2003 1836 2037 Eubulo
1854 2012 2001 2049 propter
2024 2006 2127 2039 fidem
2154 2006 2227 2040 eius

1237 2054 1494 2098 pei-misissetis,
1522 2061 1560 2087 ut
1575 2055 1693 2099 plures
1708 2055 1934 2099 magistratus
1952 2056 2056 2090 simul
2074 2063 2227 2102 caperet,

1239 2106 1399 2138 manavit
1424 2106 1623 2149 exemplum
1648 2107 1692 2138 ad
1721 2106 1828 2146 alios,
1865 2113 1899 2139 et
1922 2114 2103 2142 curatores
2126 2109 2227 2142 ludo-

1238 2169 1315 2190 rum
1350 2156 1448 2202 (ante
1476 2156 1691 2201 Hegemonis
1721 2157 1850 2203 legem)
1880 2159 2015 2192 scribae
2039 2172 2168 2194 munus
2193 2166 2228 2193 et

1238 2208 1431 2252 receptoris
1449 2207 1625 2248 obierunt,
1647 2216 1861 2242 curaverunt
1878 2216 1912 2243 et
1927 2211 2067 2244 navalia
2085 2218 2118 2244 et
2133 2211 2228 2244 aedi-

1238 2260 1440 2292 ficationem
1458 2259 1742 2299 armamentarii,
1771 2266 1805 2292 et
1821 2260 1895 2294 vias
1912 2261 2069 2305 publicas
2093 2268 2227 2296 strave-

1239 2317 1340 2350 runt,
1383 2316 1417 2343 et
1449 2311 1709 2354 propemodum
1735 2317 1845 2344 totam
1872 2311 2048 2346 civitatem
2076 2314 2229 2347 admini-

1238 2367 1452 2395 straverunt.
1511 2361 1633 2406 Neque
1651 2359 1718 2394 hoc
1734 2374 1878 2403 accuso,
1905 2376 2021 2409 neque
2038 2363 2228 2409 reprehen-

1238 2414 1305 2453 do,
1350 2425 1472 2446 verum
1505 2412 1585 2445 ideo
1617 2425 1878 2454 commemoro,
1922 2421 1959 2448 ut
1987 2416 2228 2456 consideretis,

1238 2464 1475 2508 legislatorem
1501 2463 1606 2496 etiam
1632 2465 1675 2497 ab
1702 2477 1743 2497 eo
1767 2465 1927 2508 flagitare
1949 2466 2124 2506 rationes,
2167 2467 2227 2513 qui

1238 2527 1349 2549 unum
1367 2521 1517 2554 tantum,
1546 2527 1699 2560 eumque
1714 2516 1875 2549 infimum
1891 2518 2137 2561 magistratum
2156 2530 2230 2562 ges-

1238 2566 1334 2600 serit.
1386 2566 1433 2599 At
1446 2564 1703 2600 Demosthenes
1721 2574 1911 2601 coronatus
1925 2575 1994 2609 est,
2021 2580 2100 2602 cum
2117 2581 2229 2613 paene

1240 2629 1363 2651 omnes
1379 2616 1606 2660 magistratus
1623 2618 1696 2662 ipse
1714 2630 1806 2652 unus
1823 2625 1970 2663 gereret.
2007 2619 2112 2664 Quod
2132 2620 2225 2653 enim

1239 2675 1339 2708 tunc,
1375 2680 1453 2701 cum
1480 2669 1618 2702 decreta
1644 2681 1775 2702 corona
1799 2676 1868 2710 est,
1908 2682 2011 2703 muro
2037 2671 2227 2705 reficiendo

1238 2726 1382 2754 curator
1406 2719 1531 2759 fuerit,
1571 2721 1668 2765 quod
1692 2720 1867 2764 publicam
1891 2722 2077 2765 pecuniam
2101 2728 2228 2755 tracta-

2330 2039 2338 2057 Η
