2351 2990
73 101 148 137 733
213 98 351 135 XXXII.
379 100 415 135 3.

73 193 135 228 ut,
160 186 191 221 si
217 184 462 220 retraheretur
484 185 676 227 exercitus,
703 187 745 219 de
765 185 927 232 Olyntho
951 194 1070 222 actum

74 245 183 279 esset,
225 251 349 273 rursus
385 237 546 271 accendit
578 250 701 271 curam
736 244 770 271 et
800 239 914 280 acuit,
948 237 1072 273 horta-

71 297 151 331 tur,
184 295 225 323 ut
246 295 471 335 pertexerent
493 289 621 329 telam,
655 301 763 334 quam
790 291 988 335 coepissent
1012 291 1073 339 86),

72 339 288 387 Olynthios,
316 341 621 387 quemadmodum
637 340 789 385 polliciti
804 349 924 383 erant,
953 344 1074 376 defen-

76 394 223 434 derent,
251 393 441 438 pecuniam
462 392 646 426 liberalius
671 393 875 427 conferrent
900 395 1072 440 abrogata

74 446 221 478 tandem
238 445 314 489 lege
333 446 375 477 de
391 442 559 477 theatrali
575 443 739 489 pecunia.

177 496 240 530 Est
273 497 394 541 itaque
430 496 547 528 oratio
580 495 719 540 generis
747 496 911 531 suasorii.
978 496 1072 531 Nam

73 545 263 588 hortatur,
286 553 327 580 ut
343 547 525 591 inceptum
543 547 749 591 perficiant,
776 553 897 594 estque
914 546 972 581 hic
993 547 1074 581 uni-

74 611 199 633 versae
217 598 393 632 orationis
412 604 535 632 status.
589 597 629 632 In
653 599 926 633 confirmatione
953 610 1074 633 causa—

73 656 134 684 tur
155 649 313 695 primum
339 650 585 684 necessitatem
599 677 608 691 ,
637 651 734 697 quod
758 650 827 684 nisi
842 657 994 695 pergant
1011 662 1074 694 op-

70 701 228 746 primere
246 699 455 746 Philippum
469 728 479 741 ,
506 708 629 747 postea
654 702 712 735 vix
741 703 964 735 tolerabilem
984 703 1073 735 fore.

71 752 212 787 Deinde
246 754 289 786 de
326 751 493 786 theatrali
530 753 681 798 pecunia
719 754 816 788 dicit.
883 753 1073 787 Postremo

72 805 252 838 maiorum
281 805 442 849 exempla
474 804 666 850 proponit,
706 811 741 838 et
765 805 803 837 in
829 805 908 838 aliis
934 804 1074 838 duobus

73 857 162 891 locis
192 856 349 901 aspergit
372 853 491 902 πάθη.
552 856 715 889 Taxatur
743 856 838 889 enim
864 856 963 900 vulgi
987 855 1074 889 levi-

73 914 146 949 tas,
179 908 277 954 quod
311 907 373 941 ubi
397 907 505 941 semel
535 907 656 941 arrisit
682 907 850 947 fortuna,
890 908 962 940 iam
993 919 1074 952 per-

72 965 190 993 actam
213 971 286 993 esse
310 959 467 992 fabulam
491 964 603 1003 putet.
658 957 783 1003 Carpit
809 958 917 992 etiam
937 958 1074 1003 impro-

69 1011 135 1044 bos
159 1008 343 1051 rhetores,
372 1009 434 1055 qui
455 1009 690 1055 popularibus
706 1009 956 1054 rogationibus
980 1022 1074 1043 rem-

69 1062 253 1107 publicam
277 1061 499 1095 evertebant.
552 1061 622 1095 Sed
645 1061 771 1095 tertius
794 1062 893 1096 locus
918 1061 1074 1106 splendi-

70 1112 237 1147 dissimus
256 1118 319 1146 est.
371 1111 590 1157 Depingitur
609 1112 704 1146 enim
723 1112 832 1146 totius
854 1113 1074 1158 reipublicae

70 1170 184 1199 status
207 1175 321 1208 paene
347 1164 392 1196 ad
419 1176 500 1197 eum
524 1164 696 1204 modum,
731 1176 804 1210 quo
828 1163 1016 1198 Sallustius
1036 1164 1074 1196 in

70 1215 253 1261 principio
286 1214 546 1248 coniurationis
577 1215 809 1249 Catilinariae
841 1222 974 1249 statum
999 1214 1074 1248 Ro-

70 1279 201 1301 manae
224 1266 444 1311 reipublicae
468 1273 625 1300 veterem
650 1279 730 1300 cum
753 1266 809 1300 sui
832 1267 941 1300 seculi
960 1266 1072 1299 mori-

70 1318 138 1353 bus
170 1319 319 1352 confert.
385 1317 432 1351 Et
461 1318 552 1351 sicut
582 1317 750 1362 superior
779 1317 896 1351 oratio
927 1317 1074 1363 tyranni

73 1367 332 1405 simulachrum
351 1369 530 1409 continet,
559 1369 607 1402 ita
633 1367 722 1402 haec
744 1369 835 1402 bene
859 1369 1073 1404 constitutae

74 1421 228 1455 civitatis
244 1422 400 1454 formam
420 1422 601 1467 quandam
627 1421 738 1454 oculis
760 1420 922 1461 subiicit,
951 1421 1074 1467 quales

71 1472 179 1518 foris,
216 1472 339 1519 quales
364 1473 482 1512 domi,
517 1473 639 1518 quales
671 1472 842 1517 privatim
872 1472 965 1507 cives
1000 1484 1073 1506 esse

73 1524 216 1565 deceat,
258 1536 367 1569 quam
396 1523 601 1569 pestilentes
635 1523 707 1558 sint
739 1523 778 1557 in
803 1524 988 1568 republica
1006 1524 1073 1556 im-

72 1575 181 1622 probi
197 1573 380 1616 rhetores,
415 1588 523 1621 quam
546 1575 748 1620 perniciosa
774 1575 819 1609 sit
844 1575 941 1619 vulgi
965 1575 1074 1609 licen-

72 1627 144 1668 tia,
189 1633 224 1660 et
251 1624 321 1660 hoc
353 1639 464 1671 genus
492 1627 575 1661 alia.
641 1626 750 1660 Vides
773 1624 853 1667 hic,
888 1628 1072 1673 quomodo

71 1679 161 1713 locis
178 1679 430 1712 communibus
447 1684 622 1723 augeatur
640 1684 674 1711 et
692 1678 890 1712 illustretur
906 1678 1036 1713 oratio.

280 1797 418 1831 Aliud
447 1803 767 1842 argumentum
791 1796 851 1845 ⁸⁷).

177 1874 355 1909 Miserant
381 1874 511 1908 auxilia
537 1872 720 1919 Olynthiis
746 1871 1004 1913 Athenienses,
1038 1880 1073 1907 et

72 1938 138 1972 per
153 1925 242 1961 haec
260 1927 351 1960 bene
369 1926 515 1971 gessisse
529 1938 605 1959 rem
629 1926 750 1971 aliquo
771 1926 880 1958 modo
900 1925 1072 1958 videban-

73 1984 146 2012 tur.
199 1978 308 2023 Quod
332 1990 412 2012 cum
437 1977 522 2022 ipsis
545 1977 792 2011 renuntiatum
815 1983 924 2017 esset,
957 1989 1072 2021 popu-

74 2029 130 2064 lus
149 2030 293 2075 quidem
310 2029 444 2063 laetitia
472 2029 665 2074 gestiebat,
693 2026 856 2062 rhetores
882 2034 1001 2061 autem
1026 2029 1071 2062 ad

74 2080 316 2115 ulciscendum
332 2079 541 2126 Philippum
558 2079 810 2114 hortabantur.
859 2077 1072 2114 Demosthe-

74 2145 139 2166 nes
164 2132 273 2177 igitur
299 2139 483 2173 metuens,
522 2145 567 2166 ne
596 2130 653 2166 his
680 2132 786 2166 rebus
815 2131 938 2165 confisi
962 2129 1072 2164 Athe-

72 2184 234 2225 nienses,
261 2184 409 2228 perinde
425 2190 465 2217 ut
481 2184 542 2230 qui
557 2184 628 2217 iam
646 2184 752 2229 plane
767 2182 945 2223 vicissent,
973 2183 1072 2216 auxi-

73 2236 186 2282 liique
209 2241 384 2282 quantum
410 2235 494 2269 satis
517 2242 628 2277 esset,
670 2233 854 2281 Olynthiis
876 2234 1072 2279 praestitis—

75 2294 175 2328 sent,
201 2288 246 2320 ad
270 2293 408 2320 caetera
434 2287 639 2321 omissiores
664 2288 801 2327 forent,
831 2298 909 2319 eam
930 2286 975 2319 ob
993 2298 1068 2319 rem

74 2339 114 2372 in
136 2338 346 2372 concionem
373 2340 566 2373 ascendens
593 2339 801 2372 iactantiam
828 2338 972 2371 illorum
991 2337 1071 2370 irri-

73 2391 152 2431 det,
180 2396 215 2423 et
229 2391 274 2424 ad
290 2396 425 2423 metum
443 2402 483 2424 ac
501 2390 729 2424 sobrietatem
747 2390 889 2424 animos
904 2388 1071 2423 traducit.

72 2441 158 2478 Non
172 2439 242 2475 hoc
257 2448 439 2486 tempore.
466 2441 631 2488 inquiens
643 2469 653 2483 ,
681 2443 724 2476 de
742 2442 879 2476 ultione
898 2438 1071 2485 Philippi,

75 2494 136 2528 sed
161 2494 203 2527 de
226 2493 406 2528 sociorum
432 2493 543 2527 salute
568 2494 796 2538 cogitandum
817 2504 903 2527 esse.
956 2492 1072 2526 Norat

76 2545 171 2579 enirn
202 2552 237 2579 et
266 2543 524 2586 Athenienses,
566 2551 601 2579 et
625 2545 713 2580 alios
738 2545 935 2579 nonnullos
960 2544 1003 2577 de
1029 2555 1070 2576 eo

110 2683 159 2711 86)
178 2682 351 2712 coepissent]
371 2681 413 2706 sic
436 2681 488 2705 Ed.
503 2680 596 2712 ¹562.;
615 2680 666 2705 Ed.
686 2681 794 2711 Hagan.
814 2687 836 2706 s.
858 2685 884 2704 a.
903 2678 1055 2710 cepissent.

109 2724 158 2752 87)
178 2725 237 2749 Hoc
256 2725 446 2755 argumentum
465 2723 499 2747 ab
519 2722 569 2748 Ed.
583 2722 657 2746 1547.
677 2722 827 2746 exhibetur.

458 98 860 135 INTERPRETATIO
886 100 1150 137 ORATIONIS
1177 101 1522 137 OLYNTHIACAE
1538 102 1596 138 ΙΙΙ.
1624 103 1979 140 DEMOSTHEMS.

2047 107 2123 142 734

1126 188 1352 233 potissimum
1371 201 1492 223 curam
1511 189 1710 234 suscipere,
1737 203 1782 223 ne
1805 204 1886 226 suas
1903 204 1942 225 ac
1957 192 2124 237 proprias

1127 252 1181 273 res
1199 241 1413 284 proderent;
1447 241 1489 274 de
1513 240 1574 273 illo
1601 247 1742 282 autem,
1770 255 1841 288 quo
1866 250 1971 287 pacto
2000 245 2126 277 adver-

1126 292 1239 325 sarios
1257 305 1340 326 suos
1353 292 1630 333 ulciscerentur,
1656 293 1775 326 minus
1797 294 1961 328 laborare
1983 295 2124 329 debere.

1127 342 1317 376 Caeterum
1335 343 1372 376 in
1388 342 1454 377 hac
1473 343 1657 384 oratione,
1690 344 1797 377 etiam
1827 347 2126 380 consultationem

1127 395 1224 427 illam
1251 396 1293 428 de
1319 392 1487 428 theatrali
1511 395 1661 440 pecunia
1688 395 1912 430 manifestius
1939 397 2124 442 aliquanto

1127 446 1289 490 attingit,
1319 453 1507 492 censetque
1530 447 1622 491 leges
1644 459 1719 488 eas,
1746 459 1837 492 quae
1864 448 2013 481 multam
2033 448 2125 481 irro-

1127 498 1259 541 gabant
1287 497 1350 537 iis,
1392 497 1454 543 qui
1478 498 1528 530 'de
1560 498 1620 531 illa
1658 498 1695 531 in
1724 498 1941 543 stipendium
1971 499 2126 533 militare

1128 549 1370 581 convertenda
1392 548 1617 592 rogationem
1636 549 1795 595 aliquam
1812 550 1993 591 tulissent,
2021 551 2127 584 abro-

1127 601 1262 643 gandas
1285 612 1377 640 esse,
1410 605 1450 632 ut
1473 599 1572 634 locus
1597 602 1641 633 ad
1670 613 1731 641 ea,
1767 614 1859 646 quae
1884 602 2018 646 optima
2043 602 2128 643 sint,

1129 651 1345 684 consulenda
1369 651 1596 694 praebeatur.
1649 651 1826 685 Hortatur
1850 660 1968 687 autem
1991 653 2030 686 in
2053 654 2128 698 pri-

1128 702 1196 736 mis
1224 703 1269 735 ad
1292 702 1473 735 maiorum
1499 704 1659 747 exempla
1685 715 1724 736 ac
1747 704 1839 736 sacta
1868 704 2064 745 imitanda,
2092 711 2127 738 et

1128 754 1173 786 ad
1188 753 1355 786 militiam
1374 753 1532 798 propriis
1551 754 1763 799 corporibus
1781 755 1997 790 obeundam.
2031 756 2127 790 Mul-

1128 805 1243 850 tisque
1268 817 1308 838 ac
1333 804 1500 849 gravibus
1525 806 1641 839 verbis
1668 806 1831 850 increpat
1856 807 1987 851 partim
2012 820 2128 852 popu·

1127 856 1221 896 lum,
1249 862 1374 901 utpote
1396 863 1471 889 tum
1496 856 1731 898 dissolutum,
1757 857 1890 902 partim
1917 858 2023 891 etiam
2048 857 2129 892 rhe-

1128 914 1243 949 tores,
1281 914 1322 941 ut
1353 907 1416 953 qui
1447 909 1707 953 rempublicam
1743 921 1872 954 parum
1905 910 2057 943 fideliter
2087 922 2128 944 ac

1126 966 1220 993 recte
1237 960 1526 994 moderarentur.

1168 1060 1508 1106 Interpretatio
1555 1058 1867 1107 Olynthiacae
1914 1063 2085 1096 tertiae

1418 1110 1744 1147 Demosthenis
1771 1112 1831 1159 ss).

1229 1181 1313 1215 Non
1344 1182 1468 1214 eadem
1501 1194 1575 1216 sese
1606 1180 1698 1215 mihi
1729 1183 1909 1216 noscenda
1942 1183 2130 1228 praebent,

1127 1231 1196 1265 viri
1219 1230 1474 1272 Athenienses,
1516 1232 1657 1278 quoties
1688 1232 1765 1276 ipsa
1799 1234 1944 1278 negotia
1972 1234 2129 1275 intueor,

1130 1290 1163 1317 et
1179 1296 1384 1324 sermones,
1413 1296 1503 1329 quos
1520 1284 1641 1318 audio.
1694 1283 1809 1317 Video
1827 1285 1922 1318 enirn
1943 1297 2127 1320 sermones

1127 1333 1317 1368 hominum
1342 1347 1415 1369 esse
1441 1336 1483 1368 de
1506 1336 1715 1368 mulctando
1739 1333 1928 1381 Philippo;
1962 1349 2018 1371 res
2042 1349 2128 1371 vero

1127 1386 1222 1431 ipsas
1239 1399 1281 1420 eo
1300 1387 1459 1427 tendere,
1478 1394 1517 1420 ut
1534 1399 1676 1421 necesse
1692 1386 1738 1421 sit
1755 1387 1876 1421 videre
1894 1388 2001 1421 etiam
2021 1394 2129 1433 atque

1127 1438 1257 1478 etiam,
1290 1444 1330 1471 ut
1355 1450 1399 1471 ne
1428 1438 1496 1482 ipsi
1514 1438 1613 1482 prius
1630 1439 1846 1472 mulctemur
1868 1439 1974 1474 male.
2028 1437 2129 1474 Nihil

1127 1490 1236 1534 igitur
1252 1489 1320 1536 ⁸⁹),
1348 1489 1410 1535 qui
1428 1490 1695 1534 amplectuntur
1719 1490 1852 1523 famam
1879 1491 2003 1532 istam,
2031 1491 2130 1524 aliud

1126 1539 1217 1574 mihi
1233 1553 1381 1585 peccare
1396 1541 1578 1582 videntur,
1599 1553 1707 1587 quam
1725 1543 1823 1587 quod
1841 1540 2009 1576 exhibent
2025 1554 2131 1587 argu—

1127 1599 1289 1626 mentum
1305 1593 1420 1633 vobis,
1442 1605 1517 1626 non
1535 1594 1633 1638 quod
1650 1593 1695 1627 sit
1711 1605 1819 1633 nunc,
1835 1595 1897 1627 sed
1915 1595 1958 1627 de
1978 1606 2050 1639 quo
2068 1594 2131 1627 ad-

1126 1642 1197 1679 huc
1211 1645 1486 1678 consultandum
1504 1644 1561 1678 sit.
1595 1644 1672 1689 Ego
1687 1657 1787 1685 vero,
1805 1646 1903 1691 quod
1918 1646 1999 1679 urbi
2016 1657 2132 1691 quon-

1126 1697 1210 1729 dam
1228 1695 1348 1737 licuit,
1376 1702 1410 1729 et
1424 1708 1486 1729 sua
1505 1695 1573 1729 sibi
1589 1696 1752 1729 obtinere
1770 1703 1844 1729 tute
1856 1723 1866 1737 ,
1899 1703 1934 1730 et
1957 1697 2130 1730 mulctare

1125 1745 1356 1792 Philippum,
1380 1759 1466 1781 sane
1485 1747 1620 1791 optime
1638 1748 1737 1782 novi.
1787 1748 1870 1781 Meo
1895 1747 1990 1781 enim
2014 1746 2131 1781 adhuc

1126 1806 1310 1844 tempore,
1350 1810 1467 1844 neque
1489 1798 1594 1839 olim,
1629 1805 1783 1844 utraque
1807 1811 1863 1833 res
1892 1799 1959 1832 ista
1990 1799 2130 1833 accidit.

1125 1850 1230 1885 Nunc
1246 1850 1413 1895 equidem
1432 1861 1621 1894 persuasus
1645 1862 1722 1883 sum
1738 1876 1746 1890 ‚
1773 1847 1841 1883 hoc
1864 1850 1949 1884 satis
1969 1862 2063 1891 esse,
2100 1850 2131 1884 si

1126 1902 1305 1946 occupetis
1314 1901 1432 1947 primo
1443 1913 1587 1948 quoque
1596 1907 1772 1946 tempore,
1781 1908 1820 1935 ut
1829 1901 1943 1936 socios
1953 1907 2131 1936 tueamur.

1125 1953 1218 1988 Nam
1251 1951 1320 1987 hoc
1342 1953 1370 1987 si
1404 1954 1549 1999 quidem
1581 1959 1679 1986 certo
1710 1954 1792 1993 fiat,
1834 1959 1931 1994 tum,
1975 1959 2009 1986 et
2040 1965 2130 1999 quo-

1125 2017 1208 2039 nam
1226 2004 1292 2052 89ὅῑ)
1327 2004 1505 2050 quispiam
1534 2011 1640 2049 pacto
1667 2005 1842 2038 mulctare
1871 2005 1973 2038 illum
2002 2005 2128 2048 possit,

1125 2057 1298 2102 dispicere
1315 2056 1379 2103 891))
1405 2057 1536 2090 licebit.
1575 2056 1793 2102 Priusquam
1812 2068 1899 2089 vero
1916 2062 2011 2089 recte
2028 2055 2128 2101 prin-

1126 2109 1257 2153 cipium
1288 2108 1461 2148 ieceritis,
1496 2120 1630 2141 vanum
1661 2109 1838 2148 arbitror,
1873 2108 1916 2141 de
1945 2109 2015 2141 fine
2041 2120 2129 2152 qua-

1124 2161 1338 2206 lemcunque
1375 2160 1491 2193 facere
1524 2172 1741 2193 sermonem.
1802 2159 1978 2193 Praesens
2020 2159 2129 2202 igitur

1126 2212 1286 2253 occasio,
1320 2211 1389 2244 viri
1415 2209 1671 2251 Athenienses,
1716 2211 1745 2245 si
1779 2211 1925 2256 quidem
1954 2222 2128 2255 unquam,

1124 2276 1220 2297 nunc
1237 2263 1392 2296 maxime
1410 2263 1525 2296 multo
1546 2269 1579 2296 et
1595 2262 1714 2296 studio
1732 2268 1765 2295 et
1784 2261 1933 2295 consilio
1953 2273 2042 2305 opus
2065 2258 2129 2294 ha-

1158 2381 1207 2410 88)
1234 2382 1309 2405 Haec
1332 2379 1525 2410 interpretatio
1544 2378 1572 2403 in
1591 2378 1675 2403 Editt.
1696 2377 1780 2402 Basil.
1800 2382 1826 2403 a.
1846 2383 1887 2408 S.,
1915 2376 2009 2408 1559.,
2038 2375 2126 2407 1564„

1197 2416 1288 2447 1570.‚
1309 2415 1384 2439 1587.
1405 2415 1506 2438 exstat.

1159 2457 1208 2491 89)
1229 2459 1300 2483 Huic
1318 2459 1379 2482 loco
1403 2457 1431 2481 in
1453 2456 1503 2480 Ed.
1530 2455 1613 2480 Rasit.
1641 2456 1668 2479 in
1688 2454 1815 2486 margine
1834 2452 1978 2483 adscripta
1996 2453 2041 2476 est
2059 2453 2127 2477 haec

1193 2492 1354 2517 annotatio:
1381 2492 1560 2521 ταπείνωσις,
1586 2490 1699 2520 perinde
1717 2495 1750 2513 ac
1769 2488 1794 2511 si
1813 2488 1873 2519 quis
1893 2488 1964 2517 apud
1983 2493 2034 2511 nos
2054 2486 2127 2510 dicat

1193 2528 1227 2552 ad
1246 2528 1380 2558 aliquem:
1414 2525 1486 2550 Nihil
1511 2530 1611 2557 erras,
1638 2524 1694 2548 nisi
1722 2523 1794 2555 quod
1813 2522 1923 2546 omnino
1942 2527 1993 2546 nos
2010 2520 2124 2545 abducis

1195 2568 1212 2586 a
1230 2563 1360 2593 Christo,
1387 2562 1439 2585 etc.

1159 2605 1227 2633 89³)
1252 2603 1381 2636 quonam]
1409 2604 1448 2628 sic
1466 2603 1552 2628 Editt.
1576 2602 1679 2634 Basil.,
1707 2601 1802 2633 1559.,
1828 2600 1923 2632 ¹564.,
1952 2598 2043 2629 1587,;
2076 2597 2127 2623 Ed.

1196 2639 1271 2664 ¹570.
1292 2645 1344 2669 quo
1369 2640 1432 2662 iam.
1724 2638 1731 2647 “

1158 2681 1225 2711 89¹³)
1252 2682 1406 2712 dispicere]
1439 2680 1481 2705 sic
1507 2681 1584 2705 recte
1610 2680 1660 2705 Ed.
1686 2679 1790 2709 Basil.;
1823 2677 1908 2703 Editt.
1931 2673 2126 2700 1559—1587.

1196 2717 1352 2748 displicere.
