2351 2990
75 708 306 752 XXXVII.
367 711 544 752 PHlL.
574 710 738 752 MEL.
777 711 1363 753 INTERPRETA'PIO
1402 711 1565 754 LOCI
1594 713 1684 753 EX
1715 714 2123 760 DEMOSTHE-

421 786 537 828 NIS
581 786 942 829 ORA'PIONE
981 786 1265 828 CONTRA
1296 784 1785 830 TIMOCRATEM.

75 932 197 989 Huius
217 961 353 989 orationis
376 969 492 1000 partem
522 963 662 997 brevem,
692 964 721 990 in
752 972 809 1001 qua
831 963 1045 992 Demosthenes
1073 963 1242 1000 exemplum
1271 963 1463 991 Locrensium
1492 964 1521 991 in
1550 963 1682 992 serendis
1712 966 1825 1004 legibus
1854 968 1971 1004 laudat,
2007 969 2075 997 inde
2103 979 2120 997 a

75 1004 188 1033 verbis:
213 1000 384 1043 Βούλομαι
408 1001 438 1034 ι)3
460 1000 554 1043 ι’ῗμΐν,
577 999 602 1034 ὦ
626 1002 740 1044 ἄνδρες
762 1005 910 1035 δικασταὶ
933 1015 1025 1043 usque
1048 1006 1086 1033 ad
1109 1007 1214 1034 verba:
1244 1003 1303 1035 τὸν
1325 1003 1425 1045 νόμον
1448 1004 1480 1035 ἒν
1502 1007 1651 1036 πλείοσιν
1675 1005 1692 1043 ἢ
1716 1008 1898 1045 διακοσίοις
1917 1008 2037 1049 ἔτεσιν,
2064 1012 2119 1041 Ed.

74 1046 189 1075 Reiskii
210 1055 279 1084 pag.
301 1046 373 1077 ³743.
396 1049 449 1076 lin.
473 1047 516 1078 ’28
539 1063 580 1069 —
603 1058 669 1086 pag.
693 1048 766 1078 744.
791 1049 840 1078 lin.
863 1048 934 1085 24„
956 1049 1126 1077 Melanthon
1149 1049 1178 1076 in
1208 1050 1332 1077 latinum
1360 1057 1526 1078 sermonem
1557 1052 1699 1080 convertit
1729 1059 1758 1080 et
1786 1054 2021 1082 commentationi
2048 1064 2119 1083 suae

74 1090 105 1117 in
127 1089 213 1118 huius
236 1090 323 1128 Corp.
346 1090 480 1120 Reform.
505 1091 571 1120 Vol.
595 1091 673 1121 XVI.
698 1100 729 1128 p.
751 1089 816 1120 593
838 1107 879 1112 -
901 1090 974 1121 614.
1006 1092 1190 1129 propositae,
1224 1092 1379 1120 Collationi
1411 1093 1555 1120 actionum
1584 1093 1742 1122 forensium
1766 1096 1926 1125 Atticarum
1958 1103 1989 1125 et
2010 1097 2120 1126 Roma-

73 1141 178 1160 narum
201 1134 443 1173 praecipuarum,
465 1135 495 1161 in
518 1134 578 1162 fine
600 1143 701 1162 earum
725 1134 903 1171 editionum,
926 1144 996 1172 quas
1019 1135 1083 1172 ipse
1104 1135 1230 1171 curavit,
1254 1135 1387 1162 adiunxit
1410 1136 1450 1162 sic
1473 1135 1658 1173 inscriptam:

204 1188 408 1228 Exemplum
430 1191 518 1229 quod
540 1198 647 1221 monet
668 1201 734 1220 non
756 1198 877 1221 temere
899 1191 1081 1221 mutandas
1105 1201 1174 1220 esse
1197 1191 1305 1231 leges,
1328 1201 1413 1231 qaae
1435 1194 1540 1231 gravi
1560 1193 1686 1223 iudicio
1708 1196 1874 1224 maiorum
1896 1202 2067 1237 receptae,
2090 1204 2122 1228 et

242 1238 359 1273 postea
381 1233 482 1272 longo
505 1244 569 1264 usu.
591 1232 825 1274 comprobatae
846 1240 932 1264 sunt.
977 1233 1038 1264 Ex
1064 1233 1297 1264 Demosthenis
1320 1236 1474 1264 oratione
1496 1240 1615 1266 contra
1642 1236 1864 1268 Timocratem
1887 1239 1928 1278 *).

74 1291 184 1321 Prodiit
206 1292 284 1320 enim
307 1291 392 1320 huius
416 1293 473 1320 loci
494 1294 698 1331 interpretatio
722 1295 811 1322 latina
834 1295 863 1321 in
888 1295 966 1322 hisce
990 1294 1079 1322 tribus
1101 1294 1211 1323 Editt.:

161 1351 191 1381 1.
216 1347 355 1379 Collatia
383 1352 555 1380 actionum
578 1351 771 1390 forensium
794 1352 989 1380 Atticarum
1018 1355 1052 1380 et
1073 1349 1306 1380 Romanarum
1332 1350 1606 1392 praecipuarum.
1657 1353 1785 1384 Amore
1807 1354 1969 1395 Philippo
1991 1355 2121 1386 Dlelan-

202 1391 313 1422 thone.
363 1391 586 1449 Vitebergaez-
617 1394 719 1424 Anno
741 1393 790 1423 M.
816 1393 859 1424 D.
885 1392 1024 1425 XLVI.
1048 1409 1089 1415 —-
1137 1393 1185 1432 (In
1207 1394 1299 1434 finez)
1324 1392 1527 1434 Impressum
1555 1394 1758 1435 Vitebergae
1781 1398 1874 1438 apud
1893 1398 2005 1429 Ve'tum
2022 1398 2121 1429 Creu-

160 1433 380 1509 Ἆίἓῑῖἱατῗέὶ
405 1435 453 1500 ἓ
477 1435 573 1500 ΧΞῙ
586 1435 665 1501 ΙΣ-ὃ.
688 1438 834 1509 41413ΐέΞὲ
857 1478 983 1519 Philip.
1006 1477 1169 1510 DIelanth.
1196 1476 1425 1519 thebergae
1452 1478 1678 1512 Excudebant
1703 1480 1878 1513 Haeredes
1902 1483 1999 1514 Petri
2021 1483 2122 1515 Seitz.

204 1518 304 1550 Anno
325 1518 380 1551 M.
400 1520 447 1551 D.
470 1520 533 1551 LI.
556 1522 586 1552 8.
610 1521 632 1552 3
654 1524 752 1561 plagg.

160 1563 191 1595 3.
216 1563 359 1594 Collatia
382 1580 424 1585 -—
446 1580 489 1586 —
511 1581 553 1586 -—
577 1564 706 1594 Autore
733 1563 863 1602 Philip.
893 1562 1057 1595 DIelanth.
1084 1562 1301 1603 Witebergae
1330 1565 1431 1596 Anno
1453 1565 1500 1597 M.
1519 1565 1564 1596 D.
1588 1566 1715 1598 LIIII.
1739 1584 1779 1590 ·——
1824 1569 1874 1610 (In
1898 1570 1989 1609 finez)
2022 1568 2120 1600 Wite-

204 1605 338 1646 bergae.
382 1605 583 1637 Excudebat
608 1606 772 1637 lohannes
797 1606 906 1637 Grato.
951 1607 982 1638 8.
1005 1606 1027 1637 3
1049 1609 1148 1646 plagg.

77 1676 148 1706 quas
170 1668 227 1696 iam
249 1667 278 1694 in
302 1666 369 1695 Vol.
392 1666 471 1695 XVI.
495 1666 581 1695 huius
605 1668 694 1705 Corp.
717 1667 851 1696 Reform.
874 1678 903 1706 p.
925 1665 987 1696 531
1013 1678 1058 1705 sq.
1081 1667 1300 1707 descripsimus.
1344 1668 1378 1696 ln
1401 1668 1473 1696 libro
1495 1675 1594 1697 autem
1616 1678 1634 1697 a
1656 1670 1786 1699 Peucero
1810 1671 1908 1700 edito:

203 1723 371 1753 Eruditae
394 1726 628 1754 annotationes
650 1723 807 1765 Philippi
828 1723 1056 1755 ¹Melanthonz‘s
1088 1727 1124 1755 in
1149 1723 1285 1766 Officia
1315 1725 1482 1757 ciceronis
1511 1736 1626 1756 recens
1656 1727 1765 1758 editae
1794 1736 1850 1759 etc.
1900 1727 2121 1769 Wicebergae.

247 1766 350 1797 Anno
374 1766 500 1797 LXII.
523 1767 554 1797 8.
577 1768 661 1806 (vide
683 1769 757 1797 illud
780 1770 846 1798 Vol.
870 1769 948 1798 XVI.
972 1779 1002 1808 p.
1026 1768 1090 1799 529
1113 1768 1174 1808 sq.)

75 1829 119 1857 cui
142 1827 194 1855 illa
217 1825 394 1866 „Collatio”
416 1827 445 1855 in
469 1827 528 1855 fine
551 1827 664 1856 adiecta
688 1833 748 1864 est,
771 1826 816 1855 hic
838 1827 1084 1856 Demosthenicae
1109 1828 1245 1856 orationis
1268 1828 1347 1857 locus
1370 1838 1428 1857 non
1451 1828 1610 1857 invenitur.

111 1956 145 1985 ss)
163 1954 279 1980 Brevius
297 1955 348 1978 hoc
366 1954 546 1978 Locrensium
565 1954 717 1984 exemplum
737 1960 769 1977 ex
791 1954 841 1977 hac
859 1953 985 1978 oratione
1004 1959 1021 1978 a
1039 1954 1216 1979 Melanthone
1234 1956 1350 1980 affertur
1378 1955 1405 1979 in
1431 1955 1610 1980 enarratione
1634 1955 1696 1980 libri
1715 1956 1750 1981 V.
1769 1957 1928 1981 Ethicorum
1948 1958 2121 1989 Aristotelis,

146 1991 200 2015 vid.
219 1989 297 2013 huius
317 1990 400 2019 Corp.
418 1989 539 2014 Reform.
560 1989 625 2014 Vol.
644 1989 720 2015 XVI.
740 1994 803 2020 pag.
822 1988 873 2012 403
891 2002 924 2006 -
943 1989 1004 2014 404.

75 2192 388 2246 Exemplum,
420 2190 554 2245 quod
585 2196 754 2232 monet
783 2202 882 2231 non
914 2194 1104 2231 temere
1131 2192 1407 2234 mutandas
1441 2205 1562 2235 esse
1591 2194 1771 2250 leges,
1803 2207 1932 2248 quae
1962 2201 2124 2251 gravi

75 2260 277 2302 iudicio
317 2259 561 2299 maiorum
602 2261 869 2312 receptae,
899 2260 962 2306 iet
993 2256 1190 2309 ‘postea
1229 2259 1395 2314 longo
1443 2272 1538 2300 usu
1577 2261 1945 2313 comprobatae
1991 2268 2124 2306 sunt.

414 2326 490 2365 Ex
525 2323 907 2365 Demosthenis
935 2325 1179 2364 oratione
1211 2329 1399 2366 contra
1430 2325 1787 2367 Timocratem.

678 2413 894 2461 Philippo
922 2412 1214 2450 Melanthone
1240 2414 1515 2463 interprete.

156 2517 322 2554 Narrabo
332 2516 446 2558 vobis,
463 2516 608 2556 iudices,
625 2516 738 2561 legem
748 2516 981 2555 Locrensonn
998 2529 1072 2550 non
1125 2529 1190 2551 nec
1204 2529 1317 2552 novas
1332 2517 1424 2562 leges
1441 2529 1507 2562 pro
1529 2515 1782 2562 cupiditatibus
1807 2528 2006 2561 paucorum
2018 2545 2027 2559 ‚
2061 2527 2124 2554 aut

76 2570 171 2604 enim
196 2569 391 2603 deteriores
415 2569 513 2603 eritis
535 2568 656 2602 audito
673 2567 740 2602 hoc
759 2569 920 2613 exemplo
934 2596 943 2609 ,
971 2581 1072 2613 prae-
1126 2571 1170 2602 ad
1188 2570 1362 2603 eludenda
1381 2569 1510 2602 iudicia
1529 2569 1692 2602 ferendas
1710 2580 1802 2607 esse,
1829 2574 1890 2609 ut,
1915 2569 1944 2603 si
1962 2570 2040 2615 quis
2056 2583 2121 2604 no-

77 2623 179 2668 cipue
196 2634 268 2668 quo
289 2621 412 2655 civitas
432 2620 564 2660 utitur,
599 2632 689 2666 quae
715 2621 850 2665 legibus
873 2627 966 2654 recte
989 2632 1072 2654 con·
1125 2633 1207 2654 vam
1224 2621 1336 2665 legem
1356 2626 1565 2664 rogaturum
1585 2633 1620 2654 se
1640 2632 1712 2654 esse
1729 2620 1944 2661 ostenderit,
1974 2628 2121 2665 cogatur

77 2674 198 2708 stituta
216 2679 278 2707 est.
330 2671 386 2705 Illi
414 2672 508 2706 enim
531 2672 621 2705 adeo
647 2673 895 2707 custodiendas
919 2685 990 2706 esse
1015 2684 1072 2705 ve·
1126 2685 1203 2706 eam
1220 2684 1444 2718 proponere,
1473 2672 1563 2705 collo
1583 2671 1620 2704 in
1636 2672 1804 2718 laqueum
1820 2671 1966 2706 inserto.
2013 2673 2121 2718 Quod

75 2732 166 2760 teres
191 2725 284 2770 leges
306 2724 483 2766 sentiunt,
512 2729 546 2757 et
582 2723 698 2768 patria
731 2724 892 2759 instituta
926 2724 1071 2765 tuenda,
1125 2724 1153 2758 si
1182 2725 1294 2769 legem
1328 2723 1553 2769 propositam
1584 2724 1739 2769 populus
1767 2723 1964 2768 approbat,
1999 2736 2124 2759 suasor
