2351 2990
92 108 168 144 693
321 104 458 140 XXXII.
498 103 898 140 INTERPRETATIO
925 104 1085 139 TRIUM
1113 104 1538 141 OLYNTHIACARUM
1566 105 1920 143 DEMOSTHENIS.
2072 109 2147 145 694

88 203 203 223 morum
226 194 255 222 in
280 193 334 222 hac
356 193 456 231 lingua
479 191 644 230 profectum
666 191 836 228 examinet,
859 196 906 228 ut,
937 192 961 219 si
985 201 1037 220 nos
1059 192 1137 220 sorte
1160 198 1316 229 exerceat,
1353 193 1438 221 venia
1470 192 1552 220 nobis
1581 191 1646 220 dari
1676 193 1777 230 possit.
1827 194 1873 222 De
1902 202 2000 222 rerum
2029 196 2144 233 magni-

89 237 192 266 tudine
214 237 244 264 in
268 236 444 264 orationibus
471 234 685 273 comprehensa
708 233 777 261 mihi
802 234 941 263 iudicium
964 244 1022 262 non
1053 244 1152 270 sumo;
1186 235 1238 263 sed
1262 236 1290 263 id
1314 236 1395 264 vobis
1417 234 1597 274 sapientibus
1621 241 1651 263 et
1682 236 1710 263 in
1742 236 1893 274 republica
1923 238 2046 265 versatis
2075 239 2144 266 viris

87 280 237 318 relinquo.

218 321 371 350 Demetrio
393 321 539 349 Phalereo
562 320 697 348 tribuitur
719 319 915 356 Thucydiden
938 320 1086 358 scripsisse
1110 319 1214 355 καλῶς
1237 316 1296 359 οὔχ
1320 314 1433 357 ἧδέως,
1464 319 1693 358 Xenophontem
1717 325 1819 348 contra
1841 316 1940 356 ἤόέως
1964 317 2001 350 οὗ
2025 320 2142 358 καλῶς.

87 365 135 393 De
157 364 212 393 hac
235 373 357 392 censura
381 365 435 392 etsi
459 363 650 400 pronuntiare
673 371 769 390 meum
794 372 851 390 non
875 367 937 391 est:
961 369 1057 391 tamen
1081 369 1111 391 et
1134 364 1245 392 sentire
1268 364 1417 401 sapientes
1442 372 1544 392 omnes
1567 368 1658 401 puto,
1692 361 1891 400 Thucydiden
1916 374 1972 391 non
2004 370 2063 393 tam
2093 375 2142 393 ar-

87 417 223 443 morum,
246 416 332 444 quam
355 406 516 444 sapientiae
539 405 743 443 iustitiaeque,
775 411 805 433 et
828 406 1000 443 sophistices
1022 413 1111 443 atque
1134 407 1294 434 iniustitiae
1324 407 1500 443 certamina,
1529 412 1559 435 et
1592 412 1783 444 utrorumque
1815 406 1897 443 quasi
1926 406 2023 435 ideam
2053 408 2143 437 effin—

87 459 162 488 gere
185 451 326 478 voluisse:
351 449 540 487 Sapientiae,
562 457 619 486 qua
642 448 717 476 iuste
741 448 982 477 administrantur
1005 457 1099 487 regna
1121 454 1151 476 et
1175 449 1379 487 respublicae:
1405 449 1603 487 Sophistices,
1632 458 1689 488 qua
1713 449 1882 477 turbulenta
1896 454 1946 476 aut
1962 449 2043 477 vafra
2059 451 2144 488 inge-

87 494 135 521 nia
159 493 264 521 eadem
287 496 337 519 aut
362 492 440 520 domi
463 491 598 527 turbant,
629 496 679 518 aut
704 491 787 519 bellis
811 492 942 519 externis
966 492 1133 528 implicant,
1155 492 1266 528 causis,
1295 501 1367 529 quas
1390 492 1614 529 praetendunt,
1645 492 1863 531 σκιογραφίαν
1885 490 1916 529 *)
1940 490 2144 530 δικαιοσύνης

85 533 355 575 περιγράφοντες,
386 531 443 570 τὴν
472 533 507 562 δὲ
537 530 729 572 σοφωτάτου
756 529 954 573 Ἀρχιλόχου
984 530 1134 563 ἀλώπεκα
1164 532 1308 568 ἕλκοντες
1334 531 1525 570 ἐξόπισθεν,
1556 540 1587 562 ut
1610 534 1737 562 Platonis
1767 534 1861 563 verbis
1884 532 1928 573 **)
1962 540 2037 564 utar.
2081 535 2143 564 Sed

85 587 172 616 spero
195 577 277 605 brevi
299 576 450 606 habituros
473 586 525 605 nos
547 576 696 604 historiam
719 576 903 613 Thucydidis
925 578 1090 615 integram,
1123 585 1226 605 eorum
1252 586 1344 615 opera
1367 577 1555 613 translatam,
1584 577 1633 614 qui
1656 582 1687 605 et
1709 578 1829 616 linguae
1851 577 1948 615 perita
1970 583 2001 606 et
2023 579 2144 617 sapien-

86 622 126 650 tia
149 620 311 648 excellunt.

212 662 334 691 Interea
355 661 392 690 ad
416 667 446 690 te
468 662 552 690 mitto
574 661 627 690 has
650 658 786 700 ἐκλογάς
814 663 980 691 versionum
1003 670 1041 690 ex
1070 659 1175 690 scholis
1204 662 1329 699 publicis
1359 662 1452 690 soceri
1482 662 1558 698 mei,
1589 662 1668 699 quod
1699 662 1837 691 recordor
1867 672 1914 692 me
1942 669 2002 692 tum
2033 664 2144 702 promi·

84 706 168 734 sisse.
214 705 336 734 Solebat
359 705 428 742 ille,
451 714 518 732 cum
547 710 679 733 autorem
702 706 848 733 Graecum
872 705 961 743 paulo
990 705 1189 733 obscuriorem
1212 704 1330 733 scholae
1362 705 1626 742 interpretaretur,
1658 711 1850 742 convertere,
1880 714 1955 744 quae
1978 706 2144 736 difficiliora

86 752 189 785 erant,
210 749 241 776 in
257 748 377 776 latinum
392 756 576 784 sermonem,
604 752 635 774 ut
651 753 827 786 perpetuam
851 748 1027 776 sententiam
1050 747 1170 785 propius
1193 752 1381 785 conspectam
1405 747 1541 775 Graecae
1566 747 1684 784 linguae
1709 747 1818 776 tirones
1841 749 1925 776 citius
1947 758 2143 788 assequeren-

85 796 143 820 tur.
189 791 251 819 Hoc
275 790 394 819 consilio
417 791 473 819 alia
497 791 602 827 etiam,
625 799 749 827 quorum
773 790 918 828 quaedam
942 790 1053 826 adieci,
1075 790 1127 817 ille
1150 790 1256 827 vertit,
1278 799 1336 817 non
1362 795 1419 817 tam
1443 795 1597 826 accurate,
1620 795 1652 817 ut
1674 790 1739 818 fieri
1762 790 1880 828 debuit,
1903 800 2001 829 neque
2023 798 2055 820 ut
2078 802 2144 821 ora-

84 833 169 862 tionis
192 834 326 862 Graecae
349 838 523 861 ornamenta
546 833 745 870 exprimeret,
776 833 828 860 sed
852 842 899 861 res
922 838 954 860 ut
984 830 1129 869 intelligi,
1160 838 1190 861 et
1221 838 1253 861 ut
1282 833 1390 861 autoris
1418 833 1514 870 imago
1543 833 1580 860 ab
1607 832 1718 861 artifice
1749 834 1863 871 vulgari
1892 834 2010 872 depicta
2039 835 2144 864 melius

84 876 203 914 agnosci
225 884 334 913 posset.
377 875 441 904 Etsi
463 880 561 903 autem
585 883 684 912 neque
708 876 797 903 otium
820 875 863 903 illi
886 875 943 904 fuit
964 884 1150 912 concessum,
1181 885 1238 913 quo
1261 875 1298 903 ad
1329 875 1381 903 has
1413 876 1676 904 commentationes
1705 885 1778 913 opus
1808 882 1870 913 est,
1901 882 1933 905 ut
1963 886 1995 905 se
2023 878 2146 915 dignum

86 919 199 956 aliquid
223 919 271 947 vel
294 919 322 946 in
346 918 391 946 his
415 919 463 947 vel
486 919 515 945 in
538 917 603 945 aliis
627 918 808 946 versionibus
840 918 1021 953 elaboraret;
1050 927 1149 955 neque
1179 918 1218 946 de
1247 917 1302 946 hoc
1331 918 1481 947 affirmare
1512 928 1646 957 possum,
1675 927 1826 957 nunquam
1856 928 1923 948 eum
1952 929 1971 948 a
1997 922 2147 949 sententia.

85 962 268 990 Graecorum
291 961 462 990 aberrasse:
486 960 540 988 hoc
563 965 662 988 tamen
684 960 786 989 dicere
809 971 942 999 possum,
974 970 1021 989 me
1044 961 1118 989 nihil
1140 961 1247 989 vidisse
1270 960 1429 998 hactenus,
1462 961 1540 999 quod
1572 960 1615 989 his
1646 970 1828 999 magnopere
1859 968 1960 1000 posset
1986 961 2145 1001 praeferri,

86 1004 165 1041 quod
188 1004 282 1041 ipsum
306 1013 422 1041 quoque
445 1009 493 1031 tuo
515 1003 621 1030 iudicio
645 1002 775 1040 inprimis
798 1004 947 1042 permitto.
993 1004 1067 1032 Cum
1096 1009 1195 1032 autem
1223 1004 1275 1031 has
1305 1004 1451 1032 orationes
1480 1013 1609 1032 summus
1640 1005 1668 1032 in
1693 1005 1821 1032 Graecia
1850 1011 1946 1033 orator
1967 1005 2146 1034 Demosthe-

85 1054 140 1074 nes
162 1047 235 1074 tanti
258 1046 378 1083 fecerit,
401 1051 433 1074 ut
455 1045 545 1074 octies
567 1045 646 1073 hunc
668 1052 799 1074 autorem
824 1047 1030 1084 descripserit,
1059 1046 1109 1074 tibi
1132 1047 1210 1074 inter
1233 1047 1326 1075 nostri
1347 1047 1488 1084 temporis
1510 1056 1636 1075 summos
1659 1053 1790 1075 oratores
1813 1047 1865 1076 has
1895 1048 2012 1086 publice
2042 1048 2147 1076 inscri-

85 1088 197 1116 bendas
221 1097 286 1117 esse
309 1089 426 1127 putavi,
448 1098 504 1126 quo
527 1097 614 1116 nemo
638 1087 693 1115 hoc
715 1090 876 1127 sapientiae
898 1089 1044 1118 humanae
1067 1099 1140 1127 opus
1162 1090 1268 1117 melius
1290 1090 1432 1127 intelligit
1453 1095 1504 1118 aut
1533 1090 1639 1118 imitari
1669 1095 1776 1127 potest.
1820 1090 1858 1119 Et
1888 1097 1958 1128 peto
1987 1100 2004 1119 a
2035 1096 2084 1126 te,
2114 1095 2147 1119 ut

84 1139 140 1169 pro
164 1131 272 1159 eximia
294 1131 475 1160 humanitate
500 1136 529 1159 et
553 1131 760 1158 benevolentia
782 1140 854 1169 erga
883 1141 930 1160 me
959 1137 1009 1159 tua
1040 1132 1093 1160 hoc
1122 1131 1233 1160 sactum
1263 1141 1359 1160 meum
1393 1133 1520 1170 benigne
1549 1133 1693 1170 accipias,
1723 1138 1754 1161 et
1783 1132 1858 1161 hanc
1887 1134 2147 1172 compellationem

84 1182 180 1201 meam
204 1179 293 1212 atque
317 1174 549 1202 testificationem
573 1173 799 1202 officiosissimae
822 1175 980 1203 voluntatis
1003 1180 1091 1212 atque
1115 1175 1202 1203 studii
1224 1184 1295 1213 erga
1317 1179 1348 1203 te
1372 1175 1430 1203 mei
1459 1182 1572 1212 gratam
1602 1176 1653 1203 tibi
1682 1180 1895 1214 acceptamque
1925 1185 1990 1205 esse
2016 1177 2146 1215 patiaris.

84 1215 169 1244 Bene
192 1221 222 1245 et
244 1217 372 1245 feliciter
396 1217 480 1253 vale,
512 1224 621 1254 meque
645 1217 723 1243 inter
746 1225 813 1254 eos,
845 1218 894 1254 qui
917 1222 947 1245 te
970 1218 1071 1244 colunt
1094 1223 1124 1245 et
1152 1218 1324 1255 observant,
1354 1227 1421 1246 eum
1452 1224 1484 1246 ut
1513 1218 1643 1247 retinere
1673 1219 1768 1247 locum
1797 1219 1891 1256 sinas,
1920 1228 2009 1258 quem
2037 1219 2149 1249 obtinui

84 1258 244 1297 hactenus,
267 1259 461 1288 vehementer
484 1269 544 1287 oro.
589 1259 653 1287 Cal.
676 1258 792 1298 Martii,
813 1260 898 1287 Anno
921 1269 938 1287 a
960 1265 1029 1288 nato
1051 1259 1167 1289 Christo
1189 1260 1343 1289 Salvatore
1366 1258 1462 1290 1562.

1330 1312 1416 1340 Tuae
1438 1311 1640 1350 amplitudinis
1663 1311 1889 1342 studiosissimus

1440 1354 1551 1392 Caspar
1573 1354 1722 1383 Peucerus
1744 1355 1782 1384 D.

375 1566 406 1603 1.
454 1564 901 1602 DEMOSTHENIS
942 1564 1181 1602 ORATIO
1216 1564 1628 1604 OLYNTHIACA
1661 1567 1854 1607 PRIMA

634 1634 861 1664 PnlLero
898 1634 1234 1664 MELANTHONE
1271 1636 1603 1668 INTERPRETE.

219 1739 264 1768 Ex
286 1739 343 1767 illis
365 1738 587 1776 Prolegomenis
610 1738 803 1775 intelligitur,
833 1736 919 1765 huius
942 1739 1080 1766 orationis
1105 1739 1379 1776 interpretationem
1402 1739 1602 1768 Melanthonis
1633 1740 1857 1777 quatuordecies
1884 1742 2044 1780 prodiisse,
2074 1752 2147 1781 qua-

92 1792 156 1812 rum
181 1782 339 1811 editionum
363 1781 450 1809 hasce
473 1790 576 1810 novem
600 1781 629 1808 in
654 1781 784 1808 inanibus
808 1785 960 1809 tenemus:
984 1779 1017 1817 1)
1043 1778 1106 1809 Ed.
1128 1779 1269 1818 Hagan.
1294 1781 1408 1817 1524„
1436 1780 1472 1821 2)
1498 1781 1562 1811 Ed.
1586 1780 1696 1811 Basil.
1721 1784 1783 1811 sine
1805 1793 1898 1820 anno,
1922 1782 1960 1823 3)
1984 1784 2049 1815 Ed.
2072 1784 2148 1815 Ha-

93 1835 174 1864 gan.
199 1826 260 1854 sine
283 1834 375 1860 auno,
409 1823 444 1859 4)
468 1822 533 1852 Ed.
556 1822 723 1861 Francos.
757 1821 869 1856 1547„
902 1820 939 1862 5)
964 1821 1029 1851 Ed.
1060 1821 1202 1861 Argent.
1235 1823 1349 1859 1559„
1383 1825 1419 1861 6)
1441 1823 1505 1854 Ed.
1540 1822 1670 1853 Witteb.
1702 1824 1815 1864 1562,
1848 1825 1973 1864 7)E11.
2005 1827 2146 1867 Argent.

93 1868 208 1906 1564,
235 1867 272 1906 8)
295 1865 358 1895 Ed.
380 1865 532 1904 Argent.
557 1866 666 1902 1570„
695 1865 730 1903 9)
755 1863 818 1893 Ed.
841 1862 985 1894 Servest.
1011 1865 1123 1903 1587.,
1153 1876 1276 1904 quarum
1305 1869 1463 1896 secundam
1493 1868 1609 1895 nomine
1633 1867 1756 1904 Basa„
1787 1870 1901 1897 tertiam
1931 1872 2048 1900 nomine
2070 1870 2150 1901 Ha-

93 1921 174 1951 gan.
198 1921 223 1940 s.
248 1920 298 1946 a.‚
321 1917 435 1939 ceteras
458 1911 527 1938 solis
550 1919 710 1944 annorum⁷
740 1909 843 1945 quibus
865 1909 1054 1945 prodierunt,
1077 1910 1207 1937 numeris
1231 1910 1258 1936 in
1282 1910 1336 1938 hac
1358 1917 1456 1939 nostra
1480 1910 1609 1938 editione
1632 1911 1868 1948 significabimus,

221 1954 331 1982 Harum
356 1953 514 1981 editionum
538 1958 678 1990 quatuor:
707 1949 768 1980 Ed.
792 1948 935 1988 Hagcm.
959 1950 1070 1986 1524„
1102 1950 1163 1981 Ed.
1188 1950 1301 1982 Basil.
1332 1964 1355 1981 s.
1385 1963 1430 1990 a.,
1462 1951 1525 1982 Ed.
1549 1951 1690 1991 Hagen.
1722 1965 1746 1982 s.
1775 1964 1802 1983 a.
1832 1961 1861 1983 et
1892 1953 1953 1985 Ed.
1977 1955 2147 1996 Francos.

98 1996 190 2027 1547.
213 1996 412 2025 Melanthonis
435 1996 710 2034 interpretationem
735 2004 798 2022 curn
823 1994 937 2022 scholiis
960 1995 1168 2032 marginalibus
1192 1996 1314 2033 eiusque
1338 1997 1490 2033 epistolam
1515 1998 1756 2034 nuncupatoriam
1779 1998 1815 2026 ad
1840 1998 1978 2027 Carinum
2001 2010 2059 2028 una
2083 2010 2148 2029 cum

97 2040 174 2069 Phil.
197 2039 358 2077 Engentini
381 2038 510 2066 distichis
533 2039 696 2073 continent;
729 2044 853 2075 quatuor
876 2043 990 2066 autem:
1019 2035 1127 2067 Editl.
1150 2037 1300 2075 Argent.
1326 2038 1439 2075 1559.,
1474 2037 1587 2076 1564„
1618 2038 1710 2070 1570.
1734 2045 1765 2068 et
1787 2038 1851 2069 Ed.
1880 2039 2027 2071 Servest.
2053 2042 2148 2073 1587.

97 2083 189 2111 solam
212 2082 483 2119 interpretationem
508 2091 571 2109 cum
596 2081 748 2118 perpaucis
772 2080 887 2108 scholiis
918 2081 1140 2118 marginalibus3
1171 2091 1228 2109 una
1251 2082 1396 2120 denique:
1427 2079 1489 2111 Ed.
1518 2078 1646 2111 theb.
1678 2081 1772 2113 1562.
1803 2084 1892 2112 solam
1924 2086 2149 2124 interpretatio-

100 2134 166 2153 nem
191 2125 253 2152 sine
276 2124 389 2151 scholiis
412 2125 536 2161 margin.
566 2123 719 2152 exhibent.

226 2166 422 2194 Melanthonis
440 2167 593 2204 epistolam
617 2166 858 2204 nuncupatoriam
882 2165 911 2193 h.
936 2166 957 2193 l.
987 2166 1164 2203 omittimus,
1194 2167 1331 2205 quoniam
1355 2168 1432 2195 inter
1462 2168 1600 2205 epistolas
1630 2177 1657 2196 a.
1687 2166 1782 2197 1524.
1810 2170 1839 2197 in
1869 2169 1953 2198 huius
1976 2171 2065 2209 Corp.
2088 2171 2151 2200 Re-

97 2211 186 2239 form.
210 2209 276 2238 Vol.
301 2210 323 2238 1.
346 2219 376 2246 p.
397 2207 461 2238 699
488 2220 529 2247 sq.
553 2211 608 2237 iam
633 2209 700 2237 data
723 2215 785 2243 est,
809 2209 857 2236 ubi
880 2218 949 2236 vero
973 2218 1002 2246 p.
1025 2208 1099 2238 699.
1123 2210 1174 2239 lin.
1197 2210 1227 2239 6.
1253 2209 1336 2237 huius
1360 2211 1504 2248 epistolae
1535 2220 1588 2248 pro
1611 2208 1695 2247 Quis
1725 2213 1899 2249 exprimat
1927 2214 2090 2241 secundum
2113 2214 2151 2241 il-

100 2255 144 2282 las
166 2258 226 2281 tres
250 2252 342 2280 Editt.
365 2252 523 2288 legendum
546 2258 603 2280 est:
626 2250 711 2289 Quis
735 2252 822 2279 enim
846 2252 1032 2289 exprimat.
1055 2268 1096 2273 —
1140 2253 1269 2291 Philippi
1292 2253 1468 2290 Engentini,
1492 2254 1541 2291 qui
1564 2254 1699 2291 poeticen
1723 2254 1913 2293 Witebergae
1936 2256 2072 2293 docebat,
2104 2256 2150 2284 di-

99 2296 191 2325 sticha
213 2304 302 2333 supra
325 2295 353 2322 in
378 2294 572 2333 descriptione
595 2293 657 2324 Ed.
676 2293 816 2333 Hagan.
841 2305 864 2323 s.
887 2304 930 2332 a.,
955 2304 1031 2332 quae
1054 2295 1106 2323 lios
1129 2305 1230 2324 versus
1254 2296 1281 2323 iu
1304 2295 1402 2324 fronte
1426 2296 1533 2331 habet,
1563 2302 1630 2324 suut
1652 2297 1751 2325 allata.

134 2439 166 2472 τὲ)
186 2437 389 2471 σκιογραφίαν]
410 2440 478 2463 haec
498 2440 586 2464 forma
604 2440 743 2464 recentior
762 2439 788 2464 iu
808 2440 855 2464 illo
875 2440 945 2464 libro
966 2440 1068 2471 legitur
1087 2446 1136 2471 pro
1155 2440 1311 2471 antiquiore
1331 2441 1542 2473 σκιαγραφίαν,
1570 2441 1643 2464 conf.
1662 2441 1785 2465 Lobeck.
1804 2440 1831 2465 in
1850 2441 1955 2472 Phi-yn.
1976 2451 2001 2474 p.
2020 2443 2080 2468 646.

136 2482 188 2515 ssss)
208 2483 335 2507 Platonis
355 2483 441 2506 verba
461 2484 579 2513 genuina
598 2484 631 2507 de
650 2484 773 2513 republ.,
795 2483 839 2509 lil).
860 2484 892 2509 11.
913 2484 996 2513 (Opp.
1016 2484 1066 2508 Ed.
1087 2486 1117 2509 H.
1140 2485 1231 2514 Steph.
1257 2485 1332 2509 Toni.
1353 2485 1385 2509 11.
1413 2492 1437 2514 p.
1461 2484 1521 2508 365.
1546 2490 1569 2509 C.
1588 2496 1624 2501 —
1659 2485 1708 2507 Ed.
1736 2485 1842 2514 Bipout.
1871 2485 1936 2512 Vol.
1956 2487 2005 2511 VI.
2030 2494 2055 2518 p.
2074 2486 2152 2516 222.)

172 2519 239 2542 haec
258 2520 335 2541 suut:
356 2519 550 2550 σκιαγραφίαν
569 2515 667 2550 ἀρετῆς
685 2518 909 2552 περιγραπτέον,
929 2517 978 2549 τὴν
997 2516 1027 2543 δὲ
1048 2519 1097 2544 τοῦ
1117 2516 1285 2552 σοφωτάτου
1303 2515 1462 2552 Ἀρχιλόχου
1482 2515 1612 2543 ἀλώπεκα
1632 2517 1741 2544 ἑλκτέον
1760 2518 1918 2548 ἐξόπισθεν.

1450 2774 1536 2810 44*
