2294 2975
75 111 120 145 61

76 197 218 245 dens²⁰)
243 211 347 233 suum
366 199 572 241 consilium,
608 213 680 247 quo
709 201 912 250 omnin021)
937 202 1072 238 dissua—

76 249 137 282 det
166 247 234 283 hoc
266 257 426 296 tempore
458 251 635 296 publicari
669 265 817 287 munera
830 281 839 295 ,
878 262 1069 300 propterea

76 301 173 345 quod
187 302 301 335 multo
317 300 500 337 honestius
516 302 579 344 sit,
605 310 643 337 ut
665 304 796 339 virtute
820 307 980 340 favorem
1006 307 1070 341 bo-

72 363 204 386 norum
223 359 257 386 et
276 351 433 387 honores
458 361 714 401 consequatur,
743 370 850 403 quam
868 358 1069 403 largitioni-

73 403 151 437 bus.
226 403 414 439 Conclusio
450 403 558 439 habet
594 405 904 450 adhortationem,
951 417 990 444 ut
1024 411 1066 444 de

71 454 169 487 nulla
186 455 254 488 alia
273 469 310 489 re
329 463 401 489 tam
418 457 587 491 sollicitus
603 458 666 499 sit,
694 472 801 505 quam
820 468 859 495 ut
876 461 1068 496 satisfaciat

73 507 311 550 expectationi
333 514 368 541 et
391 509 481 542 bene
497 509 652 554 :paratus
670 512 803 547 redeat.
857 511 897 546 In
914 514 982 547 fine
1002 526 1066 558 po-

72 556 170 590 nitur
186 558 341 593 clausula
363 560 406 593 de
425 572 487 594 sua
508 560 705 596 voluntate.

285 659 422 695 Aliud
451 669 763 706 argumentum
778 663 837 709 22).

172 736 269 770 Haec
300 737 448 783 epistola
481 738 637 783 pertinet
670 740 715 771 ad
748 751 856 783 genus
887 738 1062 771 iudiciale.

68 787 265 822 Exordium
283 796 464 833 sumptum
483 796 533 823 est
553 802 571 823 a
591 790 796 823 testimonio
813 789 965 830 amoris,
994 795 1060 822 est-

70 852 138 885 que
152 840 254 873 valde
271 838 421 885 ἠθικὸν,
451 842 545 886 quod
564 841 691 884 allegat
707 847 856 884 patrem.
891 840 1059 874 Narratio

69 891 329 935 expositionem
345 892 501 924 continet
516 892 570 925 sui
587 892 724 925 consilii
750 893 791 924 de
816 892 908 925 ludis
931 891 1059 923 sacien-

69 942 142 983 dis,
170 943 289 975 addita
309 943 552 975 confutatione
571 949 603 975 et
619 941 897 987 reprehensione
920 948 1058 976 senten-

69 994 139 1026 tiae
163 993 339 1027 Curionis.
407 993 596 1027 Conclusio
630 992 737 1027 habet
763 992 1057 1027 adhortatiuncu-

66 1044 156 1084 lam,
183 1050 223 1078 ut
242 1044 403 1077 ornatior
419 1046 567 1078 domum
587 1046 721 1079 redeat.

108 1161 437 1206 Argumentum
473 1166 513 1193 et
548 1157 727 1194 scholia
763 1161 808 1194 in
843 1161 1013 1206 episto-

433 1211 520 1244 lam
547 1210 604 1245 111.
618 1212 676 1258 23).

164 1297 260 1330 Haec
291 1295 439 1341 epistola
471 1295 539 1329 fuit
562 1296 692 1340 scripta
716 1296 780 1329 sub
805 1295 947 1330 initium
973 1298 1056 1330 belli

63 1348 173 1383 civilis
183 1348 248 1395 2⁵¹),
286 1347 323 1380 in
348 1359 417 1393 qua
444 1344 610 1381 hortatur
636 1347 831 1381 Curionem
855 1347 987 1382 iterum
1010 1350 1055 1382 ad

62 1413 120 1434 eas
150 1412 206 1434 res
236 1398 490 1444 perficiendas,
531 1399 574 1432 de
601 1399 730 1445 quibus
755 1405 859 1433 antea
881 1411 986 1445 saepe
1009 1402 1054 1434 ad

60 1464 140 1486 eum
157 1450 345 1495 scripserat
354 1449 413 1496 25).

161 1517 191 1563 ξ.
211 1518 244 1552 1.
271 1518 499 1561 Epistularum
510 1529 656 1561 yenera,
685 1515 770 1565 etc.]
794 1516 991 1554 Exordium
1011 1532 1052 1553 ex

55 1570 228 1604 varietate
246 1569 477 1614 epistolarum
490 1595 498 1609 ‚
525 1580 590 1612 per
606 1568 907 1604 distributionem.
982 1573 1051 1604 Re-

54 1624 146 1668 liqua
163 1646 171 1655 .
189 1646 197 1655 .
215 1646 224 1654 .
244 1617 390 1666 yenera]
432 1626 574 1664 praeter
604 1631 717 1653 unum
748 1618 1049 1663 adhortatorium,

58 1673 155 1719 quod
172 1671 333 1717 negat‘ssss)
350 1671 417 1704 sibi
433 1669 491 1704 hic
507 1682 711 1705 concessum
736 1683 821 1706 esse.

157 1738 188 1785 ᾗ.
218 1742 253 1775 2.
309 1739 528 1780 Quamobrem
544 1764 555 1778 ,
608 1738 784 1787 quoniam]
828 1740 1047 1785 Propositio.

54 1795 115 1827 Est
135 1794 224 1826 enim
245 1791 308 1825 tibi
321 1792 438 1834 yravis
453 1788 670 1836 adversaria]
697 1790 818 1825 Ratio.
896 1794 1047 1833 Quarum

52 1840 208 1890 laudum]
232 1839 300 1875 hoc
318 1847 388 1881 est,
412 1846 452 1874 ut
475 1841 512 1873 in
537 1840 578 1874 iis
604 1841 738 1875 artibus
762 1842 939 1883 elabores,
969 1844 1045 1888 qui-

51 1896 117 1929 bus
133 1892 201 1927 hae
219 1893 339 1927 laudes
359 1898 634 1936 comparantur,
663 1905 750 1938 quas
768 1899 806 1926 tu
824 1905 932 1928 amas.
967 1894 1044 1928 Est-

53 1958 121 1992 que
147 1945 392 1990 pleonasmus:
436 1943 515 1976 ideo
546 1944 804 1977 subobscurum
834 1951 895 1979 est.
1000 1948 1043 1980 In

50 1999 138 2032 hanc
152 1993 374 2043 sententiam]
406 1994 607 2028 Conclusio.

81 2141 129 2168 20)
148 2138 265 2167 addens]
284 2136 323 2161 sic
341 2136 417 2160 recte
435 2135 518 2160 Editt.
540 2135 626 2167 1556.‚
647 2134 739 2167 1577.;
765 2136 949 2167 Edjtt.1565.,
966 2138 1040 2162 1569.

115 2174 226 2198 addent.

82 2227 131 2256 21)
149 2225 272 2254 omnino]
292 2223 333 2248 sic
352 2222 437 2247 Editt.
453 2221 662 2252 1565—1577.;
687 2222 737 2246 Ed.
759 2223 832 2247 1556.
850 2223 951 2248 omnia.

79 2279 128 2306 22)
148 2278 206 2302 1100
223 2276 251 2300 iu
269 2275 353 2299 Editt.
374 2273 565 2298 1565-1596.
584 2272 732 2297 invenitur.

79 2330 128 2358 23]
148 2328 294 2359 epistolam
312 2327 372 2355 111.]
393 2325 433 2349 sic
451 2324 479 2349 in
494 2324 578 2348 Editt.
593 2324 710 2364 (1537Q,
732 2325 818 2357 1556„
839 2326 1037 2360 1560—1596.;

112 2365 141 2388 in
160 2362 244 2386 Editt.
265 2361 352 2389 1545..
373 2360 459 2387 1546..
480 2359 554 2384 1601.
574 2360 641 2383 haec
660 2360 777 2389 ep1st01a
794 2367 908 2385 numero
930 2363 985 2391 14.;
1008 2364 1036 2388 in

112 2398 198 2423 Editt.
218 2396 309 2426 1540„
330 2395 421 2425 1544„
442 2394 530 2425 1554„
550 2394 626 2418 1557.
646 2395 673 2418 et
691 2394 741 2419 Ed.
759 2395 848 2422 Orell.
861 2402 974 2422 numero
987 2398 1034 2422 lv.

112 2432 224 2464 signata
242 2431 294 2454 est.

76 2485 124 2513 24)
144 2483 254 2513 Scripta
273 2481 318 2505 est
335 2480 404 2504 haec
422 2479 539 2510 epistola
556 2484 581 2503 a.
600 2485 626 2503 u.
644 2485 668 2505 c.
682 2479 742 2504 701.

73 2537 122 2565 25)
142 2537 200 2560 Hoc
221 2532 413 2564 argumentum
435 2531 567 2562 praebent
591 2530 674 2556 Editt.
694 2531 763 2556 1537
777 2544 810 2549 —
826 2532 918 2565 1554„
945 2534 1032 2567 1557„

107 2571 199 2600 15eo.,
221 2569 296 2594 1601.

70 2622 117 2654 26)
136 2627 186 2653 per
204 2618 431 2643 distributionem.
451 2629 485 2657 ἶ-
504 2617 676 2656 ᾳιιοᾰιιιεμῐ
695 2617 826 2659 etna-sic
845 2619 926 2643 Editt.
944 2620 1028 2660 {5373'

105 2657 191 2684 1540„
211 2655 296 2682 1544„
317 2653 402 2681 1554.‚
425 2651 515 2682 15025
541 2652 625 2675 Edutt.
643 2652 727 2682 15⁴o.‚
749 2653 839 2676 loeo:
862 2660 912 2683 per
930 2654 1028 2678 d1str1-

102 2685 255 2715 butioneni:
274 2688 380 2719 reliqua
399 2692 502 2718 genera
519 2687 632 2716 praeter
645 2692 728 2711 unum
743 2687 962 2713 adhortatorium
975 2696 1026 2713 ne-

102 2727 150 2756 gat
168 2726 219 2749 etc.

213 111 335 148 XXIII.
386 111 698 150 ARGUMENTA
725 114 792 150 ET
826 113 1031 150 SCHOLIA
1064 114 1114 152 IN
1146 114 1294 154 EPIST.
1328 116 1443 155 EAM.
1480 117 1566 158 CIC.
1601 118 1757 160 [1311.
1789 124 1862 163 ΕΡ.
1885 130 1921 164 2.
1943 129 1977 164 3.

2070 130 2117 166 62

1345 206 1480 241 Aliud
1507 219 1662 253 argum
1674 213 1893 262 entum27).

1225 272 1321 308 Haec
1351 274 1499 320 epistola
1532 279 1758 313 excusatione
1791 287 1825 314 et
1859 280 2114 317 adhortatione

1123 330 1271 359 constat.
1327 324 1516 362 Excusatio
1535 329 1690 365 eruditas
1707 329 1814 365 hahet
1831 334 1987 368 rationes
2005 341 2037 368 et
2054 336 2114 368 ad-

1121 376 1268 409 modum
1301 377 1497 422 elegantes,
1539 381 1666 426 quibus
1700 384 1871 425 ostendit,
1912 398 2022 431 quare
2047 384 2115 420 hoc

1121 432 1283 472 tempore
1298 427 1444 476 nihil'23)
1467 432 1619 473 scribat,
1653 445 1770 480 neque
1793 436 1835 468 de
1860 436 2027 480 privatis,
2053 449 2114 471 ne-

1120 491 1188 523 que
1212 480 1361 523 puhlicis
1387 483 1503 517 rebus.
1561 482 1776 519 Adhortatio
1803 488 1927 520 eadem
1954 494 2005 522 est
2033 500 2111 522 cum

1119 532 1431 573 praecedentibus,
1469 541 1501 566 et
1527 536 1681 579 pertinet
1705 538 1750 571 ad
1773 550 1883 582 genus
1910 539 2111 573 deliberati-

1118 593 1201 614 vum
1215 608 1223 622 ,
1250 595 1304 623 se,
1333 596 1411 616 cum
1430 583 1519 617 nihil
1536 587 1631 621 aliud
1650 588 1695 621 sit
1707 614 1716 629 ,
1743 591 1839 635 quod
1857 591 1902 623 ad
1917 590 2112 625 Curionem

1117 632 1266 674 scribat,
1306 639 1446 668 tantum
1473 648 1553 670 eum
1579 637 1760 672 exhortari
1784 641 1892 681 velle,
1924 648 1964 675 ut
1990 648 2111 675 tantae

1117 684 1355 727 expectationi
1385 688 1524 720 studeat
1555 690 1766 725 satisfacere.
1825 692 2022 726 Exordium
2050 705 2111 727 au-

1116 739 1187 767 tem
1219 736 1372 769 sumitur
1406 750 1424 770 a
1459 739 1710 775 distributione
1736 743 1917 777 varietatis
1944 744 2110 789 epistola-

1115 797 1214 826 rum,
1249 786 1449 831 significans
1472 790 1538 822 sibi
1568 789 1635 825 hoc
1660 799 1820 837 tempore
1846 796 1985 829 nullum
2013 796 2111 829 aliud

1116 848 1225 879 genus
1270 845 1412 882 praeter
1455 839 1741 877 adhortatorium
1778 858 1982 880 concessum
2024 859 2108 881 esse.

1113 887 1219 932 Quod
1242 895 1360 922 autem
1386 888 1454 923 hoc
1479 893 1558 925 loco
1584 895 1767 928 constituit
1788 896 1854 929 tria
1880 909 2008 941 genera
2037 898 2109 942 epi-

1111 939 1304 980 stolarum,
1337 941 1385 974 ita
1412 949 1462 976 est
1490 944 1755 989 accipiendum,
1799 949 1895 993 quod
1916 948 2109 982 instituerit

1111 1002 1185 1023 non
1202 991 1419 1036 distinguere
1438 994 1593 1039 singulas
1618 997 1819 1032 litterarum
1843 1000 1993 1043 species,
2021 1012 2107 1046 qua-

1110 1053 1191 1074 rum
1224 1045 1487 1087 propemodum
1518 1047 1656 1081 infinita
1689 1056 1740 1083 est
1769 1050 1941 1090 varietas,
1983 1053 2042 1084 sed
2067 1057 2107 1084 ut

1110 1094 1315 1137 propositae
1338 1097 1578 1140 complexioni
1600 1101 1760 1135 serviret.
1829 1101 2025 1136 Exordium
2053 1115 2105 1136 se-

1111 1144 1232 1188 quitur
1258 1148 1478 1190 propositio,
1514 1149 1551 1182 in
1577 1163 1647 1196 qua
1672 1150 1880 1187 exhortatur
1896 1153 2019 1187 Cicero
2037 1154 2105 1187 Cu-

1109 1195 1247 1228 rionem
1267 1196 1430 1232 iuvenem
1451 1206 1483 1232 et
1500 1203 1728 1236 candidatum
1745 1204 1981 1248 reipublicae,
2009 1212 2048 1238 ut
2067 1205 2104 1237 in

1108 1243 1176 1278 hoc
1194 1248 1370 1289 elaboret,
1399 1252 1494 1295 quod
1511 1253 1705 1296 plurimum
1723 1255 1834 1299 possit
1849 1257 2016 1300 prodesse
2035 1256 2105 1289 rei-

1108 1297 1284 1340 publicae.
1363 1300 1471 1334 Ratio
1504 1305 1761 1348 propositionis
1799 1314 1940 1351 sumpta
1976 1314 2027 1341 est
2059 1307 2103 1340 ab

1108 1350 1353 1392 expectatione
1376 1358 1410 1385 et
1436 1354 1675 1389 admiratione
1699 1357 1764 1391 sui.
1827 1358 2016 1392 Conclusio
2039 1356 2103 1392 ha-

1106 1399 1165 1432 bet
1175 1399 1221 1446 29)
1238 1403 1496 1445 praecisionem
1516 1405 1779 1442 adhortationis
1798 1416 1832 1442 et
1854 1422 1996 1444 causam
2019 1409 2103 1444 scri-

1105 1450 1224 1486 bendi.
1277 1452 1437 1497 Apparet
1459 1463 1576 1490 autem
1596 1456 1659 1492 has
1678 1460 1844 1504 epistolas
1861 1461 2010 1506 scriptas
2029 1472 2102 1495 esse

1106 1501 1216 1535 Cneio
1232 1502 1414 1547 Domitio,
1443 1513 1476 1539 et
1492 1507 1541 1542 M.
1553 1509 1696 1543 Valerio
1717 1510 1865 1545 Messala
1885 1513 2100 1552 consulibus,

1104 1554 1269 1597 proximo
1291 1568 1384 1590 anno
1402 1564 1483 1591 ante
1500 1560 1721 1595 tribunatum
1740 1562 1926 1604 Curionis,
1953 1575 2032 1597 cum
2049 1576 2100 1597 es-

1103 1611 1154 1638 set
1173 1606 1210 1639 in
1225 1606 1309 1640 Asia
1330 1616 1508 1653 quaestor.

1317 1683 1454 1718 Aliud
1483 1694 1799 1731 argumentum
1816 1688 1875 1736 ³⁰).

1201 1749 1384 1795 Principio
1416 1753 1564 1797 ponitur
1601 1757 1800 1801 propositio
1842 1759 1884 1791 de
1926 1757 2097 1791 varietate

1099 1798 1342 1843 epistolarum.
1409 1805 1564 1839 Additur
1591 1808 1760 1851 expolitio
1787 1821 1852 1853 per
1875 1809 2096 1843 distributio—

1097 1862 1200 1891 nem,
1242 1853 1279 1885 in
1307 1866 1375 1899 qua
1402 1864 1561 1890 recenset
1590 1871 1720 1902 genera
1755 1860 2007 1905 epistolarum,
2050 1872 2091 1893 ex

1097 1902 1225 1947 quibus
1250 1905 1395 1939 caeteris
1415 1909 1611 1952 repudiatis
1636 1908 1923 1945 adhortatorium
1952 1911 2093 1945 retinet.

1095 1953 1234 1987 Deinde
1268 1962 1318 1989 est
1350 1955 1568 1994 adhortatio.
1628 1960 1800 2007 Epilogus
1827 1963 1985 1996 continet
2010 1974 2090 1995 cau-

1095 2017 1171 2038 sam
1188 2006 1306 2040 brevis
1323 2020 1406 2042 suae
1422 2007 1697 2046 adhortationis.

1338 2083 1476 2119 Aliud
1506 2095 1843 2131 argumentum.

1194 2150 1289 2184 Haec
1323 2152 1470 2196 epistola
1502 2154 1570 2188 fuit
1593 2156 1723 2201 scripta
1747 2158 1811 2191 sub
1835 2158 1978 2192 initium
2003 2158 2086 2191 belli

1093 2199 1224 2242 civilis,
1251 2202 1289 2235 in
1316 2216 1385 2248 qua
1404 2202 1571 2240 hortatur
1589 2206 1783 2241 Curionem
1808 2209 1937 2243 iterum
1963 2210 2007 2243 ad
2027 2222 2086 2244 eas

1091 2264 1146 2285 res
1168 2254 1421 2297 perficiendas,
1463 2258 1506 2290 de
1529 2258 1656 2303 quibus
1682 2267 1784 2293 antea
1808 2273 1912 2306 saepe
1935 2263 1979 2295 ad
2002 2273 2084 2296 eum

1089 2304 1289 2349 scripserat.
1357 2306 1462 2341 Caret
1492 2315 1609 2342 autem
1639 2311 1784 2344 exordio
1809 2309 1896 2345 haec
1921 2314 2082 2358 epistola,

1089 2362 1123 2388 et
1138 2368 1201 2400 per
1219 2356 1505 2393 distributionem
1524 2362 1696 2403 ostendit,
1724 2374 1799 2396 non
1823 2376 1895 2397 esse
1920 2365 1987 2399 sibi
2014 2363 2082 2398 hoc

1087 2413 1248 2452 tempore
1263 2415 1385 2454 aptum
1404 2418 1674 2456 argumentum,
1700 2415 1797 2459 quod
1821 2416 1866 2449 ad
1883 2415 2079 2450 Curionem

1086 2459 1229 2494 scribat.

1116 2558 1163 2591 27)
1184 2561 1242 2585 Hoc
1259 2561 1450 2591 argumentum
1467 2561 1567 2585 habent
1586 2561 1669 2588 Editt.
1685 2562 1776 2596 1556„
1798 2565 1990 2592 ¹565—1596.

1117 2603 1164 2630 28)
1183 2603 1265 2633 nihil]
1286 2604 1334 2629 Ed.
1358 2604 1431 2628 1556.
1453 2604 1498 2628 nil.

1114 2646 1163 2674 29)
1181 2647 1276 2676 habet]
1296 2647 1336 2670 sic
1355 2647 1438 2671 Editt.
1461 2647 1671 2677 1565-1577.;
1702 2649 1751 2674 Ed.
1773 2651 1846 2677 1556.
1866 2652 1974 2676 habeat.

1112 2689 1161 2717 30)
1182 2690 1238 2728 Hoc
1255 2691 1447 2746 {argumentum
1466 2691 1493 2715 et
1511 2696 1629 2722 sequeus
1658 2692 1686 2717 iu
1704 2694 1787 2719 Editt.
1810 2695 2000 2720 1565—1596.
2031 2694 2074 2720 in-

1150 2729 1250 2748 vemun
1267 2729 1308 2748 ur.
