2294 2975
254 136 377 172 XXIII.

188 223 220 269 ᾗ.
237 227 273 260 2.
301 226 372 260 Sed
389 226 503 268 prima
526 221 610 271 duo]
638 222 811 257 Reiectio.
890 225 982 257 Nam
1004 224 1090 268 quod

85 279 130 313 ud
152 273 298 323 legatos]
325 275 532 320 Propositio
558 276 601 308 de
622 275 764 319 legatis;
802 281 923 320 estque
947 274 1088 307 conclu-

86 329 139 364 sio
164 327 371 374 syllogismi.
458 330 550 362 Nam
569 328 654 361 milti
674 332 777 361 totum
800 323 992 373 yenzaes⁶⁴)]
1017 325 1089 358 Ra-

85 381 156 414 tio:
190 379 349 413 civitates
372 380 612 424 postularunt.
669 377 803 424 Estque
826 384 967 422 sumpta
996 377 1090 410 ratio

88 444 130 466 ex
148 444 252 465 causa
271 430 468 465 necessaria
482 457 491 471 ,
520 437 554 464 et
569 437 619 464 est
638 430 759 463 minor
777 429 985 476 syllogismi.

190 480 221 526 ἓ.
237 482 272 516 3.
304 481 498 530 Urbanum]
524 482 558 515 id
576 488 645 522 est,
673 494 748 514 non
774 482 1011 521 ambientem,
1037 481 1090 513 su-

88 533 262 579 gitantem
278 533 325 580 65)
363 534 447 568 istas
484 535 622 579 ineptas
658 533 894 567 laudationes.
1017 534 1090 567 Sua

88 583 223 633 sponte]
252 585 289 618 id
317 592 384 626 est,
410 597 475 630 per
498 598 534 620 se
561 593 594 619 et
620 585 767 630 propria
791 585 934 618 virtute.

196 638 227 681 ᾗ.
253 636 287 671 4.
321 639 438 683 Neque
462 640 553 672 enim
576 636 731 684 quicm‘ffl)
757 634 937 683 edixi⁶⁷)]
973 634 1089 667 Verba

90 688 150 721 illa
172 695 255 722 sunt
271 696 411 733 sumpta
432 702 473 722 ex
490 689 639 734 epistola
656 687 777 733 Appii.

196 738 227 784 ἓ.
243 738 278 774 5.
308 743 378 784 Eyo
393 746 524 782 autem,
552 753 652 787 quum
673 741 732 774 hoe
750 734 985 784 suscepissem]
1015 735 1091 768 Ma-

89 791 146 825 ior
163 791 378 837 syllogismi,
414 792 451 824 in
476 805 544 838 qua
573 792 699 825 alludit
722 791 765 823 ad
790 791 907 822 locum
933 799 1091 821 commu-

91 856 188 877 nem.
300 845 342 877 Si
370 849 481 877 autem
508 845 567 877 hoc
592 854 714 887 yenere
727 839 802 888 68)]
842 837 1090 884 Reprehensio

91 894 350 928 translationis.
438 897 551 929 Genus
572 896 632 928 hoc
652 890 777 939 totum]
807 891 1003 937 Obliquum
1027 889 1091 924 sci-

91 946 190 986 licet,
218 958 296 979 cum
316 946 352 978 in
370 946 510 978 tertiam
530 956 721 989 personam
744 944 957 976 transfertur
972 954 1092 987 repre-

91 995 228 1030 hensio.
280 994 530 1043 Disputabant]
550 996 617 1031 Ista
635 996 803 1029 dicuntur
819 993 1091 1040 μιμητικῶςθθ).

197 1046 226 1091 ἓ.
245 1046 279 1081 6.
307 1049 400 1089 Quod
416 1050 447 1082 si
465 1050 540 1094 quis
549 1046 623 1095 7⁰)]
653 1046 860 1082 Confutatio
881 1046 1092 1091 suspicionis

91 1099 136 1132 ab
153 1098 284 1132 inutili.

195 1148 225 1194 ἓ.
247 1150 280 1184 7.
317 1151 359 1184 Si
382 1152 457 1195 quis
480 1148 549 1197 est]
587 1149 749 1183 Fuerunt
773 1151 868 1183 enim
896 1149 1093 1182 simultates

92 1204 269 1248 quaedam
290 1201 383 1234 inter
394 1201 551 1245 Appium
572 1208 605 1234 et
623 1202 830 1234 Ciceronem
853 1207 999 1245 propter
1012 1200 1093 1233 Clo-

91 1254 203 1288 dium.
237 1253 303 1285 Hic
320 1252 429 1296 igitur
445 1259 533 1285 tecte
545 1252 590 1299 ⁷¹)
609 1251 840 1297 reprehendit
858 1253 972 1292 illum,
996 1253 1094 1297 quod

89 1317 164 1339 non
179 1306 274 1338 bona
294 1304 362 1337 fide
379 1304 527 1337 redierit
544 1304 581 1337 in
599 1304 774 1349 gratiam,
803 1304 884 1350 quia
899 1331 908 1344 ‚
934 1310 974 1337 ut
998 1303 1093 1348 quis—

90 1370 160 1403 que
195 1362 246 1390 est
278 1355 613 1400 suspiciosissimus,
660 1356 708 1388 ita
744 1362 794 1390 est
824 1355 1093 1400 perfidissimus.

90 1411 159 1444 Sin
177 1413 289 1443 autem
312 1420 408 1454 quem
425 1420 498 1442 mea
525 1405 675 1455 etc.⁷²)]
706 1408 814 1440 Ratio
834 1406 1093 1441 dissimilitudi-

91 1460 147 1494 nIs
173 1472 214 1493 ex
238 1459 424 1505 utriusque
448 1472 619 1504 persona:
661 1460 719 1492 Tu
742 1472 777 1494 es
802 1459 952 1499 nobilis,
987 1459 1094 1492 debes

96 1524 180 1556 ergo
200 1523 274 1545 esse
297 1511 496 1544 munificus.

197 1561 226 1607 ξ.
252 1563 286 1596 8.
327 1564 537 1597 Liberalitas
559 1561 700 1610 tua⁷³)]
735 1562 889 1596 Collatio
916 1561 1091 1594 nobilium

93 1621 127 1648 et
156 1615 393 1648 mediocrium
409 1614 468 1659 ¹¹⁴).
575 1617 631 1649 Ad
654 1616 868 1659 laryiendum
891 1626 938 1647 ex*
959 1610 1091 1660 alieno]

90 1666 229 1699 Alludit
244 1667 289 1699 ad
305 1666 423 1699 locum
441 1678 690 1699 communem:
719 1666 898 1699 Debemus
917 1677 990 1699 esse
1008 1665 1093 1698 libe-

92 1718 184 1751 rales
201 1718 244 1750 de
261 1723 385 1751 nostro
397 1744 406 1757 ,
433 1729 508 1749 non
528 1718 571 1750 de
588 1717 718 1751 alieno.

82 136 157 175 105

125 1859 174 1886 64)
194 1857 248 1881 Pro
273 1856 316 1880 his
336 1855 392 1881 Cic.
420 1855 512 1879 verbis
539 1855 566 1879 iu
592 1855 676 1880 Editt.
701 1856 793 1884 ¹545.,
821 1855 895 1879 1560.
921 1855 983 1879 huic
1008 1856 1094 1879 uotae

161 1892 286 1923 praefixa
304 1892 369 1915 sunt
388 1892 488 1914 verba:
515 1891 682 1916 Multarum
701 1891 865 1916 civitatum.

129 1944 178 1976 65)
198 1943 377 1975 fugitantem]
396 1943 446 1968 Ed.
468 1942 541 1967 15⁴5.
562 1942 723 1973 fugientem.

124 1997 174 2025 66)
194 1995 295 2027 Neque
313 1995 390 2020 enim
409 1995 511 2026 quum]
530 1995 569 2018 sic
588 1993 671 2017 Editt.
689 1993 782 2021 1537..
804 1993 894 2021 1540.,
915 1993 1009 2021 1545:
1043 1994 1092 2017 Ed.

161 2031 248 2056 orell.
268 2032 296 2054 et
315 2030 400 2054 Editt.
418 2031 503 2058 1544„
525 2029 611 2053 1554..
633 2028 719 2059 ¹557„
741 2029 815 2052 1560.
835 2028 862 2051 in
881 2030 972 2052 textu:
992 2028 1094 2060 Neque

159 2072 248 2098 quum
272 2065 315 2094 (iu
340 2065 390 2088 hac
414 2066 479 2088 nota
505 2066 597 2088 autem
622 2064 672 2087 hae
697 2065 713 2087 4
732 2063 815 2087 Editt.
842 2064 954 2087 hahent:
991 2062 1094 2094 Neque

158 2101 236 2126 enim
255 2100 374 2131 quum];
404 2099 490 2123 Editt.
512 2099 598 2125 1548„
619 2098 694 2123 1601.
714 2098 741 2121 in
762 2099 854 2121 textu:
881 2097 982 2129 Neque
1004 2099 1093 2123 ettam

158 2142 223 2160 cum
241 2133 284 2166 (in
301 2134 352 2158 hac
370 2135 435 2158 nota
454 2135 481 2158 et
500 2133 528 2157 iu
547 2133 685 2164 margine:
712 2132 813 2164 Neque
831 2133 907 2157 enim
925 2133 1014 2159 cum).

123 2188 173 2217 67)
192 2187 247 2211 Pro
267 2186 310 2210 his
329 2186 386 2211 Cic.
407 2185 501 2210 verbis
519 2192 546 2209 m
562 2185 743 2216 Editt.1545.,
765 2185 840 2209 1560.
858 2185 919 2209 huic
937 2186 1021 2209 notae
1039 2186 1090 2209 ad-

160 2222 267 2252 scripta
284 2223 364 2245 suut:
392 2222 469 2252 Quid
486 2222 570 2252 erat,
595 2220 672 2252 quod
690 2227 733 2245 me
749 2221 1005 2251 persequerentur.

129 2275 179 2303 68)
199 2273 253 2297 Pro
273 2273 316 2296 his
336 2273 392 2298 Cic.
413 2272 505 2296 verbis
527 2272 554 2296 in
574 2272 670 2296 iisdem
689 2271 706 2296 2
720 2271 803 2295 Editt.
823 2272 883 2295 huic
903 2272 985 2296 notae
1003 2277 1091 2303 appo-

159 2308 218 2332 sita
236 2310 315 2332 sunt:
343 2308 384 2332 Tu
406 2314 494 2339 quum
512 2307 688 2332 istiusmodi.

124 2352 173 2381 69)
194 2352 252 2374 Ista
271 2350 397 2374 dicuntur
415 2349 582 2383 μιμητικῶς]
602 2351 668 2374 haec
684 2350 768 2374 verba
783 2350 809 2373 in
817 2349 900 2373 Editt.
910 2350 996 2381 1545„
1015 2350 1089 2374 1560.

160 2391 216 2411 non
235 2385 292 2410 Cic.
311 2386 395 2409 verbo
416 2386 616 2417 Disputabant
635 2385 790 2414 adscripta,
822 2385 873 2408 sed
898 2386 981 2408 uotae
1006 2390 1090 2414 prae-

158 2420 268 2445 cedenti
286 2419 328 2443 sic
346 2420 474 2444 adiuncta
493 2422 573 2444 suut:
600 2420 698 2444 Genus
717 2420 768 2444 hoc
786 2420 895 2448 totu-m]
914 2419 973 2443 Ista
989 2419 1089 2443 dicun-

157 2457 203 2479 tus
217 2454 368 2479 mimeticos
384 2455 447 2482 (Ed.
460 2455 534 2479 1560.
554 2453 733 2487 μιμηθικῶς).
772 2454 915 2485 Obliquum
934 2452 998 2486 (Ed.
1011 2454 1088 2479 1560.

157 2490 287 2520 oblique)
306 2488 426 2519 scilicet,
445 2495 504 2513 eum
523 2491 574 2514 etc.

122 2533 173 2562 70)
191 2533 272 2565 quis]
290 2532 331 2556 sic.
350 2531 415 2555 illae
436 2531 519 2556 Editt.
540 2534 567 2556 et
586 2533 638 2563 al.;
658 2533 706 2556 Ed.
728 2532 814 2557 orell.
834 2534 892 2563 qui.

121 2578 170 2606 71)
190 2577 277 2607 tecte]
296 2576 381 2600 Editt.
403 2575 495 2604 1545..
522 2575 597 2600 1560.
617 2577 701 2600 recte.

121 2620 170 2650 ⁷2)
190 2620 245 2644 Pro
263 2619 306 2643 his
320 2619 375 2644 Cic.
395 2618 489 2642 verbis
510 2618 537 2641 in
550 2618 736 2649 Editt.1545.‚
758 2619 832 2645 1560.
852 2618 913 2643 huic
932 2620 1014 2643 uotae
1033 2619 1084 2643 ad-

155 2655 259 2685 scripta
278 2655 321 2678 est
341 2660 395 2678 vox
414 2652 670 2679 Dissimilitudine.

120 2698 168 2726 73)
189 2697 242 2722 Pro
260 2697 304 2722 his
326 2696 418 2721 verbis
444 2696 471 2720 iu
496 2695 592 2719 iisdem
617 2696 634 2720 2
653 2696 735 2720 Editt.
761 2697 822 2720 huic
849 2698 930 2721 notae
954 2697 1082 2727 apposita

153 2734 197 2757 est
215 2738 268 2756 vox
289 2732 483 2757 Nobilissitm'.

117 2774 167 2804 ⁷4)
186 2774 376 2803 mediocrium]
397 2772 481 2798 Editt.
505 2773 595 2800 15⁴5„
618 2773 692 2797 1560.
716 2774 861 2802 corrupte:
889 2773 1061 2798 medicorum.

430 135 741 171 ARGUMENTA
766 135 832 170 ET
859 135 1063 170 SCHOLIA
1089 134 1138 170 IN
1163 133 1312 170 EPIST.
1338 134 1451 169 FAM.
1480 133 1564 170 CIC.
1591 133 1681 170 LIB.
1703 133 1761 170 III.
1789 134 1863 172 ΕΡ.
1882 137 1916 172 7.
1933 137 1967 172 8.

2067 139 2140 173 106

1247 219 1276 265 ξ.
1294 221 1328 255 9.
1357 223 1537 256 Sententia
1559 219 1668 269 bima]
1703 221 1739 254 id
1763 229 1832 263 est,
1867 224 1964 269 quod
1992 224 2141 257 debeam

1142 273 1366 317 provinciam
1386 280 1506 306 tenere
1523 285 1586 318 per
1604 273 1802 308 biennium.

1247 322 1277 369 ᾗ.
1297 326 1354 359 10.
1382 327 1435 359 De
1451 322 1611 372 Parthis]
1641 325 1734 370 Quia
1752 324 1879 372 iam75)
1907 333 1980 358 tum
2007 326 2143 371 impen-

1144 377 1249 409 debat
1267 377 1398 410 bellmn
1416 374 1637 410 Parthicum.

1365 461 1498 495 Aliud
1527 469 1849 506 argumentum
1867 461 1926 509 7⁶).

1248 536 1491 581 Responsoria
1518 544 1569 571 est
1595 538 1743 582 epistola
1770 538 1815 570 ad
1840 537 2041 583 querelam,
2084 550 2144 571 seu

1145 588 1466 632 expostulationem
1483 588 1612 634 Appii,
1647 589 1804 633 primum
1827 590 1922 635 quod
1947 589 2087 633 publice
2107 601 2146 622 ac

1145 640 1315 684 privatim
1348 641 1464 673 nullas
1496 641 1773 684 significationes
1801 640 2006 685 praebuerit
2032 641 2143 674 animi

1144 703 1272 735 parum
1293 691 1416 729 amici;
1453 692 1580 724 deinde
1606 693 1703 737 quod
1727 705 1801 725 non
1825 691 2030 737 impedierit
2053 693 2146 737 lega·

1145 742 1281 782 tiones,
1309 755 1396 788 quas
1424 743 1662 787 provinciales
1681 744 1837 776 Romam
1863 743 2006 777 missuri
2032 751 2147 785 erant,

1144 800 1185 827 ut
1200 793 1358 838 Appium
1382 801 1530 839 propter
1555 795 1779 840 provinciam
1806 795 1895 828 bene
1919 795 2146 830 administra—

1145 852 1219 880 tam
1244 845 1281 878 in
1306 852 1433 879 senatu
1455 846 1656 880 laudarent.
1726 845 1923 880 Exordium
1947 848 2054 881 breve
2082 854 2146 888 est,

1145 903 1328 941 sumptum
1363 909 1381 930 a
1407 909 1511 932 causa
1538 898 1801 943 respondendi,
1841 898 2027 932 interserta
2054 906 2147 932 exte-

1145 949 1318 982 nuatione
1345 949 1600 994 suspicionum.
1656 949 1824 995 Sequitur
1849 950 2014 990 reiectio,
2050 951 2148 996 quod

1146 1001 1191 1033 ad
1215 1000 1370 1045 primam
1396 1008 1536 1045 partem
1562 1001 1728 1047 querelae
1754 1013 1814 1035 seu
1842 1002 2148 1046 expostulationis,

1147 1064 1238 1098 quae
1256 1059 1290 1085 et
1307 1052 1456 1085 ridicula
1476 1059 1509 1086 et
1528 1054 1675 1086 conficta
1694 1059 1764 1093 est,
1792 1051 1883 1086 nihil
1902 1053 1986 1086 velit
2002 1066 2149 1099 respon—

1146 1106 1256 1144 dere,
1306 1116 1492 1149 opponens
1538 1105 1704 1138 omnibus
1739 1105 2001 1149 suspicionibus
2037 1105 2147 1138 animi

1147 1156 1255 1188 alieni
1281 1156 1440 1200 publicas
1466 1156 1691 1190 laudationes
1717 1169 1783 1201 pro
1808 1157 1938 1201 Appio.
2009 1156 2148 1190 Deinde

1148 1208 1193 1240 ad
1211 1208 1360 1240 alteram
1379 1214 1517 1252 partem
1540 1208 1706 1254 querelae
1727 1210 1920 1253 respondet
1940 1221 2003 1253 per
2020 1209 2149 1242 infitia-

1148 1259 1302 1299 tionem,
1331 1272 1366 1292 se
1383 1266 1523 1293 tantum
1547 1260 1716 1293 minuisse
1742 1266 1904 1304 sumptus
1929 1261 2149 1305 legationum

1147 1316 1297 1355 propter
1335 1310 1522 1351 civitates,
1578 1323 1668 1357 quae
1706 1323 1896 1356 oppressae
1931 1319 2033 1345 erant
2069 1324 2148 1345 aere

1148 1362 1286 1402 alieno,
1315 1374 1390 1395 non
1408 1368 1527 1395 autem
1546 1362 1748 1408 impediisse
1767 1363 1922 1407 legatos,
1957 1370 2019 1397 aut
2044 1365 2081 1397 id
2103 1365 2151 1397 fe-

1148 1414 1247 1454 cisse,
1274 1420 1314 1447 ut
1330 1414 1465 1460 aliquid
1481 1415 1523 1447 de
1534 1414 1642 1459 Appii
1659 1414 1831 1458 dignitate
1852 1414 2042 1449 minueret.
2078 1415 2150 1448 Ra-

1148 1465 1198 1498 tio
1218 1463 1323 1499 huius
1341 1465 1425 1498 facti
1441 1466 1595 1499 sumitur
1611 1467 1655 1499 ab
1674 1466 1789 1499 officio
1801 1493 1810 1506 ,
1839 1478 1900 1499 seu
1924 1468 1968 1500 ab
1986 1465 2152 1507 honesto,

1149 1523 1271 1562 estque
1281 1517 1328 1564 77)
1349 1517 1486 1562 integer
1503 1518 1748 1562 syllogismus:
1775 1517 1859 1551 Non
1884 1519 2000 1552 solum
2027 1526 2077 1552 est
2097 1519 2150 1552 iu-

1148 1569 1263 1609 stitia,
1291 1570 1355 1603 sed
1381 1569 1487 1602 etiam
1512 1569 1758 1603 misericordia
1778 1569 1968 1613 singularis
1987 1577 2149 1615 sumptus

1148 1620 1310 1654 minuere
1329 1620 1637 1665 egentissimarum
1659 1621 1862 1659 civitatum;
1898 1621 1983 1657 istae
1999 1635 2085 1655 vero
2104 1623 2150 1655 ci-

1148 1672 1293 1713 vitates,
1322 1685 1413 1718 quae
1440 1674 1592 1706 debeant
1614 1672 1842 1717 suppeditare
1868 1681 2029 1719 sumptus
2056 1674 2150 1718 lega-

1148 1724 1211 1765 tis,
1240 1731 1342 1758 erant
1368 1724 1636 1769 egentissimae:
1674 1736 1757 1768 ergo
1787 1724 1876 1758 iuste
1900 1732 1934 1759 et
1955 1732 2050 1759 recte
2072 1726 2151 1766 feci,

1150 1777 1246 1822 quod
1267 1776 1380 1809 minui
1398 1783 1570 1822 sumptus.
1624 1776 1741 1810 Porro
1763 1776 1916 1818 minori,
1953 1790 2060 1823 quam
2085 1790 2149 1811 suo

1148 1840 1249 1861 more
1266 1828 1465 1873 praemittit
1482 1828 1629 1868 maiori,
1657 1829 1868 1861 intersertae
1883 1835 1966 1862 sunt
1981 1829 2151 1869 rationes,

1149 1879 1278 1926 quibus
1302 1893 1385 1914 usus
1411 1880 1455 1914 sit
1477 1881 1512 1913 in
1529 1877 1763 1913 dehortandis
1781 1879 2003 1921 civitatibus,
2031 1893 2075 1914 ne
2099 1882 2149 1914 fa-

1148 1938 1269 1965 cerent
1292 1938 1454 1976 sumptus
1479 1932 1515 1964 in
1543 1932 1667 1976 legatis
1692 1931 1888 1966 mittendis.
1942 1931 2049 1973 Item,
2078 1945 2149 1978 quo

1148 1983 1298 2016 consilio
1322 1984 1474 2016 edictum
1503 1996 1521 2016 a
1547 1995 1583 2016 se
1607 1983 1846 2027 compositum
1871 1984 1933 2023 sit,
1970 1990 2004 2016 et
2025 1990 2148 2028 postea

1147 2034 1430 2081 propositum⁷⁸)
1457 2034 1659 2068 civitatibus
1685 2035 1721 2067 in
1746 2034 1944 2078 provincia.
2013 2035 2149 2080 Purga-

1147 2086 1282 2119 tionem
1302 2087 1469 2132 querelae
1485 2086 1645 2132 sequitur
1672 2086 1896 2130 obiurgatio,
1925 2087 2022 2132 quod
2050 2099 2149 2120 occa-

1147 2138 1264 2173 siones
1304 2138 1445 2171 rixandi
1478 2138 1584 2171 etiam
1619 2137 1814 2172 levissimas
1849 2139 2066 2182 captaverit,
2116 2144 2150 2171 et

1147 2191 1243 2236 quod
1260 2190 1360 2223 facile
1377 2191 1472 2223 sinat
1489 2202 1524 2224 se
1541 2189 1685 2222 accendi
1708 2190 1752 2222 ad
1777 2201 2008 2235 quascunque
2034 2189 2148 2234 suspi-

1146 2243 1276 2277 ciones.
1345 2242 1447 2287 Quae
1474 2255 1531 2276 res
1555 2240 1703 2274 homine
1731 2241 1897 2285 indigna,
1940 2241 2147 2286 longissime

1146 2295 1189 2327 ab
1214 2293 1368 2327 amicitia
1395 2295 1515 2328 abesse
1542 2294 1665 2333 debet,
1701 2299 1913 2337 propterea,
1942 2294 2040 2339 quod
2068 2305 2146 2326 eam

1144 2346 1358 2379 mirabiliter
1382 2347 1588 2390 perturbet,
1623 2357 1661 2377 ac
1685 2344 1827 2389 penitus
1847 2345 1960 2378 tollat.
2015 2344 2146 2379 Obiur—

1144 2398 1280 2442 gationi
1297 2399 1479 2431 adduntur
1498 2396 1691 2431 certissima
1711 2396 1809 2441 signa
1829 2409 1912 2430 suae
1930 2397 2145 2430 benevolen-

1143 2450 1212 2484 tiae
1240 2462 1321 2495 erga
1346 2449 1524 2494 Appium,
1567 2455 1600 2481 et
1632 2448 1761 2492 allegat
1791 2461 1894 2482 suum
1927 2449 2141 2493 exemplum,

1143 2503 1239 2548 quod
1264 2515 1342 2535 cum
1373 2502 1483 2535 multa
1513 2499 1725 2540 :iudixisset‚
1767 2501 1860 2533 unde
1884 2500 2057 2545 potuisset
2082 2501 2143 2532 ali-

1173 2608 1221 2636 75)
1241 2608 1310 2638 iam]
1330 2608 1356 2631 iu
1376 2607 1459 2631 Editt.
1481 2608 1573 2638 1545„
1596 2609 1669 2632 1560.
1696 2609 1784 2633 deest.

1170 2651 1219 2680 76)
1237 2652 1297 2675 Hoc
1315 2652 1504 2681 argumentum
1525 2654 1552 2675 et
1571 2652 1622 2676 duo
1642 2653 1787 2683 sequentia
1806 2653 1839 2676 ab
1858 2653 1940 2676 Editt.
1957 2652 2032 2676 1556.
2044 2668 2051 2680 ,
2075 2651 2142 2675 1565

1208 2686 1323 2709 —15941
1344 2686 1513 2710 exhihentur.

1169 2729 1219 2757 77)
1239 2730 1352 2758 estque]
1372 2729 1412 2752 sic
1432 2729 1516 2752 Editt.
1538 2730 1750 2759 1565—1577.;
1779 2730 1828 2753 Ed.
1850 2730 1923 2753 1556.
1944 2730 2002 2753 Est.

1166 2771 1214 2802 78)
1234 2771 1425 2802 Propositum]
1443 2773 1483 2797 sic
1501 2773 1586 2799 Editt.
1607 2773 1814 2800 1565—1577.=
1830 2772 1859 2797 in
1878 2772 1927 2797 Ed.
1943 2773 2016 2797 1556.
2038 2773 2125 2798 deest.
