<?xml version="1.0" encoding="UTF-8"?>
<!DOCTYPE html PUBLIC "-//W3C//DTD XHTML 1.0 Transitional//EN"
    "http://www.w3.org/TR/xhtml1/DTD/xhtml1-transitional.dtd">
<html xmlns="http://www.w3.org/1999/xhtml" xml:lang="en" lang="en">
 <head>
  <title>
</title>
<meta http-equiv="Content-Type" content="text/html;charset=utf-8" />
  <meta name='ocr-system' content='tesseract 3.04.00' />
  <meta name='ocr-capabilities' content='ocr_page ocr_carea ocr_par ocr_line ocrx_word'/>
</head>
<body>
  <div class='ocr_page' id='page_1' title='image "./operaquaesupersu17melauoft/operaquaesupersu17melauoft_0225.png"; bbox 0 0 2351 2990; ppageno 0'>
   <div class='ocr_carea' id='block_1_1' title="bbox 108 108 371 147">
    <p class='ocr_par' dir='ltr' id='par_1_1' title="bbox 108 108 371 147">
     <span class='ocr_line' id='line_1_1' title="bbox 108 108 371 147; baseline -0.008 0"><span class='ocrx_word' id='word_1_1' title='bbox 108 109 182 147; x_wconf 73' lang='lat'><strong>425</strong></span> <span class='ocrx_word' id='word_1_2' title='bbox 249 108 371 145; x_wconf 87' lang='lat' dir='ltr'><strong>XXIII.</strong></span> 
     </span>
    </p>
   </div>
   <div class='ocr_carea' id='block_1_2' title="bbox 361 194 857 239">
    <p class='ocr_par' dir='ltr' id='par_1_2' title="bbox 361 194 857 239">
     <span class='ocr_line' id='line_1_2' title="bbox 361 194 857 239; baseline 0.002 -11"><span class='ocrx_word' id='word_1_3' title='bbox 361 194 500 228; x_wconf 90' lang='lat' dir='ltr'><strong>Aliud</strong></span> <span class='ocrx_word' id='word_1_4' title='bbox 528 194 857 239; x_wconf 81' lang='lat' dir='ltr'><strong>argumentu&#39;m.</strong></span> 
     </span>
    </p>
   </div>
   <div class='ocr_carea' id='block_1_3' title="bbox 110 260 1105 552">
    <p class='ocr_par' dir='ltr' id='par_1_3' title="bbox 110 260 1105 552">
     <span class='ocr_line' id='line_1_3' title="bbox 214 260 1105 308; baseline 0 -12"><span class='ocrx_word' id='word_1_5' title='bbox 214 262 383 298; x_wconf 79' lang='lat' dir='ltr'>Narratio</span> <span class='ocrx_word' id='word_1_6' title='bbox 399 268 450 296; x_wconf 89' lang='lat' dir='ltr'><strong>est</strong></span> <span class='ocrx_word' id='word_1_7' title='bbox 465 263 508 295; x_wconf 87' lang='lat' dir='ltr'><strong>de</strong></span> <span class='ocrx_word' id='word_1_8' title='bbox 523 274 587 296; x_wconf 88' lang='lat' dir='ltr'><strong>suo</strong></span> <span class='ocrx_word' id='word_1_9' title='bbox 605 262 740 303; x_wconf 84' lang='lat' dir='ltr'><strong>officio,</strong></span> <span class='ocrx_word' id='word_1_10' title='bbox 768 274 860 308; x_wconf 89' lang='lat' dir='ltr'><strong>quae</strong></span> <span class='ocrx_word' id='word_1_11' title='bbox 878 260 985 296; x_wconf 87' lang='lat' dir='ltr'><strong>habet</strong></span> <span class='ocrx_word' id='word_1_12' title='bbox 1003 274 1105 307; x_wconf 87' lang='lat' dir='ltr'><strong>prae-</strong></span> 
     </span>
     <span class='ocr_line' id='line_1_4' title="bbox 111 313 1103 359; baseline -0.001 -12"><span class='ocrx_word' id='word_1_13' title='bbox 111 313 311 347; x_wconf 87' lang='lat' dir='ltr'><strong>teriti0nem</strong></span> <span class='ocrx_word' id='word_1_14' title='bbox 324 340 332 354; x_wconf 97' lang='lat'><strong>,</strong></span> <span class='ocrx_word' id='word_1_15' title='bbox 360 314 456 359; x_wconf 92' lang='lat' dir='ltr'><strong>quod</strong></span> <span class='ocrx_word' id='word_1_16' title='bbox 473 313 607 347; x_wconf 88' lang='lat' dir='ltr'><strong>scilicet</strong></span> <span class='ocrx_word' id='word_1_17' title='bbox 624 313 813 358; x_wconf 72' lang='lat' dir='ltr'>diligenter</span> <span class='ocrx_word' id='word_1_18' title='bbox 829 315 924 359; x_wconf 87' lang='lat' dir='ltr'><strong>apud</strong></span> <span class='ocrx_word' id='word_1_19' title='bbox 940 319 1103 348; x_wconf 87' lang='lat' dir='ltr'><strong>senatum</strong></span> 
     </span>
     <span class='ocr_line' id='line_1_5' title="bbox 110 364 1104 409; baseline -0.001 -11"><span class='ocrx_word' id='word_1_20' title='bbox 110 372 145 398; x_wconf 89' lang='lat' dir='ltr'><strong>et</strong></span> <span class='ocrx_word' id='word_1_21' title='bbox 163 377 283 399; x_wconf 89' lang='lat' dir='ltr'><strong>coram</strong></span> <span class='ocrx_word' id='word_1_22' title='bbox 301 370 376 398; x_wconf 93' lang='lat' dir='ltr'><strong>toto</strong></span> <span class='ocrx_word' id='word_1_23' title='bbox 401 365 535 409; x_wconf 89' lang='lat' dir='ltr'><strong>populo</strong></span> <span class='ocrx_word' id='word_1_24' title='bbox 565 364 675 409; x_wconf 86' lang='lat' dir='ltr'><strong>egerit</strong></span> <span class='ocrx_word' id='word_1_25' title='bbox 699 377 841 399; x_wconf 88' lang='lat' dir='ltr'><strong>eausam</strong></span> <span class='ocrx_word' id='word_1_26' title='bbox 859 365 981 399; x_wconf 90' lang='lat' dir='ltr'><strong>Cassii.</strong></span> <span class='ocrx_word' id='word_1_27' title='bbox 1034 364 1104 397; x_wconf 92' lang='lat' dir='ltr'><strong>De-</strong></span> 
     </span>
     <span class='ocr_line' id='line_1_6' title="bbox 110 413 1104 451; baseline -0.002 -1"><span class='ocrx_word' id='word_1_28' title='bbox 110 416 194 450; x_wconf 88' lang='lat' dir='ltr'>inde</span> <span class='ocrx_word' id='word_1_29' title='bbox 210 416 352 450; x_wconf 85' lang='lat' dir='ltr'>additur</span> <span class='ocrx_word' id='word_1_30' title='bbox 369 416 559 450; x_wconf 81' lang='lat' dir='ltr'><strong>excusatio.</strong></span> <span class='ocrx_word' id='word_1_31' title='bbox 619 416 755 449; x_wconf 84' lang='lat' dir='ltr'><strong>Ultimo</strong></span> <span class='ocrx_word' id='word_1_32' title='bbox 772 416 851 450; x_wconf 90' lang='lat' dir='ltr'><strong>loco</strong></span> <span class='ocrx_word' id='word_1_33' title='bbox 868 423 919 451; x_wconf 91' lang='lat' dir='ltr'><strong>est</strong></span> <span class='ocrx_word' id='word_1_34' title='bbox 936 413 1104 450; x_wconf 82' lang='lat' dir='ltr'><strong>adhorta-</strong></span> 
     </span>
     <span class='ocr_line' id='line_1_7' title="bbox 112 467 1104 513; baseline 0.001 -14"><span class='ocrx_word' id='word_1_35' title='bbox 112 468 181 507; x_wconf 84' lang='lat' dir='ltr'><strong>tio,</strong></span> <span class='ocrx_word' id='word_1_36' title='bbox 207 474 246 501; x_wconf 91' lang='lat' dir='ltr'><strong>ut</strong></span> <span class='ocrx_word' id='word_1_37' title='bbox 264 479 303 501; x_wconf 85' lang='lat' dir='ltr'><strong>ea</strong></span> <span class='ocrx_word' id='word_1_38' title='bbox 322 473 488 512; x_wconf 88' lang='lat' dir='ltr'><strong>praestet,</strong></span> <span class='ocrx_word' id='word_1_39' title='bbox 517 478 608 512; x_wconf 90' lang='lat' dir='ltr'><strong>quae</strong></span> <span class='ocrx_word' id='word_1_40' title='bbox 625 468 765 501; x_wconf 87' lang='lat' dir='ltr'><strong>senatui</strong></span> <span class='ocrx_word' id='word_1_41' title='bbox 781 469 824 501; x_wconf 92' lang='lat' dir='ltr'><strong>de</strong></span> <span class='ocrx_word' id='word_1_42' title='bbox 840 481 881 502; x_wconf 90' lang='lat' dir='ltr'><strong>eo</strong></span> <span class='ocrx_word' id='word_1_43' title='bbox 897 467 1104 513; x_wconf 77' lang='lat' dir='ltr'>promiserit</span> 
     </span>
     <span class='ocr_line' id='line_1_8' title="bbox 113 517 593 552; baseline 0 -1"><span class='ocrx_word' id='word_1_44' title='bbox 113 525 146 551; x_wconf 89' lang='lat' dir='ltr'><strong>et</strong></span> <span class='ocrx_word' id='word_1_45' title='bbox 164 519 246 551; x_wconf 88' lang='lat' dir='ltr'><strong>data</strong></span> <span class='ocrx_word' id='word_1_46' title='bbox 262 519 330 551; x_wconf 91' lang='lat' dir='ltr'><strong>fide</strong></span> <span class='ocrx_word' id='word_1_47' title='bbox 351 517 593 552; x_wconf 86' lang='lat' dir='ltr'><strong>affirmaverit.</strong></span> 
     </span>
    </p>
   </div>
   <div class='ocr_carea' id='block_1_4' title="bbox 325 600 881 649">
    <p class='ocr_par' dir='ltr' id='par_1_4' title="bbox 325 600 881 649">
     <span class='ocr_line' id='line_1_9' title="bbox 325 600 881 649; baseline 0.004 -15"><span class='ocrx_word' id='word_1_48' title='bbox 325 600 463 634; x_wconf 87' lang='lat' dir='ltr'><strong>Aliud</strong></span> <span class='ocrx_word' id='word_1_49' title='bbox 491 601 881 649; x_wconf 55' lang='lat' dir='ltr'><strong>argumentumae).</strong></span> 
     </span>
    </p>
   </div>
   <div class='ocr_carea' id='block_1_5' title="bbox 109 668 1104 1111">
    <p class='ocr_par' dir='ltr' id='par_1_5' title="bbox 109 668 1104 1111">
     <span class='ocr_line' id='line_1_10' title="bbox 214 668 1103 715; baseline -0.003 -12"><span class='ocrx_word' id='word_1_50' title='bbox 214 669 503 710; x_wconf 79' lang='lat' dir='ltr'><strong>Commemorat,</strong></span> <span class='ocrx_word' id='word_1_51' title='bbox 545 681 635 715; x_wconf 90' lang='lat' dir='ltr'><strong>quae</strong></span> <span class='ocrx_word' id='word_1_52' title='bbox 663 676 697 703; x_wconf 91' lang='lat' dir='ltr'><strong>et</strong></span> <span class='ocrx_word' id='word_1_53' title='bbox 727 671 772 703; x_wconf 88' lang='lat' dir='ltr'><strong>ad</strong></span> <span class='ocrx_word' id='word_1_54' title='bbox 798 669 971 715; x_wconf 90' lang='lat' dir='ltr'><strong>populum</strong></span> <span class='ocrx_word' id='word_1_55' title='bbox 1001 675 1035 702; x_wconf 87' lang='lat' dir='ltr'><strong>et</strong></span> <span class='ocrx_word' id='word_1_56' title='bbox 1066 668 1103 701; x_wconf 90' lang='lat' dir='ltr'><strong>in</strong></span> 
     </span>
     <span class='ocr_line' id='line_1_11' title="bbox 112 720 1101 765; baseline -0.002 -10"><span class='ocrx_word' id='word_1_57' title='bbox 112 727 237 755; x_wconf 86' lang='lat' dir='ltr'><strong>senatu</strong></span> <span class='ocrx_word' id='word_1_58' title='bbox 272 720 383 765; x_wconf 84' lang='lat' dir='ltr'><strong>egerit</strong></span> <span class='ocrx_word' id='word_1_59' title='bbox 420 721 465 753; x_wconf 91' lang='lat' dir='ltr'><strong>ad</strong></span> <span class='ocrx_word' id='word_1_60' title='bbox 498 720 707 765; x_wconf 83' lang='lat' dir='ltr'><strong>dignitatem</strong></span> <span class='ocrx_word' id='word_1_61' title='bbox 744 722 856 755; x_wconf 88' lang='lat' dir='ltr'><strong>Cassii</strong></span> <span class='ocrx_word' id='word_1_62' title='bbox 890 721 1101 765; x_wconf 82' lang='lat' dir='ltr'><strong>augendam.</strong></span> 
     </span>
     <span class='ocr_line' id='line_1_12' title="bbox 110 772 1103 817; baseline -0.002 -12"><span class='ocrx_word' id='word_1_63' title='bbox 110 772 341 817; x_wconf 84' lang='lat' dir='ltr'><strong>Quamquam</strong></span> <span class='ocrx_word' id='word_1_64' title='bbox 359 778 478 805; x_wconf 90' lang='lat' dir='ltr'><strong>autem</strong></span> <span class='ocrx_word' id='word_1_65' title='bbox 501 783 643 806; x_wconf 88' lang='lat' dir='ltr'><strong>causam</strong></span> <span class='ocrx_word' id='word_1_66' title='bbox 666 784 741 805; x_wconf 89' lang='lat' dir='ltr'><strong>non</strong></span> <span class='ocrx_word' id='word_1_67' title='bbox 764 772 957 816; x_wconf 88' lang='lat' dir='ltr'><strong>significat,</strong></span> <span class='ocrx_word' id='word_1_68' title='bbox 982 777 1103 804; x_wconf 90' lang='lat' dir='ltr'><strong>tamen</strong></span> 
     </span>
     <span class='ocr_line' id='line_1_13' title="bbox 109 822 1102 868; baseline -0.001 -13"><span class='ocrx_word' id='word_1_69' title='bbox 109 823 303 856; x_wconf 82' lang='lat' dir='ltr'><strong>verisimile</strong></span> <span class='ocrx_word' id='word_1_70' title='bbox 335 829 405 862; x_wconf 90' lang='lat' dir='ltr'><strong>est,</strong></span> <span class='ocrx_word' id='word_1_71' title='bbox 448 829 638 868; x_wconf 83' lang='lat' dir='ltr'><strong>postquam</strong></span> <span class='ocrx_word' id='word_1_72' title='bbox 661 823 848 856; x_wconf 78' lang='lat' dir='ltr'><strong>Dolabella</strong></span> <span class='ocrx_word' id='word_1_73' title='bbox 880 822 1102 856; x_wconf 89' lang='lat' dir='ltr'><strong>Trebonium</strong></span> 
     </span>
     <span class='ocr_line' id='line_1_14' title="bbox 113 871 1103 914; baseline -0.002 -7"><span class='ocrx_word' id='word_1_74' title='bbox 113 874 242 907; x_wconf 87' lang='lat' dir='ltr'><strong>occidit</strong></span> <span class='ocrx_word' id='word_1_75' title='bbox 253 901 262 914; x_wconf 87' lang='lat'><strong>‚</strong></span> <span class='ocrx_word' id='word_1_76' title='bbox 291 880 324 906; x_wconf 88' lang='lat' dir='ltr'><strong>et</strong></span> <span class='ocrx_word' id='word_1_77' title='bbox 340 886 359 906; x_wconf 94' lang='lat' dir='ltr'><strong>a</strong></span> <span class='ocrx_word' id='word_1_78' title='bbox 376 880 501 907; x_wconf 87' lang='lat' dir='ltr'><strong>senatu</strong></span> <span class='ocrx_word' id='word_1_79' title='bbox 518 871 628 907; x_wconf 89' lang='lat' dir='ltr'><strong>hostis</strong></span> <span class='ocrx_word' id='word_1_80' title='bbox 644 880 695 907; x_wconf 86' lang='lat' dir='ltr'><strong>est</strong></span> <span class='ocrx_word' id='word_1_81' title='bbox 711 873 885 907; x_wconf 90' lang='lat' dir='ltr'><strong>iudicatus</strong></span> <span class='ocrx_word' id='word_1_82' title='bbox 896 900 905 913; x_wconf 98' lang='lat'><strong>,</strong></span> <span class='ocrx_word' id='word_1_83' title='bbox 939 886 1019 907; x_wconf 90' lang='lat' dir='ltr'><strong>eum</strong></span> <span class='ocrx_word' id='word_1_84' title='bbox 1046 871 1103 905; x_wconf 85' lang='lat' dir='ltr'><strong>hic</strong></span> 
     </span>
     <span class='ocr_line' id='line_1_15' title="bbox 111 925 1104 970; baseline -0.002 -12"><span class='ocrx_word' id='word_1_85' title='bbox 111 925 210 970; x_wconf 89' lang='lat' dir='ltr'><strong>loqui</strong></span> <span class='ocrx_word' id='word_1_86' title='bbox 228 927 270 958; x_wconf 90' lang='lat' dir='ltr'><strong>de</strong></span> <span class='ocrx_word' id='word_1_87' title='bbox 289 926 450 964; x_wconf 87' lang='lat' dir='ltr'><strong>decreto,</strong></span> <span class='ocrx_word' id='word_1_88' title='bbox 485 925 582 969; x_wconf 92' lang='lat' dir='ltr'><strong>quod</strong></span> <span class='ocrx_word' id='word_1_89' title='bbox 603 936 622 957; x_wconf 89' lang='lat' dir='ltr'><strong>a</strong></span> <span class='ocrx_word' id='word_1_90' title='bbox 646 931 771 958; x_wconf 88' lang='lat' dir='ltr'><strong>senatu</strong></span> <span class='ocrx_word' id='word_1_91' title='bbox 795 925 929 958; x_wconf 87' lang='lat' dir='ltr'><strong>editum</strong></span> <span class='ocrx_word' id='word_1_92' title='bbox 955 930 1104 958; x_wconf 87' lang='lat' dir='ltr'><strong>testatur</strong></span> 
     </span>
     <span class='ocr_line' id='line_1_16' title="bbox 110 975 1102 1021; baseline -0.001 -13"><span class='ocrx_word' id='word_1_93' title='bbox 110 975 394 1021; x_wconf 69' lang='lat' dir='ltr'><strong>Appianus³³³³)‚</strong></span> <span class='ocrx_word' id='word_1_94' title='bbox 421 980 461 1007; x_wconf 86' lang='lat' dir='ltr'><strong>ut</strong></span> <span class='ocrx_word' id='word_1_95' title='bbox 478 987 601 1008; x_wconf 89' lang='lat' dir='ltr'><strong>omnes</strong></span> <span class='ocrx_word' id='word_1_96' title='bbox 627 976 731 1009; x_wconf 90' lang='lat' dir='ltr'><strong>duces</strong></span> <span class='ocrx_word' id='word_1_97' title='bbox 757 982 791 1008; x_wconf 91' lang='lat' dir='ltr'><strong>et</strong></span> <span class='ocrx_word' id='word_1_98' title='bbox 814 975 985 1009; x_wconf 86' lang='lat' dir='ltr'><strong>exercitus</strong></span> <span class='ocrx_word' id='word_1_99' title='bbox 1010 975 1102 1008; x_wconf 90' lang='lat' dir='ltr'><strong>ultra</strong></span> 
     </span>
     <span class='ocr_line' id='line_1_17' title="bbox 109 1024 1102 1072; baseline -0.001 -13"><span class='ocrx_word' id='word_1_100' title='bbox 109 1025 249 1059; x_wconf 88' lang='lat' dir='ltr'><strong>Ionium</strong></span> <span class='ocrx_word' id='word_1_101' title='bbox 266 1037 365 1058; x_wconf 90' lang='lat' dir='ltr'><strong>mare</strong></span> <span class='ocrx_word' id='word_1_102' title='bbox 386 1024 501 1070; x_wconf 92' lang='lat' dir='ltr'><strong>(quod</strong></span> <span class='ocrx_word' id='word_1_103' title='bbox 518 1032 570 1059; x_wconf 92' lang='lat' dir='ltr'><strong>est</strong></span> <span class='ocrx_word' id='word_1_104' title='bbox 583 1025 676 1059; x_wconf 90' lang='lat' dir='ltr'><strong>inter</strong></span> <span class='ocrx_word' id='word_1_105' title='bbox 691 1025 829 1060; x_wconf 83' lang='lat' dir='ltr'><strong>Italiam</strong></span> <span class='ocrx_word' id='word_1_106' title='bbox 848 1033 882 1060; x_wconf 90' lang='lat' dir='ltr'><strong>et</strong></span> <span class='ocrx_word' id='word_1_107' title='bbox 895 1026 1102 1072; x_wconf 79' lang='lat' dir='ltr'><strong>Graeciam)</strong></span> 
     </span>
     <span class='ocr_line' id='line_1_18' title="bbox 109 1075 733 1111; baseline 0 -1"><span class='ocrx_word' id='word_1_108' title='bbox 109 1076 160 1111; x_wconf 88' lang='lat' dir='ltr'><strong>M.</strong></span> <span class='ocrx_word' id='word_1_109' title='bbox 179 1076 291 1110; x_wconf 88' lang='lat' dir='ltr'><strong>Bruto</strong></span> <span class='ocrx_word' id='word_1_110' title='bbox 311 1082 344 1110; x_wconf 86' lang='lat' dir='ltr'><strong>et</strong></span> <span class='ocrx_word' id='word_1_111' title='bbox 363 1075 401 1110; x_wconf 93' lang='lat' dir='ltr'><strong>C.</strong></span> <span class='ocrx_word' id='word_1_112' title='bbox 421 1076 543 1109; x_wconf 76' lang='lat' dir='ltr'><strong>Cassio</strong></span> <span class='ocrx_word' id='word_1_113' title='bbox 561 1083 733 1111; x_wconf 80' lang='lat' dir='ltr'><strong>carerent.</strong></span> 
     </span>
    </p>
   </div>
   <div class='ocr_carea' id='block_1_6' title="bbox 252 1177 959 1223">
    <p class='ocr_par' dir='ltr' id='par_1_6' title="bbox 252 1177 959 1223">
     <span class='ocr_line' id='line_1_19' title="bbox 252 1177 959 1223; baseline 0.001 -12"><span class='ocrx_word' id='word_1_114' title='bbox 252 1177 582 1221; x_wconf 84' lang='lat' dir='ltr'><strong>Argumentum</strong></span> <span class='ocrx_word' id='word_1_115' title='bbox 611 1178 840 1223; x_wconf 90' lang='lat' dir='ltr'><strong>epistolae</strong></span> <span class='ocrx_word' id='word_1_116' title='bbox 868 1177 959 1213; x_wconf 89' lang='lat' dir='ltr'><strong>VIII.</strong></span> 
     </span>
    </p>
   </div>
   <div class='ocr_carea' id='block_1_7' title="bbox 109 1253 1104 1401">
    <p class='ocr_par' dir='ltr' id='par_1_7' title="bbox 109 1253 1104 1401">
     <span class='ocr_line' id='line_1_20' title="bbox 215 1253 1104 1298; baseline -0.002 -10"><span class='ocrx_word' id='word_1_117' title='bbox 215 1253 385 1288; x_wconf 86' lang='lat' dir='ltr'><strong>Narratio</strong></span> <span class='ocrx_word' id='word_1_118' title='bbox 395 1253 441 1298; x_wconf 78' lang='lat'><strong>39)</strong></span> <span class='ocrx_word' id='word_1_119' title='bbox 459 1254 501 1285; x_wconf 91' lang='lat' dir='ltr'><strong>de</strong></span> <span class='ocrx_word' id='word_1_120' title='bbox 517 1254 664 1297; x_wconf 90' lang='lat' dir='ltr'><strong>perfidia</strong></span> <span class='ocrx_word' id='word_1_121' title='bbox 681 1253 828 1297; x_wconf 89' lang='lat' dir='ltr'><strong>Lepidi;</strong></span> <span class='ocrx_word' id='word_1_122' title='bbox 863 1260 897 1286; x_wconf 91' lang='lat' dir='ltr'><strong>et</strong></span> <span class='ocrx_word' id='word_1_123' title='bbox 921 1254 1020 1287; x_wconf 86' lang='lat' dir='ltr'><strong>addit</strong></span> <span class='ocrx_word' id='word_1_124' title='bbox 1044 1254 1104 1286; x_wconf 91' lang='lat' dir='ltr'><strong>ad-</strong></span> 
     </span>
     <span class='ocr_line' id='line_1_21' title="bbox 109 1303 1104 1349; baseline 0 -11"><span class='ocrx_word' id='word_1_125' title='bbox 109 1303 371 1344; x_wconf 86' lang='lat' dir='ltr'><strong>hortationem,</strong></span> <span class='ocrx_word' id='word_1_126' title='bbox 397 1310 437 1337; x_wconf 90' lang='lat' dir='ltr'><strong>ut</strong></span> <span class='ocrx_word' id='word_1_127' title='bbox 455 1311 580 1348; x_wconf 84' lang='lat' dir='ltr'><strong>pergat</strong></span> <span class='ocrx_word' id='word_1_128' title='bbox 598 1304 857 1349; x_wconf 82' lang='lat' dir='ltr'><strong>rempublicam</strong></span> <span class='ocrx_word' id='word_1_129' title='bbox 880 1305 1021 1338; x_wconf 82' lang='lat' dir='ltr'><strong>fortiter</strong></span> <span class='ocrx_word' id='word_1_130' title='bbox 1046 1306 1104 1338; x_wconf 88' lang='lat' dir='ltr'><strong>de-</strong></span> 
     </span>
     <span class='ocr_line' id='line_1_22' title="bbox 109 1354 326 1401; baseline -0.005 -11"><span class='ocrx_word' id='word_1_131' title='bbox 109 1356 253 1390; x_wconf 87' lang='lat' dir='ltr'><strong>fendere</strong></span> <span class='ocrx_word' id='word_1_132' title='bbox 267 1354 326 1401; x_wconf 64' lang='lat'><strong>⁴⁰).</strong></span> 
     </span>
    </p>
   </div>
   <div class='ocr_carea' id='block_1_8' title="bbox 325 1430 888 1478">
    <p class='ocr_par' dir='ltr' id='par_1_8' title="bbox 325 1430 888 1478">
     <span class='ocr_line' id='line_1_23' title="bbox 325 1430 888 1478; baseline 0.004 -14"><span class='ocrx_word' id='word_1_133' title='bbox 325 1430 463 1465; x_wconf 90' lang='lat' dir='ltr'><strong>Aliud</strong></span> <span class='ocrx_word' id='word_1_134' title='bbox 500 1432 888 1478; x_wconf 60' lang='lat' dir='ltr'><strong>argumentumffl).</strong></span> 
     </span>
    </p>
   </div>
   <div class='ocr_carea' id='block_1_9' title="bbox 110 1495 1106 1796">
    <p class='ocr_par' dir='ltr' id='par_1_9' title="bbox 110 1495 1106 1796">
     <span class='ocr_line' id='line_1_24' title="bbox 214 1495 1106 1541; baseline 0.001 -12"><span class='ocrx_word' id='word_1_135' title='bbox 214 1495 369 1541; x_wconf 89' lang='lat' dir='ltr'><strong>Lepidus</strong></span> <span class='ocrx_word' id='word_1_136' title='bbox 384 1497 506 1541; x_wconf 89' lang='lat' dir='ltr'><strong>fugato</strong></span> <span class='ocrx_word' id='word_1_137' title='bbox 525 1498 570 1530; x_wconf 91' lang='lat' dir='ltr'><strong>ad</strong></span> <span class='ocrx_word' id='word_1_138' title='bbox 586 1497 766 1530; x_wconf 89' lang='lat' dir='ltr'><strong>Mutinam</strong></span> <span class='ocrx_word' id='word_1_139' title='bbox 781 1496 940 1530; x_wconf 89' lang='lat' dir='ltr'><strong>Antonio</strong></span> <span class='ocrx_word' id='word_1_140' title='bbox 965 1509 1002 1531; x_wconf 88' lang='lat' dir='ltr'><strong>se</strong></span> <span class='ocrx_word' id='word_1_141' title='bbox 1022 1509 1106 1530; x_wconf 92' lang='lat' dir='ltr'><strong>con-</strong></span> 
     </span>
     <span class='ocr_line' id='line_1_25' title="bbox 112 1547 1105 1593; baseline 0.002 -13"><span class='ocrx_word' id='word_1_142' title='bbox 112 1547 276 1581; x_wconf 87' lang='lat' dir='ltr'><strong>iunxerat</strong></span> <span class='ocrx_word' id='word_1_143' title='bbox 307 1549 474 1581; x_wconf 88' lang='lat' dir='ltr'><strong>adversus</strong></span> <span class='ocrx_word' id='word_1_144' title='bbox 502 1548 773 1593; x_wconf 86' lang='lat' dir='ltr'><strong>rempublicam.</strong></span> <span class='ocrx_word' id='word_1_145' title='bbox 832 1548 955 1593; x_wconf 90' lang='lat' dir='ltr'><strong>Itaque</strong></span> <span class='ocrx_word' id='word_1_146' title='bbox 982 1548 1105 1582; x_wconf 85' lang='lat' dir='ltr'><strong>Cicero</strong></span> 
     </span>
     <span class='ocr_line' id='line_1_26' title="bbox 110 1597 1105 1643; baseline 0 -11"><span class='ocrx_word' id='word_1_147' title='bbox 110 1598 309 1643; x_wconf 88' lang='lat' dir='ltr'><strong>periculum</strong></span> <span class='ocrx_word' id='word_1_148' title='bbox 343 1599 559 1643; x_wconf 87' lang='lat' dir='ltr'><strong>reipublicae</strong></span> <span class='ocrx_word' id='word_1_149' title='bbox 589 1612 768 1643; x_wconf 83' lang='lat' dir='ltr'><strong>exponens</strong></span> <span class='ocrx_word' id='word_1_150' title='bbox 802 1597 859 1633; x_wconf 87' lang='lat' dir='ltr'><strong>hic</strong></span> <span class='ocrx_word' id='word_1_151' title='bbox 892 1600 1044 1632; x_wconf 83' lang='lat' dir='ltr'><strong>ostendit</strong></span> <span class='ocrx_word' id='word_1_152' title='bbox 1068 1600 1105 1632; x_wconf 86' lang='lat' dir='ltr'><strong>iu</strong></span> 
     </span>
     <span class='ocr_line' id='line_1_27' title="bbox 113 1649 1104 1694; baseline 0.001 -11"><span class='ocrx_word' id='word_1_153' title='bbox 113 1649 234 1683; x_wconf 80' lang='lat' dir='ltr'><strong>Cassio</strong></span> <span class='ocrx_word' id='word_1_154' title='bbox 254 1655 288 1682; x_wconf 88' lang='lat' dir='ltr'><strong>et</strong></span> <span class='ocrx_word' id='word_1_155' title='bbox 299 1649 413 1682; x_wconf 86' lang='lat' dir='ltr'><strong>Bruto</strong></span> <span class='ocrx_word' id='word_1_156' title='bbox 430 1662 608 1683; x_wconf 88' lang='lat' dir='ltr'><strong>summam</strong></span> <span class='ocrx_word' id='word_1_157' title='bbox 627 1650 843 1694; x_wconf 86' lang='lat' dir='ltr'><strong>reipublicae</strong></span> <span class='ocrx_word' id='word_1_158' title='bbox 861 1651 1104 1684; x_wconf 87' lang='lat' dir='ltr'><strong>defendendae</strong></span> 
     </span>
     <span class='ocr_line' id='line_1_28' title="bbox 112 1700 1104 1745; baseline 0 -10"><span class='ocrx_word' id='word_1_159' title='bbox 112 1712 211 1745; x_wconf 91' lang='lat' dir='ltr'><strong>spem</strong></span> <span class='ocrx_word' id='word_1_160' title='bbox 236 1700 392 1744; x_wconf 84' lang='lat' dir='ltr'><strong>positam</strong></span> <span class='ocrx_word' id='word_1_161' title='bbox 415 1712 499 1734; x_wconf 88' lang='lat' dir='ltr'><strong>esse.</strong></span> <span class='ocrx_word' id='word_1_162' title='bbox 551 1700 757 1734; x_wconf 87' lang='lat' dir='ltr'><strong>Detestatur</strong></span> <span class='ocrx_word' id='word_1_163' title='bbox 777 1707 896 1734; x_wconf 89' lang='lat' dir='ltr'><strong>autem</strong></span> <span class='ocrx_word' id='word_1_164' title='bbox 918 1702 1104 1745; x_wconf 88' lang='lat' dir='ltr'><strong>perfidiam</strong></span> 
     </span>
     <span class='ocr_line' id='line_1_29' title="bbox 110 1750 935 1796; baseline 0.002 -12"><span class='ocrx_word' id='word_1_165' title='bbox 110 1751 239 1796; x_wconf 86' lang='lat' dir='ltr'><strong>Lepidi</strong></span> <span class='ocrx_word' id='word_1_166' title='bbox 254 1751 290 1784; x_wconf 89' lang='lat' dir='ltr'><strong>in</strong></span> <span class='ocrx_word' id='word_1_167' title='bbox 306 1751 429 1792; x_wconf 86' lang='lat' dir='ltr'><strong>initio,</strong></span> <span class='ocrx_word' id='word_1_168' title='bbox 454 1757 494 1784; x_wconf 93' lang='lat' dir='ltr'><strong>ut</strong></span> <span class='ocrx_word' id='word_1_169' title='bbox 513 1763 594 1785; x_wconf 88' lang='lat' dir='ltr'><strong>eum</strong></span> <span class='ocrx_word' id='word_1_170' title='bbox 611 1751 648 1784; x_wconf 91' lang='lat' dir='ltr'><strong>in</strong></span> <span class='ocrx_word' id='word_1_171' title='bbox 665 1751 787 1784; x_wconf 90' lang='lat' dir='ltr'><strong>odium</strong></span> <span class='ocrx_word' id='word_1_172' title='bbox 805 1750 935 1786; x_wconf 86' lang='lat' dir='ltr'><strong>trahat.</strong></span> 
     </span>
    </p>
   </div>
   <div class='ocr_carea' id='block_1_10' title="bbox 354 1835 853 1881">
    <p class='ocr_par' dir='ltr' id='par_1_10' title="bbox 354 1835 853 1881">
     <span class='ocr_line' id='line_1_30' title="bbox 354 1835 853 1881; baseline 0.004 -13"><span class='ocrx_word' id='word_1_173' title='bbox 354 1835 497 1870; x_wconf 91' lang='lat' dir='ltr'><strong>Aliud</strong></span> <span class='ocrx_word' id='word_1_174' title='bbox 525 1842 853 1881; x_wconf 84' lang='lat' dir='ltr'><strong>argumentum.</strong></span> 
     </span>
    </p>
   </div>
   <div class='ocr_carea' id='block_1_11' title="bbox 109 1901 1103 2347">
    <p class='ocr_par' dir='ltr' id='par_1_11' title="bbox 109 1901 1103 2347">
     <span class='ocr_line' id='line_1_31' title="bbox 212 1901 1102 1950; baseline 0.001 -13"><span class='ocrx_word' id='word_1_175' title='bbox 212 1903 338 1938; x_wconf 90' lang='lat' dir='ltr'><strong>Brevis</strong></span> <span class='ocrx_word' id='word_1_176' title='bbox 356 1910 408 1938; x_wconf 88' lang='lat' dir='ltr'><strong>est</strong></span> <span class='ocrx_word' id='word_1_177' title='bbox 425 1904 568 1950; x_wconf 83' lang='lat' dir='ltr'><strong>querela</strong></span> <span class='ocrx_word' id='word_1_178' title='bbox 584 1904 621 1936; x_wconf 92' lang='lat' dir='ltr'><strong>in</strong></span> <span class='ocrx_word' id='word_1_179' title='bbox 643 1901 709 1936; x_wconf 91' lang='lat' dir='ltr'><strong>hac</strong></span> <span class='ocrx_word' id='word_1_180' title='bbox 728 1903 876 1948; x_wconf 87' lang='lat' dir='ltr'><strong>epistola</strong></span> <span class='ocrx_word' id='word_1_181' title='bbox 896 1905 939 1937; x_wconf 89' lang='lat' dir='ltr'><strong>de</strong></span> <span class='ocrx_word' id='word_1_182' title='bbox 956 1905 1102 1948; x_wconf 90' lang='lat' dir='ltr'><strong>perfidia</strong></span> 
     </span>
     <span class='ocr_line' id='line_1_32' title="bbox 109 1955 1103 2001; baseline 0 -12"><span class='ocrx_word' id='word_1_183' title='bbox 109 1955 258 2001; x_wconf 85' lang='lat' dir='ltr'><strong>Lepidi,</strong></span> <span class='ocrx_word' id='word_1_184' title='bbox 300 1955 362 2001; x_wconf 91' lang='lat' dir='ltr'><strong>qui</strong></span> <span class='ocrx_word' id='word_1_185' title='bbox 385 1961 533 2000; x_wconf 90' lang='lat' dir='ltr'><strong>propter</strong></span> <span class='ocrx_word' id='word_1_186' title='bbox 557 1955 845 1988; x_wconf 86' lang='lat' dir='ltr'><strong>coniunctionem</strong></span> <span class='ocrx_word' id='word_1_187' title='bbox 870 1967 1003 1988; x_wconf 87' lang='lat' dir='ltr'><strong>novam</strong></span> <span class='ocrx_word' id='word_1_188' title='bbox 1024 1968 1103 1990; x_wconf 87' lang='lat' dir='ltr'><strong>cum</strong></span> 
     </span>
     <span class='ocr_line' id='line_1_33' title="bbox 111 2005 1102 2050; baseline 0 -10"><span class='ocrx_word' id='word_1_189' title='bbox 111 2007 271 2040; x_wconf 85' lang='lat' dir='ltr'><strong>Antonio</strong></span> <span class='ocrx_word' id='word_1_190' title='bbox 287 2007 543 2050; x_wconf 88' lang='lat' dir='ltr'><strong>rempublicam</strong></span> <span class='ocrx_word' id='word_1_191' title='bbox 559 2006 597 2039; x_wconf 90' lang='lat' dir='ltr'><strong>in</strong></span> <span class='ocrx_word' id='word_1_192' title='bbox 614 2018 726 2039; x_wconf 85' lang='lat' dir='ltr'><strong>novas</strong></span> <span class='ocrx_word' id='word_1_193' title='bbox 742 2012 775 2039; x_wconf 89' lang='lat' dir='ltr'><strong>et</strong></span> <span class='ocrx_word' id='word_1_194' title='bbox 790 2005 963 2040; x_wconf 86' lang='lat' dir='ltr'><strong>maximas</strong></span> <span class='ocrx_word' id='word_1_195' title='bbox 981 2008 1102 2041; x_wconf 81' lang='lat' dir='ltr'><strong>turbas</strong></span> 
     </span>
     <span class='ocr_line' id='line_1_34' title="bbox 112 2054 1102 2102; baseline 0 -11"><span class='ocrx_word' id='word_1_196' title='bbox 112 2058 274 2092; x_wconf 90' lang='lat' dir='ltr'><strong>coniecit.</strong></span> <span class='ocrx_word' id='word_1_197' title='bbox 328 2057 503 2102; x_wconf 86' lang='lat' dir='ltr'><strong>Querelae</strong></span> <span class='ocrx_word' id='word_1_198' title='bbox 519 2058 638 2091; x_wconf 89' lang='lat' dir='ltr'><strong>addita</strong></span> <span class='ocrx_word' id='word_1_199' title='bbox 658 2064 709 2091; x_wconf 92' lang='lat' dir='ltr'><strong>est</strong></span> <span class='ocrx_word' id='word_1_200' title='bbox 726 2054 950 2097; x_wconf 83' lang='lat' dir='ltr'><strong>adhortatio,</strong></span> <span class='ocrx_word' id='word_1_201' title='bbox 978 2064 1017 2091; x_wconf 89' lang='lat' dir='ltr'><strong>ut</strong></span> <span class='ocrx_word' id='word_1_202' title='bbox 1035 2056 1102 2091; x_wconf 89' lang='lat' dir='ltr'><strong>hoc</strong></span> 
     </span>
     <span class='ocr_line' id='line_1_35' title="bbox 111 2106 1102 2154; baseline 0 -12"><span class='ocrx_word' id='word_1_203' title='bbox 111 2109 277 2154; x_wconf 86' lang='lat' dir='ltr'><strong>inprimis</strong></span> <span class='ocrx_word' id='word_1_204' title='bbox 306 2114 465 2153; x_wconf 90' lang='lat' dir='ltr'><strong>tempore</strong></span> <span class='ocrx_word' id='word_1_205' title='bbox 488 2109 744 2153; x_wconf 85' lang='lat' dir='ltr'><strong>rempublicam</strong></span> <span class='ocrx_word' id='word_1_206' title='bbox 768 2106 900 2141; x_wconf 86' lang='lat' dir='ltr'><strong>habeat</strong></span> <span class='ocrx_word' id='word_1_207' title='bbox 923 2121 1102 2143; x_wconf 88' lang='lat' dir='ltr'><strong>commen-</strong></span> 
     </span>
     <span class='ocr_line' id='line_1_36' title="bbox 110 2158 1102 2206; baseline 0 -12"><span class='ocrx_word' id='word_1_208' title='bbox 110 2160 341 2194; x_wconf 79' lang='lat' dir='ltr'><strong>(latissimam.</strong></span> <span class='ocrx_word' id='word_1_209' title='bbox 393 2160 483 2193; x_wconf 91' lang='lat' dir='ltr'><strong>Sunt</strong></span> <span class='ocrx_word' id='word_1_210' title='bbox 505 2160 625 2206; x_wconf 90' lang='lat' dir='ltr'><strong>itaque</strong></span> <span class='ocrx_word' id='word_1_211' title='bbox 650 2158 717 2193; x_wconf 89' lang='lat' dir='ltr'><strong>hae</strong></span> <span class='ocrx_word' id='word_1_212' title='bbox 739 2160 829 2193; x_wconf 87' lang='lat' dir='ltr'><strong>duae</strong></span> <span class='ocrx_word' id='word_1_213' title='bbox 850 2166 986 2204; x_wconf 89' lang='lat' dir='ltr'><strong>partes:</strong></span> <span class='ocrx_word' id='word_1_214' title='bbox 1020 2173 1102 2194; x_wconf 91' lang='lat' dir='ltr'><strong>nar—</strong></span> 
     </span>
     <span class='ocr_line' id='line_1_37' title="bbox 110 2209 1101 2257; baseline -0.001 -11"><span class='ocrx_word' id='word_1_215' title='bbox 110 2211 224 2251; x_wconf 86' lang='lat' dir='ltr'><strong>ratio,</strong></span> <span class='ocrx_word' id='word_1_216' title='bbox 268 2222 359 2256; x_wconf 91' lang='lat' dir='ltr'><strong>quae</strong></span> <span class='ocrx_word' id='word_1_217' title='bbox 382 2211 540 2245; x_wconf 89' lang='lat' dir='ltr'><strong>continet</strong></span> <span class='ocrx_word' id='word_1_218' title='bbox 573 2211 775 2257; x_wconf 88' lang='lat' dir='ltr'><strong>querelam,</strong></span> <span class='ocrx_word' id='word_1_219' title='bbox 815 2216 849 2244; x_wconf 89' lang='lat' dir='ltr'><strong>et</strong></span> <span class='ocrx_word' id='word_1_220' title='bbox 884 2209 1101 2253; x_wconf 88' lang='lat' dir='ltr'><strong>adhortatio,</strong></span> 
     </span>
     <span class='ocr_line' id='line_1_38' title="bbox 111 2262 1100 2307; baseline 0.001 -11"><span class='ocrx_word' id='word_1_221' title='bbox 111 2269 152 2296; x_wconf 90' lang='lat' dir='ltr'><strong>ut</strong></span> <span class='ocrx_word' id='word_1_222' title='bbox 185 2262 442 2306; x_wconf 88' lang='lat' dir='ltr'><strong>rempublicam</strong></span> <span class='ocrx_word' id='word_1_223' title='bbox 472 2275 611 2297; x_wconf 90' lang='lat' dir='ltr'><strong>summa</strong></span> <span class='ocrx_word' id='word_1_224' title='bbox 645 2264 713 2297; x_wconf 90' lang='lat' dir='ltr'><strong>fide</strong></span> <span class='ocrx_word' id='word_1_225' title='bbox 744 2274 784 2296; x_wconf 90' lang='lat' dir='ltr'><strong>ae</strong></span> <span class='ocrx_word' id='word_1_226' title='bbox 820 2262 1004 2307; x_wconf 74' lang='lat' dir='ltr'><strong>diIIgentia</strong></span> <span class='ocrx_word' id='word_1_227' title='bbox 1042 2265 1100 2297; x_wconf 86' lang='lat' dir='ltr'><strong>de-</strong></span> 
     </span>
     <span class='ocr_line' id='line_1_39' title="bbox 112 2314 245 2347; baseline -0.008 0"><span class='ocrx_word' id='word_1_228' title='bbox 112 2314 245 2347; x_wconf 85' lang='lat' dir='ltr'><strong>fendat.</strong></span> 
     </span>
    </p>
   </div>
   <div class='ocr_carea' id='block_1_12' title="bbox 106 2388 312 2397">
    <p class='ocr_par' dir='ltr' id='par_1_12' title="bbox 106 2388 312 2397">
     <span class='ocr_line' id='line_1_40' title="bbox 106 2388 312 2397; baseline 0 593"><span class='ocrx_word' id='word_1_229' title='bbox 106 2388 312 2397; x_wconf 95' lang='lat' dir='ltr'><strong> </strong></span> 
     </span>
    </p>
   </div>
   <div class='ocr_carea' id='block_1_13' title="bbox 141 2428 1099 2651">
    <p class='ocr_par' dir='ltr' id='par_1_13' title="bbox 143 2428 986 2459">
     <span class='ocr_line' id='line_1_41' title="bbox 143 2428 986 2459; baseline -0.002 -4"><span class='ocrx_word' id='word_1_230' title='bbox 143 2431 192 2459; x_wconf 81' lang='grc'>38)</span> <span class='ocrx_word' id='word_1_231' title='bbox 211 2430 268 2453; x_wconf 79' lang='lat' dir='ltr'><strong>Hoc</strong></span> <span class='ocrx_word' id='word_1_232' title='bbox 287 2429 475 2459; x_wconf 78' lang='lat' dir='ltr'><strong>argumentum</strong></span> <span class='ocrx_word' id='word_1_233' title='bbox 494 2428 631 2452; x_wconf 82' lang='lat' dir='ltr'><strong>invenitur</strong></span> <span class='ocrx_word' id='word_1_234' title='bbox 649 2429 677 2453; x_wconf 85' lang='lat' dir='ltr'><strong>iu</strong></span> <span class='ocrx_word' id='word_1_235' title='bbox 694 2428 779 2454; x_wconf 89' lang='lat' dir='ltr'><strong>Editt.</strong></span> <span class='ocrx_word' id='word_1_236' title='bbox 802 2428 986 2453; x_wconf 75' lang='lat'><strong>1565—1596.</strong></span> 
     </span>
    </p>

    <p class='ocr_par' dir='ltr' id='par_1_14' title="bbox 142 2470 640 2502">
     <span class='ocr_line' id='line_1_42' title="bbox 142 2470 640 2502; baseline 0.002 -8"><span class='ocrx_word' id='word_1_237' title='bbox 142 2473 212 2501; x_wconf 68' lang='lat'>38³)</span> <span class='ocrx_word' id='word_1_238' title='bbox 233 2471 347 2501; x_wconf 86' lang='lat' dir='ltr'><strong>Appiau.</strong></span> <span class='ocrx_word' id='word_1_239' title='bbox 366 2470 435 2494; x_wconf 84' lang='lat' dir='ltr'><strong>Bell.</strong></span> <span class='ocrx_word' id='word_1_240' title='bbox 455 2470 515 2494; x_wconf 88' lang='lat' dir='ltr'><strong>civ.</strong></span> <span class='ocrx_word' id='word_1_241' title='bbox 533 2471 579 2502; x_wconf 88' lang='lat'><strong>111,</strong></span> <span class='ocrx_word' id='word_1_242' title='bbox 598 2471 640 2495; x_wconf 81' lang='lat'><strong>26.</strong></span> 
     </span>
    </p>

    <p class='ocr_par' dir='ltr' id='par_1_15' title="bbox 142 2513 1099 2580">
     <span class='ocr_line' id='line_1_43' title="bbox 142 2513 1099 2545; baseline 0.002 -7"><span class='ocrx_word' id='word_1_243' title='bbox 142 2516 192 2544; x_wconf 79' lang='grc'>39)</span> <span class='ocrx_word' id='word_1_244' title='bbox 210 2514 279 2539; x_wconf 76' lang='lat' dir='ltr'><strong>nuic</strong></span> <span class='ocrx_word' id='word_1_245' title='bbox 302 2513 363 2538; x_wconf 86' lang='lat' dir='ltr'><strong>voci</strong></span> <span class='ocrx_word' id='word_1_246' title='bbox 382 2513 409 2536; x_wconf 90' lang='lat' dir='ltr'><strong>iu</strong></span> <span class='ocrx_word' id='word_1_247' title='bbox 428 2513 511 2538; x_wconf 81' lang='lat' dir='ltr'><strong>Editt.</strong></span> <span class='ocrx_word' id='word_1_248' title='bbox 532 2514 622 2545; x_wconf 61' lang='lat'>1540„</span> <span class='ocrx_word' id='word_1_249' title='bbox 648 2514 739 2543; x_wconf 55' lang='lat'><strong>1544,</strong></span> <span class='ocrx_word' id='word_1_250' title='bbox 766 2514 857 2545; x_wconf 59' lang='lat'>1554„</span> <span class='ocrx_word' id='word_1_251' title='bbox 885 2514 959 2538; x_wconf 80' lang='lat'><strong>1557.</strong></span> <span class='ocrx_word' id='word_1_252' title='bbox 978 2515 1099 2545; x_wconf 83' lang='lat' dir='ltr'><strong>praefixa</strong></span> 
     </span>
     <span class='ocr_line' id='line_1_44' title="bbox 176 2546 806 2580; baseline -0.003 -6"><span class='ocrx_word' id='word_1_253' title='bbox 176 2550 242 2574; x_wconf 87' lang='lat' dir='ltr'><strong>sunt</strong></span> <span class='ocrx_word' id='word_1_254' title='bbox 260 2548 316 2573; x_wconf 86' lang='lat' dir='ltr'><strong>Cic.</strong></span> <span class='ocrx_word' id='word_1_255' title='bbox 336 2549 422 2572; x_wconf 83' lang='lat' dir='ltr'><strong>verba</strong></span> <span class='ocrx_word' id='word_1_256' title='bbox 441 2546 480 2579; x_wconf 67' lang='grc' dir='ltr'><strong>(ξ.</strong></span> <span class='ocrx_word' id='word_1_257' title='bbox 497 2546 551 2578; x_wconf 85' lang='lat'><strong>1.):</strong></span> <span class='ocrx_word' id='word_1_258' title='bbox 576 2549 676 2572; x_wconf 84' lang='lat' dir='ltr'><strong>Scelus</strong></span> <span class='ocrx_word' id='word_1_259' title='bbox 696 2547 806 2580; x_wconf 79' lang='lat' dir='ltr'><strong>affinis.</strong></span> 
     </span>
    </p>

    <p class='ocr_par' dir='ltr' id='par_1_16' title="bbox 141 2589 1098 2651">
     <span class='ocr_line' id='line_1_45' title="bbox 141 2589 1098 2623; baseline 0.001 -8"><span class='ocrx_word' id='word_1_260' title='bbox 141 2594 190 2622; x_wconf 83' lang='lat'><strong>40)</strong></span> <span class='ocrx_word' id='word_1_261' title='bbox 210 2593 268 2616; x_wconf 77' lang='lat' dir='ltr'><strong>Hoc</strong></span> <span class='ocrx_word' id='word_1_262' title='bbox 281 2590 470 2622; x_wconf 76' lang='lat' dir='ltr'><strong>argumentum</strong></span> <span class='ocrx_word' id='word_1_263' title='bbox 484 2589 582 2613; x_wconf 78' lang='lat' dir='ltr'><strong>habent</strong></span> <span class='ocrx_word' id='word_1_264' title='bbox 595 2589 681 2615; x_wconf 75' lang='lat' dir='ltr'><strong>Editt.</strong></span> <span class='ocrx_word' id='word_1_265' title='bbox 696 2590 887 2621; x_wconf 79' lang='lat'><strong>1537—1545.‚</strong></span> <span class='ocrx_word' id='word_1_266' title='bbox 904 2591 989 2622; x_wconf 59' lang='lat'>1554„</span> <span class='ocrx_word' id='word_1_267' title='bbox 1010 2591 1098 2623; x_wconf 63' lang='lat'>1557„</span> 
     </span>
     <span class='ocr_line' id='line_1_46' title="bbox 178 2626 253 2651; baseline -0.027 0"><span class='ocrx_word' id='word_1_268' title='bbox 178 2626 253 2651; x_wconf 84' lang='lat'>1560.</span> 
     </span>
    </p>
   </div>
   <div class='ocr_carea' id='block_1_14' title="bbox 142 2665 1097 2732">
    <p class='ocr_par' dir='ltr' id='par_1_17' title="bbox 142 2665 1097 2732">
     <span class='ocr_line' id='line_1_47' title="bbox 142 2665 1097 2700; baseline 0 -8"><span class='ocrx_word' id='word_1_269' title='bbox 142 2668 189 2700; x_wconf 72' lang='grc'>41)</span> <span class='ocrx_word' id='word_1_270' title='bbox 209 2669 266 2692; x_wconf 80' lang='lat' dir='ltr'><strong>Hoc</strong></span> <span class='ocrx_word' id='word_1_271' title='bbox 283 2666 472 2698; x_wconf 78' lang='lat' dir='ltr'><strong>argumentum</strong></span> <span class='ocrx_word' id='word_1_272' title='bbox 491 2666 519 2690; x_wconf 85' lang='lat' dir='ltr'><strong>et</strong></span> <span class='ocrx_word' id='word_1_273' title='bbox 537 2665 590 2690; x_wconf 79' lang='lat' dir='ltr'><strong>duo</strong></span> <span class='ocrx_word' id='word_1_274' title='bbox 608 2666 753 2698; x_wconf 77' lang='lat' dir='ltr'><strong>sequentia</strong></span> <span class='ocrx_word' id='word_1_275' title='bbox 770 2665 798 2691; x_wconf 87' lang='lat' dir='ltr'><strong>in</strong></span> <span class='ocrx_word' id='word_1_276' title='bbox 815 2666 899 2692; x_wconf 86' lang='lat' dir='ltr'><strong>Editt.</strong></span> <span class='ocrx_word' id='word_1_277' title='bbox 917 2667 1010 2699; x_wconf 65' lang='lat'>1556„</span> <span class='ocrx_word' id='word_1_278' title='bbox 1031 2667 1097 2692; x_wconf 80' lang='lat'>1565</span> 
     </span>
     <span class='ocr_line' id='line_1_48' title="bbox 176 2701 498 2732; baseline -0.006 -6"><span class='ocrx_word' id='word_1_279' title='bbox 176 2701 293 2727; x_wconf 80' lang='grc'><strong>-1596,</strong></span> <span class='ocrx_word' id='word_1_280' title='bbox 311 2701 498 2732; x_wconf 75' lang='lat' dir='ltr'><strong>reperiuntur.</strong></span> 
     </span>
    </p>
   </div>
   <div class='ocr_carea' id='block_1_15' title="bbox 417 106 1998 151">
    <p class='ocr_par' dir='ltr' id='par_1_18' title="bbox 417 106 1998 151">
     <span class='ocr_line' id='line_1_49' title="bbox 417 106 1998 151; baseline 0.005 -9"><span class='ocrx_word' id='word_1_281' title='bbox 417 106 724 144; x_wconf 82' lang='lat' dir='ltr'><strong>ARGUMENTA</strong></span> <span class='ocrx_word' id='word_1_282' title='bbox 744 106 809 143; x_wconf 88' lang='lat' dir='ltr'><strong>ET</strong></span> <span class='ocrx_word' id='word_1_283' title='bbox 830 106 1032 144; x_wconf 86' lang='lat' dir='ltr'><strong>SCHOLIA</strong></span> <span class='ocrx_word' id='word_1_284' title='bbox 1053 107 1102 145; x_wconf 89' lang='lat' dir='ltr'><strong>IN</strong></span> <span class='ocrx_word' id='word_1_285' title='bbox 1126 108 1273 148; x_wconf 88' lang='lat' dir='ltr'><strong>EPIST.</strong></span> <span class='ocrx_word' id='word_1_286' title='bbox 1297 110 1410 148; x_wconf 86' lang='lat' dir='ltr'><strong>FAM.</strong></span> <span class='ocrx_word' id='word_1_287' title='bbox 1433 111 1518 148; x_wconf 89' lang='lat' dir='ltr'><strong>CIC.</strong></span> <span class='ocrx_word' id='word_1_288' title='bbox 1548 110 1636 148; x_wconf 89' lang='lat' dir='ltr'><strong>LIB.</strong></span> <span class='ocrx_word' id='word_1_289' title='bbox 1654 111 1727 148; x_wconf 86' lang='lat' dir='ltr'><strong>XII.</strong></span> <span class='ocrx_word' id='word_1_290' title='bbox 1756 112 1828 150; x_wconf 89' lang='grc' dir='ltr'><strong>ΕΡ.</strong></span> <span class='ocrx_word' id='word_1_291' title='bbox 1844 113 1925 149; x_wconf 87' lang='grc'><strong>5-</strong></span> <span class='ocrx_word' id='word_1_292' title='bbox 1939 116 1998 151; x_wconf 85' lang='grc'><strong>10.</strong></span> 
     </span>
    </p>
   </div>
   <div class='ocr_carea' id='block_1_16' title="bbox 2072 114 2145 150">
    <p class='ocr_par' dir='ltr' id='par_1_19' title="bbox 2072 114 2145 150">
     <span class='ocr_line' id='line_1_50' title="bbox 2072 114 2145 150; baseline -0.027 0"><span class='ocrx_word' id='word_1_293' title='bbox 2072 114 2145 150; x_wconf 75' lang='grc'><strong>426</strong></span> 
     </span>
    </p>
   </div>
   <div class='ocr_carea' id='block_1_17' title="bbox 1404 198 1894 244">
    <p class='ocr_par' dir='ltr' id='par_1_20' title="bbox 1404 198 1894 244">
     <span class='ocr_line' id='line_1_51' title="bbox 1404 198 1894 244; baseline 0.004 -12"><span class='ocrx_word' id='word_1_294' title='bbox 1404 198 1538 233; x_wconf 89' lang='lat' dir='ltr'><strong>Aliud</strong></span> <span class='ocrx_word' id='word_1_295' title='bbox 1566 206 1894 244; x_wconf 84' lang='lat' dir='ltr'><strong>argumentum.</strong></span> 
     </span>
    </p>
   </div>
   <div class='ocr_carea' id='block_1_18' title="bbox 1156 265 2148 609">
    <p class='ocr_par' dir='ltr' id='par_1_21' title="bbox 1156 265 2148 609">
     <span class='ocr_line' id='line_1_52' title="bbox 1258 265 2147 314; baseline 0.001 -14"><span class='ocrx_word' id='word_1_296' title='bbox 1258 265 1426 301; x_wconf 87' lang='lat' dir='ltr'><strong>Narratio</strong></span> <span class='ocrx_word' id='word_1_297' title='bbox 1445 274 1496 302; x_wconf 91' lang='lat' dir='ltr'><strong>est</strong></span> <span class='ocrx_word' id='word_1_298' title='bbox 1511 268 1696 303; x_wconf 89' lang='lat' dir='ltr'><strong>continens</strong></span> <span class='ocrx_word' id='word_1_299' title='bbox 1714 268 1897 314; x_wconf 88' lang='lat' dir='ltr'><strong>querelam</strong></span> <span class='ocrx_word' id='word_1_300' title='bbox 1914 269 1956 302; x_wconf 90' lang='lat' dir='ltr'><strong>de</strong></span> <span class='ocrx_word' id='word_1_301' title='bbox 1973 270 2065 302; x_wconf 85' lang='lat' dir='ltr'><strong>sacto</strong></span> <span class='ocrx_word' id='word_1_302' title='bbox 2081 267 2147 301; x_wconf 82' lang='lat' dir='ltr'><strong>Le-</strong></span> 
     </span>
     <span class='ocr_line' id='line_1_53' title="bbox 1158 316 2147 363; baseline 0.002 -15"><span class='ocrx_word' id='word_1_303' title='bbox 1158 316 1251 360; x_wconf 91' lang='lat' dir='ltr'><strong>pidi,</strong></span> <span class='ocrx_word' id='word_1_304' title='bbox 1291 318 1352 363; x_wconf 90' lang='lat' dir='ltr'><strong>qui</strong></span> <span class='ocrx_word' id='word_1_305' title='bbox 1383 319 1601 363; x_wconf 88' lang='lat' dir='ltr'><strong>coniungens</strong></span> <span class='ocrx_word' id='word_1_306' title='bbox 1629 331 1665 353; x_wconf 91' lang='lat' dir='ltr'><strong>se</strong></span> <span class='ocrx_word' id='word_1_307' title='bbox 1698 331 1779 352; x_wconf 91' lang='lat' dir='ltr'><strong>cum</strong></span> <span class='ocrx_word' id='word_1_308' title='bbox 1804 318 1964 353; x_wconf 89' lang='lat' dir='ltr'><strong>Antonio</strong></span> <span class='ocrx_word' id='word_1_309' title='bbox 1992 320 2028 352; x_wconf 88' lang='lat' dir='ltr'><strong>in</strong></span> <span class='ocrx_word' id='word_1_310' title='bbox 2055 319 2147 352; x_wconf 78' lang='lat' dir='ltr'><strong>obsi-</strong></span> 
     </span>
     <span class='ocr_line' id='line_1_54' title="bbox 1156 368 2148 414; baseline 0.002 -14"><span class='ocrx_word' id='word_1_311' title='bbox 1156 368 1262 402; x_wconf 84' lang='lat' dir='ltr'><strong>dione</strong></span> <span class='ocrx_word' id='word_1_312' title='bbox 1282 369 1475 404; x_wconf 84' lang='lat' dir='ltr'><strong>Mutinensi</strong></span> <span class='ocrx_word' id='word_1_313' title='bbox 1494 370 1687 414; x_wconf 90' lang='lat' dir='ltr'><strong>plurimum</strong></span> <span class='ocrx_word' id='word_1_314' title='bbox 1707 371 1871 403; x_wconf 83' lang='lat' dir='ltr'><strong>nocuerit</strong></span> <span class='ocrx_word' id='word_1_315' title='bbox 1894 371 2061 404; x_wconf 67' lang='lat' dir='ltr'><strong>universo</strong></span> <span class='ocrx_word' id='word_1_316' title='bbox 2085 383 2148 414; x_wconf 87' lang='lat' dir='ltr'><strong>po-</strong></span> 
     </span>
     <span class='ocr_line' id='line_1_55' title="bbox 1158 420 2147 465; baseline 0.002 -14"><span class='ocrx_word' id='word_1_317' title='bbox 1158 420 1241 463; x_wconf 90' lang='lat' dir='ltr'><strong>pulo</strong></span> <span class='ocrx_word' id='word_1_318' title='bbox 1258 420 1437 456; x_wconf 84' lang='lat' dir='ltr'><strong>Romano.</strong></span> <span class='ocrx_word' id='word_1_319' title='bbox 1488 422 1625 454; x_wconf 86' lang='lat' dir='ltr'><strong>Deinde</strong></span> <span class='ocrx_word' id='word_1_320' title='bbox 1642 421 1785 454; x_wconf 89' lang='lat' dir='ltr'><strong>additur</strong></span> <span class='ocrx_word' id='word_1_321' title='bbox 1801 422 1844 454; x_wconf 90' lang='lat' dir='ltr'><strong>de</strong></span> <span class='ocrx_word' id='word_1_322' title='bbox 1863 422 2016 455; x_wconf 88' lang='lat' dir='ltr'><strong>maxima</strong></span> <span class='ocrx_word' id='word_1_323' title='bbox 2034 434 2094 465; x_wconf 87' lang='lat' dir='ltr'><strong>spe</strong></span> <span class='ocrx_word' id='word_1_324' title='bbox 2114 427 2147 453; x_wconf 91' lang='lat' dir='ltr'><strong>et</strong></span> 
     </span>
     <span class='ocr_line' id='line_1_56' title="bbox 1157 471 2148 518; baseline 0.001 -15"><span class='ocrx_word' id='word_1_325' title='bbox 1157 471 1420 515; x_wconf 80' lang='lat' dir='ltr'><strong>expectatione,</strong></span> <span class='ocrx_word' id='word_1_326' title='bbox 1448 485 1554 518; x_wconf 86' lang='lat' dir='ltr'><strong>quam</strong></span> <span class='ocrx_word' id='word_1_327' title='bbox 1572 473 1725 517; x_wconf 92' lang='lat' dir='ltr'><strong>populus</strong></span> <span class='ocrx_word' id='word_1_328' title='bbox 1744 472 1930 507; x_wconf 84' lang='lat' dir='ltr'><strong>Romanus</strong></span> <span class='ocrx_word' id='word_1_329' title='bbox 1951 471 2081 506; x_wconf 86' lang='lat' dir='ltr'><strong>habeat</strong></span> <span class='ocrx_word' id='word_1_330' title='bbox 2105 473 2148 504; x_wconf 91' lang='lat' dir='ltr'><strong>de</strong></span> 
     </span>
     <span class='ocr_line' id='line_1_57' title="bbox 1157 521 2147 567; baseline 0.002 -14"><span class='ocrx_word' id='word_1_331' title='bbox 1157 522 1407 556; x_wconf 88' lang='lat' dir='ltr'><strong>liberatoribus</strong></span> <span class='ocrx_word' id='word_1_332' title='bbox 1442 523 1580 567; x_wconf 90' lang='lat' dir='ltr'><strong>patriae</strong></span> <span class='ocrx_word' id='word_1_333' title='bbox 1612 531 1646 557; x_wconf 87' lang='lat' dir='ltr'><strong>et</strong></span> <span class='ocrx_word' id='word_1_334' title='bbox 1666 524 1821 557; x_wconf 83' lang='lat' dir='ltr'><strong>maxime</strong></span> <span class='ocrx_word' id='word_1_335' title='bbox 1843 525 1886 558; x_wconf 91' lang='lat' dir='ltr'><strong>de</strong></span> <span class='ocrx_word' id='word_1_336' title='bbox 1913 524 2047 558; x_wconf 83' lang='lat' dir='ltr'><strong>Cassio.</strong></span> <span class='ocrx_word' id='word_1_337' title='bbox 2108 521 2147 555; x_wconf 89' lang='lat' dir='ltr'><strong>lu</strong></span> 
     </span>
     <span class='ocr_line' id='line_1_58' title="bbox 1157 571 1637 609; baseline 0.008 -4"><span class='ocrx_word' id='word_1_338' title='bbox 1157 574 1225 606; x_wconf 86' lang='lat' dir='ltr'><strong>fine</strong></span> <span class='ocrx_word' id='word_1_339' title='bbox 1243 580 1294 607; x_wconf 90' lang='lat' dir='ltr'><strong>est</strong></span> <span class='ocrx_word' id='word_1_340' title='bbox 1313 571 1637 609; x_wconf 89' lang='lat' dir='ltr'><strong>adhortatiuncula.</strong></span> 
     </span>
    </p>
   </div>
   <div class='ocr_carea' id='block_1_19' title="bbox 1284 673 2024 720">
    <p class='ocr_par' dir='ltr' id='par_1_22' title="bbox 1284 673 2024 720">
     <span class='ocr_line' id='line_1_59' title="bbox 1284 673 2024 720; baseline 0.003 -12"><span class='ocrx_word' id='word_1_341' title='bbox 1284 673 1504 708; x_wconf 84' lang='lat' dir='ltr'><strong>Scholion</strong></span> <span class='ocrx_word' id='word_1_342' title='bbox 1541 674 1587 708; x_wconf 89' lang='lat' dir='ltr'><strong>in</strong></span> <span class='ocrx_word' id='word_1_343' title='bbox 1625 675 1871 720; x_wconf 86' lang='lat' dir='ltr'><strong>epistolam</strong></span> <span class='ocrx_word' id='word_1_344' title='bbox 1899 675 2024 720; x_wconf 56' lang='lat' dir='ltr'><strong>lXfl).</strong></span> 
     </span>
    </p>
   </div>
   <div class='ocr_carea' id='block_1_20' title="bbox 1157 748 2148 845">
    <p class='ocr_par' dir='ltr' id='par_1_23' title="bbox 1157 748 2148 845">
     <span class='ocr_line' id='line_1_60' title="bbox 1259 748 2148 798; baseline -0.003 -14"><span class='ocrx_word' id='word_1_345' title='bbox 1259 748 1290 793; x_wconf 62' lang='grc' dir='ltr'><strong>ἓ.</strong></span> <span class='ocrx_word' id='word_1_346' title='bbox 1316 750 1349 784; x_wconf 90' lang='grc'><strong>1.</strong></span> <span class='ocrx_word' id='word_1_347' title='bbox 1383 752 1542 784; x_wconf 68' lang='lat' dir='ltr'><strong>Brevitas</strong></span> <span class='ocrx_word' id='word_1_348' title='bbox 1568 748 1725 798; x_wconf 74' lang='lat' dir='ltr'><strong>tuarum]</strong></span> <span class='ocrx_word' id='word_1_349' title='bbox 1759 749 1911 785; x_wconf 85' lang='lat' dir='ltr'><strong>Excusat</strong></span> <span class='ocrx_word' id='word_1_350' title='bbox 1936 750 2148 783; x_wconf 84' lang='lat' dir='ltr'><strong>brevitatem</strong></span> 
     </span>
     <span class='ocr_line' id='line_1_61' title="bbox 1157 799 1710 845; baseline 0.007 -14"><span class='ocrx_word' id='word_1_351' title='bbox 1157 799 1356 834; x_wconf 88' lang='lat' dir='ltr'><strong>litterarum</strong></span> <span class='ocrx_word' id='word_1_352' title='bbox 1369 828 1377 841; x_wconf 94' lang='lat'><strong>,</strong></span> <span class='ocrx_word' id='word_1_353' title='bbox 1406 801 1518 835; x_wconf 89' lang='lat' dir='ltr'><strong>Cassii</strong></span> <span class='ocrx_word' id='word_1_354' title='bbox 1536 802 1710 845; x_wconf 84' lang='lat' dir='ltr'><strong>exemplo.</strong></span> 
     </span>
    </p>
   </div>
   <div class='ocr_carea' id='block_1_21' title="bbox 1452 884 1849 932">
    <p class='ocr_par' dir='ltr' id='par_1_24' title="bbox 1452 884 1849 932">
     <span class='ocr_line' id='line_1_62' title="bbox 1452 884 1849 932; baseline 0.005 -15"><span class='ocrx_word' id='word_1_355' title='bbox 1452 884 1776 929; x_wconf 85' lang='lat' dir='ltr'><strong>Argumentum</strong></span> <span class='ocrx_word' id='word_1_356' title='bbox 1790 885 1849 932; x_wconf 67' lang='lat'><strong>⁴³).</strong></span> 
     </span>
    </p>
   </div>
   <div class='ocr_carea' id='block_1_22' title="bbox 1157 951 2151 1198">
    <p class='ocr_par' dir='ltr' id='par_1_25' title="bbox 1157 951 2151 1198">
     <span class='ocr_line' id='line_1_63' title="bbox 1260 951 2149 998; baseline 0 -13"><span class='ocrx_word' id='word_1_357' title='bbox 1260 951 1300 985; x_wconf 93' lang='lat' dir='ltr'><strong>In</strong></span> <span class='ocrx_word' id='word_1_358' title='bbox 1342 952 1485 998; x_wconf 87' lang='lat' dir='ltr'><strong>quantis</strong></span> <span class='ocrx_word' id='word_1_359' title='bbox 1529 953 1695 998; x_wconf 90' lang='lat' dir='ltr'><strong>periculis</strong></span> <span class='ocrx_word' id='word_1_360' title='bbox 1732 959 1893 987; x_wconf 87' lang='lat' dir='ltr'><strong>versetur</strong></span> <span class='ocrx_word' id='word_1_361' title='bbox 1931 952 2149 997; x_wconf 79' lang='lat' dir='ltr'><strong>respublica,</strong></span> 
     </span>
     <span class='ocr_line' id='line_1_64' title="bbox 1158 1003 2151 1050; baseline 0 -14"><span class='ocrx_word' id='word_1_362' title='bbox 1158 1003 1343 1047; x_wconf 86' lang='lat' dir='ltr'><strong>significat.</strong></span> <span class='ocrx_word' id='word_1_363' title='bbox 1418 1003 1574 1050; x_wconf 89' lang='lat' dir='ltr'><strong>Ideoque</strong></span> <span class='ocrx_word' id='word_1_364' title='bbox 1612 1004 1719 1038; x_wconf 87' lang='lat' dir='ltr'><strong>etiam</strong></span> <span class='ocrx_word' id='word_1_365' title='bbox 1751 1004 1907 1037; x_wconf 86' lang='lat' dir='ltr'><strong>breviter</strong></span> <span class='ocrx_word' id='word_1_366' title='bbox 1939 1003 2151 1037; x_wconf 82' lang='lat' dir='ltr'><strong>adhortatur</strong></span> 
     </span>
     <span class='ocr_line' id='line_1_65' title="bbox 1159 1054 2150 1089; baseline 0.001 -2"><span class='ocrx_word' id='word_1_367' title='bbox 1159 1067 1238 1087; x_wconf 92' lang='lat' dir='ltr'><strong>eum</strong></span> <span class='ocrx_word' id='word_1_368' title='bbox 1256 1056 1301 1088; x_wconf 90' lang='lat' dir='ltr'><strong>ad</strong></span> <span class='ocrx_word' id='word_1_369' title='bbox 1325 1055 1567 1089; x_wconf 84' lang='lat' dir='ltr'><strong>defensionem</strong></span> <span class='ocrx_word' id='word_1_370' title='bbox 1594 1062 1628 1089; x_wconf 89' lang='lat' dir='ltr'><strong>et</strong></span> <span class='ocrx_word' id='word_1_371' title='bbox 1651 1056 1696 1088; x_wconf 91' lang='lat' dir='ltr'><strong>ad</strong></span> <span class='ocrx_word' id='word_1_372' title='bbox 1722 1057 1915 1088; x_wconf 89' lang='lat' dir='ltr'><strong>cedendum</strong></span> <span class='ocrx_word' id='word_1_373' title='bbox 1941 1055 1976 1087; x_wconf 87' lang='lat' dir='ltr'><strong>in</strong></span> <span class='ocrx_word' id='word_1_374' title='bbox 2000 1054 2150 1088; x_wconf 82' lang='lat' dir='ltr'><strong>Italiam.</strong></span> 
     </span>
     <span class='ocr_line' id='line_1_66' title="bbox 1157 1104 2150 1151; baseline 0 -13"><span class='ocrx_word' id='word_1_375' title='bbox 1157 1104 1197 1138; x_wconf 90' lang='lat' dir='ltr'><strong>In</strong></span> <span class='ocrx_word' id='word_1_376' title='bbox 1215 1106 1360 1139; x_wconf 90' lang='lat' dir='ltr'><strong>exordio</strong></span> <span class='ocrx_word' id='word_1_377' title='bbox 1379 1107 1423 1139; x_wconf 89' lang='lat' dir='ltr'><strong>ab</strong></span> <span class='ocrx_word' id='word_1_378' title='bbox 1446 1106 1607 1151; x_wconf 89' lang='lat' dir='ltr'><strong>exemplo</strong></span> <span class='ocrx_word' id='word_1_379' title='bbox 1629 1106 1840 1140; x_wconf 85' lang='lat' dir='ltr'><strong>brevitatem</strong></span> <span class='ocrx_word' id='word_1_380' title='bbox 1866 1107 2066 1140; x_wconf 83' lang='lat' dir='ltr'><strong>litterarum</strong></span> <span class='ocrx_word' id='word_1_381' title='bbox 2094 1118 2150 1139; x_wconf 83' lang='lat' dir='ltr'><strong>ex-</strong></span> 
     </span>
     <span class='ocr_line' id='line_1_67' title="bbox 1159 1157 1932 1198; baseline 0.003 -9"><span class='ocrx_word' id='word_1_382' title='bbox 1159 1163 1276 1198; x_wconf 82' lang='lat' dir='ltr'><strong>cusat,</strong></span> <span class='ocrx_word' id='word_1_383' title='bbox 1304 1164 1338 1190; x_wconf 90' lang='lat' dir='ltr'><strong>et</strong></span> <span class='ocrx_word' id='word_1_384' title='bbox 1355 1157 1635 1191; x_wconf 88' lang='lat' dir='ltr'><strong>taciturnitatem</strong></span> <span class='ocrx_word' id='word_1_385' title='bbox 1654 1157 1766 1192; x_wconf 90' lang='lat' dir='ltr'><strong>Cassii</strong></span> <span class='ocrx_word' id='word_1_386' title='bbox 1783 1157 1932 1192; x_wconf 85' lang='lat' dir='ltr'><strong>incusat.</strong></span> 
     </span>
    </p>
   </div>
   <div class='ocr_carea' id='block_1_23' title="bbox 1406 1241 1907 1287">
    <p class='ocr_par' dir='ltr' id='par_1_26' title="bbox 1406 1241 1907 1287">
     <span class='ocr_line' id='line_1_68' title="bbox 1406 1241 1907 1287; baseline 0.004 -12"><span class='ocrx_word' id='word_1_387' title='bbox 1406 1241 1543 1276; x_wconf 88' lang='lat' dir='ltr'><strong>Aliud</strong></span> <span class='ocrx_word' id='word_1_388' title='bbox 1577 1249 1907 1287; x_wconf 85' lang='lat' dir='ltr'><strong>argumentum.</strong></span> 
     </span>
    </p>
   </div>
   <div class='ocr_carea' id='block_1_24' title="bbox 1157 1308 2153 1560">
    <p class='ocr_par' dir='ltr' id='par_1_27' title="bbox 1157 1308 2153 1560">
     <span class='ocr_line' id='line_1_69' title="bbox 1261 1308 2151 1355; baseline 0 -12"><span class='ocrx_word' id='word_1_389' title='bbox 1261 1308 1429 1343; x_wconf 87' lang='lat' dir='ltr'><strong>Eiusdem</strong></span> <span class='ocrx_word' id='word_1_390' title='bbox 1446 1317 1498 1343; x_wconf 91' lang='lat' dir='ltr'><strong>est</strong></span> <span class='ocrx_word' id='word_1_391' title='bbox 1515 1310 1716 1354; x_wconf 88' lang='lat' dir='ltr'><strong>argumenti</strong></span> <span class='ocrx_word' id='word_1_392' title='bbox 1733 1308 1820 1343; x_wconf 86' lang='lat' dir='ltr'><strong>haec</strong></span> <span class='ocrx_word' id='word_1_393' title='bbox 1838 1310 1985 1355; x_wconf 87' lang='lat' dir='ltr'><strong>epistola</strong></span> <span class='ocrx_word' id='word_1_394' title='bbox 1997 1336 2006 1351; x_wconf 95' lang='lat'><strong>,</strong></span> <span class='ocrx_word' id='word_1_395' title='bbox 2042 1322 2151 1355; x_wconf 89' lang='lat' dir='ltr'><strong>quam</strong></span> 
     </span>
     <span class='ocr_line' id='line_1_70' title="bbox 1160 1360 2153 1396; baseline 0.001 -3"><span class='ocrx_word' id='word_1_396' title='bbox 1160 1360 1299 1394; x_wconf 89' lang='lat' dir='ltr'><strong>orditur</strong></span> <span class='ocrx_word' id='word_1_397' title='bbox 1316 1361 1360 1394; x_wconf 90' lang='lat' dir='ltr'><strong>ab</strong></span> <span class='ocrx_word' id='word_1_398' title='bbox 1377 1361 1601 1395; x_wconf 88' lang='lat' dir='ltr'><strong>excusatione</strong></span> <span class='ocrx_word' id='word_1_399' title='bbox 1618 1361 1801 1396; x_wconf 88' lang='lat' dir='ltr'><strong>brevitatis</strong></span> <span class='ocrx_word' id='word_1_400' title='bbox 1817 1362 2029 1396; x_wconf 87' lang='lat' dir='ltr'><strong>litterarum.</strong></span> <span class='ocrx_word' id='word_1_401' title='bbox 2080 1361 2153 1394; x_wconf 84' lang='lat' dir='ltr'><strong>De—</strong></span> 
     </span>
     <span class='ocr_line' id='line_1_71' title="bbox 1159 1411 2152 1458; baseline 0.001 -14"><span class='ocrx_word' id='word_1_402' title='bbox 1159 1411 1240 1445; x_wconf 90' lang='lat' dir='ltr'><strong>inde</strong></span> <span class='ocrx_word' id='word_1_403' title='bbox 1263 1413 1411 1456; x_wconf 86' lang='lat' dir='ltr'><strong>ponitur</strong></span> <span class='ocrx_word' id='word_1_404' title='bbox 1433 1412 1594 1446; x_wconf 88' lang='lat' dir='ltr'><strong>narratio</strong></span> <span class='ocrx_word' id='word_1_405' title='bbox 1623 1413 1665 1446; x_wconf 87' lang='lat' dir='ltr'><strong>de</strong></span> <span class='ocrx_word' id='word_1_406' title='bbox 1687 1412 1815 1457; x_wconf 87' lang='lat' dir='ltr'><strong>Lepidi</strong></span> <span class='ocrx_word' id='word_1_407' title='bbox 1837 1413 1996 1458; x_wconf 87' lang='lat' dir='ltr'><strong>perfidia.</strong></span> <span class='ocrx_word' id='word_1_408' title='bbox 2050 1412 2152 1445; x_wconf 89' lang='lat' dir='ltr'><strong>Hanc</strong></span> 
     </span>
     <span class='ocr_line' id='line_1_72' title="bbox 1158 1461 2150 1508; baseline 0.002 -13"><span class='ocrx_word' id='word_1_409' title='bbox 1158 1463 1319 1508; x_wconf 89' lang='lat' dir='ltr'><strong>sequitur</strong></span> <span class='ocrx_word' id='word_1_410' title='bbox 1336 1461 1560 1504; x_wconf 85' lang='lat' dir='ltr'><strong>adhortatio,</strong></span> <span class='ocrx_word' id='word_1_411' title='bbox 1586 1470 1626 1497; x_wconf 91' lang='lat' dir='ltr'><strong>ut</strong></span> <span class='ocrx_word' id='word_1_412' title='bbox 1641 1464 1807 1497; x_wconf 84' lang='lat' dir='ltr'><strong>defendat</strong></span> <span class='ocrx_word' id='word_1_413' title='bbox 1832 1471 1866 1497; x_wconf 86' lang='lat' dir='ltr'><strong>et</strong></span> <span class='ocrx_word' id='word_1_414' title='bbox 1892 1464 2036 1498; x_wconf 73' lang='lat' dir='ltr'><strong>adiuvet</strong></span> <span class='ocrx_word' id='word_1_415' title='bbox 2057 1476 2150 1497; x_wconf 89' lang='lat' dir='ltr'><strong>rem-</strong></span> 
     </span>
     <span class='ocr_line' id='line_1_73' title="bbox 1157 1514 1350 1560; baseline 0 -12"><span class='ocrx_word' id='word_1_416' title='bbox 1157 1514 1350 1560; x_wconf 85' lang='lat' dir='ltr'><strong>publicam.</strong></span> 
     </span>
    </p>
   </div>
   <div class='ocr_carea' id='block_1_25' title="bbox 1411 1589 1902 1635">
    <p class='ocr_par' dir='ltr' id='par_1_28' title="bbox 1411 1589 1902 1635">
     <span class='ocr_line' id='line_1_74' title="bbox 1411 1589 1902 1635; baseline 0.004 -12"><span class='ocrx_word' id='word_1_417' title='bbox 1411 1589 1547 1624; x_wconf 90' lang='lat' dir='ltr'><strong>Aliud</strong></span> <span class='ocrx_word' id='word_1_418' title='bbox 1575 1598 1902 1635; x_wconf 89' lang='lat' dir='ltr'><strong>argumentum.</strong></span> 
     </span>
    </p>
   </div>
   <div class='ocr_carea' id='block_1_26' title="bbox 1157 1657 2151 1908">
    <p class='ocr_par' dir='ltr' id='par_1_29' title="bbox 1157 1657 2151 1908">
     <span class='ocr_line' id='line_1_75' title="bbox 1259 1657 2150 1693; baseline 0.001 -2"><span class='ocrx_word' id='word_1_419' title='bbox 1259 1657 1457 1692; x_wconf 88' lang='lat' dir='ltr'><strong>Exordium</strong></span> <span class='ocrx_word' id='word_1_420' title='bbox 1491 1659 1650 1692; x_wconf 87' lang='lat' dir='ltr'><strong>continet</strong></span> <span class='ocrx_word' id='word_1_421' title='bbox 1679 1660 1942 1693; x_wconf 86' lang='lat' dir='ltr'><strong>excusationem</strong></span> <span class='ocrx_word' id='word_1_422' title='bbox 1965 1658 2150 1692; x_wconf 80' lang='lat' dir='ltr'><strong>brevitatis</strong></span> 
     </span>
     <span class='ocr_line' id='line_1_76' title="bbox 1158 1709 2151 1756; baseline 0 -13"><span class='ocrx_word' id='word_1_423' title='bbox 1158 1709 1370 1744; x_wconf 80' lang='lat' dir='ltr'><strong>lItterarum.</strong></span> <span class='ocrx_word' id='word_1_424' title='bbox 1429 1709 1599 1755; x_wconf 90' lang='lat' dir='ltr'><strong>Sequitur</strong></span> <span class='ocrx_word' id='word_1_425' title='bbox 1620 1711 1763 1756; x_wconf 87' lang='lat' dir='ltr'><strong>querela</strong></span> <span class='ocrx_word' id='word_1_426' title='bbox 1785 1712 1834 1754; x_wconf 39' lang='lat' dir='ltr'><strong>de·</strong></span> <span class='ocrx_word' id='word_1_427' title='bbox 1853 1710 2003 1755; x_wconf 88' lang='lat' dir='ltr'><strong>Lepido.</strong></span> <span class='ocrx_word' id='word_1_428' title='bbox 2056 1710 2151 1755; x_wconf 84' lang='lat' dir='ltr'><strong>Que-</strong></span> 
     </span>
     <span class='ocr_line' id='line_1_77' title="bbox 1157 1761 2150 1807; baseline 0.001 -13"><span class='ocrx_word' id='word_1_429' title='bbox 1157 1761 1252 1794; x_wconf 87' lang='lat' dir='ltr'><strong>relae</strong></span> <span class='ocrx_word' id='word_1_430' title='bbox 1269 1761 1454 1795; x_wconf 90' lang='lat' dir='ltr'><strong>subiicitur</strong></span> <span class='ocrx_word' id='word_1_431' title='bbox 1470 1761 1641 1805; x_wconf 86' lang='lat' dir='ltr'><strong>expositio</strong></span> <span class='ocrx_word' id='word_1_432' title='bbox 1656 1762 1814 1807; x_wconf 87' lang='lat' dir='ltr'><strong>reliquae</strong></span> <span class='ocrx_word' id='word_1_433' title='bbox 1830 1762 1923 1807; x_wconf 87' lang='lat' dir='ltr'><strong>spei,</strong></span> <span class='ocrx_word' id='word_1_434' title='bbox 1956 1773 2062 1807; x_wconf 88' lang='lat' dir='ltr'><strong>quam</strong></span> <span class='ocrx_word' id='word_1_435' title='bbox 2088 1774 2150 1806; x_wconf 86' lang='lat' dir='ltr'><strong>op—</strong></span> 
     </span>
     <span class='ocr_line' id='line_1_78' title="bbox 1158 1810 2149 1858; baseline 0 -13"><span class='ocrx_word' id='word_1_436' title='bbox 1158 1824 1276 1856; x_wconf 87' lang='lat' dir='ltr'><strong>pressa</strong></span> <span class='ocrx_word' id='word_1_437' title='bbox 1296 1811 1492 1856; x_wconf 83' lang='lat' dir='ltr'><strong>respublica</strong></span> <span class='ocrx_word' id='word_1_438' title='bbox 1509 1810 1639 1845; x_wconf 87' lang='lat' dir='ltr'><strong>habeat</strong></span> <span class='ocrx_word' id='word_1_439' title='bbox 1660 1814 1703 1846; x_wconf 92' lang='lat' dir='ltr'><strong>de</strong></span> <span class='ocrx_word' id='word_1_440' title='bbox 1723 1813 1864 1854; x_wconf 86' lang='lat' dir='ltr'><strong>Cassio,</strong></span> <span class='ocrx_word' id='word_1_441' title='bbox 1898 1819 2018 1858; x_wconf 86' lang='lat' dir='ltr'><strong>estque</strong></span> <span class='ocrx_word' id='word_1_442' title='bbox 2041 1813 2149 1845; x_wconf 79' lang='lat' dir='ltr'><strong>inter-</strong></span> 
     </span>
     <span class='ocr_line' id='line_1_79' title="bbox 1158 1860 1648 1908; baseline 0 -11"><span class='ocrx_word' id='word_1_443' title='bbox 1158 1870 1250 1897; x_wconf 89' lang='lat' dir='ltr'><strong>serta</strong></span> <span class='ocrx_word' id='word_1_444' title='bbox 1269 1863 1413 1908; x_wconf 85' lang='lat' dir='ltr'><strong>obliqua</strong></span> <span class='ocrx_word' id='word_1_445' title='bbox 1430 1860 1648 1897; x_wconf 85' lang='lat' dir='ltr'><strong>adhortatio.</strong></span> 
     </span>
    </p>
   </div>
   <div class='ocr_carea' id='block_1_27' title="bbox 1345 1961 1959 2009">
    <p class='ocr_par' dir='ltr' id='par_1_30' title="bbox 1345 1961 1959 2009">
     <span class='ocr_line' id='line_1_80' title="bbox 1345 1961 1959 2009; baseline 0.005 -13"><span class='ocrx_word' id='word_1_446' title='bbox 1345 1961 1530 1997; x_wconf 89' lang='lat' dir='ltr'><strong>Scholia</strong></span> <span class='ocrx_word' id='word_1_447' title='bbox 1567 1964 1614 1998; x_wconf 89' lang='lat' dir='ltr'><strong>in</strong></span> <span class='ocrx_word' id='word_1_448' title='bbox 1642 1964 1888 2009; x_wconf 89' lang='lat' dir='ltr'><strong>epistolam</strong></span> <span class='ocrx_word' id='word_1_449' title='bbox 1918 1966 1959 1999; x_wconf 89' lang='lat' dir='ltr'><strong>X.</strong></span> 
     </span>
    </p>
   </div>
   <div class='ocr_carea' id='block_1_28' title="bbox 1156 2038 2143 2137">
    <p class='ocr_par' dir='ltr' id='par_1_31' title="bbox 1156 2038 2143 2137">
     <span class='ocr_line' id='line_1_81' title="bbox 1260 2038 2143 2089; baseline 0.002 -16"><span class='ocrx_word' id='word_1_450' title='bbox 1260 2038 1290 2084; x_wconf 65' lang='grc' dir='ltr'><strong>ἓ.</strong></span> <span class='ocrx_word' id='word_1_451' title='bbox 1312 2041 1344 2074; x_wconf 84' lang='lat' dir='ltr'><strong>l.</strong></span> <span class='ocrx_word' id='word_1_452' title='bbox 1371 2042 1540 2084; x_wconf 79' lang='lat' dir='ltr'><strong>Lepidus,</strong></span> <span class='ocrx_word' id='word_1_453' title='bbox 1567 2047 1646 2075; x_wconf 78' lang='lat' dir='ltr'><strong>tuus</strong></span> <span class='ocrx_word' id='word_1_454' title='bbox 1670 2039 1806 2089; x_wconf 70' lang='lat' dir='ltr'><strong>affinis]</strong></span> <span class='ocrx_word' id='word_1_455' title='bbox 1833 2041 1958 2076; x_wconf 87' lang='lat' dir='ltr'><strong>Brevis</strong></span> <span class='ocrx_word' id='word_1_456' title='bbox 1982 2042 2143 2075; x_wconf 85' lang='lat' dir='ltr'><strong>narratio</strong></span> 
     </span>
     <span class='ocr_line' id='line_1_82' title="bbox 1156 2089 2142 2137; baseline 0.002 -13"><span class='ocrx_word' id='word_1_457' title='bbox 1156 2092 1197 2124; x_wconf 90' lang='lat' dir='ltr'><strong>‹le</strong></span> <span class='ocrx_word' id='word_1_458' title='bbox 1214 2089 1372 2136; x_wconf 91' lang='lat' dir='ltr'><strong>Lepido,</strong></span> <span class='ocrx_word' id='word_1_459' title='bbox 1400 2093 1497 2137; x_wconf 90' lang='lat' dir='ltr'><strong>quod</strong></span> <span class='ocrx_word' id='word_1_460' title='bbox 1511 2104 1529 2124; x_wconf 84' lang='lat' dir='ltr'><strong>a</strong></span> <span class='ocrx_word' id='word_1_461' title='bbox 1549 2099 1674 2126; x_wconf 88' lang='lat' dir='ltr'><strong>senatu</strong></span> <span class='ocrx_word' id='word_1_462' title='bbox 1692 2093 1853 2137; x_wconf 91' lang='lat' dir='ltr'><strong>publicus</strong></span> <span class='ocrx_word' id='word_1_463' title='bbox 1877 2091 1987 2127; x_wconf 84' lang='lat' dir='ltr'><strong>hostis</strong></span> <span class='ocrx_word' id='word_1_464' title='bbox 2009 2093 2142 2127; x_wconf 81' lang='lat' dir='ltr'><strong>iudica-</strong></span> 
     </span>
    </p>
   </div>
   <div class='ocr_carea' id='block_1_29' title="bbox 1155 2142 2079 2276">
    <p class='ocr_par' dir='ltr' id='par_1_32' title="bbox 1155 2142 2079 2276">
     <span class='ocr_line' id='line_1_83' title="bbox 1155 2142 2079 2191; baseline 0.002 -15"><span class='ocrx_word' id='word_1_465' title='bbox 1155 2149 1210 2177; x_wconf 90' lang='lat' dir='ltr'><strong>tus</strong></span> <span class='ocrx_word' id='word_1_466' title='bbox 1226 2142 1281 2177; x_wconf 88' lang='lat' dir='ltr'><strong>sit.</strong></span> <span class='ocrx_word' id='word_1_467' title='bbox 1359 2145 1430 2177; x_wconf 78' lang='lat' dir='ltr'><strong>Nos</strong></span> <span class='ocrx_word' id='word_1_468' title='bbox 1445 2145 1485 2177; x_wconf 77' lang='lat' dir='ltr'><strong>de</strong></span> <span class='ocrx_word' id='word_1_469' title='bbox 1502 2145 1676 2178; x_wconf 79' lang='lat' dir='ltr'><strong>Dolabella</strong></span> <span class='ocrx_word' id='word_1_470' title='bbox 1685 2142 1760 2191; x_wconf 67' lang='lat'><strong>⁴¹4)]</strong></span> <span class='ocrx_word' id='word_1_471' title='bbox 1791 2144 1870 2177; x_wconf 89' lang='lat' dir='ltr'><strong>Alia</strong></span> <span class='ocrx_word' id='word_1_472' title='bbox 1889 2144 2079 2178; x_wconf 89' lang='lat' dir='ltr'><strong>conclusio.</strong></span> 
     </span>
     <span class='ocr_line' id='line_1_84' title="bbox 1449 2226 1842 2276; baseline 0.008 -16"><span class='ocrx_word' id='word_1_473' title='bbox 1449 2226 1611 2273; x_wconf 85' lang='lat' dir='ltr'><strong>Argum</strong></span> <span class='ocrx_word' id='word_1_474' title='bbox 1624 2235 1728 2262; x_wconf 90' lang='lat' dir='ltr'><strong>entu</strong></span> <span class='ocrx_word' id='word_1_475' title='bbox 1739 2242 1772 2262; x_wconf 90' lang='lat' dir='ltr'><strong>m</strong></span> <span class='ocrx_word' id='word_1_476' title='bbox 1783 2229 1842 2276; x_wconf 68' lang='grc'><strong>45).</strong></span> 
     </span>
    </p>
   </div>
   <div class='ocr_carea' id='block_1_30' title="bbox 1153 2294 2141 2393">
    <p class='ocr_par' dir='ltr' id='par_1_33' title="bbox 1153 2294 2141 2393">
     <span class='ocr_line' id='line_1_85' title="bbox 1255 2294 2140 2342; baseline 0.006 -15"><span class='ocrx_word' id='word_1_477' title='bbox 1255 2294 1349 2328; x_wconf 88' lang='lat' dir='ltr'><strong>Tota</strong></span> <span class='ocrx_word' id='word_1_478' title='bbox 1380 2301 1432 2328; x_wconf 86' lang='lat' dir='ltr'><strong>est</strong></span> <span class='ocrx_word' id='word_1_479' title='bbox 1464 2296 1688 2336; x_wconf 86' lang='lat' dir='ltr'><strong>narratoria,</strong></span> <span class='ocrx_word' id='word_1_480' title='bbox 1730 2308 1803 2328; x_wconf 85' lang='lat' dir='ltr'><strong>non</strong></span> <span class='ocrx_word' id='word_1_481' title='bbox 1831 2296 1973 2342; x_wconf 88' lang='lat' dir='ltr'><strong>quidem</strong></span> <span class='ocrx_word' id='word_1_482' title='bbox 2003 2297 2045 2331; x_wconf 90' lang='lat' dir='ltr'><strong>de</strong></span> <span class='ocrx_word' id='word_1_483' title='bbox 2069 2310 2140 2332; x_wconf 84' lang='lat' dir='ltr'><strong>una</strong></span> 
     </span>
     <span class='ocr_line' id='line_1_86' title="bbox 1153 2345 2141 2393; baseline 0.005 -15"><span class='ocrx_word' id='word_1_484' title='bbox 1153 2345 1292 2391; x_wconf 91' lang='lat' dir='ltr'><strong>aliqua,</strong></span> <span class='ocrx_word' id='word_1_485' title='bbox 1318 2346 1379 2380; x_wconf 89' lang='lat' dir='ltr'><strong>sed</strong></span> <span class='ocrx_word' id='word_1_486' title='bbox 1395 2347 1437 2379; x_wconf 89' lang='lat' dir='ltr'><strong>de</strong></span> <span class='ocrx_word' id='word_1_487' title='bbox 1455 2346 1562 2381; x_wconf 82' lang='lat' dir='ltr'><strong>variis</strong></span> <span class='ocrx_word' id='word_1_488' title='bbox 1586 2348 1707 2387; x_wconf 86' lang='lat' dir='ltr'><strong>rebus,</strong></span> <span class='ocrx_word' id='word_1_489' title='bbox 1736 2360 1826 2393; x_wconf 89' lang='lat' dir='ltr'><strong>quae</strong></span> <span class='ocrx_word' id='word_1_490' title='bbox 1846 2349 2039 2382; x_wconf 90' lang='lat' dir='ltr'><strong>admodum</strong></span> <span class='ocrx_word' id='word_1_491' title='bbox 2059 2363 2141 2383; x_wconf 87' lang='lat' dir='ltr'><strong>con-</strong></span> 
     </span>
    </p>
   </div>
   <div class='ocr_carea' id='block_1_31' title="bbox 1167 2423 1358 2429">
    <p class='ocr_par' dir='ltr' id='par_1_34' title="bbox 1167 2423 1358 2429">
     <span class='ocr_line' id='line_1_87' title="bbox 1167 2423 1358 2429; baseline 0 0"><span class='ocrx_word' id='word_1_492' title='bbox 1167 2423 1358 2429; x_wconf 95' lang='lat' dir='ltr'><strong> </strong></span> 
     </span>
    </p>
   </div>
   <div class='ocr_carea' id='block_1_32' title="bbox 1184 2468 2141 2536">
    <p class='ocr_par' dir='ltr' id='par_1_35' title="bbox 1184 2468 2141 2536">
     <span class='ocr_line' id='line_1_88' title="bbox 1184 2468 2141 2502; baseline 0.003 -7"><span class='ocrx_word' id='word_1_493' title='bbox 1184 2471 1233 2500; x_wconf 78' lang='grc'>42)</span> <span class='ocrx_word' id='word_1_494' title='bbox 1251 2470 1315 2495; x_wconf 89' lang='lat' dir='ltr'><strong>Mel.</strong></span> <span class='ocrx_word' id='word_1_495' title='bbox 1334 2471 1495 2501; x_wconf 76' lang='lat' dir='ltr'><strong>argumento</strong></span> <span class='ocrx_word' id='word_1_496' title='bbox 1516 2468 1600 2494; x_wconf 81' lang='lat' dir='ltr'><strong>Editt.</strong></span> <span class='ocrx_word' id='word_1_497' title='bbox 1617 2469 1821 2502; x_wconf 76' lang='lat'><strong>1537—1554.‚</strong></span> <span class='ocrx_word' id='word_1_498' title='bbox 1842 2470 1931 2499; x_wconf 75' lang='lat'><strong>1557..</strong></span> <span class='ocrx_word' id='word_1_499' title='bbox 1955 2471 2046 2500; x_wconf 77' lang='lat'><strong>¹560..</strong></span> <span class='ocrx_word' id='word_1_500' title='bbox 2066 2473 2141 2498; x_wconf 79' lang='lat'><strong>1601.</strong></span> 
     </span>
     <span class='ocr_line' id='line_1_89' title="bbox 1220 2504 2104 2536; baseline 0.002 -7"><span class='ocrx_word' id='word_1_501' title='bbox 1220 2506 1247 2529; x_wconf 90' lang='lat' dir='ltr'><strong>in</strong></span> <span class='ocrx_word' id='word_1_502' title='bbox 1267 2506 1317 2529; x_wconf 80' lang='lat' dir='ltr'><strong>hac</strong></span> <span class='ocrx_word' id='word_1_503' title='bbox 1336 2505 1453 2535; x_wconf 81' lang='lat' dir='ltr'><strong>epistola</strong></span> <span class='ocrx_word' id='word_1_504' title='bbox 1473 2505 1500 2528; x_wconf 87' lang='lat' dir='ltr'><strong>et</strong></span> <span class='ocrx_word' id='word_1_505' title='bbox 1520 2504 1552 2528; x_wconf 82' lang='lat'><strong>21</strong></span> <span class='ocrx_word' id='word_1_506' title='bbox 1574 2504 1751 2534; x_wconf 77' lang='lat' dir='ltr'><strong>sequentihus</strong></span> <span class='ocrx_word' id='word_1_507' title='bbox 1772 2504 1981 2536; x_wconf 80' lang='lat' dir='ltr'>(X.—-XXX.)</span> <span class='ocrx_word' id='word_1_508' title='bbox 2000 2510 2104 2531; x_wconf 80' lang='lat' dir='ltr'><strong>careat.</strong></span> 
     </span>
    </p>
   </div>
   <div class='ocr_carea' id='block_1_33' title="bbox 1184 2547 2139 2607">
    <p class='ocr_par' dir='ltr' id='par_1_36' title="bbox 1184 2547 2139 2607">
     <span class='ocr_line' id='line_1_90' title="bbox 1184 2547 2139 2581; baseline 0.002 -9"><span class='ocrx_word' id='word_1_509' title='bbox 1184 2548 1232 2579; x_wconf 82' lang='lat'><strong>43)</strong></span> <span class='ocrx_word' id='word_1_510' title='bbox 1252 2549 1310 2571; x_wconf 83' lang='lat' dir='ltr'><strong>Hoc</strong></span> <span class='ocrx_word' id='word_1_511' title='bbox 1325 2548 1513 2578; x_wconf 75' lang='lat' dir='ltr'><strong>argumentum</strong></span> <span class='ocrx_word' id='word_1_512' title='bbox 1527 2548 1553 2571; x_wconf 82' lang='lat' dir='ltr'><strong>et</strong></span> <span class='ocrx_word' id='word_1_513' title='bbox 1566 2547 1619 2571; x_wconf 87' lang='lat' dir='ltr'><strong>duo</strong></span> <span class='ocrx_word' id='word_1_514' title='bbox 1633 2547 1776 2578; x_wconf 84' lang='lat' dir='ltr'><strong>sequentia</strong></span> <span class='ocrx_word' id='word_1_515' title='bbox 1788 2549 1813 2572; x_wconf 85' lang='lat' dir='ltr'><strong>in</strong></span> <span class='ocrx_word' id='word_1_516' title='bbox 1827 2549 1910 2574; x_wconf 85' lang='lat' dir='ltr'><strong>Editt.</strong></span> <span class='ocrx_word' id='word_1_517' title='bbox 1929 2550 2013 2581; x_wconf 56' lang='lat'>1556„</span> <span class='ocrx_word' id='word_1_518' title='bbox 2033 2551 2139 2574; x_wconf 76' lang='lat'>1565-</span> 
     </span>
     <span class='ocr_line' id='line_1_91' title="bbox 1218 2583 1431 2607; baseline 0.005 -1"><span class='ocrx_word' id='word_1_519' title='bbox 1218 2583 1293 2607; x_wconf 80' lang='lat'><strong>1596.</strong></span> <span class='ocrx_word' id='word_1_520' title='bbox 1311 2583 1431 2607; x_wconf 84' lang='lat' dir='ltr'><strong>exstant.</strong></span> 
     </span>
    </p>
   </div>
   <div class='ocr_carea' id='block_1_34' title="bbox 1183 2621 1764 2654">
    <p class='ocr_par' dir='ltr' id='par_1_37' title="bbox 1183 2621 1764 2654">
     <span class='ocr_line' id='line_1_92' title="bbox 1183 2621 1764 2654; baseline 0 -5"><span class='ocrx_word' id='word_1_521' title='bbox 1183 2626 1231 2654; x_wconf 73' lang='lat'><strong>44)</strong></span> <span class='ocrx_word' id='word_1_522' title='bbox 1250 2625 1418 2653; x_wconf 82' lang='lat' dir='ltr'><strong>Dolabella]</strong></span> <span class='ocrx_word' id='word_1_523' title='bbox 1438 2624 1487 2649; x_wconf 81' lang='lat' dir='ltr'><strong>Ed.</strong></span> <span class='ocrx_word' id='word_1_524' title='bbox 1508 2623 1583 2649; x_wconf 74' lang='lat'><strong>15³⁷.</strong></span> <span class='ocrx_word' id='word_1_525' title='bbox 1602 2621 1764 2650; x_wconf 59' lang='lat' dir='ltr'><strong>Dolabella.</strong></span> 
     </span>
    </p>
   </div>
   <div class='ocr_carea' id='block_1_35' title="bbox 1182 2666 2136 2725">
    <p class='ocr_par' dir='ltr' id='par_1_38' title="bbox 1182 2666 2136 2725">
     <span class='ocr_line' id='line_1_93' title="bbox 1182 2666 2136 2697; baseline 0 -6"><span class='ocrx_word' id='word_1_526' title='bbox 1182 2668 1231 2695; x_wconf 80' lang='lat'><strong>45)</strong></span> <span class='ocrx_word' id='word_1_527' title='bbox 1249 2667 1307 2691; x_wconf 83' lang='lat' dir='ltr'><strong>Hoc</strong></span> <span class='ocrx_word' id='word_1_528' title='bbox 1325 2667 1513 2697; x_wconf 76' lang='lat' dir='ltr'><strong>argumentum</strong></span> <span class='ocrx_word' id='word_1_529' title='bbox 1532 2667 1560 2689; x_wconf 86' lang='lat' dir='ltr'><strong>et</strong></span> <span class='ocrx_word' id='word_1_530' title='bbox 1578 2666 1630 2690; x_wconf 82' lang='lat' dir='ltr'><strong>duo</strong></span> <span class='ocrx_word' id='word_1_531' title='bbox 1647 2667 1790 2697; x_wconf 80' lang='lat' dir='ltr'><strong>sequentia</strong></span> <span class='ocrx_word' id='word_1_532' title='bbox 1807 2668 1841 2691; x_wconf 84' lang='lat' dir='ltr'><strong>ab</strong></span> <span class='ocrx_word' id='word_1_533' title='bbox 1859 2667 1942 2691; x_wconf 76' lang='lat' dir='ltr'><strong>Editt.</strong></span> <span class='ocrx_word' id='word_1_534' title='bbox 1965 2667 2049 2696; x_wconf 73' lang='lat'><strong>¹556.,</strong></span> <span class='ocrx_word' id='word_1_535' title='bbox 2071 2668 2136 2691; x_wconf 77' lang='lat'>¹565</span> 
     </span>
     <span class='ocr_line' id='line_1_94' title="bbox 1215 2701 1521 2725; baseline 0.003 -1"><span class='ocrx_word' id='word_1_536' title='bbox 1215 2702 1334 2724; x_wconf 76' lang='lat'><strong>—1596.</strong></span> <span class='ocrx_word' id='word_1_537' title='bbox 1353 2701 1521 2725; x_wconf 77' lang='lat' dir='ltr'><strong>exhibentur.</strong></span> 
     </span>
    </p>
   </div>
  </div>
 </body>
</html>
