2351 2990
125 112 199 151 525

124 199 297 246 petatffl),
326 211 434 245 quam
454 204 556 231 antea
576 209 716 241 semper
731 196 924 241 neglexisse
940 197 1034 231 visus
1058 203 1119 231 est.

124 251 316 285 Adduntur
336 249 562 294 occupationi
577 250 648 282 duo
669 248 737 281 loci
754 260 960 282 communes
981 249 1119 292 elegan-

124 302 269 342 tissImi‚
294 303 392 347 quod
411 312 528 334 mores
545 312 584 333 ac
601 299 672 332 vita
690 299 917 344 imperatoris
933 299 970 332 in
987 298 1118 334 haben-

124 354 178 387 dis
195 351 392 387 honoribus
410 352 521 395 magis
538 350 663 395 inspici
681 352 829 391 debent,
865 363 970 396 quam
990 364 1045 385 res
1062 364 1118 396 ge-

123 412 197 438 stae
209 432 218 445 ,
247 411 280 437 et
298 405 393 449 quod
410 403 589 436 interdum
605 402 641 434 in
658 403 750 436 bello
767 403 922 447 gerendo
945 403 1022 447 plns
1046 404 1117 436 effi-

124 456 216 489 citur
233 455 411 501 aequitate
437 460 471 487 et
494 453 732 494 continentia,
765 466 871 500 qnam
897 454 943 488 vi.
996 454 1116 498 Epilo-

123 519 187 551 gus
204 505 309 539 hahet
324 505 581 550 praecisionem
606 511 639 538 et
661 517 800 545 causas,
835 517 925 551 quae
942 505 1114 539 Catonem

125 557 278 591 invitare
297 558 444 597 debent,
472 563 512 590 ut
527 555 617 589 nihil
633 563 770 590 recuset
792 557 907 590 facere
930 569 996 601 pro
1018 557 1114 590 Cice-

122 620 210 641 rone
226 609 262 641 in
279 608 536 654 consequendis
555 606 764 642 honoribus.

379 683 514 716 Aliud
543 689 870 728 argumentum.

223 751 319 784 Haec
351 751 500 796 epistola
530 758 581 785 est
610 751 748 795 generis
778 750 941 784 suasorii.
1007 749 1113 782 Prior

120 815 203 847 pars
221 809 272 837 est
286 803 447 835 narratio
474 815 594 835 rerum
621 815 640 835 a
664 815 699 836 se
726 802 762 834 in
790 801 972 845 provincia
1001 807 1112 843 gesta-

119 866 212 888 rum.
265 854 448 887 Posterior
464 860 515 887 est
534 853 678 897 petitio,
705 859 745 885 ut
760 852 847 885 Cato
864 864 927 885 suo
947 851 1112 894 suffragio

119 905 354 949 adstipuletur
376 902 507 937 honori
536 903 727 937 Ciceronis.
796 903 891 935 Petit
919 902 1036 942 enim,
1075 909 1112 936 ut

118 963 264 1000 propter
281 968 336 989 res
356 968 375 988 a
393 967 428 989 se
447 961 559 999 gestas
578 953 789 999 supplicatio
806 953 872 987 sibi
889 955 1110 987 decernatur.

361 1030 498 1063 Aliud
532 1035 861 1073 argumentum.

219 1096 336 1130 Habet
351 1098 438 1131 duas
455 1103 586 1141 partes.
639 1097 745 1130 Prior
763 1103 813 1130 est
836 1102 1004 1141 perpetua
1029 1108 1110 1128 nar-

117 1148 210 1180 ratio
228 1160 348 1182 rerum
369 1161 385 1180 a
403 1161 437 1182 se
460 1149 496 1180 in
516 1148 635 1181 Cilicia
658 1154 848 1191 gestarum.
909 1148 1032 1180 Altera
1060 1153 1106 1180 est

117 1199 262 1243 petitio,
288 1205 347 1238 ut,
375 1212 452 1232 cum
471 1200 513 1232 de
537 1199 622 1232 actis
641 1199 822 1232 Ciceronis
848 1199 883 1230 in
908 1206 1033 1232 senatu
1055 1211 1107 1230 re-

115 1253 286 1289 ferretur,
315 1251 402 1283 Cato
424 1262 503 1283 eum
522 1263 582 1283 sua
604 1250 776 1283 sententia
796 1261 924 1282 ornare
940 1250 1042 1289 velit,
1071 1256 1108 1282 nt

113 1301 388 1345 supplicationes
405 1302 652 1334 decernantur.
705 1301 900 1333 Exordium
925 1307 1105 1344 sumptum

114 1358 165 1385 est
188 1365 207 1385 a
233 1365 383 1397 persona
402 1353 566 1385 Catonis:
603 1351 695 1396 Quia
722 1358 839 1385 tantus
864 1351 900 1384 in
925 1352 1103 1396 republica

114 1403 169 1435 vir
186 1415 240 1444 es,
263 1404 462 1436 existimavi
478 1410 511 1437 te
527 1403 615 1437 scire
635 1403 781 1443 debere,
806 1415 896 1448 quae
920 1415 938 1435 a
963 1416 1018 1436 me
1036 1404 1102 1436 sint

114 1460 221 1496 gesta.
272 1455 372 1498 At‘20)
390 1455 498 1486 altera
522 1466 605 1498 pars
627 1451 732 1487 huius
756 1454 943 1498 epistolae,
976 1466 1103 1498 nempe

112 1503 257 1547 petitio,
282 1511 333 1537 est
352 1510 385 1536 et
401 1504 541 1547 elegans
560 1511 593 1537 et
611 1504 761 1538 erudita.
809 1504 1014 1548 Propositio
1036 1512 1101 1538 est:

111 1554 185 1598 Ego
203 1561 236 1587 te
254 1567 326 1587 non
344 1556 478 1599 rogabo
491 1582 500 1595 ‚
525 1556 584 1588 sed
603 1561 740 1588 tantum
760 1556 960 1589 admonebo
984 1562 1036 1596 te,
1063 1564 1101 1589 ut

109 1612 169 1638 tua
193 1607 366 1639 sententia
392 1619 446 1638 me
470 1606 507 1638 in
529 1613 654 1640 senatu
679 1619 794 1641 ornes.
860 1607 981 1640 Prima
1008 1608 1099 1640 ratio

109 1663 250 1700 sumpta
275 1663 325 1690 est
349 1669 369 1689 a
389 1657 729 1690 commemoratione
746 1664 953 1691 mutuorum
963 1659 1008 1704 ²¹)
1026 1660 1100 1691 ossi-

109 1708 266 1748 ciorum,
300 1720 361 1741 seu
382 1709 426 1741 ab
452 1708 580 1743 officio.
633 1708 748 1741 Habet
765 1715 882 1742 antem
902 1709 1096 1753 elegantem

105 1759 393 1792 translationem:
424 1759 695 1799 Commemoro,
724 1760 859 1804 inquit,
888 1773 965 1792 mea
992 1761 1098 1793 bene—

106 1809 204 1850 ficia,
231 1822 305 1843 non
324 1816 494 1855 tanquam
514 1810 682 1843 beneficia
696 1837 704 1850 ,
732 1812 792 1844 sed
813 1816 984 1857 tanquam
1002 1813 1096 1846 testi-

105 1861 226 1894 monia
245 1867 385 1895 tuarum
407 1862 599 1901 virtutum,
634 1874 722 1907 quas
749 1874 811 1905 ego
837 1861 874 1894 in
900 1869 932 1895 te
956 1876 1095 1907 semper

103 1925 181 1947 sum
205 1913 414 1946 admiratus.
473 1913 635 1946 Secunda
661 1919 712 1947 est
735 1919 874 1956 sumpta
901 1925 919 1946 a
945 1914 1093 1948 circum-

102 1964 232 1998 stantia
255 1964 445 2008 temporis:
480 1964 638 1997 Maxima
660 1962 749 1997 mihi
771 1964 902 1997 iniuria
926 1965 1018 1998 facta
1043 1972 1094 2000 est

101 2015 344 2059 superioribus
361 2015 601 2060 temporibus,
625 2015 705 2048 ideo
723 2015 826 2060 cupio
846 2028 969 2049 omnes
994 2029 1092 2050 occa-

101 2066 218 2100 siones
248 2067 518 2111 amplificandae
548 2067 730 2111 dignitatis
763 2067 939 2111 amplecti.
1000 2068 1091 2101 Usus

100 2123 152 2151 est
169 2123 287 2150 autem
306 2115 362 2150 hic
380 2118 622 2162 occupatione,
651 2130 712 2151 cur
729 2130 822 2150 nunc
840 2117 931 2151 hanc
948 2118 1088 2152 laudem

100 2168 244 2203 ambiat.
310 2169 376 2201 Hic
399 2169 544 2213 corrigit
569 2169 871 2214 propositionem:
908 2170 987 2203 Non
1013 2176 1088 2202 tan-

98 2227 173 2253 tum
183 2219 230 2265 22)
247 2220 447 2253 admonebo
465 2226 517 2260 te,
544 2222 605 2254 sed
624 2221 729 2254 etjam
755 2221 903 2264 rogabo,
964 2221 1087 2254 Tertia

99 2284 116 2304 a
134 2272 238 2304 rebus
254 2271 358 2316 gestis
375 2271 412 2304 in
428 2272 538 2312 bello,
564 2284 627 2306 seu
646 2284 665 2305 a
681 2272 871 2306 virtutibus
880 2272 925 2318 23)
943 2272 1087 2306 bellicis.

133 2372 177 2402 19)
198 2373 323 2430 expetat]
343 2371 383 2396 sic
401 2374 476 2396 recte
493 2372 543 2397 Ed.
563 2373 654 2404 1556.;
678 2373 763 2399 Editt.
786 2373 878 2404 1565„
899 2373 990 2404 1571„
1011 2374 1084 2399 1596.

166 2414 198 2431 ex
210 2414 248 2430 ›ec
264 2413 279 2430 a
295 2424 300 2430 .

126 2451 177 2479 20)
197 2415 246 2479 iu]
267 2449 307 2473 sic
325 2449 410 2474 Editt.
430 2449 523 2479 1556.,
543 2450 632 2481 1565.;
663 2451 712 2475 Ed.
734 2451 808 2477 1571.
834 2457 930 2475 errore
955 2453 1082 2483 typograe

163 2485 223 2515 Λᾶς
251 2485 277 2507 in
297 2484 346 2507 Ed.
369 2484 442 2507 1536.
462 2484 555 2509 outiSS.

127 2530 174 2558 21)
194 2528 363 2556 mutuorum]
391 2526 432 2551 sic
451 2527 533 2552 Editt.
550 2528 641 2559 1556.‚
660 2529 752 2561 1565.;
787 2529 871 2556 Editt.
894 2530 984 2562 1571.,
1007 2531 1080 2556 1596.

160 2564 314 2587 multorum.

125 2606 310 2664 ἳῗῖὃὶειιὲιιξιιω]
331 2603 372 2629 sic
389 2605 465 2629 recte
480 2604 564 2629 Editt.
583 2605 676 2638 1565.‚
697 2607 789 2637 1571.‚
811 2607 901 2638 1596.;
932 2608 982 2633 Ed.
1005 2608 1078 2633 1556.

124 2682 172 2710 23)
190 2689 240 2706 seu
258 2688 276 2706 a
295 2682 456 2711 virtutibus]
483 2681 524 2707 sio
541 2682 624 2707 Editt.
646 2683 736 2715 ¹556„
758 2684 852 2715 1565.;
886 2686 969 2712 Editt.
988 2686 1075 2717 1571„

160 2717 235 2742 1596.
252 2723 303 2742 seu
320 2717 476 2742 virtutibus

277 111 398 148 XXIII.
440 110 750 146 ARGUMENTA
772 109 837 144 ET
860 110 1064 145 SCHOLIA
1087 109 1135 145 IN
1156 110 1303 146 EPIST.
1325 111 1436 147 FAM.
1461 112 1543 147 ClC.
1571 111 1658 146 Ltss.
1677 113 1748 148 XV.
1780 113 1849 148 ΕΡ.
1864 115 1897 148 3.
1914 114 1947 148 4.
1967 114 2002 149 5.

2083 113 2156 149 526

1177 196 1312 241 Quarta
1332 198 1374 231 ab
1391 199 1698 232 administratione
1724 199 1885 243 politica,
1919 212 1980 234 seu
2004 211 2022 233 a
2053 200 2162 233 vimu-

1175 250 1266 282 tibus
1277 249 1322 295 s²³)
1347 251 1454 294 pacis.
1527 250 1646 283 Utitur
1672 257 1789 283 autem
1814 249 1870 284 hic
1897 252 2084 284 commoda
2108 264 2162 283 re-

1172 300 1339 333 iectione:
1375 301 1450 345 Ego
1476 314 1548 334 non
1574 314 1629 334 me
1656 302 1888 346 praedicabo,
1924 303 2075 336 aliorum
2100 315 2160 335 au-

1171 352 1244 385 dies
1264 353 1476 387 testimonia.
1528 352 1639 386 Addit
1665 354 1995 397 amplificationem:
2032 354 2161 386 Rario-

1170 415 1224 436 res
1249 410 1330 436 sunt
1355 403 1433 437 illae
1461 410 1553 438 artes
1577 404 1693 449 pacis,
1733 406 1840 448 igitur
1872 417 1945 438 non
1979 405 2158 437 minorem

1168 454 1309 487 laudem
1334 462 1536 495 merentur,
1572 469 1678 501 quam
1706 463 1797 489 artes
1820 456 1914 491 belli.
1980 456 2113 501 Quinta
2141 469 2160 488 a

1169 506 1417 539 communibus
1452 506 1575 540 studiis
1610 505 1871 551 philosophiae.
1942 506 1981 540 In
2014 508 2082 540 fme
2111 513 2161 541 est

1169 556 1336 590 clausula.

1344 642 1669 687 Argumentum
1698 643 1924 687 epistolae
1953 643 1995 677 V.

1270 709 1538 755 Gratulatur‘5)
1566 710 1729 743 Ciceroni
1754 712 1797 743 dc
1825 712 1929 744 rebus
1963 712 2085 754 gestis,
2129 719 2162 745 et

1168 759 1290 799 tacite,
1319 773 1361 792 ne
1383 760 1603 805 triumphurn
1623 762 1776 801 ambiat,
1806 762 2050 808 dissuadetffi).

1385 844 1518 876 Aliud
1549 852 1864 889 argumentum
1880 846 1938 892 ²7).

1268 911 1508 956 Responsoria
1529 920 1580 947 est
1601 914 1769 958 epistola,
1799 928 1867 959 qua
1891 915 1978 948 Cato
2006 916 2160 958 gratula-

1166 968 1222 995 tur
1239 963 1401 996 Ciceroni
1418 965 1595 997 decretam
1614 965 1921 1009 supplicationem.
1961 966 2159 999 Exordium

1164 1014 1338 1047 familiare
1359 1022 1408 1048 est
1425 1022 1605 1059 sumptum
1625 1029 1642 1049 a
1666 1017 1977 1050 commendatione
2005 1017 2057 1050 sui
2084 1019 2159 1051 offi-

1164 1064 1207 1097 cii
1226 1072 1258 1098 et
1279 1066 1385 1098 studii
1410 1078 1490 1110 erga
1517 1067 1747 1108 Ciceronem,
1784 1076 1816 1101 et
1846 1075 1984 1101 constat
2009 1067 2075 1101 hoc
2099 1082 2159 1102 en-

1164 1114 1397 1160 thymemate:
1427 1118 1572 1151 Summa
1593 1119 1722 1152 virtute
1749 1126 1781 1152 et
1805 1120 1985 1163 diligentia
2011 1121 2158 1164 proxin-

1163 1168 1252 1200 ciam
1279 1169 1474 1211 guberuas,
1514 1170 1621 1213 igitur
1649 1177 1681 1202 te
1708 1183 1785 1203 mea
1811 1171 1986 1204 sententia
2017 1172 2157 1205 senatui

1162 1219 1421 1253 commmendavi.
1472 1220 1676 1265 Propositio
1691 1222 1967 1266 gratulationem
1985 1223 2156 1263 continet,

1161 1271 1219 1302 sed
1240 1271 1517 1304 conditionalem
1537 1274 1578 1305 ad
1599 1271 1692 1306 hunc
1708 1275 1873 1306 modum:
1903 1273 2075 1307 Gratulor
2091 1274 2156 1307 tibi

1159 1321 1454 1365 supplicationem
1467 1348 1476 1361 ‚
1505 1323 1533 1356 si
1552 1329 1588 1356 tu
1606 1336 1683 1356 eam
1702 1322 1884 1369 triumpho
1904 1326 2072 1369 praefers.
2116 1326 2152 1359 Si

1159 1378 1276 1405 autem
1307 1371 1529 1416 triumphum
1560 1382 1639 1418 post
1671 1377 1968 1420 supplicationem
2000 1377 2064 1410 tibi
2095 1378 2154 1410 de-

1158 1423 1254 1455 cerni
1279 1425 1430 1467 expetis,
1468 1437 1540 1456 non
1566 1433 1658 1458 recte
1688 1428 1791 1468 sacis,
1833 1427 1914 1472 quia
1950 1426 2152 1472 triumphus

1157 1485 1230 1506 non
1256 1487 1396 1518 semper
1421 1475 1624 1509 decernitur
1647 1484 1727 1521 post
1757 1479 2073 1522 supplicationem,
2118 1487 2151 1513 et

1157 1525 1258 1568 longe
1277 1527 1391 1558 maior
1411 1524 1524 1560 honos
1542 1534 1610 1567 est,
1645 1541 1750 1573 quem
1778 1529 2026 1573 gravissimum
2051 1543 2151 1564 sena-

1155 1582 1208 1609 tus
1240 1577 1409 1610 iudicium
1446 1578 1490 1610 ob
1523 1580 1749 1622 prudentiam
1775 1587 1809 1614 et
1838 1582 2150 1615 mansuetudinem

1154 1627 1297 1667 tribuit,
1334 1641 1439 1673 quam
1467 1629 1515 1668 is,
1550 1630 1612 1674 qui
1638 1638 1786 1675 propter
1810 1631 1997 1665 victoriam
2017 1634 2146 1667 robore

1152 1679 1323 1712 exercitus
1349 1686 1381 1712 et
1405 1680 1624 1723 benignitate
1650 1683 1814 1716 fortunae
1841 1684 2032 1718 confertur.
2095 1684 2147 1718 lta

1152 1731 1299 1763 obscure
1323 1728 1488 1764 hortatur
1506 1732 1714 1766 Ciceronem
1732 1746 1751 1766 a
1770 1734 1941 1779 petitione
1961 1734 2146 1780 triumphi.

1150 1781 1317 1826 Sequitur
1335 1782 1515 1826 epilogus,
1544 1783 1581 1816 in
1599 1797 1669 1829 quo
1697 1787 1945 1819 accommodat
1971 1799 2073 1820 snum
2102 1789 2145 1820 de

1148 1833 1416 1876 supplicationis
1434 1836 1651 1878 praestantia
1670 1836 1841 1871 iudicium
1871 1843 1905 1870 et
1923 1838 2143 1882 diligentiam

1148 1884 1185 1916 iu
1203 1896 1243 1916 co
1264 1886 1440 1918 ornando.

1399 1959 1534 1992 Aliud
1562 1968 1889 2004 argumentum.

1246 2026 1487 2070 Responsoria
1506 2033 1556 2060 est
1575 2029 1617 2060 ad
1639 2028 1840 2072 proximam
1868 2033 2137 2075 praecedentem

1144 2079 1186 2110 de
1216 2078 1473 2122 supplicatione
1509 2084 1542 2111 et
1574 2078 1776 2124 triumpho,
1817 2081 1854 2115 in
1886 2096 1955 2129 qua
1982 2085 2138 2128 primum

1144 2129 1324 2173 praedicat
1340 2142 1442 2162 suum
1462 2129 1620 2163 animum
1640 2131 1676 2163 in
1697 2131 1868 2167 Cicerone
1891 2136 2034 2168 absente
2058 2136 2138 2169 dili-

1141 2182 1254 2224 gendo
1274 2187 1307 2213 et
1324 2182 1499 2214 ornando.
1528 2180 1665 2214 Deinde
1681 2183 1859 2217 dissuadet
1875 2193 1992 2229 petere
2011 2187 2136 2220 trium-

1140 2230 1263 2276 phum.
1318 2231 1469 2265 Orditnr
1486 2245 1502 2264 a
1523 2234 1760 2276 gratulatione
1778 2248 1895 2269 rerum
1914 2237 2061 2271 feliciter
2078 2251 2135 2282 ge-

1139 2289 1273 2316 starum
1289 2283 1325 2315 in
1343 2283 1540 2328 proxincia,
1570 2286 1686 2317 addita
1707 2287 1972 2329 praedicatione
1989 2290 2043 2322 sui
2059 2291 2134 2323 offi-

1138 2334 1202 2375 cii,
1238 2336 1335 2380 quod
1358 2347 1414 2368 res
1437 2341 1549 2379 gestas
1576 2337 1714 2369 senatui
1741 2338 1929 2381 diligenter
1954 2351 2133 2374 commen-

1167 2453 1214 2479 24)
1236 2458 1284 2475 seu
1303 2457 1319 2475 a
1342 2450 1505 2479 virtutihus]
1531 2450 1572 2474 sie
1594 2451 1679 2474 Editt.
1703 2451 1795 2482 1565.,
1829 2453 1920 2479 1571..
1950 2455 2042 2487 1596.;
2081 2457 2128 2482 Ed.

1206 2486 1280 2510 1556.
1300 2492 1350 2509 seu
1368 2485 1525 2508 virtutihus.

1165 2530 1213 2558 25)
1234 2529 1301 2552 Huic
1319 2528 1379 2552 voci
1405 2528 1432 2551 in
1451 2527 1534 2551 Editt.
1558 2527 1649 2558 1540„
1672 2528 1760 2554 ¹544..
1783 2529 1876 2560 1554„
1898 2532 1971 2556 1557.
1999 2534 2121 2563 praefixa

1202 2564 1266 2587 suut
1286 2563 1340 2587 Cic.
1360 2564 1458 2585 verba:
1483 2561 1566 2591 Quod
1584 2563 1611 2585 et
1631 2563 1805 2592 respublica.

1163 2606 1211 2634 26)
1233 2606 1289 2629 Hoc
1303 2607 1491 2637 argumentum
1507 2604 1605 2627 habent
1619 2605 1701 2627 Editt.
1717 2606 1917 2637 1537—15-15.‚
1936 2609 2020 2640 155⁴.y
2042 2610 2126 2641 1557„

1202 2641 1277 2664 1560.

1161 2681 1210 2709 27)
1232 2683 1288 2705 Hoc.
1307 2681 1496 2710 argumentum
1522 2681 1548 2703 et
1574 2682 1689 2710 quatuor
1713 2683 1859 2713 sequeiiti'a
1882 2684 1910 2709 in
1929 2685 2012 2711 Editt.
2033 2687 2118 2718 1556.‚

1197 2715 1389 2741 1555—1596.
1409 2715 1570 2738 afferuntur.
