2351 2990
83 120 157 154 713

85 218 143 240 seo
162 204 208 249 3ὲῖ)
223 231 231 243 ,
258 201 441 249 Olynthiis
459 203 587 236 auxilia
608 202 780 235 mittenda
802 214 892 240 esse;
934 214 973 235 ac
999 215 1076 236 sen-

86 257 234 290 tentiam
268 256 485 299 probaturus
514 267 612 293 sum,
657 254 817 299 quisquis
841 254 952 293 dicet,
988 267 1076 299 quo—

87 309 195 342 modo
213 313 247 339 et
263 307 396 350 optime
418 306 607 344 instructa,
631 311 665 338 et
684 318 790 350 quam
809 306 964 349 primum
983 305 1076 338 mitti

88 359 238 405 possint.
294 358 427 391 Censeo
446 363 480 389 et
497 358 541 390 ad
560 355 752 390 Thessalos
773 357 985 389 mittendam
1004 369 1076 391 esse

87 411 323 455 legationem,
352 421 442 455 quae
461 421 519 442 eos
536 415 570 441 et
588 410 630 441 de
655 414 831 452 apparatu
857 415 980 441 nostro
1005 420 1077 441 cer-

88 463 198 496 tiores
229 462 375 500 reddat,
410 467 444 493 et
474 462 517 493 ad
552 460 636 493 belli
666 460 869 493 societatem
902 458 1077 493 hortetur.

88 514 332 547 Deci-everunt
349 513 442 545 enim
454 512 608 555 Pagasas
626 518 785 555 repetere
798 537 807 550 ‚
827 517 859 543 ct
878 512 920 544 de
930 511 1077 555 Magne·

89 566 139 599 sia
172 577 250 598 cum
274 562 443 608 Philippo
469 564 706 608 expostulare.
767 563 832 595 Sed
860 562 996 601 videte,
1033 574 1078 594 ne

88 622 226 649 tantum
244 616 351 648 verba
367 615 472 659 legati
490 615 597 649 vestri
614 615 816 659 perferant,
851 615 911 647 sed
934 620 974 646 ut
997 626 1078 657 pos-

88 668 159 702 sint
187 667 293 700 etiam
329 679 385 701 res
414 668 619 706 ostendere,
655 666 752 711 quod
783 666 854 698 iam
887 664 1079 698 eduxeritis

87 719 278 758 exercitus,
316 719 412 764 quod
442 719 573 751 bellum
607 716 809 757 moveritis,
845 716 1078 762 quemadmo-

87 772 171 804 dum
192 770 374 814 republica
403 776 517 803 vestra
546 770 692 813 dignum
720 774 782 802 est.
845 768 936 802 Nam
962 766 1078 799 oratio

88 822 163 856 sine
181 821 281 855 factis
306 828 357 855 est
381 821 517 861 inanis,
546 820 755 866 praesertim
783 820 825 851 de
847 825 969 852 nostra
995 817 1078 850 civi-

89 880 172 907 tate.
230 873 311 918 Quo
331 873 424 905 enini
446 873 509 918 ³⁵¹³)
527 872 724 916 paratiores
742 870 893 909 erimus,
922 876 955 903 et
978 869 1079 902 citius

89 925 221 958 bellum
254 925 466 964 inferemus,
503 937 544 956 eo
571 923 708 956 facilius
731 922 954 966 impellemus
979 921 1080 959 alios,

88 983 128 1010 ut
145 977 189 1009 ab
215 988 257 1008 eo
284 976 461 1008 deficiant.
522 975 613 1009 Nam
642 974 670 1008 si
696 986 801 1019 quem
828 973 929 1006 vobis
954 973 1080 1005 adiun-

88 1039 170 1071 gere
186 1027 311 1066 vultis,
338 1039 478 1060 necesse
498 1033 568 1066 est,
594 1032 634 1059 ut
653 1038 818 1069 magnam
841 1024 1077 1057 mutationem

88 1079 183 1122 apud
214 1091 276 1111 vos
302 1078 516 1122 conspiciat,
551 1090 590 1110 ac
614 1077 733 1109 videat
759 1089 822 1109 vos
845 1076 972 1120 cupide
998 1087 1080 1107 con-

87 1131 179 1163 ferre
210 1129 363 1168 tributa,
405 1130 554 1161 educere
586 1128 727 1172 copias,
770 1128 925 1173 denique
960 1126 1079 1159 omnia

89 1188 256 1226 prompte
276 1180 386 1214 obire.
442 1180 537 1212 Haec
554 1180 580 1213 si
607 1179 794 1223 perficietis
811 1179 877 1226 ³⁶),
908 1179 1078 1223 quemad-

88 1234 235 1266 modum
255 1231 439 1271 convenit,
474 1244 547 1264 non
564 1231 679 1264 solum
709 1230 888 1263 sociorum
915 1231 1080 1262 volunta-

89 1291 139 1317 tes
164 1296 246 1327 erga
272 1281 480 1326 Philippum
508 1283 706 1321 labascent,
741 1282 801 1314 sed
827 1281 933 1314 etiam
959 1282 1081 1313 dome-

88 1335 191 1369 sticas
232 1334 325 1368 vires
364 1333 566 1377 intelligetis
604 1332 847 1377 languidiores
883 1339 917 1365 et
956 1332 1081 1364 infidas

89 1399 175 1421 esse.
233 1386 326 1420 Nam
352 1385 579 1418 Macedonici
604 1385 776 1417 exercitus
804 1390 942 1417 tantum
961 1383 1083 1416 valent

91 1437 298 1482 appendicis
323 1436 419 1476 vice,
453 1436 543 1470 sicut
567 1436 652 1468 olim
679 1433 874 1469 Timotheo
898 1437 986 1469 duce
1016 1447 1081 1467 no-

89 1489 225 1523 biscum
258 1489 427 1521 adversus
451 1485 643 1532 Olynthios
677 1488 878 1520 valuerunt.
942 1486 1081 1520 Deinde

90 1537 273 1586 Olynthiis
312 1539 510 1578 coniuncti,
561 1540 729 1572 adversus
759 1539 970 1571 Potidaeam
1005 1550 1081 1570 rem

89 1593 179 1625 bene
205 1597 400 1635 gesserunt.
462 1591 641 1636 Quodque
668 1602 763 1623 nunc
786 1588 977 1623 Thessalos
1002 1590 1082 1623 sub-

92 1649 260 1688 egerunt,
290 1642 336 1675 ita
354 1642 498 1682 accidit,
527 1642 609 1687 quia
628 1641 695 1686 ipsi
711 1642 803 1674 inter
819 1654 854 1675 se
873 1641 1082 1675 dissentien-

91 1702 143 1729 tes
173 1692 357 1733 Thessali,
400 1694 617 1727 adiuverunt
648 1705 707 1726 eos
737 1699 860 1726 contra
896 1699 1081 1738 tyrannos.

92 1747 241 1791 Semper
269 1752 388 1778 autem
423 1745 620 1790 quamlibet
649 1756 759 1788 parva
788 1744 961 1783 accessio,
992 1743 1082 1777 mul-

92 1805 166 1832 tum
201 1799 317 1830 adfert
347 1796 533 1830 momenti.
599 1795 697 1840 Ipsae
730 1808 815 1828 vero
840 1795 1080 1828 Macedonum

92 1862 148 1883 res
165 1861 229 1894 per
251 1861 324 1882 sese
348 1849 510 1880 infirmae
535 1854 616 1880 sunt
632 1847 699 1893 37),
727 1854 760 1879 et
785 1847 911 1891 plenae
934 1846 1081 1879 difficul-

92 1907 227 1941 tatum,
257 1912 345 1946 quas
364 1899 460 1933 auxit
484 1899 589 1932 etiam
608 1896 796 1943 Philippus
819 1896 874 1931 his
898 1898 982 1942 ipsis
1009 1898 1081 1930 bel-

91 1953 134 1986 lis
163 1959 197 1985 et
237 1951 544 1996 expeditionibus,
589 1950 717 1995 quibus
754 1949 936 1994 potentior
970 1950 1082 1982 factus

94 1997 246 2038 videtur]
304 2003 387 2036 Non
412 2002 506 2035 enim
532 2003 674 2034 eaedem
705 2014 760 2034 res
794 2001 919 2034 iuvant
946 1999 1082 2045 Philip-

93 2067 179 2099 pum
199 2061 233 2088 et
248 2054 418 2088 subditos.
472 2054 563 2088 Nam
584 2053 658 2097 ipse
676 2053 826 2097 gloriam
854 2052 1082 2097 concupiscit,

95 2112 129 2139 et
144 2104 237 2138 hanc
263 2106 399 2151 assequi
424 2118 562 2139 summa
586 2105 815 2138 contentione
837 2104 948 2136 animi
976 2117 1081 2137 cona-

96 2164 164 2191 tur.
218 2155 300 2189 Ideo
319 2157 436 2190 nullos
450 2157 608 2197 labores,
635 2157 771 2190 nullum
801 2156 998 2200 periculum
1025 2157 1083 2188 de-

96 2214 241 2248 trectat,
270 2214 309 2240 nt
326 2208 480 2242 maiores
503 2221 585 2242 suos
610 2208 857 2252 magnitudine
883 2220 1001 2240 rerum
1027 2220 1084 2251 ge-

130 2343 178 2372 ³5)
201 2344 232 2368 Η.
252 2344 270 2366 l.
291 2343 315 2365 in
336 2342 407 2366 Edit.
431 2342 512 2366 nasii.
533 2345 598 2366 nota
622 2343 754 2373 margum
780 2343 944 2372 Principalis
971 2344 1084 2366 concin-

169 2378 275 2436 {iissapet
295 2377 448 2407 sententia,
468 2383 520 2408 qna
539 2379 650 2407 censet,
671 2380 708 2409 et,
729 2379 791 2408 quid
813 2378 949 2408 agendum
969 2378 1021 2403 sit,
1043 2378 1085 2401 in-

131 2465 196 2503 ³5³)
217 2464 385 2493 inferemus]
406 2463 445 2486 sic
464 2463 513 2489 Ed,
534 2463 633 2493 nasim
658 2464 741 2489 Editt.
763 2464 837 2488 1559.
858 2477 891 2481 —
913 2464 987 2488 1587.
1013 2464 1086 2488 infe-

164 2505 259 2524 rimus,

135 2551 183 2578 36)
203 2552 236 2576 Η.
257 2551 276 2575 i.
297 2550 322 2573 in
341 2551 389 2574 Ed.
412 2550 494 2575 nasu.
517 2551 583 2574 nota
608 2550 741 2581 margum
769 2550 910 2574 Transitin
936 2550 979 2573 vel
1007 2550 1086 2579 quasi

169 2591 321 2614 parasceue
348 2585 381 2608 ad
407 2591 525 2614 sequeus
551 2586 759 2615 argumentum,
785 2585 855 2615 qnod
880 2585 960 2608 etiam
985 2585 1086 2608 subditi

167 2620 283 2650 Philippi
302 2625 355 2643 non
375 2619 432 2642 sint
451 2619 574 2642 mansuri
596 2620 621 2642 in
643 2619 704 2645 fide.

133 2671 180 2699 37]
200 2672 232 2695 u.
253 2672 271 2696 1.
297 2671 323 2694 in
344 2671 393 2694 Ed.
416 2671 497 2696 Basil.
518 2672 585 2694 nota
604 2670 736 2701 margon:
765 2671 917 2695 Secundum
937 2677 1086 2702 argumen-

166 2707 230 2730 tum.
268 2706 374 2729 Subditi
395 2707 459 2729 sunt
479 2705 563 2735 iniqui
583 2705 722 2735 Philippo:
755 2712 822 2737 ergo
842 2712 895 2730 non
916 2707 1007 2736 potest
1033 2706 1084 2729 du-

171 2740 266 2764 rabilis
287 2746 352 2764 esse
372 2740 429 2764 eius
450 2741 567 2765 fortuna.

226 116 363 152 XXXII.
391 120 426 153 2.
454 114 852 151 INTERPRETATIO
881 113 1142 150 ORATIONIS
1170 113 1513 149 OLYNTHIACAE
1540 113 1581 148 ΙΙ.
1610 114 1962 151 DEMOSTHEMS.

2043 119 2117 154 714

1130 207 1263 236 starum
1281 208 1435 246 superet.
1489 202 1589 235 Hanc
1608 203 1758 246 gloriam
1778 205 1891 248 magis
1911 205 2042 250 expetit
2058 205 2118 252 38),

1130 267 1237 300 qnam
1254 260 1293 287 ut
1309 266 1428 287 secure
1444 254 1552 287 vivat.
1606 254 1673 287 Sed
1693 256 1845 299 populus
1866 270 1938 289 non
1962 257 2059 289 venit
2081 257 2119 289 in

1130 307 1332 339 societatem
1351 304 1455 339 huius
1478 305 1624 348 gloriae.
1678 307 1725 340 At
1751 306 1893 340 interim
1915 308 1978 353 3⁸³)
2002 308 2121 341 vexati

1131 359 1268 392 assidua
1288 357 1435 396 militia,
1468 358 1591 389 dolore
1611 358 1832 397 afficiuntur,
1870 365 1904 391 et
1930 366 2121 403 perpetuas

1132 421 1323 442 aerumnas
1340 410 1534 449 sustinent,
1554 422 1633 441 cum
1651 421 1724 441 non
1743 411 1959 443 concedatur
1977 411 2026 443 eis
2041 423 2121 454 spa-

1132 461 1219 494 tium
1238 473 1293 493 res
1310 472 1391 493 suas
1410 460 1576 499 curandi,
1614 467 1675 493 aut
1691 461 1832 494 fruendi
1857 474 1920 494 suo
1934 488 1943 501 ,
1977 474 2042 494 ncc
2069 474 2121 501 ea,

1133 525 1223 557 qnae
1243 512 1428 544 lucrantur
1448 524 1594 556 quoquo
1614 514 1735 552 modo,
1754 513 1844 545 bene
1857 513 2030 546 collocare
2041 525 2122 557 pos-

1132 570 1234 601 sunt,
1262 562 1342 607 quia
1366 563 1525 606 emporia
1555 570 1701 607 propter
1726 564 1857 597 bellum
1884 565 2001 598 clausa
2028 570 2121 598 sunt.

1132 614 1217 646 Inde
1248 613 1350 645 facile
1375 613 1556 646 aestimari
1586 621 1722 657 potest,
1758 617 1941 660 quomodo
1967 616 2122 660 populus

1133 666 1169 697 in
1188 664 1400 697 Macedonia
1431 677 1512 708 erga
1540 663 1748 709 Philippum
1777 668 1922 700 affectus
1944 668 1999 701 sit.
2054 667 2123 700 Sed

1132 716 1262 750 milites
1280 722 1313 748 et
1331 716 1484 759 pedites,
1503 729 1592 761 quos
1609 715 1735 757 habet,
1762 718 2010 752 existimantur
2027 731 2124 762 egre-

1133 769 1187 812 gia
1206 767 1337 800 virtute
1365 767 1539 810 praediti,
1577 775 1610 801 et
1632 769 1812 801 exercitati
1837 769 1873 802 in
1896 782 1934 802 re
1963 770 2124 804 militari.

1133 819 1266 852 Verum
1285 831 1349 862 ego
1369 830 1410 851 ex
1427 819 1583 864 quodam
1603 820 1703 863 gravi
1726 821 1824 859 viro,
1859 821 1914 854 cui
1941 821 2039 863 regio
2064 821 2124 853 illa

1134 877 1217 904 nota
1238 877 1307 909 est,
1335 870 1477 910 audivi,
1506 871 1637 904 milites
1655 871 1735 905 illos
1751 884 1825 904 non
1844 885 1916 906 esse.
1941 879 2124 916 praestan-

1134 923 1242 955 tiores
1264 922 1422 955 caeteris.
1476 921 1567 956 Nam
1591 923 1619 956 si
1645 923 1706 968 qui
1728 924 1904 956 excellunt
1929 924 2060 957 virtute
2085 936 2126 956 ac

1133 973 1278 1008 scientia
1308 973 1360 1005 rei
1387 973 1570 1013 militaris,
1612 972 1676 1008 hos
1698 988 1762 1019 per
1787 975 2021 1008 ambitionem
2047 987 2064 1007 a
2091 987 2126 1009 se

1134 1031 1295 1059 removet
1317 1023 1525 1069 Philippus,
1558 1027 1642 1059 dum
1673 1027 1748 1059 vult
1773 1027 1887 1059 videri
1916 1027 2036 1059 omnia
2061 1039 2126 1060 suo

1135 1076 1283 1111 consilio
1301 1082 1333 1109 et
1351 1089 1411 1109 sua
1432 1077 1562 1110 virtute
1579 1090 1713 1121 gerere.
1766 1077 1859 1111 Nam
1883 1085 2025 1122 praeter
2051 1090 2127 1111 cae-

1136 1136 1208 1162 tera
1240 1128 1325 1160 vitia
1349 1127 1395 1171 39)
1423 1129 1553 1162 dicitur
1581 1129 1798 1162 intolerabili
1829 1130 1994 1174 superbia
2020 1136 2127 1175 atque

1136 1180 1341 1223 arrogantia
1362 1180 1544 1223 praeditus
1562 1193 1647 1214 esse.
1700 1181 1735 1213 Si
1756 1181 1834 1225 quis
1860 1188 1977 1214 autem
2005 1182 2128 1214 mode-

1135 1239 1207 1266 stus
1225 1237 1294 1269 est,
1323 1237 1385 1263 aut
1401 1231 1535 1276 alioqui
1553 1233 1707 1275 probus,
1741 1233 1796 1265 cui
1824 1232 2013 1277 displicent
2039 1245 2128 1278 quo-

1136 1284 1292 1316 tidianae
1315 1283 1389 1315 eius
1412 1280 1669 1322 helluationes,
1699 1283 1887 1317 ebrietates
1913 1291 1947 1317 et
1969 1284 2128 1317 saltatio-

1135 1348 1196 1368 nes
1208 1362 1216 1374 ,
1245 1333 1339 1367 hunc
1356 1334 1493 1366 dicebat
1509 1335 1660 1378 negligi,
1678 1341 1712 1367 et
1729 1335 1766 1367 in
1783 1336 1879 1369 nulla
1898 1336 2012 1380 gratia
2031 1336 2127 1380 apud

1136 1399 1215 1420 emn
1234 1397 1326 1421 esse;
1355 1386 1414 1418 sed
1433 1385 1628 1419 familiares
1645 1386 1676 1419 ei
1695 1399 1766 1420 esse
1784 1387 1941 1421 latrones
1960 1394 1994 1420 et
2010 1399 2128 1420 assen-

1136 1444 1269 1470 tatores
1287 1436 1356 1484 ⁴⁰),
1390 1443 1424 1469 et
1442 1437 1549 1477 tales,
1582 1437 1645 1482 qui
1669 1438 1784 1471 solent
1806 1439 1893 1471 ebrii
1919 1440 2065 1477 saltare,
2094 1444 2129 1471 et

1136 1489 1219 1523 talia
1239 1490 1373 1528 facere,
1403 1501 1493 1533 quac
1511 1489 1693 1521 nominari
1719 1502 1792 1522 non
1818 1497 1978 1534 possunt.
2031 1490 2128 1522 Haec

1136 1553 1219 1574 vera
1241 1552 1313 1573 esse
1331 1546 1480 1573 constat.
1532 1540 1749 1586 Nequissimi
1767 1542 1861 1574 enim
1887 1540 2051 1575 homines
2070 1541 2129 1587 4¹),

1137 1605 1226 1638 quos
1242 1590 1326 1624 hinc
1351 1592 1552 1635 expulistis,
1579 1599 1619 1625 ut
1639 1592 1788 1625 Calliam
1808 1593 1872 1639 tna)
1896 1606 2038 1627 servum
2063 1605 2130 1636 pu-

1135 1644 1290 1683 blicum,
1316 1649 1349 1676 et
1367 1644 1499 1676 similes
1516 1644 1604 1677 alios
1630 1644 1761 1678 mimos
1790 1651 1824 1678 et
1850 1645 2042 1689 scriptores
2068 1644 2130 1676 ob-

1137 1707 1349 1729 scoenorum
1369 1695 1569 1727 carminum
1588 1702 1705 1735 amat,
1733 1702 1766 1728 et
1785 1697 1821 1728 in
1845 1696 2129 1729 familiaritatem

1136 1746 1304 1780 admittit.
1357 1745 1433 1779 Etsi
1450 1752 1567 1779 autem
1590 1745 1676 1779 haec
1692 1748 1861 1781 videntur
1883 1748 1974 1781 levia
2004 1753 2037 1779 et
2060 1747 2131 1779 exi-

1137 1811 1224 1843 gua,
1260 1804 1380 1830 tamen
1412 1798 1648 1841 prudentibus
1678 1799 1887 1842 gravissima
1922 1799 2020 1843 signa
2048 1804 2132 1831 sunt

1136 1850 1298 1894 perditae
1326 1849 1472 1888 mentis,
1513 1856 1546 1882 et
1575 1849 1814 1893 impendentis
1839 1849 1948 1883 exitii.
2002 1849 2131 1882 Hacte-

1136 1914 1202 1934 nus
1220 1900 1383 1944 prosperi
1402 1913 1579 1934 successus
1596 1899 1682 1934 haec
1700 1901 1784 1933 vitia
1805 1907 1981 1935 texerunt.
2034 1901 2129 1935 Nam

1137 1952 1312 1986 secundae
1346 1963 1400 1984 res
1432 1952 1515 1984 talia
1552 1953 1726 1985 dedecora
1766 1953 1976 1991 obscurant;
2016 1953 2076 1986 sed
2100 1951 2128 1985 si

1137 2004 1221 2050 quid
1254 2003 1284 2035 ei
1315 2003 1453 2036 adversi
1483 2003 1629 2044 accidit,
1664 2010 1747 2037 tunc
1774 2002 1992 2049 deprehensa
2019 2003 2130 2048 pluri-

1171 2135 1219 2162 38)
1240 2135 1272 2158 H.
1293 2134 1310 2156 1.
1330 2133 1357 2156 in
1371 2132 1420 2156 Ed.
1437 2132 1519 2156 Basti.
1535 2134 1601 2156 nota
1615 2133 1750 2163 margin:
1771 2133 1910 2163 Philippus
1931 2132 2035 2156 mavult
2054 2131 2129 2162 peri-

1207 2168 1300 2193 clitari
1333 2169 1359 2191 et
1384 2167 1514 2196 consequi
1537 2168 1606 2191 hanc
1637 2169 1769 2199 gloriam,
1810 2168 1880 2198 quod
1910 2167 2030 2191 maiores
2064 2172 2130 2190 suos

1209 2202 1401 2233 superaverit,
1430 2207 1510 2231 quam
1531 2209 1630 2226 secure
1649 2203 1753 2226 vivere.

1173 2257 1238 2283 38¹)
1273 2256 1308 2278 At
1340 2254 1464 2283 interim]
1500 2254 1538 2277 sic
1570 2255 1621 2280 Ed.
1652 2255 1754 2285 Basil.;

1208 2289 1328 2315 Interim.

1787 2255 1871 2279 Editt.
1906 2254 1971 2278 1559
1995 2267 2027 2271 ——-
2055 2252 2129 2278 1587.

1173 2344 1221 2371 39)
1241 2344 1273 2367 Η,
1294 2342 1311 2366 l.
1338 2342 1363 2364 in
1384 2341 1432 2364 Ed.
1454 2340 1538 2364 Basil.
1557 2341 1623 2363 nota
1642 2340 1774 2371 margia:
1801 2340 1921 2363 Tertiam
1940 2341 2130 2370 argumentum

1212 2378 1245 2401 (le
1265 2376 1385 2400 moribus
1406 2375 1531 2405 Philippi.
1569 2376 1679 2403 Mores,
1706 2375 1807 2404 inquit,
1834 2375 1892 2398 eius
1912 2376 1976 2398 sunt
1995 2374 2130 2398 intolera-

1210 2412 1297 2438 biles,
1333 2416 1400 2439 ergo
1427 2410 1538 2433 fortuna
1569 2415 1674 2439 quoque
1706 2409 1889 2432 intolerabilis
1917 2409 1978 2432 erit.
2023 2409 2130 2433 Conse-

1211 2446 1321 2477 quentia
1345 2445 1436 2473 valet,
1473 2444 1535 2473 quia
1560 2444 1634 2466 Deus
1661 2449 1756 2466 omnes
1782 2444 1977 2467 immoderatas
2002 2443 2130 2467 libidines

1211 2480 1304 2511 punit,
1329 2480 1355 2502 et
1374 2480 1487 2509 propter
1506 2478 1635 2501 Nemesin
1655 2478 1827 2501 miserabiles
1846 2478 1947 2502 habent
1967 2477 2066 2502 exitus.

1176 2534 1223 2560 40)
1244 2532 1276 2554 H.
1297 2531 1314 2554 l.
1336 2530 1362 2553 in
1382 2530 1430 2553 Ed.
1453 2528 1536 2552 Basii.
1557 2530 1623 2551 nota
1646 2528 1780 2558 margins
1804 2529 1942 2552 Latrones
1968 2529 2131 2552 confirmant

1210 2565 1367 2595 audaciam,
1386 2565 1547 2587 assentores
1565 2563 1643 2586 aiunt
1661 2564 1687 2586 et
1707 2564 1870 2586 consu-mant
1889 2563 2043 2587 stultitiam.

1175 2617 1274 2645 41)1{.
1303 2616 1320 2640 l.
1350 2615 1377 2638 in
1400 2614 1449 2638 Ed.
1470 2613 1553 2637 Basil.
1582 2615 1648 2636 nota
1673 2613 1805 2643 margin:
1833 2614 1909 2637 Talis
1935 2614 1979 2637 est
2006 2613 2131 2643 quisque,

1211 2651 1329 2682 qualium
1349 2649 1501 2672 delectatur
1520 2648 1729 2672 consuetudine.

1175 2705 1240 2732 41³)
1266 2703 1322 2726 Hoc
1349 2706 1447 2724 nomen
1476 2699 1502 2722 in
1528 2700 1611 2724 Editt.
1641 2700 1733 2729 1559.,
1761 2700 1854 2724 ¹564..
1882 2699 1973 2730 1570‚,
2003 2698 2076 2723 1587.
2104 2697 2130 2721 in

1212 2737 1336 2766 margine
1356 2736 1397 2759 est
1417 2735 1572 2765 repetitum.
