2294 2975
0 134 7 156 ἲ

102 125 151 160 98
211 124 332 160 XXIII.

99 210 238 246 Deinde
254 211 430 252 rationes,
458 223 570 257 quare
586 210 706 255 cupiat
715 211 900 246 Valerium
916 224 1097 246 commen-

100 264 235 299 datum.
287 263 446 308 Epistola
465 269 515 296 est
531 262 670 307 generis
692 262 891 298 familiaris.

150 380 474 426 Argumentum
505 385 547 413 et
579 377 756 465 sclIJIolia
792 381 837 415 in
873 381 1043 427 episto-

515 431 603 465 lam
665 457 673 467 .

200 509 296 543 Haec
322 515 374 543 est
397 507 535 553 generis
551 508 725 549 suasorii,
751 506 819 542 hoc
839 515 908 550 est,
937 516 988 544 est
1004 510 1094 555 peti-

99 561 149 595 tio
167 562 354 607 quaedam.
407 559 503 593 Petit
519 560 627 600 enim,
654 572 698 593 ne
714 560 894 606 relinquat
910 562 1022 595 multa
1040 561 1094 594 in-

97 612 223 646 tricata
239 612 381 657 negotia
399 612 436 644 in
454 611 658 656 provincia,
692 618 726 645 et
750 612 907 657 primum
934 619 985 647 est
1009 625 1092 646 nar-

96 664 208 705 ratio,
236 664 318 697 inde
335 663 459 708 petitio
470 663 513 709 S).

199 713 229 759 ξ.
250 716 283 749 1.
320 717 427 756 Quum
451 720 482 748 et
505 719 622 748 eontra
646 713 867 762 voluntatem]
895 713 1091 748 Exorditur

97 779 137 800 ex
154 767 342 800 collatione
359 765 507 810 periculi
523 771 555 798 et
573 766 770 805 commodi,
805 766 969 798 videlicet
994 767 1091 811 quod

97 816 166 851 lioc
185 816 352 863 lial›et⁸³)
373 816 553 850 commodi
571 815 609 848 in
623 815 654 862 ⁹)
671 816 829 860 periculo
849 817 1089 856 successionis,

97 870 319 915 quodAppio
337 880 558 903 successurus
574 867 629 901 sit.
691 870 723 901 A
739 873 770 901 te
787 865 1088 915 nmaeimopere10)]

95 921 224 953 Potitio
237 920 293 964 ¹¹).

199 970 229 1014 ἓ.
254 974 289 1006 2.

96 1021 191 1055 cisio.

328 973 399 1004 Hoc
429 969 525 1003 velim
552 966 637 1016 fibi]
674 966 943 1016 ctnodt'wgzgffl),
986 981 1088 1014 prae-

312 1102 450 1136 Aliud
477 1102 864 1149 arguinentuinss).

192 1171 353 1217 Epistola
369 1177 420 1205 est
435 1170 602 1215 petitorIa
614 1197 623 1212 ,
653 1170 690 1203 in
708 1182 776 1216 qua
796 1176 900 1214 rogat
916 1169 1086 1215 Appium,

92 1224 148 1258 cui
175 1235 397 1258 successurus
432 1227 509 1255 erat
538 1234 580 1255 ex
607 1222 934 1262 senatusconsulto,
979 1229 1018 1255 ut
1048 1223 1086 1256 in

89 1274 276 1321 provincia
293 1273 443 1317 negotiis
463 1273 628 1306 omnibus
645 1273 850 1316 compositis
872 1271 963 1306 nihil
984 1273 1085 1306 intri-

90 1327 161 1361 cati
183 1326 382 1371 relinquat,
424 1330 464 1357 ut
486 1324 525 1356 in
549 1324 768 1358 successione
793 1324 910 1357 minus
934 1325 1084 1369 periculi

90 1385 125 1412 et
139 1376 360 1411 incommodi
374 1373 516 1409 habeat.
568 1375 765 1409 Exordium
781 1375 934 1409 sumitur
951 1388 969 1408 a
988 1388 1083 1409 com—

90 1429 350 1464 memoratione
367 1440 512 1461 suarum
535 1427 791 1471 cogitationum
805 1453 813 1467 ,
846 1439 933 1473 quas
956 1427 1083 1461 habuit

88 1487 313 1526 suscepturus
329 1479 416 1512 illud
432 1490 521 1512 onus
547 1478 851 1512 administrandae
873 1479 1080 1523 provinciae

87 1533 289 1578 significans
319 1529 388 1564 hoc
419 1529 486 1563 sibi
516 1531 712 1564 admodum
743 1530 933 1564 molestum
962 1531 1080 1571 fuisse,

86 1597 152 1618 nec
169 1584 322 1617 libenter
339 1581 547 1626 suscepisse;
576 1583 636 1615 sed
652 1588 773 1614 tamen
796 1595 831 1616 se
854 1594 928 1615 non
954 1594 1077 1616 ausum

85 1636 191 1671 fuisse
215 1634 284 1669 hoc
305 1645 468 1667 recusare
492 1640 640 1678 propter
662 1640 804 1667 senatus
836 1633 1078 1674 autoritatem,

85 1688 143 1722 cui
161 1686 308 1721 omnino
325 1685 525 1729 parendum
544 1692 639 1725 erat,
666 1685 785 1717 addita
806 1686 994 1718 collatione
1018 1697 1077 1729 pe-

84 1739 189 1773 riculi
206 1745 240 1772 et
257 1735 438 1771 commodi
463 1736 701 1769 successionis.
763 1736 967 1781 Propositio
996 1749 1078 1769 eon-

82 1792 174 1825 tinet
190 1790 399 1835 petitionem
412 1814 422 1828 ,
449 1799 492 1820 ne
516 1787 695 1833 relinquat
712 1787 747 1819 in
763 1788 947 1831 provincia
965 1789 1076 1821 multa

83 1841 249 1876 intricata
276 1839 430 1885 negotia.
498 1838 704 1884 Sequuntur
733 1840 823 1872 duae
854 1839 1009 1872 rationes
1021 1839 1077 1884 ¹⁴),

85 1895 196 1928 altera
215 1905 234 1926 a
251 1891 413 1937 possibili
435 1902 495 1924 seu
512 1891 626 1930 sacili,
652 1891 762 1923 altera
781 1890 824 1922 ab
840 1890 930 1924 utili.
985 1891 1078 1924 Con-

85 1946 195 1980 clusio
213 1943 321 1978 habet
335 1942 592 1989 praecisionem
610 1954 674 1986 per
690 1939 904 1983 ἀῖῑοδίωξιγ,
929 1939 997 1975 hoc
1014 1948 1076 1983 est,

81 1997 331 2037 reiectionem,
366 2006 476 2040 quare
499 2006 574 2026 non
598 1993 759 2038 pluribus
783 2005 860 2026 eam
884 2005 959 2026 rem
984 1999 1076 2037 agat.

80 2048 122 2084 In
138 2050 206 2083 fine
223 2047 403 2094 promittit
417 2058 616 2079 memorem
633 2051 666 2078 et
682 2050 822 2089 gratum
840 2044 1012 2080 animum.

328 2138 464 2173 Aliud
500 2143 830 2182 argumentum.

182 2209 343 2255 Epistola
361 2213 413 2241 est
428 2205 565 2251 generis
589 2205 751 2239 suasorii.
811 2204 875 2238 Est
895 2205 990 2238 enim
1014 2217 1075 2250 pe-

83 2262 225 2304 titoria,
253 2261 288 2294 in
314 2271 384 2306 qua
407 2259 450 2292 ab
466 2257 584 2302 Appio
610 2263 733 2301 rogat,
760 2263 817 2297 ut,
845 2256 1017 2303 quoniam
1043 2257 1074 2290 ei

116 2380 148 2413 8)
166 2381 226 2404 Hoc
249 2379 438 2408 argumentum
461 2376 488 2401 in
512 2375 594 2401 Editt.
616 2375 683 2401 1537
697 2389 732 2394 --
746 2376 840 2407 1554.,
867 2375 957 2408 1557.,
986 2375 1072 2407 1560.,

152 2415 228 2439 1601.
247 2414 347 2437 exstat.

114 2459 166 2487 sa)
183 2457 278 2485 habet]
299 2455 381 2479 Editt.
397 2454 488 2485 1545,
509 2454 584 2478 1560.
602 2454 709 2478 habeat.

113 2502 146 2531 9)
164 2500 208 2530 in]
228 2501 261 2523 ab
279 2499 363 2523 Editt.
384 2497 477 2528 1545„
497 2497 571 2522 1560.
590 2498 677 2522 abest.

116 2542 164 2574 10)
183 2540 394 2571 maximopere]
414 2539 454 2562 sic
473 2538 538 2562 illae
547 2539 649 2569 Editt.;
666 2538 714 2562 Ed.
728 2538 814 2562 Orell.
833 2538 960 2562 maximo
978 2543 1070 2569 opere.

116 2587 165 2614 11)
184 2586 259 2609 Haeo
275 2585 342 2607 nota
359 2582 387 2606 iu
405 2581 488 2606 Editt.
509 2581 601 2613 1545„
621 2581 696 2607 1560.
717 2582 759 2604 est
777 2581 890 2607 omissa.

115 2628 162 2660 12)
183 2624 343 2656 ἄποδίωξις]
362 2625 446 2650 Editt.
468 2623 561 2654 1545„
582 2624 656 2648 1560.
674 2623 833 2655 Apodioxis.

115 2670 160 2704 13)
180 2672 238 2695 Hoc
256 2669 445 2700 argumentum
465 2667 493 2690 et
511 2666 563 2691 duo
583 2666 729 2697 sequeutia
746 2667 775 2691 in
792 2666 878 2692 Editt.
896 2666 982 2698 1556„
1003 2666 1070 2691 1565

149 2705 269 2729 -1596,
288 2703 473 2734 reperiuntur.

115 2750 161 2779 14)
180 2747 320 2777 rationes]
339 2746 379 2772 sic
396 2745 446 2772 Ed.
458 2744 533 2769 1556.
540 2751 550 2776 3
574 2743 659 2772 Editt.
673 2745 864 2772 1565—1577.
883 2743 1068 2770 narrationes.

383 123 693 159 ARGUMENTA
726 123 793 159 ET
828 123 1033 160 SCHOLIA
1066 124 1116 161 IN
1150 127 1300 165 EPIST.
1331 130 1445 166 FAM.
1481 129 1565 165 CIC.
1595 129 1684 166 LIB.
1705 129 1762 166 III.
1797 130 1869 166 ΕΡ.
1891 132 1973 166 1.2.
1992 130 2027 164 3.
2092 129 2140 164 94

1151 228 1373 251 successurus
1391 217 1454 258 sit,
1481 217 1530 250 ita
1545 217 1687 261 negotia
1708 217 1914 261 provinciae
1936 223 2140 261 componat,

1147 273 1187 300 ut
1206 280 1312 314 quam
1329 269 1519 303 minimum
1542 268 1675 303 laboris
1692 268 1759 302 sibi
1780 269 2016 314 relinquatur.
2069 268 2141 300 Ha-

1146 319 1207 352 bet
1238 326 1357 353 autem
1390 327 1460 354 tres
1491 327 1621 365 partes.
1690 319 1889 353 Exordium
1916 319 2068 353 sumitur
2099 332 2140 352 ex

1148 370 1337 405 collatione
1369 373 1518 416 periculi
1549 378 1583 405 et
1612 372 1812 412 commodi,
1855 371 1956 417 quasi
1989 371 2138 403 diceret:

1148 421 1376 468 Quamquam
1392 424 1580 458 molestum
1596 421 1686 456 mihi
1711 429 1781 463 est,
1815 423 1911 468 quod
1935 422 2141 466 provinciae

1146 474 1342 517 praefectus
1361 487 1456 508 sum:
1485 482 1606 508 tamen
1625 475 1829 509 consolatur
1846 486 1922 513 me,
1951 474 2047 518 quod
2066 479 2138 505 tam

1147 525 1262 558 amico
1278 523 1417 559 homini
1435 528 1595 560 succedo.
1648 525 1854 570 Propositio
1875 525 2033 558 continet
2049 524 2139 568 peti-

1145 575 1300 617 tionem,
1327 584 1367 610 ut
1385 590 1491 623 quam
1511 578 1777 621 diligentissime
1800 577 1961 611 consulat
1987 576 2058 609 suis
2083 587 2139 608 ra-

1145 626 1313 662 tionibus.
1381 628 1524 673 Epilogi
1555 629 1630 662 rice
1659 628 1807 674 ponitur
1837 625 2035 667 ἇποδίωξις
2064 626 2137 660 sive

1144 679 1316 722 praecisio
1335 680 1454 714 addita
1473 681 1647 721 clausula,
1676 692 1745 726 qua
1763 679 1951 724 pollicetur
1973 689 2138 712 remune-

1143 729 1332 765 rationem.

1394 805 1528 840 Aliud
1554 813 1879 851 argumentum.

1243 873 1442 908 Exordium
1459 876 1603 908 ductum
1623 882 1674 909 est
1689 876 1733 908 ab
1752 875 1935 909 occasione
1958 886 2036 907 cum
2055 874 2134 905 loco

1141 925 1432 966 benevolentiae,
1460 927 1505 959 ad
1524 928 1778 960 removendam
1804 938 1946 959 omnem
1965 924 2135 968 suspicio-

1141 989 1244 1018 nem,
1288 990 1332 1011 ne
1364 978 1511 1011 moleste
1542 979 1650 1011 ferret
1671 978 1809 1022 Appius
1836 978 2045 1011 Ciceronem
2068 975 2135 1009 sibi

1140 1041 1376 1063 successorem
1402 1029 1438 1062 in
1453 1029 1687 1074 ,provinciam
1711 1029 1800 1063 dari.
1863 1028 2059 1063 Exordium
2081 1038 2134 1060 se-

1141 1080 1262 1124 quitur
1278 1080 1422 1125 petitio,
1448 1087 1487 1114 ut
1502 1078 1593 1113 nihil
1615 1082 1656 1114 de
1679 1080 1831 1124 negotiis
1854 1078 2133 1125 provincialibus

1139 1130 1295 1164 intricati
1312 1132 1513 1177 relinquere
1530 1132 1625 1165 velit.
1677 1132 1848 1176 Epilogus
1868 1130 2044 1176 principio
2070 1127 2133 1162 lia-

1138 1183 1198 1216 bet
1221 1183 1463 1217 reiectionem.
1514 1181 1555 1216 In
1579 1183 1647 1216 fine
1668 1184 1815 1228 ponitur
1840 1182 2014 1221 clausula,
2049 1192 2132 1213 con-

1140 1234 1255 1268 tinens
1272 1234 1571 1279 pollicitationem
1588 1246 1737 1279 magnae
1754 1231 2067 1268 remunerationis.

1354 1320 1491 1354 Aliud
1524 1332 1677 1365 argum
1691 1321 1909 1367 entum15).

1239 1388 1545 1434 SignificatAppio
1556 1417 1565 1430 ,
1593 1390 1690 1435 quod
1708 1389 1752 1423 sit
1767 1389 1835 1434 ipsi
1850 1389 1886 1421 in
1904 1387 2128 1434 provinciam

1134 1453 1376 1481 successurus,
1416 1447 1450 1473 et
1473 1441 1712 1486 suspicionem
1737 1441 1860 1480 diluit,
1896 1453 1941 1473 ne
1966 1440 2129 1473 videatur

1135 1505 1213 1526 eam
1237 1491 1459 1537 provinciam
1489 1493 1699 1537 appetivisse
1711 1519 1720 1533 ,
1762 1492 1941 1537 petitque,
1979 1497 2020 1525 ut
2050 1501 2128 1523 eam

1133 1544 1199 1578 sibi
1217 1556 1324 1589 quam
1342 1543 1496 1576 maxime
1514 1545 1734 1589 expeditam,
1762 1550 1796 1577 ct
1811 1556 1960 1577 vacuam
1984 1541 2127 1575 intrica-

1132 1596 1175 1630 tis
1191 1595 1342 1640 negotiis
1362 1595 1500 1630 reddat.

1182 1689 1513 1734 Argumentum
1542 1695 1584 1722 et
1610 1687 1791 1723 scholia
1822 1688 1867 1721 in
1894 1688 2073 1733 episto-

1541 1741 1626 1773 lam
1654 1739 1711 1775 Ill.

1232 1816 1295 1850 Illa
1322 1816 1470 1862 epistola
1494 1815 1603 1850 habet
1634 1817 1728 1850 idem
1762 1823 2011 1862 argumentum
2042 1829 2126 1852 cum.

1129 1869 1305 1913 proxima.
1357 1868 1421 1902 Est
1437 1868 1531 1901 enim
1551 1869 1688 1913 generis
1704 1869 1873 1909 suasorii,
1901 1875 1935 1901 et
1959 1875 2010 1902 est
2034 1869 2124 1913 peti-

1130 1920 1243 1960 toria,
1287 1920 1325 1952 in
1358 1932 1428 1965 qua
1455 1920 1563 1964 petit,
1601 1927 1642 1954 ut
1665 1921 1849 1965 provincia
1870 1920 1937 1954 sibi
1960 1921 2123 1953 tradatur

1130 1983 1237 2017 quam
1253 1971 1559 2016 tranquiUissima.
1585 1992 1588 1999 ι
1604 1971 1768 2005 Primum
1785 1978 1903 2005 autem
1919 1969 2026 2004 habet
2039 1983 2122 2004 nar-

1128 2022 1365 2056 ratiunculam
1386 2022 1580 2066 quandam.

1233 2072 1262 2117 ἓ.
1281 2074 1313 2107 1.
1340 2075 1396 2107 Ad
1411 2075 1574 2108 decimum
1589 2079 1723 2108 sextum
1741 2075 1875 2109 Calend.
1885 2071 1957 2121 16)]
1985 2072 2119 2107 Narra-

1128 2124 1178 2158 tio
1196 2125 1238 2158 de
1254 2125 1502 2169 supplemento
1521 2125 1705 2159 exercitus.
1789 2128 1907 2167 Nunc,
1938 2127 2023 2171 quod
2044 2138 2064 2159 a
2086 2130 2118 2159 {c

1125 2174 1227 2223 petii]
1256 2175 1376 2209 Altera
1393 2188 1475 2220 pars
1492 2177 1678 2221 epistolae:
1706 2176 1844 2221 petitio.

1232 2226 1261 2272 ᾗ.
1278 2231 1313 2263 2.
1347 2230 1405 2261 Ex
1428 2230 1473 2261 iis
1493 2226 1637 2275 litteris]
1673 2228 1796 2261 Tertia
1821 2239 1903 2272 pars
1928 2227 2117 2273 epistolae3

1127 2285 1247 2324 estque
1280 2279 1348 2312 alia
1377 2279 1590 2325 narrati0¹⁷)
1616 2281 1658 2313 de
1681 2279 1875 2313 retinendis
1899 2277 2118 2316 cohortibus,

1125 2332 1259 2366 Milites
1273 2343 1344 2365 esse
1359 2329 1534 2378 dimissos]
1562 2331 1699 2364 Romae
1722 2331 1789 2364 fuit
1811 2332 2048 2372 consuetudo,
2075 2339 2117 2365 ut

1125 2382 1240 2428 quivis
1258 2384 1376 2416 decem
1396 2394 1509 2415 annos
1527 2383 1715 2422 militaret,
1739 2388 1862 2426 postea
1888 2383 2116 2416 dimitteban—

1125 2440 1182 2467 tur
1193 2433 1250 2481 18).
1303 2434 1371 2467 Sed
1388 2434 1470 2466 inde
1488 2434 1597 2467 crevit
1612 2446 1782 2468 numerus
1806 2446 1918 2480 usque
1941 2435 1987 2468 ad
2010 2434 2116 2480 quin-

1159 2545 1206 2573 15)
1225 2546 1283 2568 Hoc
1301 2546 1492 2575 argumentum
1510 2543 1538 2568 in
1555 2543 1639 2569 Editt.
1660 2545 1847 2570 1565—1596.
1867 2548 1968 2571 exstat.

1160 2589 1206 2617 16)
1226 2588 1271 2613 Aa
1289 2588 1427 2612 decimum
1447 2589 1561 2613 sextum
1581 2579 1711 2617 eatena]
1736 2589 1776 2612 sie
1799 2589 1881 2614 mitt.
1904 2590 1996 2617 1537..
2025 2591 2111 2618 1550..

1193 2623 1278 2649 1545..
1300 2623 1391 2647 1516..
1412 2623 1505 2654 1560.,
1526 2623 1616 2651 1601.;
1641 2624 1726 2647 Editt.
1746 2624 1836 2651 1544..
1858 2625 1948 2657 1554„
1973 2625 2047 2650 1557.
2065 2626 2111 2650 ,ω

1192 2657 1247 2682 XI.
1269 2657 1347 2687 Cal.;
1374 2657 1423 2681 Ed.
1444 2657 1530 2683 Orell.
1549 2658 1581 2682 Α.
1600 2659 1635 2683 D.
1656 2657 1710 2682 XI.
1729 2658 1888 2683 Kalendas.

1157 2700 1204 2729 17)
1223 2701 1320 2730 estque
1338 2699 1395 2724 alia
1411 2700 1550 2730 narratio]
1568 2700 1652 2726 Editt.
1668 2701 1753 2732 1545„
1773 2701 1849 2728 1560.
1867 2708 1927 2728 cum
1939 2703 2110 2730 narratione.

1156 2743 1203 2772 18)
1223 2742 1444 2773 dimittebantur]
1463 2743 1514 2772 Ed.
1534 2743 1609 2771 1560.
1628 2742 1824 2769 dimittebatur.
