2294 2975
132 129 180 164 53
701 113 825 151 PmL.
857 111 971 149 MEL.
1005 111 1206 149 SCRIPTA
1239 113 1574 150 PHILOLOGICA.
2111 115 2160 151 64

182 212 502 255 Argumentum
530 211 570 239 et
604 200 783 239 sch'olia
817 201 863 234 in
897 199 1071 245 episto-

512 257 598 290 lam
626 254 752 300 IV.³¹).

237 338 313 371 Hoc
341 342 391 369 est
413 335 520 367 breve
544 330 745 376 epistolium
771 334 806 360 et
829 332 948 359 tamen
972 321 1125 356 rhetori-

138 403 236 429 cum,
278 393 417 432 praeter
452 384 559 417 verba
581 380 670 415 nihil
696 378 899 416 continens,
935 375 1004 409 nisi
1029 374 1126 420 quod

137 443 184 475 ita
205 453 247 473 ex
264 452 298 473 se
317 438 391 482 ipso
409 435 541 480 aliquid
559 437 734 477 procreat.
787 429 903 462 Habet
921 432 1040 460 autem
1057 432 1126 458 tres

139 494 251 526 locos:
285 488 533 525 reiectionem,
567 484 663 529 quod
687 479 831 525 nihilffl)
857 478 987 512 scribat
1009 477 1051 509 de
1074 488 1127 509 re-

140 542 299 588 publicam
328 537 621 583 gratulationem,
647 534 743 579 quod
762 531 852 564 absit
872 530 908 562 in
930 527 1127 573 provincia,

140 602 172 627 ct
189 606 242 627 res
260 590 405 623 honeste
422 592 537 631 gerat;
565 591 746 629 postremo
767 588 818 616 est
832 578 1102 624 adhortatio33).

241 642 271 681 ξ.
294 643 325 674 1.
354 642 444 673 Haec
467 639 595 681 negotia
617 637 772 682 quomodo
795 645 829 667 se
851 633 1014 672 habeant,
1043 627 1128 676 etc.]

141 681 308 730 Narratio
321 718 330 731 ‚
359 691 395 722 in
413 702 482 734 qua
502 694 551 721 est
570 684 779 729 ἀδύνατον,
807 684 903 729 quod
925 694 999 715 non
1024 687 1130 727 queat

143 745 314 782 scribere,
355 752 445 786 quae
469 738 564 772 velit.
673 739 818 775 Tamen,
861 735 946 780 qnod
970 730 1129 779 ahes³⁴)]

142 793 355 830 Gratulatio.

245 844 275 889 ξ.
294 847 329 880 2.
358 844 469 885 Quare
493 846 603 876 cetera
624 834 876 884 coytaosces3⁵)]
902 833 1130 869 Adhortatio.

361 935 499 969 Aliud
533 937 842 977 argumentum
859 929 918 974 36).

247 1005 376 1044 Curio,
414 1002 718 1049 quemadmodum
743 1012 784 1032 ex
808 997 874 1032 hac
898 996 1047 1041 epistola
1072 1007 1133 1040 ap-

147 1065 264 1105 paret,
308 1056 496 1099 scripserat
519 1051 703 1091 Ciceroni,
746 1056 780 1083 et
812 1049 1005 1094 petiverat,
1036 1052 1075 1079 ut
1098 1059 1133 1080 se

146 1110 334 1144 certiorem
350 1106 532 1144 redderet,
561 1103 638 1149 quis
665 1107 753 1135 esset
773 1107 883 1134 status
905 1097 1133 1142 reipublicae.

147 1162 270 1195 Cicero
288 1158 395 1202 igitur
413 1155 469 1189 hic
484 1154 693 1198 respondet,
719 1158 753 1185 et
767 1151 945 1184 dicit·n0n
961 1161 1034 1182 esse
1051 1148 1134 1182 satis

146 1219 262 1246 tntum
286 1208 513 1252 respondere.
577 1204 758 1249 Significat
782 1208 901 1236 autem
928 1206 1134 1244 corruptum

146 1260 360 1306 reipublicae
378 1264 507 1292 statum
526 1268 619 1295 esse,
646 1260 833 1299 propterea
851 1253 947 1298 quod
972 1258 1046 1283 tum
1073 1251 1136 1295 gli-

150 1314 268 1349 scebat
287 1310 446 1345 simultas
472 1308 564 1340 inter
582 1306 767 1340 Caesarem
788 1311 822 1337 et
837 1302 1069 1347 Pompeium,
1097 1313 1136 1334 ac

149 1369 291 1402 monet,
332 1367 371 1394 ut
393 1372 428 1393 se
451 1359 499 1393 sic
525 1364 646 1402 paret,
681 1363 720 1390 ut
741 1355 935 1400 aliquando
959 1365 1063 1397 opem
1087 1352 1137 1384 ia-

150 1415 242 1450 centi
274 1411 490 1457 reipublicae
520 1409 656 1442 afferat.
726 1405 908 1449 Principio
941 1404 1138 1448 gratulatur

150 1464 319 1503 Curioni,
359 1462 456 1507 quod
489 1458 557 1492 hoc
587 1466 748 1502 tempore
783 1456 874 1489 absit
906 1468 925 1488 a
955 1454 1137 1499 republica

151 1525 186 1552 et
224 1529 242 1549 a
280 1518 470 1557 conspectu
511 1511 662 1543 istorum
692 1508 917 1552 publicorum
949 1505 1140 1545 malorum,

151 1568 318 1615 quodque
364 1564 402 1596 in
444 1560 628 1606 provincia
676 1571 751 1592 rem
803 1558 983 1602 praeclare
1031 1561 1140 1600 gerat.

150 1618 289 1654 Deinde
311 1614 410 1648 addit
426 1613 555 1645 bellam
572 1610 851 1648 dubitationem,
879 1608 975 1653 quod
994 1607 1142 1646 dubitet,

150 1678 273 1706 utrum
295 1665 492 1712 gratuletur
517 1663 548 1696 ei
568 1662 741 1701 reditum,
773 1671 895 1693 necne.
959 1658 1060 1691 Facit
1081 1670 1142 1691 au-

153 1730 224 1756 tem
241 1719 328 1759 hoc,
354 1723 393 1751 ut
412 1714 537 1749 excitet
554 1726 634 1747 eum
651 1713 697 1745 ad
713 1711 887 1745 maiorem
905 1721 1038 1743 curam.

395 1805 530 1840 Aliud
567 1808 896 1847 argumentum.

257 1874 414 1921 Exponit
442 1871 628 1910 brevibus,
672 1870 768 1914 quod
802 1873 947 1912 rogatus
976 1872 1052 1899 erat
1082 1876 1145 1909 per

156 1934 292 1968 litteras
323 1924 509 1963 Curionis,
554 1920 718 1954 videlicet
753 1919 830 1965 quis
861 1924 970 1952 status
1002 1917 1047 1950 sit
1077 1916 1145 1949 rei-

158 1982 338 2030 publicae,
373 1976 419 2009 ob
442 1984 592 2018 eamque
615 1983 711 2011 rem,
745 1970 828 2016 quia
855 1975 965 2003 status
992 1973 1043 2001 est
1066 1979 1145 2011 per-

158 2035 339 2070 turbatus,
366 2023 532 2060 nonnihil
556 2022 756 2067 gratulatur
780 2020 894 2054 amico
918 2019 1014 2051 illam
1038 2018 1146 2051 felici-

159 2093 287 2122 tatem,
314 2079 370 2113 cui
387 2090 464 2111 cum
482 2086 611 2118 magna
627 2073 798 2116 dignitate
815 2069 882 2104 hoc
902 2077 1063 2114 tempore
1087 2070 1147 2101 ab·

160 2149 234 2173 esse
267 2128 474 2173 contigerit,
521 2131 555 2158 et
586 2136 667 2157 eum
708 2120 919 2155 adhortatur
951 2122 995 2154 ad
1025 2132 1147 2154 curam

162 2186 314 2223 tuendae
331 2178 557 2225 reipublicae.
609 2174 672 2208 Est
687 2179 803 2207 autem
825 2173 942 2217 primo
964 2173 1042 2204 loco
1066 2183 1148 2204 nar-

198 2302 246 2329 31)
265 2300 327 2328 lV.]
351 2297 392 2321 sie
410 2297 438 2321 in
455 2294 539 2320 Editt.
559 2291 683 2323 (15:370,
710 2289 805 2319 1556.,
831 2288 1027 2313 1560-1596.
1052 2287 1150 2316 (Editt.

234 2334 326 2363 1545.,
352 2332 443 2362 1546„
469 2329 543 2353 1601.
563 2327 660 2357 XV.);
689 2325 718 2349 in
735 2325 819 2349 Editt.
840 2324 931 2348 1540..
952 2324 1042 2352 1544.,
1064 2323 1150 2353 1554.,

237 2368 311 2392 1557.
331 2369 358 2389 et
376 2366 424 2389 Ed.
445 2363 546 2389 orest:
574 2361 607 2385 V.

200 2412 248 2439 32)
267 2409 348 2437 nihil]
370 2408 418 2432 Ed.
440 2407 514 2431 1545.
535 2410 631 2428 errore
651 2405 778 2433 typogr.:
804 2400 876 2425 mihi.

199 2455 248 2481 33)
267 2453 325 2476 Hoc
348 2450 537 2479 argumentum
561 2446 687 2470 exhibent
713 2444 796 2468 Editt.
816 2441 1034 2473 1537—1554.,
1066 2442 1152 2473 1557„

237 2486 330 2515 ¹560„
350 2482 560 2512 1565—1596.,
584 2481 658 2504 1601.

202 2530 251 2557 34)
269 2527 323 2551 Pro
348 2525 390 2548 his
416 2524 471 2549 Cle.
496 2522 589 2546 verbis
613 2522 641 2545 in
662 2520 745 2544 Editt.
767 2519 858 2549 1545„
884 2518 959 2542 1560.
988 2517 1050 2542 huic
1073 2519 1154 2542 notae

237 2560 403 2590 adscriptum
422 2560 465 2581 est
483 2558 594 2580 verbum
613 2555 765 2580 Gratulor.

203 2606 252 2634 35)
273 2604 328 2628 Pro
345 2602 387 2624 his
406 2600 433 2624 in
452 2599 546 2623 iisdem
557 2599 574 2622 2
587 2598 668 2621 Editt.
684 2597 745 2621 huic
758 2598 840 2620 notae
855 2595 977 2627 praefixa
992 2596 1056 2618 sunt
1069 2594 1156 2617 verba

239 2640 282 2665 Tu
299 2639 404 2662 tamen.

203 2681 254 2712 36)
274 2681 330 2704 Hoc
358 2677 548 2707 argumentum
578 2675 605 2697 et
634 2678 750 2703 sequeus
774 2671 801 2696 in
824 2672 908 2696 Editt.
930 2671 1021 2702 1⁵56„
1048 2669 1155 2694 1565—

241 2714 316 2740 1596.
333 2711 517 2742 reperiuntur.

1175 200 1267 234 ratio
1279 227 1288 242 ‚
1316 201 1352 234 in
1370 213 1438 248 qua
1453 207 1593 242 monet,
1621 202 1718 247 quod
1734 211 1808 235 non
1825 200 1918 235 ausit
1935 199 2163 235 scribereilla

1177 252 1218 285 de
1236 253 1415 296 republica
1427 280 1437 293 ,
1464 265 1554 298 quae
1572 252 1725 286 maxime
1742 252 1847 292 velit,
1883 253 2071 286 ostendens
2095 250 2165 286 hoe
2200 247 2203 251 ¹

1177 303 1305 343 modo,
1332 304 1445 349 qualis
1462 304 1506 337 sit
1523 309 1632 337 status
1648 303 1882 348 reipublicae,
1910 309 1944 336 et
1962 303 2067 337 simul
2087 315 2165 348 gra—

1178 354 1330 394 tulatur,
1357 355 1453 400 quod
1473 355 1597 388 absens
1611 354 1780 388 liberatus
1798 354 1842 388 sit
1864 354 1984 387 multis
2012 354 2104 388 curis
2126 365 2167 387 ac

1178 404 1347 445 miseriis,
1370 412 1404 438 et
1424 406 1518 451 quod
1533 405 1577 439 sit
1592 406 1686 450 apud
1704 405 1791 439 alios
1807 405 1843 438 in
1859 417 1999 439 summo
2017 403 2167 440 honore.

1178 455 1316 489 Deinde
1341 457 1484 490 additur
1506 456 1679 490 dubitatio
1703 468 1816 489 novae
1843 456 2091 500 gratulationis
2123 456 2167 490 de

1179 506 1296 540 reditu
1319 514 1467 551 propter
1487 507 1612 540 misere
1636 507 1802 540 afflictam
1826 507 2103 551 rempublicam,
2126 513 2167 540 ut

1182 570 1262 591 eum
1281 558 1407 590 excitet
1423 559 1467 591 ad
1485 558 1657 591 maiorem
1683 570 1815 592 curam.
1875 557 1915 591 In
1938 558 2007 591 fine
2031 564 2082 591 est
2106 559 2167 591 ad-

1181 607 1360 648 hortatio,
1384 615 1424 642 ut
1438 615 1542 653 paret
1556 621 1610 649 se,
1638 622 1709 654 quo
1731 609 1886 654 aliquam
1911 621 2016 654 opem
2039 608 2167 642 iacenti

1182 659 1397 704 reipublicae
1425 659 1561 693 afferat.

1404 751 1538 785 Aliud
1574 758 1879 795 argumentum
1894 751 1954 798 ³⁷).

1286 820 1410 854 Primo
1428 820 1506 854 loco
1523 819 1670 864 ponitur
1685 819 1841 859 reiectio,
1858 831 1967 865 quare
1983 815 2071 852 nihil
2087 819 2172 853 scri-

1184 871 1246 904 bat
1260 872 1302 905 de
1319 877 1411 905 statu
1430 871 1656 915 reipublicae.
1708 870 1846 903 Deinde
1871 871 2030 915 sequitur
2052 877 2172 914 gratu-

1185 922 1291 963 latio,
1319 923 1415 967 quod
1431 920 1498 955 hoc
1516 928 1675 966 tempore
1700 921 1998 966 periculosissimo
2021 921 2113 955 absit
2133 921 2171 955 in

1186 974 1391 1018 provincia,
1418 979 1452 1006 et
1473 985 1528 1006 res
1551 970 1698 1006 honeste
1722 978 1830 1017 gerat.
1884 972 2070 1007 Postremo
2094 972 2173 1006 loco

1188 1031 1239 1058 est
1255 1024 1373 1058 brevis
1389 1022 1604 1057 adhortatio.

1239 1132 1558 1176 Argumentum
1595 1136 1636 1163 et
1670 1127 1845 1164 scholia
1879 1132 1924 1164 in
1951 1131 2123 1176 episto-

1570 1181 1654 1214 lam
1686 1180 1796 1227 vste).

1292 1258 1388 1291 Haec
1404 1256 1553 1301 epistola
1573 1263 1624 1290 est
1642 1263 1803 1290 accurate
1821 1263 1855 1290 et
1879 1257 2067 1303 diligenter
2091 1260 2174 1293 scri-

1189 1316 1269 1355 pta,
1295 1309 1377 1354 quia
1400 1308 1595 1352 plurimum
1619 1307 1789 1341 intererat
1803 1308 2004 1350 Ciceronis,
2031 1316 2071 1343 ut
2085 1310 2174 1344 Milo

1190 1363 1289 1394 fieret
1307 1359 1495 1404 consulfffl).

1295 1409 1325 1455 ἓ.
1343 1412 1376 1444 1.
1403 1412 1560 1444 Nondum
1574 1415 1648 1444 erat
1662 1407 1833 1455 auditum]
1858 1409 1970 1443 Causa
1982 1436 1992 1450 ‚
2017 1423 2079 1445 cur
2096 1412 2177 1445 mit-

1192 1469 1243 1495 tat
1266 1462 1401 1495 litteras
1425 1466 1498 1493 tam
1522 1461 1604 1494 cito.
1688 1463 1776 1505 Eyo,
1811 1463 1843 1495 si
1866 1473 1939 1494 mea
1961 1463 1998 1495 in
2017 1467 2049 1496 ie
2071 1468 2182 1497 essent

1193 1511 1323 1559 officia]
1342 1512 1469 1555 Captat
1483 1511 1769 1544 benevolentiam
1787 1523 1806 1543 a
1825 1511 1896 1545 suis
1913 1512 2059 1553 meritis,
2087 1526 2179 1559 quae

1193 1571 1313 1597 tamen
1332 1568 1516 1602 extenuat,
1544 1568 1577 1594 et
1595 1562 1678 1594 facit
1692 1562 1948 1595 inversionem:
1983 1562 2065 1597 Ideo
2082 1571 2179 1609 pete,

1195 1615 1276 1660 quia
1293 1621 1331 1648 tu
1356 1626 1411 1646 me
1435 1619 1539 1646 antea
1562 1613 1709 1646 affecisti
1733 1613 1854 1647 multis
1877 1614 2072 1655 beneficiis,
2106 1627 2181 1649 non

1195 1667 1277 1711 quia
1295 1677 1358 1708 ego
1376 1666 1465 1697 bene
1481 1664 1628 1697 meritus
1644 1676 1734 1698 sum.

1298 1714 1328 1760 ᾗ.
1345 1718 1381 1750 2.
1406 1718 1519 1761 Neque
1541 1717 1631 1748 enim
1653 1727 1726 1748 sum
1748 1716 1873 1749 veritus
1882 1713 1954 1762 ²¹⁰)]
1984 1715 2181 1751 Confirma-

1196 1768 1244 1799 tio
1271 1779 1290 1799 a
1317 1778 1378 1799 sua
1402 1766 1630 1810 gratitudine.

1299 1816 1329 1861 ξ.
1345 1818 1379 1850 3.
1407 1820 1475 1861 Eyo
1491 1820 1603 1851 omnia
1620 1819 1732 1850 studia
1748 1829 1819 1850 mea
1829 1815 1874 1863 ⁴¹)
1891 1815 1974 1864 etc.]
1999 1817 2182 1861 Narratio,

1198 1867 1285 1913 quid
1317 1875 1416 1912 agat,
1457 1874 1519 1901 aut
1542 1868 1627 1913 quid
1653 1874 1769 1911 petat,
1811 1879 1880 1912 qua
1903 1869 2056 1914 denique
2077 1870 2116 1903 in
2141 1883 2181 1904 re

1197 1919 1263 1952 sibi
1285 1931 1372 1963 opus
1394 1919 1439 1952 sit
1463 1931 1570 1963 opera
1595 1918 1778 1956 Curionis;
1821 1924 1855 1951 et
1878 1925 1928 1952 est
1951 1922 2180 1966 praeparatio

1198 1972 1242 2003 ad
1263 1971 1484 2014 petitionem.

1303 2020 1332 2065 ᾗ.
1351 2020 1385 2055 4.
1412 2024 1499 2055 Dux
1516 2017 1628 2066 nohis]
1658 2019 1770 2053 Causa
1790 2020 1981 2064 petitionis.

2087 2035 2182 2058 uam-

1199 2074 1328 2113 obrem,
1357 2074 1394 2111 ,si
1421 2069 1491 2118 me]
1525 2071 1724 2117 Petiti0⁴2).
2057 2022 2085 2063 Q

1234 2211 1283 2239 37)
1302 2210 1360 2234 Hoc
1377 2207 1567 2239 argumentum
1585 2208 1676 2230 exstat
1694 2206 1722 2230 in
1740 2206 1823 2232 Editt.
1841 2206 2032 2233 1565—1596.

1235 2261 1352 2320 ³³33?
1368 2259 1447 2317 ⁵323*ss
1460 2258 1543 2317 Εὲἒᾞὶ
1553 2257 1969 2323 3¹.⁵³⁷1;?’E¹.1⁵3{⁵·’1238⁰‘1¹5⁵4⁹5·
1987 2259 2084 2320 ‘iffi'
2098 2262 2184 2323 ¹1⁵5⁴5⁵7''

1272 2331 1299 2354 et
1317 2311 1365 2353 Eh’.
1386 2310 1471 2352 oren.
1490 2312 1553 2351 V1.'
1577 2310 1586 2324 '
1749 2310 1755 2316 ’
1843 2309 1866 2323 ”
1956 2310 1979 2325 “’
2068 2313 2090 2329 ”’
2177 2319 2183 2323 “

1236 2380 1362 2439 :3935ch
1384 2379 1573 2437 ffiffimentum
1596 2377 1698 2409 legitur
1720 2377 1748 2401 in
1771 2378 1855 2403 Editt.
1875 2378 2078 2414 1537—1554.‚
2098 2384 2184 2417 1557„

1341 2430 1365 2446 .,
1453 2431 1459 2437 .

1237 2463 1285 2496 40)
1304 2465 1357 2488 Pro
1376 2463 1417 2486 his
1436 2462 1492 2487 Cic.
1509 2461 1601 2486 verbis
1620 2460 1647 2485 in
1661 2460 1745 2485 Editt.
1761 2462 1846 2493 1545,
1866 2464 1940 2488 1560.
1957 2464 2018 2490 huic
2035 2467 2118 2493 notae
2134 2470 2186 2494 ad-

1273 2499 1375 2528 scripta
1393 2499 1457 2521 sunt
1475 2498 1557 2520 verba
1575 2496 1805 2521 Innumerabilia
1823 2497 1931 2529 officia.

1241 2548 1287 2579 41)
1308 2548 1407 2572 studia
1425 2548 1503 2585 quea]
1522 2546 1562 2569 sic
1579 2545 1663 2569 Editt.
1679 2546 1765 2577 1537.‚
1785 2547 1870 2578 1540„
1891 2548 1975 2580 1545„
1995 2550 2081 2584 1546,5
2100 2553 2187 2585 ¹56⁰„

1276 2583 1366 2612 160¹.;
1384 2581 1467 2605 Editt.
1484 2581 1569 2612 1544„
1591 2580 1677 2610 1554„
1697 2580 1771 2605 1557.
1791 2582 1818 2604 et
1830 2581 1879 2606 Ed.
1895 2583 1980 2607 orell.
1997 2590 2060 2610 mea
2077 2588 2183 2613 studia,

1240 2633 1287 2665 42)
1308 2634 1382 2657 Haec
1404 2633 1470 2655 nota
1492 2637 1551 2655 cum
1567 2631 1755 2663 ,praecedente
1778 2631 1805 2656 in
1828 2632 1910 2657 Editt.
1932 2634 2025 2666 1545.,
2051 2636 2126 2661 1560,
2156 2638 2184 2663 in

1275 2673 1356 2724 ωηιξη
1375 2666 1415 2689 sic
1437 2667 1479 2693 est
1499 2665 1657 2690 coniuncta:
1675 2666 1738 2690 Hoc
1755 2673 1774 2691 a
1791 2667 1820 2692 te
1834 2668 1917 2698 peto]
1931 2668 2046 2701 Petitio,
2065 2673 2092 2695 et
2104 2677 2186 2697 caum

1275 2701 1328 2732 peti
1342 2700 1421 2725 ionis.

1826 2074 1880 2105 De
1899 2074 1970 2115 ipso
1990 2074 2028 2107 T.
2046 2072 2191 2122 Annio]
