2294 2975
112 134 160 169 ³9
698 126 821 164 PHIL.

111 226 169 253 tur
193 217 418 264 potissimum
439 221 690 260 argumentum
714 216 861 252 facultat
891 228 928 250 sa
953 215 1102 250 circum-

111 270 249 305 stantiis
273 275 306 303 et
333 281 350 301 a
372 266 680 313 consequentibus.
734 270 859 303 Monet
875 267 989 308 enim,
1017 267 1103 314 quid

111 323 175 356 sibi
201 322 235 353 iu
257 320 400 364 negotio
427 319 526 363 regio
556 319 708 352 maxime
730 320 932 354 faciendum
954 330 1027 353 esse
1051 318 1103 351 vi-

108 374 258 410 deatur,
284 383 424 416 nempe,
451 376 502 409 ut,
529 370 557 403 si
573 369 695 414 possit,
721 371 974 405 Alexandriam
993 371 1102 404 armis

109 430 257 468 occupet
281 423 427 468 propria
454 421 664 459 autoritate,
709 430 743 456 et
771 434 890 467 regem
920 422 1101 460 restituat3

108 476 163 510 sin
186 475 219 508 id
243 487 316 508 non
343 473 471 518 possit,
512 479 551 505 ut
578 484 642 505 suo
668 474 779 508 milite.
801 486 920 518 regem
946 473 1101 507 adiuvet.

109 527 283 572 Quarta
313 537 394 569 pars
416 530 465 557 est
484 523 644 555 narratio
663 527 706 559 de
724 526 937 572 quibusdam
953 523 1102 569 privatis

109 578 180 612 suis
197 576 410 613 inimicitiis,
439 587 474 608 se
493 573 624 607 scilicet
642 579 686 611 ob
703 575 891 611 hominum
914 575 1100 621 perfidiam

108 630 226 663 minus
243 627 376 661 versari
394 626 429 658 in
445 625 638 670 republica.
690 628 866 674 Quinta
896 634 947 662 est
970 625 1101 661 adhor-

109 681 195 713 tatio
219 677 391 724 generalis
419 689 460 710 ex
485 677 563 710 loco
586 681 768 714 communi
795 681 838 714 de
862 691 946 713 vera
974 678 1101 723 gloria,

109 739 230 777 estque
247 729 385 775 generis
402 728 636 773 deliberativi,
652 744 696 765 ne
715 732 878 765 videlicet
895 731 932 764 in
951 729 1101 775 publicis

106 782 257 827 negotiis
277 794 316 815 ea
335 786 528 820 tentemus,
556 793 647 827 quae
665 784 859 829 perducere
879 794 954 816 non
978 793 1101 826 possu-

108 847 205 874 mus,
241 834 339 880 quod
360 831 524 866 homiues
551 845 623 868 non
648 835 815 875 consilia,
850 835 910 869 sed
933 839 1100 867 eventum

108 885 338 919 consiliorum
371 889 541 928 spectent.
611 887 743 920 Sexta
781 892 832 921 est
866 885 1027 918 narratio
1058 884 1101 916 de

106 936 323 982 reipublicae
340 942 446 970 statu.
489 936 691 981 Septima
719 950 802 982 pars
823 936 982 970 continet
994 947 1102 982 quae·

106 990 188 1023 dam
206 988 347 1032 negotia
367 986 519 1031 privata,
546 996 585 1022 ut
600 991 642 1023 de
662 989 795 1034 nuptiis
810 988 1000 1022 Tulliolae.
1040 986 1103 1020 Est

107 1041 215 1085 igitur
247 1050 414 1084 praesens
440 1040 587 1083 epistola
623 1040 848 1086 responsoria
882 1039 971 1073 varii
998 1050 1101 1083 argu-

107 1092 215 1126 menti
234 1093 277 1127 de
293 1091 401 1126 variis
418 1092 535 1126 rebus.

361 1186 498 1219 Aliud
532 1191 857 1230 argumentum.

210 1256 303 1289 Haec
325 1255 473 1300 epistola
494 1261 545 1289 est
567 1254 751 1299 aliquanto
778 1252 920 1297 longior
943 1250 1102 1296 superio-

107 1309 222 1347 ribus,
252 1314 285 1340 et
299 1304 405 1340 habet
421 1306 733 1351 etiam¹quandam
758 1304 980 1337 varietatem.
1033 1301 1103 1336 Ex-

108 1360 249 1393 ordium
268 1356 373 1391 habet
399 1357 639 1403 captationem
665 1355 935 1389 benevolentiae
961 1367 1002 1388 ex
1028 1354 1103 1387 offi-

106 1412 161 1445 cio
187 1423 272 1450 suo,
307 1411 349 1443 de
375 1422 446 1455 quo
473 1410 516 1442 ad
542 1408 635 1442 illius
662 1408 796 1442 litteras
823 1407 1035 1452 respondet,
1070 1412 1105 1438 et

105 1462 250 1496 additur
274 1461 451 1495 excusatio
474 1460 631 1494 raritatis
655 1459 868 1493 litterarum.
936 1457 1105 1503 Sequitur

105 1514 234 1548 deinde
264 1512 424 1545 narratio
456 1513 499 1545 de
529 1511 625 1555 regia
661 1523 783 1550 causa,
825 1516 859 1543 et
883 1509 1036 1542 maxime
1061 1510 1104 1542 de

106 1567 257 1600 istorum
282 1565 448 1609 perfidia,
475 1564 536 1609 qui
554 1562 731 1595 debebant
751 1573 881 1595 ornare
898 1560 1104 1600 Lentulum,

108 1626 141 1651 et
175 1617 344 1650 adiuvare
373 1616 409 1648 in
442 1615 537 1659 regia
575 1626 691 1648 causa.
762 1613 972 1648 Narrationi
1005 1612 1103 1645 addi-

107 1677 164 1703 tur
203 1668 410 1708 consilium,
460 1679 529 1712 qua
571 1665 709 1699 ratione
747 1664 948 1699 existiment
984 1676 1101 1708 regem

104 1733 209 1766 posse
228 1720 361 1753 reduci.
414 1718 543 1752 Postea
560 1724 611 1751 est
627 1717 727 1763 quasi
743 1717 810 1750 alia
831 1717 1005 1762 quaedam
1031 1716 1103 1759 epi-

105 1772 216 1812 stola,
245 1783 335 1817 quae
353 1770 530 1815 principio
549 1767 657 1802 habet
672 1769 917 1802 narrationem
939 1767 1103 1802 consilio-

105 1837 185 1859 rum
206 1823 386 1857 Ciceronis
399 1850 407 1863 ,
436 1834 546 1868 quare
565 1819 633 1854 hoc
650 1827 811 1866 tempore
836 1821 954 1855 minus
970 1825 1104 1865 pugnet

103 1877 144 1912 in
180 1875 381 1923 republica,
435 1886 542 1921 quam
577 1880 681 1907 antea
720 1873 844 1907 solitus
888 1879 939 1907 est
977 1872 1103 1905 facere.

104 1930 245 1965 Deinde
263 1928 422 1974 sequitur
440 1924 641 1960 cohortatio
660 1926 704 1958 ad
713 1924 919 1965 Lentulum
945 1930 984 1957 ut
1002 1934 1104 1967 prae—

104 1990 207 2040 paret
226 1994 261 2016 se
279 1987 312 2013 et
332 1979 485 2024 applicet
501 1979 545 2011 ad
561 1977 857 2034 gubernationem
875 1975 1059 2020 reipublic
1052 1987 1104 2014 ae,

108 2035 212 2081 quia,
240 2046 318 2066 cum
344 2032 416 2076 ipse
445 2030 499 2062 vir
528 2030 573 2063 sit
596 2029 744 2062 omnino
770 2040 920 2072 magnus
945 2033 978 2060 et
1002 2038 1104 2071 prae-

107 2083 224 2125 stans,
260 2084 361 2117 dehet
390 2094 534 2127 operam
560 2082 663 2121 dare,
705 2087 744 2113 ut
769 2092 810 2113 ex
834 2078 1021 2124 provincia
1051 2089 1103 2111 re-

109 2138 208 2171 diens
226 2136 366 2169 laudem
383 2140 415 2167 et
434 2132 577 2167 autorit
570 2138 662 2165 item
680 2139 798 2166 secum
820 2131 957 2164 ifferat.
1017 2129 1103 2163 Post

113 2187 399 2222 adhortationem
421 2185 456 2217 in
474 2185 579 2217 finem
597 2196 708 2230 usque
727 2183 896 2227 epistolae
919 2187 1104 2226 ponuntur

115 2241 204 2273 aliae
225 2250 350 2273 causae
369 2250 408 2270 ac
426 2236 599 2270 diversae.

165 2350 485 2394 Argumentum
519 2352 560 2378 et
595 2341 771 2379 scholia
807 2344 852 2376 in
884 2343 1052 2388 episto—

506 2397 592 2430 lam
621 2394 711 2430 VIII.

219 2482 311 2515 Haec
336 2481 483 2525 epistola
510 2487 560 2514 est
582 2478 763 2517 narratio,
796 2478 832 2510 in
858 2489 927 2523 qua
951 2489 1106 2510 comme-

119 2546 233 2568 morat
251 2530 415 2566 nonnihil
441 2538 615 2564 mutatum
644 2542 715 2563 csse
738 2535 867 2562 statum
891 2528 1106 2573 reipublicae

116 2594 150 2620 et
169 2585 256 2619 effici
276 2597 315 2617 ex
334 2582 554 2616 aristocratia
576 2579 805 2624 oligarcliiam
818 2579 862 2625 ⁹).

150 2724 180 2751 9)
200 2722 259 2745 Hoc
274 2720 464 2751 argumentum
478 2717 578 2741 habent
592 2715 674 2739 Editt.
689 2714 895 2747 1537—1554„
916 2715 1001 2746 1552,
1023 2715 1109 2741 1560..

186 2756 260 2781 1601.

851 127 963 165 MEL.
999 124 1203 164 SCRIPTA
1231 123 1569 165 PHILOLOGICA.
2103 129 2156 166 40
2170 169 2175 172 ,

1258 212 1290 258 ἓ.
1308 217 1344 250 2.
1371 217 1492 250 Animi
1507 213 1677 264 inductio]
1705 214 1742 249 id
1759 221 1831 258 est,
1858 214 1975 250 oratio
1997 215 2042 250 ad
2067 227 2154 250 con-

1156 265 1328 300 ciliandos
1344 266 1483 300 animos
1506 266 1643 311 populi.

1258 314 1289 360 ᾗ.
1307 315 1343 351 5.
1377 319 1447 352 Sed
1469 323 1505 352 ut
1528 319 1573 352 ad
1599 315 1661 365 ea]
1689 316 1798 351 Redit
1822 319 1868 351 ad
1892 316 2051 362 priorem
2077 317 2152 362 epi-

1155 367 1266 401 stolae
1289 374 1449 412 partem,
1475 369 1519 401 de
1536 368 1724 413 Pompeio.
1803 371 1847 403 Et
1870 381 1907 403 eo
1928 365 2151 416 consule¹⁰)]

1153 418 1237 451 Fuit
1255 418 1350 452 enim
1368 420 1491 454 consul
1506 420 1700 465 Pompeius
1717 420 1781 454 sub
1797 419 1833 453 id
1854 427 2013 465 tempus,
2038 430 2154 467 quan·

1156 470 1202 502 do
1219 469 1309 503 Milo
1326 477 1469 505 coactus
1487 477 1537 505 est
1553 483 1696 505 causam
1711 470 1840 505 dicere.

1379 555 1516 589 Aliud
1544 556 1933 602 argumentumfl).

1257 624 1350 670 Quia
1385 624 1510 658 Cicero
1539 625 1680 670 saepius
1705 624 1859 659 Lentulo
1887 624 2078 669 scripserat
2107 625 2152 659 de

1154 674 1320 720 Pompeii
1343 687 1425 720 erga
1450 676 1566 720 ipsum
1592 676 1864 717 benevolentia,
1899 682 1934 710 et
1956 675 2153 721 Pompeius

1155 739 1234 759 cum
1258 726 1308 761 M.
1335 726 1463 761 Crasso
1488 727 1525 759 in
1550 733 1757 773 sequentem
1785 740 1920 762 annum
1946 727 2071 762 consul
2091 728 2154 761 de-

1155 777 1314 822 signatus
1339 785 1434 819 erat,
1462 779 1623 822 rogavit,
1649 785 1823 824 quantum
1847 791 1889 813 ex
1909 777 1977 812 hac
2000 778 2153 824 epistola

1155 829 1320 874 colligere
1348 829 1448 870 licet,
1474 829 1683 863 Ciceronem
1704 829 1896 871 Lentulus,
1929 836 1970 863 ut
1985 829 2154 875 Pompeii*

1156 886 1275 925 partes
1293 881 1385 914 tueri
1403 887 1437 914 et
1460 881 1560 927 sequi
1585 881 1700 915 vellet.
1753 881 1907 915 Videbat
1932 880 2028 914 enim
2043 881 2155 915 Pom-

1155 931 1236 976 peio
1260 932 1405 966 consule
1429 945 1465 966 se
1487 933 1590 966 facile
1613 933 1845 967 obtenturum
1874 932 2013 977 regium
2043 944 2154 977 nego-

1156 982 1258 1017 tium.
1327 983 1450 1017 Cicero
1482 983 1590 1028 igitur
1613 981 1735 1030 hac1‘2)
1767 984 1915 1028 epistola
1947 984 2153 1028 respondet,

1155 1046 1191 1068 se
1219 1034 1255 1067 id
1282 1034 1690 1079 diligenterj'acturum,
1729 1042 1763 1069 et
1783 1047 1905 1069 causas
1927 1035 2055 1076 etiam,
2090 1046 2155 1068 cur

1156 1085 1193 1117 id
1218 1087 1333 1119 facere
1355 1086 1500 1126 debeat,
1533 1086 1687 1120 Lentulo
1709 1086 1875 1121 ostendit.
1927 1085 2155 1120 Commemo-

1157 1142 1212 1168 rat
1229 1143 1347 1170 autem
1364 1135 1530 1170 nonnihil
1548 1143 1724 1171 mutatum
1742 1150 1814 1172 esse
1830 1143 1962 1171 statum
1983 1137 2154 1182 reipubli-

1157 1199 1238 1228 cae,
1266 1195 1300 1221 et
1316 1188 1405 1222 effici
1421 1201 1462 1222 ex
1476 1188 1700 1222 aristocratia
1722 1186 1962 1237 ὀλιγαρχίαν,
1990 1194 2025 1222 et
2046 1188 2153 1223 simu]

1157 1239 1274 1279 addit,
1302 1240 1388 1285 quid
1405 1239 1479 1284 ipse
1502 1237 1569 1273 hoc
1595 1246 1756 1284 tempore
1777 1240 1883 1273 faciat
1905 1240 1943 1272 in
1968 1240 2150 1284 republica

1157 1290 1305 1331 scilicet,
1338 1292 1435 1337 quod
1459 1292 1645 1324 confirmet
1669 1304 1705 1325 se
1732 1292 1778 1325 ad
1801 1290 1968 1336 Pompeii
1987 1291 2154 1325 volunta-

1158 1348 1249 1383 tem,
1281 1349 1315 1375 et
1338 1343 1468 1387 cogitet
1491 1355 1527 1376 se
1553 1349 1667 1376 totum
1695 1344 1740 1375 ad
1762 1343 1879 1377 studia
1903 1340 2152 1388 philosophiae

1157 1395 1303 1428 referre.
1355 1393 1611 1429 Narrationem
1631 1394 1792 1439 sequitur
1806 1394 1924 1428 brevis
1940 1394 2151 1439 significatio

1158 1445 1352 1480 voluntatis
1367 1445 1543 1491 Pompeii.
1597 1445 1637 1479 In
1655 1446 1723 1478 fine
1741 1446 1853 1479 defert
1870 1458 1973 1480 suum
1995 1445 2151 1480 officium

1158 1498 1313 1543 quadam
1333 1497 1595 1531 extenuatione.
1655 1497 1772 1530 Porro
1799 1497 1884 1530 utile
1909 1503 1961 1531 est
1984 1494 2052 1530 hoc
2072 1497 2153 1530 loco

1159 1549 1353 1582 admonere
1379 1550 1422 1581 de
1446 1548 1586 1581 ratione
1614 1555 1830 1592 temporum.
1897 1548 1938 1582 P.
1964 1547 2154 1582 Cornelius

1158 1599 1330 1634 Lentulus
1341 1627 1349 1640 ,
1377 1601 1421 1633 ad
1437 1612 1543 1645 quem
1559 1597 1647 1632 haec
1664 1600 1888 1640 scribuntur,
1903 1611 1996 1635 rcum
2015 1599 2060 1645 Q.
2077 1599 2154 1633 Me-

1158 1651 1241 1685 tello
1258 1651 1397 1696 Nepote
1414 1651 1636 1685 consulatum
1653 1651 1966 1685 administraverat
1979 1662 2076 1684 anno
2098 1663 2156 1685 su-

1158 1703 1316 1748 periore,
1345 1710 1378 1736 et
1396 1704 1598 1737 restituerat
1613 1702 1821 1736 Ciceronem
1841 1702 1878 1735 in
1896 1702 2064 1746 patriam,
2091 1702 2154 1748 qui

1158 1761 1255 1789 sexto
1279 1766 1374 1788 anno
1393 1761 1474 1788 ante
1492 1754 1614 1788 consul
1631 1755 1747 1788 fuerat
1759 1767 1838 1788 cum
1856 1753 1896 1788 C.
1912 1752 2071 1787 Antonio
2083 1780 2093 1794 ‚
2118 1760 2154 1787 et

1158 1807 1279 1852 pulsus
1296 1813 1372 1840 erat
1386 1807 1423 1840 in
1439 1806 1581 1839 exilium
1599 1806 1763 1850 proximo
1780 1817 1874 1839 anno
1884 1804 1943 1851 l³),
1970 1804 2032 1851 qui
2049 1805 2155 1851 quin-

1158 1865 1214 1893 tus
1239 1865 1315 1891 erat
1336 1865 1416 1903 post
1448 1858 1671 1892 consulatum
1703 1864 1857 1902 gestum,
1901 1855 1942 1891 L.
1965 1856 2096 1891 Pisone
2119 1862 2155 1890 et

1158 1909 1251 1944 Aulo
1267 1910 1423 1944 Gabinio
1440 1909 1654 1944 consulibus.
1707 1908 1821 1943 Huius
1846 1908 1952 1948 anni,
1987 1920 2058 1954 quo
2084 1905 2154 1941 hae

1159 1962 1328 2007 epistolae
1350 1961 1502 2006 scriptae
1524 1967 1625 2000 sunt,
1658 1961 1802 1994 suerunt
1826 1959 1987 1994 consules
2006 1959 2045 1995 C.
2060 1958 2155 1993 Len-

1159 2014 1252 2047 tulus
1274 2013 1504 2047 Marcellinus
1529 2018 1562 2045 et
1587 2010 1627 2045 L.
1646 2011 1798 2045 Martius
1813 2008 2013 2056 Philippus.
2065 2011 2154 2045 Post

1158 2064 1223 2099 hos
1244 2065 1405 2111 sequenti
1429 2076 1523 2096 anno
1550 2064 1693 2096 fuerunt
1718 2063 1877 2097 consules
1898 2062 2092 2107 Pompeius
2119 2068 2154 2095 et

1158 2117 1208 2151 M.
1226 2117 1371 2150 Crassus
1382 2143 1390 2156 ,
1417 2115 1479 2160 qui
1496 2114 1659 2155 Caesari,
1685 2127 1763 2148 cum
1780 2126 1844 2159 per
1860 2114 2052 2148 triennium
2069 2113 2155 2148 Gal-

1157 2169 1225 2201 liae
1242 2167 1469 2212 praefuisset,
1504 2165 1694 2209 imperium
1720 2166 1813 2199 ultra
1839 2165 2037 2209 legitimum
2065 2171 2154 2198 tem-

1158 2232 1223 2264 pus
1240 2220 1275 2251 in
1293 2219 1388 2252 aliud
1407 2217 1692 2263 quinquennium
1712 2223 1999 2261 prorogaverunt
2008 2216 2054 2264 1⁴)
2069 2228 2154 2250 con·

1159 2278 1212 2304 tra
1240 2271 1352 2314 legem
1376 2268 1627 2314 Semproniam
1645 2268 1703 2314 l5).
1769 2268 1873 2302 Sexto
1907 2275 2024 2302 autem
2057 2280 2152 2302 anno

1196 2370 1241 2402 10)
1261 2376 1292 2394 eo
1311 2370 1443 2398 consule]
1463 2368 1503 2393 sic
1521 2368 1606 2392 Editt.
1624 2368 1717 2400 1537.,
1739 2369 1831 2400 1540.‚
1854 2369 1940 2400 1545„
1962 2369 2048 2401 1546„
2066 2368 2154 2400 156⁰„

1230 2405 1323 2434 1601.;
1344 2403 1428 2427 Editt.
1440 2403 1525 2434 1544„
1540 2403 1627 2432 1554..
1645 2403 1719 2427 155⁷.
1736 2404 1763 2427 et
1776 2403 1826 2429 Ed.
1837 2403 1923 2428 Orell.
1937 2410 1969 2429 eo
1981 2405 2015 2428 tu.
2026 2403 2155 2430 consule.

1197 2441 1244 2468 11)
1264 2439 1320 2462 Hoc
1338 2440 1528 2467 argumentum
1548 2439 1575 2461 et
1596 2438 1648 2462 duo
1668 2437 1811 2468 sequentia
1830 2437 1856 2461 in
1875 2438 1959 2463 Editt.
1981 2437 2065 2469 1556„
2086 2437 2154 2462 1565

1229 2473 1345 2496 -1596,
1367 2473 1551 2502 reperiuntur.

1198 2509 1245 2536 12)
1265 2509 1330 2536 hac]
1350 2507 1398 2531 Ed.
1420 2507 1494 2530 1556.
1515 2512 1611 2530 errore
1630 2508 1758 2537 typogr.:
1785 2507 1862 2532 haec.

1197 2543 1243 2571 13)
1264 2542 1361 2566 Cicero
1388 2542 1455 2565 urbe
1480 2540 1566 2565 cessit
1586 2546 1611 2566 a.
1631 2547 1655 2566 u.
1676 2548 1697 2565 c.
1716 2541 1775 2565 696.
1801 2541 1856 2570 (58.
1875 2545 1900 2566 a.
1919 2540 1999 2569 Chr.)
2022 2545 2048 2566 a.
2073 2542 2153 2566 aeta-

1230 2577 1267 2600 tis
1287 2575 1385 2601 xmx.

1198 2612 1245 2639 14)
1263 2611 1500 2641 prorogaverunt]
1520 2609 1559 2633 sic
1577 2609 1625 2634 Ed.
1642 2609 1735 2640 1577.;
1758 2609 1843 2634 Editt.
1862 2608 1948 2640 1556„
1969 2609 2056 2641 1565„
2077 2610 2152 2635 1569.

1230 2644 1452 2675 prorogaverint.

1200 2680 1247 2708 15)
1265 2680 1297 2703 Η.
1317 2679 1334 2701 Ι.
1358 2678 1535 2709 intelligenda
1555 2680 1597 2702 est
1617 2679 1661 2702 lex
1680 2677 1841 2708 Sempronia
1859 2677 1892 2701 de
1910 2677 2062 2708 provinciis
2083 2684 2152 2703 con-

1234 2713 1387 2741 sularibus,
1418 2714 1488 2736 cour.
1514 2713 1595 2737 ludex
1622 2714 1711 2743 legum
1735 2713 1762 2737 in
1783 2711 1880 2738 Oreuii
1906 2713 1933 2736 et
1951 2712 2053 2738 Baiteri
2072 2713 2150 2738 Ono-

1233 2751 1314 2774 mast.
1334 2747 1451 2772 Tulliau.
1471 2748 1499 2772 P.
1515 2748 1558 2772 111.
1582 2747 1679 2777 11267.

2239 397 2268 713 rdbxygqa-v-,cfflmaee
2246 357 2254 389 -
2246 329 2262 343 ⁷.
2251 300 2253 302 ,

2245 720 2263 837 '2¹1⁴'0‘
