2294 2975
125 118 194 152 211
703 111 824 147 Pan..
863 109 973 145 MEL.
1005 108 1206 144 SCRIPTA
1241 111 1577 148 PHILOLOGICA.
2077 112 2152 148 212

125 203 278 233 continet
307 199 616 236 adlini-tationem,
658 199 730 232 sive
756 195 1003 241 repetitionem
1029 207 1111 228 con-

124 251 319 285 solationis.
372 250 410 284 lu
430 252 497 284 fine
514 252 625 283 desert
642 249 794 282 osticium
810 259 925 281 suum.

370 336 505 369 Aliud
543 338 871 377 argumentum.

225 402 263 436 Iu
291 403 383 435 bello
409 402 500 435 civili
524 407 660 434 secutus
691 406 766 432 erat
790 398 1002 443 Pompeium
1028 398 1114 432 Cae-

127 454 224 493 cina,
262 461 293 486 ct
319 453 456 497 scriptis
481 451 551 485 suis
576 463 647 483 nou
674 450 797 483 leviter
823 450 1009 484 Caesarem
1035 461 1114 494 per-

126 505 333 543 strinxerat,
378 510 409 535 et
445 509 553 534 totam
589 501 671 534 belli
707 513 848 535 causam
880 503 1114 534 damnaverat

128 556 239 599 quasi.
293 555 411 597 Quare
436 558 582 596 propter
606 550 669 586 lias
695 565 816 587 causas
841 552 924 586 satis
950 551 1112 597 iniquum

128 606 310 637 Caesarem
329 602 499 641 babebat,
528 609 559 635 et
579 615 662 647 prae
681 603 778 643 aliis,
811 603 872 648 qui
901 609 1002 635 crant
1027 602 1114 636 socii

128 655 234 691 exilii,
263 654 484 687 existimabat
497 654 661 694 Caecina,
689 654 755 688 sibi
774 655 906 687 nullam
927 666 999 687 esse
1015 666 1111 698 spem

127 705 310 749 reliquam,
339 711 399 738 aut
416 706 609 738 admodum
626 718 772 750 parvam
791 705 844 739 sui
862 705 1006 744 reditus,
1031 705 1111 750 quia

127 756 397 799 implacabiliter
415 756 619 790 offendisset
636 763 772 790 tantum
793 756 987 800 principem
1006 755 1113 788 armis

126 813 158 839 ct
182 806 330 850 scriptiS.
383 806 466 840 Ideo
485 807 607 840 Cicero
633 805 698 839 bac
723 813 757 839 et
779 806 940 851 sequenti
964 805 1111 850 epistola

125 857 329 890 consolatur
347 870 449 897 eum,
478 870 521 890 ne
539 858 680 901 gravius
695 858 785 891 serat
808 857 971 896 exilium,
1009 863 1042 889 et
1070 869 1112 889 ne

125 909 289 951 desperet
318 908 360 940 de
389 908 517 942 reditu.
578 908 759 953 Principio
785 909 863 941 loco
891 908 1026 941 exordii
1050 920 1113 951 po-

123 965 258 991 nuntur
276 964 345 992 tres
362 959 488 993 breves
506 960 730 993 narrationes
749 959 937 992 officiosae.
990 959 1111 991 Prima

124 1010 166 1042 de
189 1022 249 1042 sua
277 1010 523 1042 benevolentia
553 1016 586 1042 et
608 1011 741 1044 officiis.
813 1010 971 1043 Secunda
989 1009 1036 1054 ³⁷)
1069 1010 1112 1042 de

126 1066 268 1103 accepto
297 1060 386 1093 libro
404 1060 586 1094 Caecinae.
648 1061 768 1093 Tertia
795 1062 837 1093 ‹le
864 1061 1045 1093 voluntate
1073 1072 1111 1092 ac

125 1111 241 1143 studio
267 1112 474 1145 amicorum.
533 1110 602 1145 lllis
625 1112 809 1145 subiicitur
831 1111 1111 1155 praefatiuncula

125 1162 318 1194 admodum
343 1163 539 1195 verecunda
564 1164 606 1195 de
631 1175 732 1196 causa
758 1163 963 1196 scribendae
986 1174 1111 1195 conso-

124 1212 266 1244 lationis
291 1224 332 1245 ex
356 1213 457 1246 certis
482 1213 713 1253 coniecturis,
753 1219 787 1246 et
809 1213 969 1258 sequitur
992 1213 1109 1246 statim

126 1262 322 1306 propositio
341 1264 593 1297 consolationis
621 1277 660 1297 ex
685 1264 788 1297 certis
812 1263 1043 1303 coniecturis,
1078 1270 1111 1296 et

123 1313 281 1357 sequitur
295 1315 412 1347 statim
439 1315 635 1358 propositio
655 1315 928 1354 consolationis,
962 1321 1001 1347 ut
1022 1315 1110 1347 bene

123 1370 239 1407 speret
253 1365 295 1396 de
314 1366 427 1398 reditu
444 1378 519 1398 suo.
575 1366 795 1409 Argumenta
813 1367 883 1399 duo
903 1372 983 1399 sunt
997 1391 1006 1405 ,
1035 1365 1111 1410 qui-

123 1415 186 1447 bus
214 1416 340 1458 probat
366 1416 666 1459 propositionem,
707 1429 797 1461 quae
821 1416 1064 1457 sumuntur‘ss)
1091 1428 1108 1446 a

123 1465 335 1498 coniectura.
405 1466 565 1497 Alterum
597 1478 615 1498 a
650 1467 854 1498 conditione
883 1464 1111 1509 reipublicae,

123 1516 274 1548 alterum
294 1517 336 1547 ab
354 1515 496 1559 ingenio
513 1522 546 1548 et
563 1516 762 1550 virtutibus.
827 1515 998 1549 Caecinae
1024 1515 1111 1547 allu-

122 1567 207 1599 dens
225 1568 267 1598 ad
286 1566 401 1599 locum
418 1579 656 1606 communem,
677 1568 771 1611 quod
788 1567 997 1610 respublica,
1021 1577 1110 1611 quae

123 1617 255 1659 regitur
271 1617 463 1660 sapientia,
497 1629 570 1649 non
596 1617 748 1657 viribus,
783 1630 871 1661 opus
894 1615 1022 1649 habeat
1048 1614 1110 1649 bo-

124 1667 278 1700 minibus
296 1668 419 1701 doctis.
474 1667 661 1701 Conclusio
681 1666 787 1701 babet
811 1669 955 1700 brevem
981 1665 1109 1700 adhor-

124 1718 292 1750 tationem
312 1725 345 1750 et
361 1718 605 1762 repetitionem
625 1725 930 1763 argumentorum.
981 1717 1021 1750 In
1041 1719 1110 1751 fine

123 1768 233 1801 desert
251 1781 352 1802 suum
372 1770 525 1803 osticium
543 1770 664 1803 addito
683 1776 893 1814 argumento
909 1782 929 1802 a
946 1769 1077 1804 debito.

367 1854 501 1887 Aliud
538 1861 866 1898 argumentum.

222 1920 416 1953 Exordium
436 1921 579 1953 ductum
602 1927 652 1954 est
677 1934 717 1954 ex
740 1921 817 1954 loco
842 1920 1109 1954 benevolentiae

121 1971 163 2002 de
181 1983 243 2003 suo
266 1982 347 2013 erga
375 1971 485 2004 filium
505 1971 676 2005 Caecinae
702 1984 824 2005 amore
847 1978 953 2017 atque
980 1972 1110 2006 studio.

120 2020 207 2054 Post
226 2021 408 2054 exordium
426 2028 608 2065 ponuntur
623 2022 747 2056 breves
764 2024 854 2056 duae
872 2022 1108 2057 narrationes.

120 2070 256 2104 Deinde
286 2083 348 2115 per
382 2072 667 2105 extenuationem
699 2073 753 2106 sui
783 2074 917 2106 aditum
950 2073 1034 2107 facit
1064 2075 1108 2107 ad

121 2122 424 2166 propositionem,
465 2135 556 2168 quae
588 2129 638 2156 est
666 2121 770 2156 huius
795 2124 962 2168 epistolae
986 2131 1107 2159 status.

121 2172 323 2216 Propositio
349 2180 400 2207 est
423 2173 680 2213 consolatoria,
714 2175 931 2217 argumentis
954 2175 1105 2209 inclusa:

120 2221 224 2256 Iubeo
242 2230 274 2256 te
291 2225 381 2257 bene
398 2236 539 2268 sperare
556 2225 598 2257 de
615 2231 675 2258 tuo
694 2225 822 2259 reditu.
872 2226 1034 2260 Primum
1052 2239 1106 2259 ar-

122 2281 324 2315 gumentum
347 2282 526 2319 sumptum
543 2282 594 2309 est
610 2288 628 2308 a
646 2275 849 2309 conditione
867 2288 986 2310 rerum
1004 2289 1106 2321 prae-

121 2323 272 2356 sentium
297 2332 329 2357 et
354 2332 567 2369 temporum.
632 2326 831 2360 Secundum
857 2334 1103 2371 argumentum

120 2374 262 2405 ductum
282 2382 332 2408 est
350 2376 393 2408 ab
413 2376 555 2420 ingenio
573 2377 755 2411 Caecinae.
808 2378 981 2412 Ultimum
1001 2391 1105 2422 argu-

121 2430 277 2456 mentum
297 2437 313 2456 a
329 2426 509 2460 voluntate
521 2428 698 2469 Caesaris,
724 2441 828 2474 quem
844 2428 949 2462 simul
966 2436 1104 2463 excusat

121 2486 184 2517 per
201 2475 424 2508 reiectionem
445 2479 589 2522 culpae,
618 2492 689 2525 quo
714 2479 831 2514 minus
855 2477 1024 2514 hactenus
1051 2493 1104 2513 re-

153 2581 201 2609 57)
222 2581 360 2610 secunda]
387 2581 427 2605 sic
452 2582 534 2605 Editt.
556 2584 646 2616 1556.‚
677 2585 768 2616 1592.;
804 2585 888 2611 Editt.
908 2586 1000 2618 1565„
1028 2586 1103 2610 1569.

190 2620 286 2638 errore
305 2617 431 2645 typogr.:
459 2617 589 2641 secundo.

153 2657 201 2683 53)
216 2657 376 2713 sumuntur]
394 2656 434 2681 nic
452 2657 534 2682 Editt.
556 2659 646 2691 1565.,
668 2661 758 2694 1569.‚
777 2662 869 2695 1592.;
891 2662 941 2689 Ed.
963 2663 1035 2688 1556.
1055 2668 1103 2686 su-

186 2697 220 2714 mi
238 2697 277 2714 ur.

1163 197 1343 230 vocaverit
1353 197 1554 231 Caecinam.
1608 197 1797 232 Conclusio
1813 195 1920 231 habet
1935 197 2078 231 brevem
2098 209 2152 230 re-

1164 248 1370 291 petitionem
1391 248 1645 293 propositionis
1670 255 1704 282 et
1727 255 1977 293 argumentum
2005 260 2067 292 per
2091 249 2152 281 ad-

1164 297 1418 335 hortationem.
1486 299 1527 333 ln
1556 300 1624 333 fine
1654 301 1800 346 ponitur
1831 299 1985 334 clausula
2016 300 2059 333 de
2089 311 2153 334 suo

1125 384 1130 388 ,
1166 350 1294 384 officio.

1206 441 1532 486 Argumentum
1570 448 1613 475 et
1647 440 1826 476 scholia
1862 441 1907 474 in
1939 439 2111 486 episto-

1571 494 1656 527 lam
1683 492 1741 528 VI.

1671 570 1787 603 Habet
1812 575 1929 603 autem
1956 566 2154 606 exordium,

1167 617 1204 651 in
1238 632 1309 664 quo
1341 626 1391 653 est
1419 620 1596 653 excusatio
1626 621 1766 654 silentii.
1833 619 1971 653 Deinde
1994 617 2155 663 sequitur

1167 671 1385 715 propositio,
1420 684 1488 716 qua
1506 671 1693 715 pollicetur
1709 674 1751 705 de
1769 672 1898 705 reditu.
1957 669 2154 713 Argumen-

1167 727 1241 753 tum
1272 728 1438 754 ornatum
1467 728 1518 755 est
1542 722 1751 763 collatione,
1792 728 1825 755 et
1849 723 1927 754 loco
1952 718 2152 753 communi:

1166 770 1263 804 Sicut
1281 778 1318 805 tu
1336 772 1420 804 olim
1438 772 1622 806 divinabas
1640 774 1682 805 (le
1700 786 1779 805 meo
1802 773 1919 806 reditu
1935 784 1976 805 ex
1991 770 2153 804 doctrina

1165 822 1238 855 sive
1257 829 1454 863 astrorum,
1482 823 1554 856 sive
1579 824 1802 867 aruspicum,
1830 823 1879 857 sic
1905 835 1968 866 ego
1995 834 2090 855 nunc
2114 832 2155 853 ex

1166 873 1307 917 politica
1326 874 1487 906 doctrina
1507 873 1641 908 divino.
1674 874 1876 919 Amplificat
1895 873 2021 906 deinde
2036 873 2153 905 locum

1166 924 1396 958 divinationis
1438 925 1603 969 politicae
1623 951 1632 965 ,
1683 932 1716 959 et
1759 929 2018 958 commemorat
2051 934 2155 968 quas-

1165 976 1246 1008 dam
1282 988 1362 1009 suas
1398 976 1667 1019 praedictiones.
1732 976 1869 1009 Deinde
1901 974 2042 1009 subiicit
2075 974 2153 1006 loco

1166 1026 1347 1059 communi
1368 1027 1410 1059 de
1431 1027 1650 1060 divinatione
1680 1026 1779 1070 signa
1803 1025 2034 1059 divinationis
2058 1036 2154 1063 suae,

1165 1089 1317 1122 quorum
1336 1077 1402 1109 alia
1422 1077 1585 1124 sumit⁶⁰)
1610 1090 1628 1110 a
1655 1089 1806 1121 persona
1826 1076 2006 1116 Caesaris,
2039 1075 2108 1108 alia
2135 1087 2154 1106 a

1165 1127 1367 1161 conditione
1383 1134 1416 1161 et
1433 1128 1566 1162 vicibus
1581 1127 1994 1172 rerumpublicarumffl).
2026 1126 2154 1159 Postea

1165 1179 1436 1225 conclusioni‘ffl)
1469 1179 1568 1212 addit
1597 1179 1858 1212 consolationes
1889 1190 1930 1211 ex
1952 1176 2038 1210 locis
2059 1188 2155 1209 com-

1164 1230 1330 1264 munibus
1350 1231 1490 1270 ductas,
1518 1231 1561 1263 de
1585 1229 1738 1263 serendis
1759 1228 1979 1274 fortunaeffi)
2001 1226 2153 1260 iniuriis.

1269 568 1475 602 Consolatio
1484 569 1529 614 ⁵⁹)
1556 576 1617 604 est.

1163 1280 1226 1314 Est
1247 1281 1326 1314 talis
1350 1281 1457 1314 etiam
1481 1282 1629 1326 epistola
1654 1282 1697 1314 de
1720 1280 1961 1320 divinatione,
1996 1279 2041 1312 ad
2060 1277 2159 1317 Atti<

1165 1344 1244 1364 cuin
1266 1332 1326 1365 lib.
1348 1333 1405 1366 10.
1416 1331 1475 1378 61).

1267 1381 1297 1426 §-
1317 1383 1349 1417 1.
1388 1385 1529 1424 Vereor,
1562 1382 1622 1431 ne]
1655 1382 1871 1422 Exordium,
1907 1379 2084 1414 excusatio
2108 1377 2152 1412 si·

1164 1433 1331 1478 lentiiffi).

1267 1480 1297 1525 ξ.
1313 1484 1348 1516 2.
1383 1484 1448 1515 His
1468 1480 1677 1529 littei-isffiss
1717 1479 1935 1516 Consolatio.

1163 1535 1293 1578 quidem
1302 1530 1376 1579 6⁷)]
1400 1532 1604 1576 Propositio
1622 1533 1886 1566 consolationis.

1163 1582 1235 1631 me]
1263 1583 1514 1626 Amplificatio.

1267 1632 1296 1677 ἓ.
1321 1632 1355 1667 5.
1395 1635 1486 1674 Quae
1506 1632 1702 1682 praeterea]
1736 1633 1789 1668 Ne
1813 1629 2151 1677 prorogarenturoe)

1165 1685 1307 1719 Caesari
1326 1684 1475 1718 Galliae.

1267 1734 1296 1780 ἓ.
1316 1735 1350 1769 6.
1376 1732 1626 1781 Amphiaraus]
1655 1733 1746 1767 Huic
1769 1740 1844 1767 erat
1860 1733 1898 1766 in
1913 1731 2011 1773 fatis,
2038 1737 2094 1772 ut,
2120 1729 2151 1765 si

1163 1786 1443 1831 proficisceretur
1475 1786 1520 1818 ad
1550 1784 1849 1829 expugnationem
1874 1780 2152 1828 Thebarum‘ss),

2013 1481 2085 1513 Nec
2107 1481 2153 1512 iis

1947 1531 2037 1563 Nam
2052 1541 2152 1575 quum

1196 1897 1245 1924 59)
1264 1895 1333 1920 Huic
1349 1893 1411 1918 voci
1426 1893 1452 1917 in
1466 1891 1549 1917 Editt.
1562 1891 1646 1922 1540,
1662 1891 1747 1922 1544„
1762 1891 1848 1921 1554„
1866 1889 1940 1914 155⁷.
1955 1889 1979 1912 h.
1993 1888 2011 1914 l.
2027 1888 2150 1918 praefixa

1233 1932 1297 1954 sunt
1312 1929 1396 1953 verba
1410 1927 1477 1952 Non
1490 1932 1594 1951 vereor
1610 1925 1651 1957 (in
1665 1926 1740 1949 textu
1753 1926 1844 1948 autem
1857 1924 1941 1949 Editt.
1957 1923 2044 1953 1544„
2064 1922 2151 1953 1554,

1234 1964 1308 1989 155⁷.
1337 1969 1424 1994 aeque
1448 1967 1480 1985 ao
1502 1961 1611 1984 ceterae
1635 1960 1700 1983 ittae
1727 1961 1754 1983 et
1773 1958 1823 1983 Ed.
1843 1959 1930 1985 orell.
1949 1958 2062 1981 habent:
2096 1958 2151 1981 Ve-

1194 1999 1358 2070 εοξεξιῖιέὶε]
1377 2038 1418 2063 sic
1435 2036 1617 2065 Editt.153⁷.‚
1638 2036 1725 2065 1540..
1745 2035 1829 2065 1544„
1850 2034 1936 2064 1554„
1956 2033 2042 2063 1557.‚
2063 2032 2149 2063 1565„

1230 2076 1316 2107 1569„
1335 2073 1409 2098 1592.
1421 2080 1430 2103 ;
1456 2071 1538 2095 mitt.
1554 2070 1646 2100 1545„
1668 2069 1760 2101 1546„
1782 2069 1873 2099 1560„
1894 2068 1968 2093 1601.
1990 2069 2063 2092 sunt.

1193 2119 1242 2147 61)
1259 2115 1534 2147 rerumpublicarum]
1552 2113 1637 2137 Editt.
1652 2112 1744 2143 1546„
1765 2112 1839 2136 1601.
1859 2110 2032 2141 reipublicae.

1193 2162 1241 2189 62)
1259 2158 1438 2188 conclusioni]
1460 2157 1508 2181 Ed.
1532 2155 1605 2179 1560.
1625 2160 1722 2178 errore
1740 2155 1868 2185 typogr.:
1893 2152 2077 2178 conclusione.

1193 2205 1241 2233 63)
1261 2202 1402 2231 fortunae]
1422 2200 1470 2224 Ed.
1492 2198 1566 2223 1569.
1585 2197 1703 2221 fortune.

1190 2248 1240 2275 64)
1260 2248 1317 2270 Hoc
1333 2243 1521 2275 argumentum
1539 2238 1941 2269 habentEditt.15³⁷—1554.‚
1958 2237 2044 2269 1557„
2059 2237 2147 2268 ¹560„

1229 2281 1295 2305 1565
1308 2292 1335 2297 -
1346 2278 1420 2303 1596.
1430 2293 1438 2308 ‚
1458 2276 1532 2300 1601.

1191 2325 1240 2353 65)
1260 2324 1334 2348 naec
1351 2322 1416 2345 nota
1439 2319 1467 2342 in
1485 2318 1571 2342 Editt.
1592 2316 1685 2347 15⁴5„
1716 2316 1791 2340 1560.
1820 2314 1954 2339 disiuncta
1981 2314 2022 2338 est
2046 2313 2074 2338 in
2097 2314 2147 2339 has

1227 2359 1313 2382 duas:
1348 2357 1456 2380 Vereor
1473 2352 1521 2382 ne]
1540 2351 1695 2375 Exordium.
1767 2350 1824 2375 sed
1840 2350 1936 2374 tamen
1952 2349 2070 2378 vereor]
2088 2349 2146 2373 Ex-

1225 2391 1332 2416 cusatio
1352 2387 1465 2413 silentii.

1190 2433 1239 2461 66)
1259 2433 1312 2456 Pro
1333 2431 1373 2455 his
1393 2429 1449 2454 Cic.
1468 2427 1561 2452 verbis
1581 2427 1606 2451 in
1633 2427 1731 2450 iisdem
1756 2426 1773 2450 2
1792 2425 1875 2449 Editt.
1901 2424 1963 2448 huic
1985 2425 2068 2448 notae
2092 2423 2145 2448 ad-

1225 2467 1330 2496 scripta
1347 2465 1412 2488 sunt
1429 2462 1632 2486 antecedentia:
1657 2461 1744 2485 Nunc
1761 2462 1867 2484 autem.

1189 2510 1238 2537 67)
1258 2510 1287 2532 In
1309 2507 1403 2531 iisdem
1421 2506 1438 2529 2
1457 2505 1540 2529 Editt.
1566 2504 1627 2528 huic
1651 2504 1733 2527 notae
1753 2502 1874 2533 praefixa
1893 2501 1957 2524 sunt
1975 2500 2059 2525 verba
2076 2501 2144 2525 sub-

1224 2541 1378 2573 sequentia:
1405 2540 1513 2570 Quibus
1532 2540 1560 2564 te
1579 2539 1718 2563 consoler.

1188 2586 1237 2613 68)
1255 2582 1488 2614 prorogarentur]
1512 2581 1553 2605 sic
1577 2581 1662 2606 Editt.
1682 2579 1776 2609 15³⁷„
1804 2577 1896 2608 1545„
1928 2576 2020 2608 156⁰.;
2055 2576 2140 2602 Editt.

1226 2619 1316 2650 1540„
1336 2618 1428 2648 1544„
1448 2616 1538 2646 155⁴„
1557 2615 1631 2640 1557.
1652 2613 1844 2644 prorogantur.

1188 2662 1236 2691 69)
1254 2660 1418 2688 Thebarum]
1437 2658 1477 2682 sic
1495 2657 1577 2681 Editt.
1598 2657 1688 2688 1540„
1708 2656 1800 2687 1544„
1819 2654 1912 2686 155⁴„
1934 2653 2026 2684 1557.3
2054 2652 2138 2678 Editt.

1226 2695 1316 2727 15³7„
1338 2694 1428 2726 1545„
1449 2693 1524 2718 1560.
1544 2692 1659 2716 Thebae.
