2294 2975
99 126 172 160 193
228 124 350 161 XXIH.
402 123 708 159 ARGUMENTA
734 122 799 157 ET
826 122 1028 158 SCHOLIA
1056 122 1103 159 IN
1130 123 1277 161 EPIST.
1305 124 1417 161 FAM.
1447 125 1530 162 CIC.
1558 127 1698 166 LIBN.
1727 131 2007 172 EP.17.18.19.

88 214 160 246 lum
188 223 308 245 casum
332 212 422 244 ferre
445 209 541 243 velit.
599 208 799 243 Exordium
824 216 1004 254 sumptum
1029 216 1079 244 est

85 264 130 296 ab
158 263 304 297 ass'ectu:
346 261 498 295 Multum
532 260 635 294 doleo
667 261 710 293 de
744 266 805 294 tuo
837 260 1078 302 incommodO,

88 314 240 360 ideoque
256 325 331 347 non
347 325 423 346 sum
442 317 545 356 aptus
566 312 612 344 ad
637 318 671 345 te
697 311 966 347 consolandum.
1018 313 1078 347 Se-

85 365 207 411 quitur
238 362 453 409 propositio:
497 363 633 396 Praebe
667 369 700 396 te
733 362 850 396 virum
884 364 1010 397 sortem
1044 369 1078 397 et

84 422 318 450 constantem.
370 414 491 448 Prima
516 413 608 447 ratio
633 420 774 458 sumpta
799 420 849 448 est
874 415 917 448 ab
942 414 1021 448 utili
1044 421 1077 448 et

83 467 271 500 collatione
289 467 468 499 bonorum
487 465 732 510 praesentium
751 477 830 498 cum
848 466 951 499 bonis
970 465 1076 500 amis-

84 517 146 551 sis:
175 517 283 550 Plura
302 516 366 550 tibi
384 522 535 557 restent,
559 528 666 561 quam
685 516 851 557 amisisti,
884 529 947 550 nec
965 523 1003 550 tu
1019 529 1075 551 so-

82 569 135 601 lus
151 580 206 607 es,
235 567 296 612 qui
314 567 362 600 ita
379 567 523 611 pateris.
575 567 666 601 Nam
692 573 726 600 et
749 567 826 601 aliis
852 569 975 601 eadem
1002 569 1073 601 for-

81 625 166 651 tuna
191 630 295 662 saepe
320 618 502 651 subeunda
524 617 601 653 fuit.
665 617 785 651 Altera
809 619 902 652 ratio
926 631 944 652 a
968 619 1072 652 malis

80 669 250 713 publicis,
277 675 311 702 et
328 669 494 702 convenit
512 680 591 702 cum
611 669 725 713 prima
745 669 884 703 ratione
910 671 954 703 ab
980 670 1071 704 utili.

80 719 268 754 Conclusio
285 718 391 753 habet
408 719 704 764 pollicitationem
720 720 838 755 officii.

319 801 457 837 Aliud
492 809 825 848 argumentum.

180 868 244 904 Est
267 874 301 902 et
324 867 411 903 haec
434 870 582 914 epistola
602 870 862 910 consolatoria,
889 870 926 903 in
944 869 1068 915 quass)

78 919 232 954 amicum
247 933 349 954 suum
368 921 498 955 iudicio
515 923 726 955 damnatum
744 922 959 955 consolatur.
1000 920 1069 954 Ex-

78 971 220 1005 ordium
237 969 343 1004 habet
357 972 464 1005 breve
486 969 610 1011 πάθος
633 984 652 1005 a
679 972 845 1006 societate
870 973 984 1006 luctus
1008 984 1068 1005 seu

76 1022 211 1056 doloris
229 1028 375 1066 propter
392 1022 480 1056 illud
503 1022 686 1058 iudicium.
746 1023 914 1069 Sequitur
937 1035 1069 1068 propo-

75 1073 176 1113 sitio,
204 1085 295 1118 quae
314 1080 365 1106 est
378 1074 495 1108 brevis
515 1071 740 1114 adhortatio,
774 1087 836 1108 seu
852 1074 996 1119 petitio,
1029 1081 1069 1107 ut

74 1124 281 1157 moderetur
310 1124 464 1163 luctum,
514 1136 579 1156 nec
607 1131 795 1168 tantopere
827 1138 862 1159 se
895 1125 1069 1158 excruciet

76 1181 224 1219 propter
246 1174 352 1206 talem
379 1186 511 1208 casum.
573 1174 793 1218 Argumenta
819 1183 960 1219 sumpta
987 1182 1069 1208 sunt

75 1238 95 1259 a
112 1224 316 1258 conditione
333 1222 520 1258 hominum
545 1224 583 1257 in
597 1223 664 1258 hac
680 1225 750 1258 vita
763 1251 772 1265 ‚
807 1232 841 1258 et
856 1238 874 1258 a
890 1225 1068 1270 praesenti

74 1282 168 1310 statu
187 1282 401 1320 temporum.
454 1275 517 1309 His
534 1276 672 1309 duobus
689 1276 907 1319 argumentis
925 1276 1068 1309 additur

73 1325 251 1360 rhetorica
278 1326 420 1360 collatio
444 1326 624 1360 bonorum
649 1332 683 1360 et
704 1327 902 1367 malorum,
945 1327 1067 1360 videli-

74 1385 128 1411 cet
155 1379 252 1423 quod
275 1378 313 1410 in
334 1377 402 1411 illis
426 1377 685 1411 calamitatibus
701 1378 780 1422 plus
795 1384 916 1411 tamen
939 1376 1068 1411 habeat

75 1430 367 1469 commodorum,
402 1440 509 1474 quam
534 1429 861 1463 incommodorum.
916 1429 1066 1463 Conclu-

74 1480 126 1513 sio
144 1486 280 1513 constat
296 1479 507 1524 repetitione
524 1480 793 1525 propositionis.
853 1479 893 1513 In
916 1481 983 1514 fine
1007 1482 1066 1514 de-

73 1532 141 1564 fert
156 1530 310 1564 officium
328 1543 443 1564 suum.

320 1606 453 1641 Aliud
482 1614 810 1652 argumentum.

175 1674 357 1719 Principio
375 1681 426 1708 est
441 1675 595 1720 captatio
619 1676 888 1709 benevolentiae
914 1688 933 1709 a
956 1676 1065 1710 socie-

73 1733 145 1759 tate
164 1727 290 1760 luctus.
326 1725 465 1759 Deinde
481 1726 628 1770 ponitur
645 1727 863 1771 propositio,
892 1739 981 1772 quae
1002 1725 1065 1760 ha-

72 1778 131 1810 bet
155 1775 444 1810 adhortationem
463 1789 524 1810 seu
547 1777 839 1812 consolationem.
891 1778 1062 1813 Probatio

72 1828 330 1873 propositionis
359 1828 512 1861 sumitur
542 1840 561 1861 a
593 1828 865 1862 circumstantiis
891 1842 1063 1873 personae

71 1887 104 1913 et
123 1879 305 1924 temporis.
357 1878 487 1912 Addita
508 1886 560 1913 est
577 1885 610 1912 et
628 1879 769 1912 collatio
789 1892 852 1924 per
872 1882 1063 1924 amplifica-

71 1931 207 1964 tionem
226 1931 558 1971 incommodorum,
590 1937 624 1963 et
642 1931 835 1964 multorum
856 1934 1062 1965 commodo-

72 1994 173 2022 rum,
201 1995 280 2016 cum
306 1982 556 2015 extenuatione
580 1981 701 2015 iudicii
717 1982 897 2021 Caesaris,
932 1983 1062 2027 signifi-

71 2045 154 2067 cans
171 2033 313 2066 exilium
322 2033 425 2067 Fabii
440 2045 514 2066 non
532 2035 608 2067 fore
624 2040 848 2078 perpetuum,
873 2041 1061 2078 propterea

71 2086 166 2129 quod
190 2085 233 2117 ab
252 2097 324 2117 uno
345 2091 483 2118 tantum
501 2085 649 2119 Caesare
675 2091 798 2118 contra
827 2085 979 2118 aliorum
1001 2098 1063 2118 vo-

70 2135 242 2169 luntatem
260 2137 442 2170 decretum
462 2137 516 2170 sit.
578 2135 617 2168 In
639 2136 708 2170 fine
735 2137 887 2170 clausula
916 2137 1062 2181 ponitur

71 2188 114 2219 de
132 2200 194 2220 suo
214 2187 340 2220 officio.

115 2287 442 2331 Argumentum
479 2293 519 2320 et
554 2284 732 2321 scholia
770 2289 813 2321 in
849 2287 1018 2332 episto-

428 2338 468 2371 la
479 2351 515 2371 m
542 2337 632 2372 XIX.
641 2337 700 2383 ⁸⁹).

172 2414 268 2447 Haec
284 2413 431 2458 epistola
451 2420 502 2447 est
517 2414 600 2447 satis
619 2415 723 2455 bella,
739 2415 821 2461 quia
833 2415 863 2435 ⁸9
871 2416 904 2462 a)
914 2422 964 2450 est
979 2416 1063 2450 scri-

71 2474 131 2511 pta
151 2467 196 2499 ad
216 2465 370 2498 amicum
389 2465 566 2505 fucatum,
601 2465 658 2498 cui
679 2478 753 2499 non
770 2479 938 2512 magnam
955 2466 1063 2501 habe-

639 2512 666 2531 0

103 2565 151 2593 88)
170 2566 238 2595 qua]
258 2566 308 2591 Ed.
330 2565 406 2590 1569.
427 2570 522 2589 errore
542 2566 671 2597 typogr.:
700 2573 787 2597 quam.

105 2608 153 2636 89)
172 2608 263 2638 xm]
283 2609 324 2632 sio
341 2608 389 2633 Ed.
410 2608 486 2632 1560.
506 2608 534 2631 et
551 2608 600 2632 Ed.
620 2609 724 2641 ore11.;
755 2611 840 2636 Editt.
861 2612 954 2643 1540„
975 2612 1063 2639 154⁴„

141 2642 335 2705 333³..2156513.‚
350 2642 436 2673 1557„
454 2641 659 2668 1565—1596.:
678 2644 742 2669 xx.
761 2646 957 2677 (mamma,
977 2647 1063 2677 1546„

106 2719 173 2746 89²)
192 2719 269 2749 quia]
290 2720 337 2743 Ed.
359 2719 432 2743 1546.
452 2718 513 2750 qui3
538 2719 587 2743 Ed.
605 2719 679 2745 1601.
699 2726 776 2750 quae.

82 2762 265 2792 Mamm.
282 2761 388 2792 OPER.
420 2761 505 2792 Vol..
523 2761 629 2792 XVII.

2063 140 2134 176 194

1136 210 1197 244 bat
1224 211 1340 246 fidem.
1402 212 1553 247 Orditur
1579 226 1596 247 a
1618 220 1962 256 commemoratione
1980 224 2135 259 benevo-

1133 261 1279 303 lentiae,
1308 263 1436 297 deinde
1455 267 1664 310 comprobat
1684 269 1818 303 litteras
1828 271 1909 305 Rufi
1928 286 1994 317 per
2012 275 2129 309 distri-

1131 313 1332 348 butionem:
1366 315 1490 349 laudat
1514 317 1683 352 iudicium
1709 326 1742 352 et
1767 321 1934 357 officium.
1993 325 2123 361 Postea

1131 371 1290 405 excusat,
1333 378 1442 412 quare
1467 368 1510 400 de
1537 369 1683 403 consilio
1708 372 1937 414 profectionis
1966 388 2050 410 suae
2077 380 2123 411 ad

1128 414 1342 460 Pompeium
1364 415 1453 450 nihil
1472 420 1517 451 ad
1535 432 1613 453 eum
1631 421 1876 470 scripserit90).

1232 465 1261 510 ἓ.
1280 468 1313 501 1.
1342 471 1417 503 Etsi
1439 471 1525 504 mihi
1556 471 1745 521 nimquam]
1769 473 1967 509 Exordium
2003 485 2119 522 captat

1126 517 1412 552 benevolentiam
1445 532 1464 552 a
1499 521 1581 554 Rufi
1613 524 1754 565 officiis,
1804 538 1895 571 quae
1926 529 2120 571 praedicat.

1126 570 1242 615 Itaque
1273 568 1343 617 me]
1379 570 1648 615 Propositiones
1675 576 1765 609 duae
1789 577 1831 609 de
1854 577 1946 612 binis
1974 579 2117 614 litteris:

1125 619 1340 663 posteriores
1371 621 1582 665 placuerunt
1612 633 1760 670 propter
1788 628 1941 662 officium
1969 637 2003 663 et
2028 631 2119 665 iudi-

1124 682 1231 703 cium.

1228 719 1257 764 ἓ.
1275 723 1310 756 2.
1337 723 1431 756 Mihi
1445 726 1621 759 consilium
1637 726 1787 774 captum]
1816 728 2005 772 Narratio,
2032 733 2119 778 quid

1124 771 1366 812 constituerit,
1393 784 1439 806 an
1455 775 1540 808 velit
1554 788 1589 809 se
1599 776 1645 823 ⁹¹)
1665 790 1744 810 cum
1763 779 1932 822 Caesare,
1965 783 2020 816 vel
2038 796 2118 817 cum

1122 821 1297 867 Pompeio
1314 824 1541 869 coniungere.
1629 830 1741 869 Quare
1755 828 1811 877 tu]
1841 831 2041 869 Conclusio.

1336 914 1473 950 Aliud
1509 923 1896 970 argumentumffi).

1223 981 1290 1015 Hic
1307 983 1421 1018 Rufus
1439 985 1507 1019 fuit
1524 994 1692 1032 quaestor
1710 990 1890 1026 Ciceronis
1913 993 1950 1026 in
1974 996 2119 1039 provin-

1122 1031 1174 1065 cia
1194 1032 1336 1075 Cilicia,
1364 1042 1397 1069 et
1415 1036 1481 1069 fuit
1498 1038 1655 1072 amicitia
1682 1040 1775 1074 inter
1800 1055 1878 1084 eos,
1912 1044 2002 1079 sicut
2020 1048 2119 1080 decet

1122 1095 1194 1117 esse
1214 1084 1306 1118 inter
1323 1086 1579 1131 imperatorem
1606 1097 1639 1123 et
1663 1100 1904 1136 quaestorem.
1957 1097 2118 1142 Apparet

1122 1141 1240 1168 autem
1269 1134 1360 1170 hanc
1394 1138 1579 1182 epistolam
1613 1142 1782 1186 scriptam
1812 1157 1904 1186 esse,
1941 1160 2020 1181 curn
2045 1149 2117 1183 iam

1122 1193 1326 1220 moveretur
1349 1189 1482 1223 bellum
1507 1191 1608 1224 civile
1634 1192 1727 1226 inter
1749 1195 1936 1230 Caesarem
1961 1205 1995 1232 et
2009 1199 2118 1233 Pom-

1121 1235 1260 1278 peium,
1297 1244 1330 1270 et
1350 1239 1472 1272 Cicero
1500 1253 1540 1274 ex
1566 1243 1751 1285 provincia
1776 1247 1947 1282 rediisset.
1999 1250 2116 1284 Porro

1120 1285 1233 1320 Rufus
1264 1287 1523 1331 significaverat
1553 1292 1734 1335 Ciceroni,
1778 1310 1813 1330 se
1844 1305 2045 1334 secuturum
2079 1303 2116 1334 in

1119 1337 1212 1369 bello
1232 1337 1327 1371 civili
1344 1340 1418 1375 eius
1435 1342 1634 1377 consilium.
1695 1345 1818 1381 Cicero
1837 1349 1945 1393 igitur
1960 1349 2025 1385 hac
2043 1353 2116 1397 epi-

1120 1388 1209 1421 stola
1230 1391 1395 1433 exponit,
1425 1392 1511 1438 quid
1536 1394 1777 1438 constituerit,
1807 1405 1840 1432 et
1861 1401 1947 1445 quid
1963 1403 2117 1437 maxime

1119 1439 1196 1471 fieri
1220 1440 1315 1475 velit.
1374 1442 1437 1477 Est
1459 1445 1597 1488 generis
1619 1448 1782 1483 suasorii.
1842 1450 2039 1487 Exordium
2067 1461 2117 1489 est

1120 1491 1273 1534 captatio
1291 1493 1558 1529 benevolentiae
1574 1508 1592 1529 a
1616 1500 1883 1541 praedicatione
1899 1502 1981 1537 Rufi
1997 1505 2116 1540 officii.

1119 1541 1325 1587 Sequuntur
1357 1546 1448 1579 duae
1479 1548 1745 1592 propositiones
1776 1552 1819 1585 de
1852 1553 1944 1588 binis
1974 1556 2114 1595 litteris,

1118 1594 1334 1637 posteriores
1367 1597 1578 1641 placuerunt
1610 1607 1760 1646 propter
1782 1604 1938 1638 officium
1963 1613 1997 1639 et
2022 1607 2113 1641 iudi-

1119 1644 1224 1679 cium.
1282 1646 1421 1682 Deinde
1444 1649 1629 1683 subiicitur
1655 1654 1838 1695 narratio,
1874 1657 1959 1701 quid
1985 1659 2114 1692 consti-

1119 1696 1247 1736 tuerit,
1276 1709 1321 1731 an
1337 1700 1422 1733 velit
1440 1713 1476 1734 se
1496 1713 1575 1734 cum
1594 1701 1744 1738 Caesare
1762 1706 1816 1738 vel
1831 1706 2006 1752 Pompeio
2032 1722 2114 1743 con-

1117 1747 1284 1791 iungere,
1318 1750 1469 1785 latenter
1493 1754 1690 1788 admonens
1715 1756 1870 1798 Rufum,
1906 1765 1946 1792 ut
1969 1762 2112 1794 accedat

1117 1799 1276 1842 partibus
1294 1800 1481 1847 Pompeii,
1507 1806 1567 1837 sed
1584 1805 1631 1837 ita
1653 1812 1792 1848 tamen,
1820 1815 1859 1842 ut
1881 1809 2033 1844 liberum
2057 1813 2113 1851 sit,

1117 1849 1304 1884 Caesarem
1321 1854 1441 1899 sequi,
1470 1857 1567 1900 quod
1582 1855 1663 1889 licet
1679 1858 1796 1893 minus
1814 1857 2003 1895 honestum
2015 1889 2024 1902 ‚
2059 1870 2111 1896 ta-

1116 1913 1198 1933 men
1214 1903 1325 1946 magis
1349 1910 1465 1938 tutum
1492 1906 1547 1939 sit.
1602 1907 1791 1943 Conclusio
1813 1908 1919 1945 habet
1942 1911 2111 1947 adhorta—

1116 1951 1251 1985 tionem
1273 1955 1394 1989 addita
1417 1956 1697 2001 poIIIcitatione‚
1740 1973 1775 1994 se
1808 1964 1928 1996 omnia
1960 1966 2111 2008 perscri-

1115 2008 1272 2046 pturum.

1366 2089 1501 2124 Aliud
1530 2100 1856 2137 argumentum.

1219 2156 1357 2202 Scripta
1375 2165 1425 2192 est
1443 2157 1529 2193 haec
1547 2161 1695 2205 epistola
1714 2163 1778 2196 sub
1796 2164 1935 2198 initium
1955 2166 2037 2201 belli
2064 2170 2111 2203 ci-

1116 2207 1206 2242 vilis.
1281 2209 1430 2244 Constat
1461 2218 1578 2245 autem
1609 2213 1780 2257 singulari
1813 2216 1982 2258 artifieio,
2024 2233 2109 2264 pro-

1116 2266 1235 2304 pterea
1259 2262 1356 2306 quod
1380 2274 1454 2295 non
1476 2263 1616 2307 ignoret
1638 2264 1780 2304 Cicero,
1819 2264 1913 2301 hunc
1937 2281 2011 2302 non
2034 2284 2107 2306 esse

1116 2311 1307 2345 candidum
1323 2312 1475 2347 amicum
1489 2341 1498 2353 ‚
1533 2316 1577 2348 ad
1593 2328 1697 2360 quem
1716 2316 1847 2351 scribit.
1907 2318 2105 2356 Exordium

1115 2368 1297 2407 sumptum
1323 2371 1374 2398 est
1405 2376 1425 2397 a
1454 2366 1795 2400 commemoratione
1824 2368 2106 2409 benevolentiae.

1115 2413 1321 2459 Propositio
1337 2416 1486 2460 figurata
1505 2423 1555 2451 est
1579 2417 1828 2452 distributione
1846 2421 1888 2454 de
1905 2421 2033 2458 litteris
2052 2437 2107 2459 ac·

1149 2535 1197 2563 90)
1217 2535 1275 2558 Hoc
1293 2535 1481 2564 argumentum
1500 2533 1582 2557 Editt.
1599 2534 1806 2567 1537—1554.,
1827 2536 1914 2568 1557..
1933 2538 2019 2565 1560..
2041 2541 2106 2565 1565

1184 2569 1318 2598 -1596.,
1340 2569 1413 2592 1601.
1434 2568 1566 2591 exhibent.

1149 2611 1349 2669 aigevgieiltitse]
1369 2609 1408 2633 sic
1427 2610 1509 2634 Editt.
1528 2610 1729 2636 1537—1545..
1751 2612 1835 2643 155⁴,
1857 2613 1931 2638 1557.
1942 2621 1949 2643 ;
1968 2614 2016 2638 Ed.
2033 2616 2105 2641 1560.

1150 2689 1198 2716 92)
1218 2689 1275 2711 Hoc
1294 2688 1481 2724 argumentum
1501 2688 1528 2710 et
1547 2687 1598 2712 duo
1619 2688 1760 2719 sequentia
1779 2688 1806 2712 iu
1826 2689 1907 2713 Editt.
1929 2690 2021 2715 1556„
2043 2692 2106 2716 1565

1190 2722 1308 2746 —1596.
1328 2723 1512 2746 inveniuntur.

1502 2757 1546 2789 13
