2351 2990
106 103 178 140 921
287 100 475 137 XXXVIII.

106 202 146 223 ac
164 190 358 229 barbarus,
385 200 470 221 voce
494 188 668 222 Graecam
688 189 846 234 linguam
867 203 1019 232 sonans,
1046 190 1108 224 sed

106 241 338 285 improbitate
356 239 488 284 ingenii
507 241 746 285 peregrinam.

208 291 282 325 lam
299 292 337 324 in
355 291 565 337 quotidiana
581 293 652 325 vita
671 293 786 338 qualis
811 293 888 327 est?
941 293 1104 327 Primum

105 344 305 389 praefectus
346 343 464 377 classis
505 350 597 382 erat;
650 350 772 388 postea
815 345 931 390 coepit
973 346 1106 379 oratio-

105 408 168 429 nes
214 395 366 429 scribere
383 421 392 435 ‚
456 406 534 427 cum
578 396 839 440 patrimonium
878 409 942 442 per
981 399 1103 431 luxum

105 453 212 492 atque
245 445 427 480 libidinem
465 446 651 481 amisisset.
722 447 769 481 Et
804 460 883 481 cum
921 461 960 482 ea
995 448 1032 481 in
1066 461 1104 481 re

102 499 238 544 perfide
274 497 601 542 praevaricaretur,
652 505 686 531 et
719 499 900 534 orationes
936 501 1104 533 adversa-

102 550 166 584 riis
197 551 391 595 proderet,
439 549 609 583 transiliit
643 551 688 583 ad
720 558 934 596 suggestum.
1013 551 1103 585 Cum

103 607 223 635 autern
266 600 462 646 plurimum
507 601 646 646 argenti
688 602 732 635 ab
773 603 862 636 urbe
902 603 1104 648 accepisset,

100 665 230 697 parum
261 652 393 698 reliqui
424 652 501 686 suit.
570 653 673 687 Nunc
702 655 800 698 regio
826 667 915 688 auro
942 661 1104 699 sumptus

101 717 184 738 suos
200 704 348 744 tolerat,
377 716 597 750 quamquam
615 717 660 738 ne
677 703 744 738 hoc
759 706 903 752 quidem
921 707 1005 741 satis
1032 712 1101 744 est3

99 756 220 789 nullae
250 756 346 788 enim
379 768 464 800 opes
500 757 602 790 malis
628 758 788 792 moribus
815 770 997 802 superesse
1023 770 1104 802 pos-

99 813 193 842 sunt.
247 806 287 840 In
309 819 469 848 summa,
497 809 628 841 victum
647 806 755 842 habet
772 822 846 842 non
862 822 903 842 ex
921 822 1007 851 suo,
1041 810 1103 843 sed

99 870 141 892 ex
163 859 288 892 vestris
306 859 485 903 periculis.

201 910 250 943 At
272 922 363 956 quae
378 910 590 955 prudentia,
619 918 680 945 aut
697 911 901 958 eloquentia
927 911 1001 945 eius
1027 924 1101 946 esse

97 961 240 1007 potest?
269 963 453 1008 quomodo
473 962 569 995 enim
587 975 666 996 cum
686 963 783 996 vivat
799 963 971 1008 turpiter,
999 976 1103 1008 prae-

98 1014 192 1048 clare
213 1013 330 1046 dicere
346 1013 489 1058 potest?
543 1014 599 1047 Sic
616 1015 710 1047 enim
729 1021 763 1048 et
781 1027 932 1060 corpore
950 1028 1014 1049 suo
1032 1015 1101 1049 uti-

96 1071 175 1106 tur,
201 1071 236 1099 et
251 1065 442 1099 insidiatur
457 1065 611 1099 aliorum
629 1067 812 1108 uxoribus,
841 1073 880 1100 ut
897 1068 1030 1112 pudeat
1046 1079 1101 1100 re-

97 1128 261 1157 censere,
290 1129 381 1163 quae
399 1117 532 1151 fecerit.
587 1118 699 1163 Saepe
716 1119 811 1151 enim
830 1119 905 1151 vidi
923 1117 1007 1159 hos,
1038 1118 1101 1164 qui

97 1168 213 1202 aliena
231 1168 363 1213 flagitia
381 1168 488 1203 nimis
498 1172 627 1214 'aperte
643 1170 862 1211 recitarunt,
891 1171 1013 1204 odium
1033 1170 1101 1203 sibi

96 1220 264 1254 conflare.
316 1220 414 1265 Quid
431 1227 549 1254 autem
574 1222 751 1265 praestitit
774 1221 935 1255 civitati?
962 1221 1100 1266 magni-

95 1272 180 1306 ficos
196 1284 399 1312 sermones,
426 1272 517 1305 facta
538 1273 671 1318 turpia.

198 1324 315 1357 Porro
334 1324 378 1356 de
399 1323 474 1357 eius
491 1324 703 1358 fortitudine
727 1323 884 1358 breviter
907 1324 1042 1362 dicam3
1071 1324 1100 1358 si

96 1374 192 1408 enim
209 1381 357 1419 negaret
372 1387 408 1408 se
424 1374 592 1408 timidum
611 1388 684 1410 esse
697 1403 705 1416 ,
742 1383 776 1410 et
798 1389 862 1410 vos
887 1375 923 1408 id
948 1375 1100 1410 nescire-

95 1426 152 1467 tis,
176 1426 310 1460 diutius
326 1426 363 1458 in
378 1423 446 1459 hoc
464 1434 676 1470 argumento
692 1428 991 1461 commorandum
1009 1425 1100 1460 mihi

95 1484 196 1512 esset.
250 1477 319 1511 Sed
339 1477 512 1523 quoniam
538 1478 612 1523 ipse
635 1480 767 1512 fatetur
792 1480 829 1512 in
852 1479 1097 1519 concionibus,

95 1535 130 1562 et
146 1542 209 1563 vos
225 1528 338 1563 scitis:
367 1529 546 1575 reliquum
563 1536 634 1570 est,
668 1537 709 1564 ut
732 1531 876 1564 recitem
903 1528 970 1563 hac
992 1531 1034 1564 de
1061 1543 1099 1564 re

94 1581 199 1626 leges.
243 1581 355 1615 Solon
372 1581 467 1614 enim
485 1588 586 1616 *vetus
603 1582 819 1626 legumlator
836 1582 1032 1623 constituit,
1059 1588 1100 1616 ut

96 1634 219 1666 eadem
245 1644 362 1678 poena
397 1632 591 1674 afficiatur,
635 1634 696 1679 qui
722 1634 887 1667 militiam
914 1634 1099 1674 detrectat,

95 1690 129 1718 et
153 1685 215 1731 qui
238 1685 350 1718 aciem
376 1684 525 1726 deserit,
566 1691 600 1718 et
623 1685 685 1730 qui
708 1685 854 1719 timidus
879 1691 949 1724 est;
992 1686 1099 1719 datur

93 1736 188 1770 enirn
207 1737 301 1769 actio
320 1742 444 1769 contra
462 1736 608 1770 timidos
617 1737 675 1782 l⁵¹).
727 1736 838 1783 Atqui
858 1736 1011 1770 miretur
1035 1737 1098 1769 ali-

93 1788 192 1835 quis,
234 1799 280 1820 an
311 1794 462 1821 naturae
487 1788 711 1822 imbecillitas
735 1789 772 1822 in
797 1789 968 1823 iudicium
994 1801 1098 1821 voce-

90 1839 174 1874 tur?
204 1839 311 1873 etiam
337 1840 444 1886 idque
472 1840 517 1873 oh
540 1838 633 1874 hanc
659 1852 824 1881 causam,
851 1847 892 1875 ut
911 1840 1025 1885 magis
1048 1840 1098 1873 le-

91 1904 175 1937 gum
192 1903 327 1936 poenas
347 1904 456 1937 quam
479 1889 597 1927 hostes
624 1898 844 1933 metuamus,
881 1899 915 1926 et
938 1892 1094 1937 patriam

89 1943 231 1978 fortiter
247 1955 529 1988 propugnemus.

196 1994 321 2041 Itaque
346 1995 531 2039 legislator
557 1996 813 2028 detrectantem
838 1994 1026 2035 militiam,
1062 2001 1097 2028 et

90 2046 271 2087 timidum,
295 2053 329 2080 et
345 2047 563 2081 desertorem
585 2048 766 2087 ordinum,
794 2047 874 2079 foro
893 2053 927 2079 et
943 2046 1094 2080 miniato

88 2098 250 2132 funiculo
270 2099 442 2139 excludit,
469 2111 534 2132 nec
551 2099 726 2144 permittit
745 2111 804 2132 cos
819 2099 1006 2139 coronari,
1034 2111 1095 2131 ne-

91 2163 161 2197 que
178 2150 286 2184 sacris
302 2150 453 2195 publicis
469 2151 648 2185 interesse.
683 2151 741 2184 Tu
758 2157 877 2184 autem
896 2150 995 2183 iubes
1013 2162 1093 2183 eum

91 2214 287 2243 coronare,
316 2201 372 2235 cui
391 2215 562 2235 coronam
583 2204 675 2247 leges
699 2215 774 2235 non
801 2202 1033 2247 permittunt,
1062 2208 1096 2235 et

90 2261 152 2288 tuo
171 2255 314 2288 decreto
330 2266 435 2288 vocas
451 2256 495 2287 ad
517 2255 621 2288 ludos
647 2267 748 2295 eum,
783 2266 889 2299 quem
916 2266 990 2286 non
1013 2253 1095 2286 licet

91 2313 250 2351 spectare
279 2306 401 2345 ludos;
448 2313 482 2339 et
516 2306 552 2338 in
585 2307 758 2351 templum
782 2303 915 2338 Bacchi
946 2305 1094 2339 accersis

90 2370 192 2399 eum,
239 2358 301 2403 qui
334 2364 485 2402 propter
508 2358 735 2392 timiditatem
764 2358 895 2402 templa
921 2357 1093 2402 prodidit.

88 2409 223 2443 Verum
240 2421 285 2442 ne
305 2422 367 2443 vos
383 2421 400 2442 a
420 2409 607 2454 proposito
628 2410 769 2454 longius
795 2410 987 2449 abducam,
1025 2406 1093 2442 hoc

88 2461 341 2495 memineritis:
388 2463 533 2507 quando
565 2461 623 2495 ille
647 2461 793 2495 iactabit
818 2474 853 2495 se
878 2461 1091 2506 popularem

90 2525 182 2554 esse,
212 2512 433 2546 considerate
450 2514 524 2547 eius
540 2525 614 2546 non
630 2515 737 2547 verba
749 2541 757 2554 ,
786 2514 846 2548 sed
862 2525 1000 2553 mores,
1028 2525 1093 2546 nec

90 2566 230 2610 qualem
250 2577 284 2599 se
304 2565 485 2609 praedicet
512 2577 604 2606 esse,
640 2567 699 2598 sed
723 2566 838 2611 qualis
861 2565 905 2598 sit
931 2565 1092 2597 animad-

89 2618 227 2650 vertite.
283 2616 376 2661 Quia
398 2617 539 2650 veroin
557 2617 776 2650 mentionem
805 2629 1021 2650 coronarum
1053 2629 1092 2649 ac

126 2701 175 2729 17)
197 2702 275 2726 conf.
298 2701 481 2725 Melanthonis
504 2701 617 2725 collatio
635 2700 772 2725 actionum
792 2701 876 2726 Attic.
897 2703 923 2725 et
942 2701 1038 2730 Rom,
1066 2701 1091 2724 in

157 2737 238 2760 huius
259 2737 343 2767 Corp.
363 2736 484 2761 Reform.
506 2736 570 2760 Vol.
589 2736 664 2760 xx'l.
685 2743 710 2766 p.
726 2736 784 2760 600.
806 2738 888 2760 Sexta
909 2736 1058 2760 accusatio,

529 101 755 137 INTERPR.
780 102 1042 138 ORATIOMS
1069 99 1315 136 AESCHIMS
1345 101 1546 137 CONTRA
1575 102 1966 139 CTESIPHONTEM.

2072 104 2147 141 922

1161 189 1340 221 donorum
1366 189 1493 230 incidi,
1529 202 1640 234 pauca
1666 190 1852 231 adiiciam,
1886 203 1930 224 ne
1954 189 2042 224 mihi
2069 192 2160 225 exci-

1160 241 1247 272 dant
1266 252 1283 273 e
1301 241 1488 275 memoria.
1542 242 1577 276 Si
1600 255 1673 275 non
1703 242 1939 276 emendabitis
1962 241 2057 276 bunc
2082 256 2159 277 mo-

1159 303 1256 331 rem,
1299 297 1372 324 tam
1397 293 1602 339 frequenter
1625 293 1813 328 levissimis
1837 294 1880 326 de
1903 295 2016 328 causis
2039 296 2160 328 decer-

1159 342 1267 375 nendi
1285 355 1456 385 coronas,
1482 348 1624 379 tandem
1643 358 1759 391 neque
1776 343 1833 385 hi,
1862 345 1922 391 qui
1949 344 2087 380 honore
2110 348 2160 379 af-

1158 393 1344 434 ficiuntur,
1373 396 1524 439 gratiam
1547 398 1647 431 vobis
1666 396 1869 437 habebunt,
1903 409 2018 442 neque
2038 411 2161 443 respu-

1158 446 1250 478 blica
1276 452 1370 478 recte
1395 448 1725 488 administrabitur3
1764 461 1848 481 nam
1874 448 2058 493 improbos
2084 462 2158 483 non

1157 497 1312 530 reddetis
1327 499 1494 533 meliores
1506 527 1514 538 ,
1540 501 1655 534 bonos
1672 507 1790 534 autem
1807 501 2050 534 absterrebitis
2066 513 2083 533 a
2103 513 2159 533 ca—

1158 549 1331 593 pessenda
1358 551 1562 594 republica,
1607 565 1686 585 cum
1711 552 1884 585 videbunt
1907 552 2067 596 praemia
2092 552 2159 586 sibi

1158 612 1238 633 cum
1256 599 1431 644 improbis
1452 604 1655 637 communia
1675 616 1760 638 esse.

1262 651 1370 696 Quod
1389 660 1507 687 autem
1524 668 1607 688 vera
1628 655 1756 695 dicam,
1774 654 1899 688 videor
1914 653 2033 687 multis
2050 653 2158 698 signis

1158 703 1345 735 ostendere
1377 717 1491 748 posse.
1558 707 1595 740 Si
1629 707 1708 752 quis
1739 707 1833 739 enim
1859 707 2057 749 interroget
2081 718 2158 746 vos,

1156 760 1276 787 utrum
1295 756 1408 799 magis
1425 757 1552 791 floreat
1571 756 1658 792 haec
1684 758 1807 791 civitas
1832 764 1955 791 nostro
1984 763 2158 801 tempore,

1157 817 1202 838 an
1222 805 1401 840 maiorum
1420 816 1626 843 nostrorum
1642 837 1650 849 ‚
1678 808 1774 843 haud
1794 809 1900 843 dubie
1926 820 2049 842 omnes
2071 810 2158 842 sate-

1155 857 1285 889 bimini
1302 859 1458 894 maiores
1480 859 1647 895 habuisse
1675 861 1932 906 rempublicam
1958 859 2158 894 meliorem.

1155 908 1363 943 Fueruntne
1395 917 1479 946 tunc
1505 913 1783 957 praestantiores
1811 913 1922 952 cives,
1965 923 2010 944 an
2037 911 2158 945 nunc?

1155 961 1315 1004 profecto
1339 962 1445 1007 longe
1473 966 1715 999 excelluerunt
1736 964 1892 998 maiores
1916 962 2044 997 nostri.
2111 963 2159 996 At

1155 1013 1336 1056 praemia,
1379 1027 1555 1056 coronae,
1599 1017 1716 1057 tituli,
1766 1014 1942 1061 stipendia
1956 1041 1965 1055 ,
2007 1014 2158 1059 plurane

1155 1069 1239 1097 tunc
1258 1065 1422 1107 fuerunt,
1451 1079 1496 1100 an
1513 1066 1581 1101 hoc
1599 1068 1786 1113 tempore?
1839 1067 1936 1100 Rara
1955 1073 2038 1099 tunc
2056 1073 2159 1100 erant

1154 1114 1219 1148 ista
1236 1117 1396 1160 praemia
1413 1120 1508 1163 apud
1524 1132 1589 1154 nos
1601 1147 1610 1161 ‚
1648 1120 1764 1165 ipsum
1783 1118 1925 1152 virtutis
1942 1130 2075 1150 nomen
2093 1130 2158 1162 per

1155 1178 1229 1200 sese
1254 1167 1291 1199 in
1314 1170 1556 1204 admiratione
1578 1178 1673 1211 erat;
1718 1184 1814 1205 nunc
1836 1176 1953 1204 autem
1978 1169 2157 1202 contami-

1154 1224 1287 1252 nantur
1303 1222 1462 1263 praemia
1487 1223 1645 1263 virtutis;
1674 1236 1757 1257 nam
1777 1234 1933 1256 coronae
1952 1233 1993 1254 ex
2008 1233 2157 1255 consue-

1154 1269 1277 1303 tudine
1295 1271 1371 1304 sine
1386 1274 1524 1307 delectu
1548 1276 1801 1309 decernuntur.
1861 1273 2020 1307 Proinde
2048 1272 2077 1306 si
2098 1285 2157 1306 ex-

1154 1322 1348 1364 penderitis
1381 1325 1575 1359 absurdum
1606 1339 1699 1367 esse,
1734 1325 1958 1365 iudicabitis,
1994 1324 2156 1369 praemia

1152 1373 1374 1418 frequentius
1390 1373 1460 1409 hoc
1477 1384 1638 1423 tempore
1657 1378 1820 1418 decerni,
1849 1389 1928 1410 cum
1947 1383 2067 1409 tamen
2088 1376 2157 1409 rei-

1153 1423 1316 1468 publicae
1333 1432 1444 1461 status
1460 1429 1505 1462 sit
1519 1431 1693 1471 deterior,
1722 1443 1830 1476 quam
1848 1428 1933 1462 olim
1952 1428 2032 1469 suit,
2059 1441 2157 1461 cum-

1154 1488 1222 1521 que
1241 1476 1334 1511 cives
1353 1478 1438 1511 olim
1455 1483 1734 1525 praestantiores
1751 1481 1851 1515 omni
1866 1492 1994 1525 genere
2014 1479 2156 1514 virtutis

1152 1527 1296 1568 suerint,
1315 1542 1423 1574 quam
1442 1544 1538 1566 nunc
1554 1540 1647 1568 sunt.
1689 1533 1765 1578 Ego
1785 1545 1871 1566 vero
1889 1544 2031 1566 causam
2050 1530 2156 1566 huius

1152 1579 1205 1611 rei
1223 1580 1325 1614 vobis
1345 1593 1535 1626 exponam.

1255 1631 1441 1667 Putatisne
1470 1636 1653 1676 futurum,
1696 1643 1734 1669 ut
1762 1635 1912 1683 quisque
1937 1642 2098 1668 exerceat
2119 1646 2156 1671 se

1152 1682 1197 1713 ad
1214 1689 1395 1717 certamen
1416 1686 1562 1732 aliquod
1580 1688 1806 1733 publicorum
1825 1687 1993 1720 ludorum
2006 1715 2015 1728 ‚
2049 1687 2078 1721 si
2099 1700 2156 1721 co-

1151 1744 1241 1765 rona
1258 1746 1333 1767 non
1351 1748 1417 1780 pro
1435 1739 1566 1772 virtute
1582 1741 1706 1780 detur,
1734 1741 1794 1773 sed
1817 1737 1954 1772 technis
1982 1746 2016 1772 et
2043 1740 2156 1773 ambi-

1151 1784 1249 1817 tione
1276 1786 1462 1822 interverti
1486 1791 1644 1835 poterit?
1707 1790 1744 1824 Si
1768 1791 1804 1823 id
1829 1790 2015 1831 acciderit,
2047 1803 2154 1824 nemo

1150 1848 1298 1880 prorsus
1314 1851 1349 1872 se
1371 1842 1559 1876 exercebit.
1612 1843 1716 1877 Nunc
1735 1849 1868 1882 autem,
1894 1842 1979 1887 quia
1998 1842 2056 1875 illa
2077 1843 2154 1877 laus

1150 1887 1323 1922 victoriae
1342 1903 1422 1925 rara
1438 1919 1446 1933 ‚
1474 1900 1508 1926 et
1526 1894 1698 1934 difficilis,
1733 1901 1767 1927 et
1788 1893 1974 1939 praeclara
1999 1901 2069 1934 est,
2104 1895 2154 1927 1²¹-

1148 1939 1254 1974 bores
1286 1943 1462 1978 maximos
1491 1952 1525 1978 et
1557 1946 1714 1990 pericula
1747 1944 1915 1979 nonnulli
1945 1946 2155 1990 suscipiunt.

1148 1990 1204 2023 Ad
1221 2004 1301 2025 eum
1321 1997 1468 2029 modum
1485 1997 1684 2031 existimate
1706 2010 1770 2032 vos
1791 2009 1954 2042 praeesse
1981 2004 2153 2044 tanquam

1150 2043 1404 2081 certaminibus
1427 2048 1580 2090 civium,
1616 2056 1650 2083 et
1678 2050 1830 2094 cogitate
1857 2049 1989 2082 multos
2014 2051 2154 2085 futuros

1149 2106 1242 2135 esse,
1271 2097 1334 2141 qui
1351 2099 1445 2132 viam
1462 2100 1529 2133 sibi
1547 2102 1590 2134 ad
1607 2099 1765 2135 honores
1789 2101 1920 2134 virtute
1944 2101 2094 2142 faciant,
2124 2103 2153 2137 si

1149 2146 1305 2180 viderint
1322 2161 1474 2185 coronas
1490 2152 1581 2186 raris
1606 2160 1640 2186 et
1663 2153 1780 2197 dignis
1805 2152 1972 2187 conferri.
2032 2154 2100 2188 Sed
2125 2156 2154 2189 si

1148 2210 1212 2242 per
1232 2200 1466 2236 ambitionem
1493 2204 1595 2238 vobis
1618 2205 1824 2251 extorqueri
1850 2210 2041 2249 poterunt,
2075 2218 2153 2239 cor-

1147 2251 1321 2295 rumpetis
1339 2254 1445 2287 etiam
1461 2256 1556 2289 bona
1574 2257 1729 2301 ingenia.
1793 2256 1902 2301 Quod
1920 2263 2038 2290 autem
2058 2264 2152 2291 recte

1148 2314 1314 2336 moneam
1328 2332 1337 2345 ,
1365 2306 1551 2352 aliquanto
1569 2308 1697 2343 clarius
1717 2309 1917 2342 ostendam.

1250 2355 1381 2390 Utrum
1394 2356 1672 2400 Themistocles,
1704 2361 1765 2405 qui
1782 2360 1867 2392 vicit
1877 2359 2024 2400 Persas,
2048 2372 2152 2405 prae-

1147 2407 1300 2440 stantior
1316 2409 1400 2443 civis
1418 2411 1570 2451 videtur,
1601 2424 1646 2444 an
1657 2409 1932 2451 Demosthenes,
1961 2411 2022 2457 qui
2039 2412 2150 2445 aciem

1147 2457 1327 2493 deseruit?
1387 2462 1519 2495 Utrum
1544 2463 1726 2497 Miltiades
1763 2463 1877 2507 magis
1908 2463 2056 2497 meritus
2089 2470 2152 2504 est,

1147 2521 1226 2541 cum
1246 2511 1283 2544 in
1293 2511 1508 2546 Marathone
1528 2515 1705 2559 oppressit
1721 2516 1918 2555 barbaros,
1941 2527 2047 2560 quam
2063 2515 2152 2549 iste?

1147 2561 1321 2597 Meliusne
1354 2566 1473 2598 meriti
1500 2573 1582 2599 sunt
1605 2566 1677 2607 illi,
1723 2567 1784 2612 qui
1809 2567 1848 2600 in
1877 2568 2010 2611 oppido
2038 2564 2151 2610 Phyle

1146 2621 1287 2649 nostros
1307 2616 1398 2650 cives
1418 2617 1522 2649 exilio
1546 2618 1666 2662 pulsos
1689 2616 1847 2663 hospitio
1876 2624 2088 2662 exceperunt
2112 2630 2151 2650 ac

1147 2667 1406 2702 defenderunt?
1461 2669 1556 2713 Quid
1573 2670 1746 2704 Aristides
1764 2671 1896 2710 iustus,
1931 2670 1991 2715 qui
2018 2681 2149 2713 cogno-

1146 2732 1228 2751 men
1248 2718 1393 2761 babuit,
1427 2720 1531 2765 longe
1559 2722 1653 2755 aliud
1681 2735 1788 2768 quam
1817 2722 1906 2756 iste'?
1966 2720 2041 2765 Ego
2065 2733 2150 2753 vero
