2294 2975
124 124 168 160 15
692 112 814 150 PHIL.

121 210 271 246 maxime
302 205 556 240 elaborandum
582 201 645 236 sibi
674 200 773 246 pueri
801 212 872 234 esse
897 198 1109 236 existiment,

122 271 157 296 ut
176 259 344 294 vocabula
363 255 541 289 vocabulis
559 260 651 286 recte
668 254 826 296 iungant.
876 251 997 295 Neque
1015 249 1108 282 enim

124 322 274 349 temere,
317 309 406 342 sicut
438 307 475 338 in
507 307 651 338 buccam
685 303 850 340 veniunt,
892 301 1108 333 contexenda

124 370 224 398 sunt.
257 361 315 396 scd
341 357 518 403 sequenda
543 357 720 389 honorum
742 353 957 396 scriptorum
979 351 1110 384 autori-

125 423 176 449 tas
195 420 265 451 est,
293 412 354 456 qui
371 408 596 442 vernaculam
614 406 770 448 linguam
788 403 954 435 Latinam
979 400 1111 435 habue-

125 472 219 500 runt.
272 463 319 495 Ac
336 466 483 506 possunt
499 458 603 491 etiam
624 450 891 489 i11¹Germanica
909 454 1029 496 lingua
1056 464 1112 485 ex-

127 516 242 560 empla
265 512 423 550 ostendi,
467 511 503 542 in
526 508 651 553 quibus
677 512 842 551 apparet,
879 517 985 550 quam
1010 510 1112 547 turpe

125 569 169 603 sit
187 567 223 599 iu
239 570 405 598 contextu
421 561 611 593 verborum
630 569 747 591 errare
759 583 767 596 ‚
794 557 829 588 id
848 557 943 601 qnod
960 554 1112 588 maxime

127 620 170 652 ab
197 617 239 650 iis
262 615 336 648 fieri
361 613 464 649 solet,
494 610 552 656 qui
578 609 613 641 in
631 609 707 642 aliis
725 607 826 641 terris
843 607 937 646 nati,
965 606 1113 640 Germa-

124 670 240 703 nicam
259 667 415 708 linguam
433 661 628 695 addiscunt.

227 724 265 758 Id
284 730 400 757 autem
419 734 462 755 ne
485 719 587 754 nohis
608 731 748 765 quoque
775 718 810 750 in
836 716 1020 762 peregrina
1047 715 1113 748 lin-

127 791 192 823 gua
221 777 375 814 accidat,
409 774 595 817 diligenter
620 770 792 803 formulae
817 769 965 801 Latinae
987 773 1114 800 notan-

126 833 191 864 dae
212 835 311 866 sunt,
339 825 482 871 quaein
507 823 651 865 singulis
677 820 833 866 epistolis
858 819 1033 865 plurimae
1058 830 1114 850 oc-

128 885 282 914 current.
341 877 465 922 Neque
492 880 542 907 est
565 874 633 905 alia
658 885 732 912 res,
769 884 858 917 quae
883 871 937 904 vel
963 869 1111 914 gratiam

126 931 301 965 maiorem
316 928 371 961 vel
388 927 574 961 certiorem
596 924 806 957 eruditionis
827 922 1033 966 opinionem
1053 931 1115 964 pa-

127 983 215 1021 riat,
256 992 362 1026 quam
392 979 421 1013 si
454 975 609 1022 propriis
637 981 671 1008 et
699 974 916 1018 elegantibus
941 971 1114 1006 eiusmodi

126 1032 289 1066 formulis
313 1030 441 1075 scripta
467 1034 651 1061 ornentur,
710 1025 829 1070 Quare
860 1022 927 1058 hoc
958 1023 1114 1068 primum

128 1084 191 1124 sit,
219 1083 315 1128 quod
331 1082 367 1114 in
385 1079 540 1125 epistolis
558 1083 715 1123 spectent
731 1075 853 1121 pueri,
887 1081 927 1108 ut
948 1085 1113 1118 magnam

129 1133 381 1179 supellectilem
403 1130 576 1164 eiusmodi
603 1127 901 1171 compositionum
927 1125 994 1158 sibi
1021 1137 1115 1157 com-

129 1191 274 1230 parent,
302 1190 335 1216 et
353 1195 391 1215 ea
407 1194 488 1214 rura
509 1182 663 1219 discant,
689 1185 727 1211 ut
742 1176 925 1221 scripturis
943 1176 980 1208 in
996 1187 1116 1220 prom-

129 1244 191 1281 ptu
211 1236 292 1268 sint.
345 1233 487 1266 Habent
504 1238 621 1265 autem
646 1229 803 1273 singulae
827 1239 989 1272 quaeque
1014 1238 1116 1259 voces

128 1300 227 1321 suain
246 1285 396 1329 gratiam
409 1310 418 1324 ,
443 1295 523 1316 cum
542 1288 602 1315 aut
617 1281 878 1314 transferuntur
898 1279 943 1311 ad
959 1290 1013 1310 res
1031 1277 1117 1310 alias

128 1338 280 1377 vicinas,
307 1342 341 1368 et
357 1334 502 1379 proprie
520 1340 554 1366 et
570 1333 606 1365 in
621 1332 699 1364 loco
715 1336 944 1374 usurpantur.
997 1328 1117 1372 Quare

128 1385 357 1432 metaphoras
375 1385 598 1429 insigniores,
616 1394 705 1428 quae
724 1381 825 1427 quasi
840 1380 996 1414 stellulae
1012 1391 1118 1424 quae-

131 1441 214 1472 dam
233 1438 387 1471 orationi
402 1437 628 1475 inseruntur,
662 1433 747 1466 item
770 1431 915 1477 proprie
938 1431 1031 1464 dicta
1055 1431 1118 1463 ob-

129 1502 270 1525 servare
290 1494 442 1533 oportet.

232 1548 394 1582 Secundo
412 1573 421 1587 ‚
478 1546 624 1590 prodest
662 1542 720 1577 hic
761 1541 991 1587 epistolarum
1029 1539 1120 1573 liber

132 1602 239 1634 etiam
257 1601 301 1633 ad
316 1598 545 1632 formandum
560 1596 701 1641 stylum.
754 1593 908 1637 Oportet
923 1591 1019 1625 enim
1040 1602 1120 1624 ora-

131 1653 265 1685 tionem
295 1656 454 1683 nostram
481 1660 556 1681 non
587 1647 702 1689 soloin
723 1644 891 1677 Latinam
926 1655 1018 1683 esse,
1060 1642 1120 1675 sed

131 1705 220 1735 bene
241 1701 448 1745 dIspositam
467 1699 585 1732 etiam.
645 1697 765 1742 Quare
787 1693 844 1728 hic
865 1695 921 1726 vel
945 1693 1120 1727 maximus

133 1753 237 1786 liuius
257 1752 418 1785 lectionis
443 1751 576 1783 fructus
608 1748 694 1788 erit,
736 1747 833 1792 quod
863 1745 1029 1789 scripturi
1058 1744 1120 1776 ali-

134 1804 240 1849 quid,
269 1803 426 1846 exempla
452 1801 749 1834 instituendarum
775 1796 1053 1841 cogitationum,
1088 1801 1121 1828 et

134 1855 375 1898 disponendae
419 1851 590 1885 orationis
630 1851 711 1883 inde
749 1860 886 1882 sumere
922 1859 1120 1891 possumus.

135 1907 231 1939 Sicut
249 1904 341 1937 enim
360 1903 485 1936 melius
509 1901 639 1946 pingit,
673 1899 733 1946 qui
759 1899 958 1932 excellentis
979 1897 1121 1930 artificis

136 1968 280 1989 manum
305 1955 484 1993 imitatur,
517 1953 564 1985 sic
589 1964 653 1984 nos
676 1962 818 1996 quoque
842 1949 968 1983 melius
993 1948 1121 1981 scribe-

138 2020 232 2046 mus,
261 2012 294 2039 et
310 2005 438 2038 rectius
456 2001 695 2036 cohaerebunt
713 2001 833 2034 omnia
846 2027 855 2041 ,
876 2000 938 2033 ubi
963 2000 1007 2033 ad
1030 1997 1121 2032 hanc

138 2057 318 2091 Ciceronis
348 2057 501 2089 sormam
532 2066 597 2087 nos
632 2052 930 2086 assiieseceriinus.
1005 2050 1123 2083 Habet

137 2109 232 2141 enim
251 2107 385 2152 optima
406 2106 632 2139 exordiorum
646 2130 656 2144 ,
681 2103 929 2136 narrationum
942 2128 951 2142 ,
978 2107 1122 2134 conten-

139 2160 277 2193 ti0num
294 2165 328 2191 et
347 2157 566 2202 epilogorum
587 2155 765 2198 exempla,
793 2165 882 2198 quae
908 2159 1042 2186 rectam
1065 2163 1122 2185 ra-

139 2211 272 2244 tionem
290 2208 465 2241 tractandi
482 2207 636 2250 singulas
655 2205 826 2238 orationis
850 2210 968 2247 partes
991 2214 1123 2246 propo-

140 2267 250 2300 nunt,
276 2266 310 2292 et
332 2259 400 2293 nisi
420 2271 486 2292 nos
509 2259 553 2290 ad
575 2257 725 2290 eundem
749 2256 895 2287 modum
919 2253 1123 2293 dixerimus,

141 2310 279 2345 etiamsi
302 2311 402 2343 bonis
422 2309 538 2342 verbis
560 2314 721 2346 utemur,
762 2311 882 2338 tamen
913 2305 1060 2338 obscura
1091 2309 1125 2336 et

143 2364 263 2405 inepta
280 2360 346 2393 erit
361 2360 487 2393 oratio.
539 2360 690 2392 Prodest
708 2356 815 2400 igitur
838 2356 875 2387 in
897 2353 983 2388 haec
1009 2366 1124 2387 exem-

143 2414 200 2457 pla
217 2410 366 2450 intueri,
392 2423 482 2456 quae
505 2410 606 2443 nobis
630 2407 811 2452 scripturis
833 2406 927 2438 viam
950 2405 1124 2438 tractandi

144 2462 289 2509 quaevis
320 2467 527 2505 argumenta
562 2460 737 2499 indicent,
781 2464 821 2491 ut
853 2457 978 2489 decore
1008 2456 1125 2489 ordia-

145 2513 282 2559 mur3),
308 2511 492 2556 perspicue
514 2523 719 2550 narremus,
746 2514 846 2542 caute
870 2519 1067 2552 pugnemus
1092 2513 1126 2540 ct

145 2564 297 2609 graviter
311 2562 462 2608 denique
480 2561 677 2594 orationem
694 2561 910 2594 claudamus,

182 2683 211 2708 3)
231 2679 382 2707 ordiamur]
401 2677 440 2701 sic
457 2678 532 2702 recte
549 2676 633 2701 Editt,
653 2676 738 2708 ¹565„
758 2675 844 2707 1569.,
865 2673 956 2705 1577.;
983 2672 1030 2698 Ed.
1053 2671 1125 2696 1556.

215 2720 309 2738 errore
328 2716 455 2743 typogm
481 2713 656 2745 ordinamur..

854 111 966 150 MEL.
1002 108 1205 147 SCRIPTA
1239 104 1576 146 PHILOLOGICA.
2108 116 2154 151 16

1266 194 1390 229 Tertio
1403 223 1412 236 ,
1440 196 1485 228 ad
1505 194 1686 239 fingendus
1702 209 1844 243 quoque
1864 210 1980 232 mores
1996 200 2151 244 prodest.

1162 246 1225 280 Est
1242 246 1335 280 enim
1356 247 1528 281 mirabilis
1546 247 1580 279 in
1597 247 1767 281 Cicerone
1784 249 1952 289 civilitas,
1980 262 2048 295 qua
2065 251 2152 284 ami-

1164 309 1221 330 cos
1240 303 1378 331 tractat.
1430 297 1569 331 alicubi
1585 296 1691 332 habet
1708 298 1834 333 iustam
1855 301 2076 334 occasionem
2099 301 2151 334 in-

1164 346 1316 381 vehendi
1342 348 1378 380 in
1400 348 1573 394 aliquem,
1604 349 1693 383 sicut
1715 349 1751 382 in
1772 349 1928 395 Appium
1944 349 2152 392 Pulchrum,

1163 398 1224 432 lib.
1248 398 1283 433 4.
1318 398 1465 443 epistola
1491 400 1549 434 10.
1613 398 1667 434 Ibi
1698 401 1954 436 modestissime
1985 403 2153 436 admonet

1165 461 1245 482 eum
1263 449 1386 490 officii,
1410 462 1483 483 non
1500 448 1761 493 stomachatur,
1786 464 1860 485 non
1876 459 1997 486 movet
2015 459 2154 497 tragoe-

1165 500 1261 539 dias,
1288 500 1377 534 sicut
1392 500 1548 545 imperiti
1567 502 1699 542 solent,
1725 503 1786 536 sed
1804 504 1979 549 quaedam
2003 504 2152 537 candide

1166 550 1383 590 dissimulat,
1409 557 1449 584 ut
1470 552 1621 585 retineat
1644 552 1816 594 amicum,
1844 555 2019 599 quaedam
2037 555 2154 587 molli-

1166 608 1219 635 ter
1241 599 1488 645 reprehendit,
1514 608 1554 636 ut
1572 604 1762 638 admoneat
1782 605 1946 639 amicum.
1997 604 2152 638 Prosunt

1167 659 1285 686 autem
1311 650 1396 685 haec
1423 653 1581 696 exempla
1608 666 1819 698 magnorum
1836 654 2023 688 hominum
2041 655 2152 700 inpri-

1167 703 1232 737 mis
1257 703 1452 743 iuventuti,
1496 715 1586 748 quae
1611 706 1734 739 aetatis
1758 706 1844 739 vitio
1871 706 1979 746 calet,
2021 712 2055 739 et
2085 712 2153 740 sta-

1167 755 1250 795 tim,
1283 754 1344 788 ubi
1362 754 1497 800 aliquid
1515 754 1687 789 offensum
1706 762 1775 797 est,
1809 757 1929 791 onmia
1953 756 2027 791 sine
2044 758 2153 791 modo

1168 806 1300 840 miscet.

1268 856 1485 891 Discendum
1502 855 1610 900 Igitur
1633 862 1684 890 est
1709 868 1749 890 ex
1771 854 1826 891 his
1851 857 2038 902 exemplis,
2066 870 2154 904 quo-

1167 908 1275 941 modo
1293 905 1480 941 hominum
1506 907 1617 940 animi
1642 907 1818 941 tractandi
1841 908 1930 948 sint,
1963 920 2008 941 ne
2032 915 2155 942 nostra

1168 959 1439 1004 importunitate
1460 958 1698 992 offendantur.
1751 958 1864 992 Multa
1880 965 2063 1003 praeterea
2084 959 2154 992 alia

1169 1010 1347 1055 exempla,
1374 1021 1465 1055 quae
1483 1009 1529 1041 ad
1548 1009 1657 1042 vitam
1681 1009 1934 1043 instituendam
1957 1011 2155 1043 necessaria

1168 1067 1268 1102 sunt,
1296 1062 1332 1094 in
1348 1058 1402 1094 liis
1418 1059 1516 1093 libris
1532 1060 1771 1094 continentur,
1823 1059 1875 1093 Ex
1899 1059 2027 1106 quibus
2049 1060 2153 1104 longe

1168 1112 1293 1145 melius
1314 1112 1425 1145 virtus
1447 1109 1533 1144 disci
1557 1116 1690 1154 potest,
1726 1122 1833 1156 quam
1860 1123 1901 1143 ex
1922 1108 2155 1156 philosopho-

1169 1175 1248 1196 rum
1270 1162 1388 1202 libris,
1417 1161 1478 1207 qui
1496 1161 1570 1195 sine
1586 1174 1651 1195 usu
1667 1167 1804 1194 tantum
1824 1161 1867 1193 de
1882 1158 1937 1195 his
1957 1161 2062 1194 rebus
2087 1161 2155 1195 dis-

1170 1219 1306 1258 putant.
1358 1212 1453 1258 Quid
1470 1212 1594 1246 melius
1609 1224 1627 1244 a
1647 1212 1769 1256 gentili
1788 1209 1931 1245 homine
1955 1211 2073 1255 potuit
2098 1224 2155 1245 co-

1170 1264 1294 1308 gitari,
1324 1276 1430 1309 quam
1453 1265 1549 1308 quod
1566 1263 1742 1307 Sulpicius
1761 1261 1925 1296 Ciceroni
1947 1262 2068 1295 scribit
2090 1263 2155 1295 im-

1170 1314 1360 1359 patientius
1387 1314 1514 1347 serenti
1542 1320 1694 1347 mortem
1723 1313 1826 1347 filiae.
1884 1312 2039 1346 Econtra
2063 1325 2154 1358 quae

1171 1366 1297 1399 melior
1327 1365 1464 1409 pictura
1494 1365 1635 1409 paterni
1657 1365 1786 1404 animi,
1829 1375 1937 1408 quam
1971 1364 2155 1408 responsio

1171 1417 1256 1461 fingi
1271 1416 1438 1462 potest4).
1478 1416 1574 1449 Haec
1591 1416 1705 1449 sicubi
1721 1420 1926 1454 occurrunt,
1952 1414 1996 1447 ab
2011 1412 2156 1448 homine

1173 1480 1253 1502 vere
1269 1468 1428 1502 studioso
1447 1467 1666 1501 observanda
1688 1473 1781 1501 sunt.

1273 1518 1410 1563 Quarto
1423 1545 1431 1559 ‚
1459 1524 1510 1552 est
1528 1516 1613 1551 haec
1635 1530 1778 1563 quoque
1794 1529 1867 1550 non
1884 1528 1994 1561 parva
2010 1515 2156 1556 utilitas,

1173 1570 1269 1615 quod
1296 1570 1367 1602 sere
1393 1569 1552 1602 omnium
1578 1569 1726 1602 istorum
1749 1575 1951 1613 temporum
1989 1565 2158 1600 historiae

1174 1622 1209 1653 in
1231 1619 1285 1656 his
1308 1620 1463 1665 epistolis
1488 1625 1698 1660 cernuntur,
1726 1620 1853 1665 quibus
1870 1618 2074 1651 Romanum
2094 1617 2159 1650 im-

1173 1672 1311 1716 perium
1334 1671 1431 1704 varie
1459 1671 1639 1704 turbatum
1663 1677 1724 1704 est.
1788 1670 1881 1704 Nam
1903 1669 2004 1702 civile
2028 1668 2159 1701 bellum

1174 1723 1332 1757 Caesaris
1353 1722 1505 1755 maxime
1532 1721 1763 1754 memorabile
1786 1721 1862 1755 fuit.
1914 1719 2015 1753 Bona
2041 1725 2159 1753 autem

1174 1775 1246 1808 eius
1256 1774 1285 1821 5)
1309 1786 1389 1818 pars
1412 1774 1448 1805 in
1471 1771 1525 1806 his
1551 1772 1707 1816 epistolis
1728 1784 1801 1804 non
1820 1772 1933 1805 solum
1950 1770 2077 1813 scripta
2098 1776 2160 1809 est,

1174 1827 1233 1859 sed
1257 1825 1361 1857 etiam
1387 1823 1531 1857 consilia
1557 1835 1675 1856 rerum
1695 1822 1861 1867 utrinque
1878 1827 2056 1865 gestarum
2081 1820 2160 1853 dili—

1174 1883 1295 1920 genter
1311 1875 1466 1919 exposita
1485 1880 1577 1908 sunt.

1273 1927 1481 1966 Postremo,
1509 1925 1591 1971 quia
1617 1923 1767 1956 aliorum
1794 1935 1936 1968 quoque
1958 1922 2002 1955 ad
2021 1921 2159 1956 Cicero-

1174 1991 1254 2011 nem
1282 1978 1411 2022 scripta
1436 1977 1567 2010 inserta
1589 1980 1690 2013 sunt,
1726 1973 1881 2020 potestss)
1907 1985 1948 2007 ex
1971 1984 2013 2006 eo
2036 1973 2159 2017 depre-

1175 2028 1283 2063 hendi
1308 2028 1461 2061 maxima
1484 2025 1709 2069 ingeniorum
1731 2025 1893 2058 varietas.
1958 2023 2041 2058 Non
2065 2024 2159 2056 enim

1176 2080 1302 2113 certius
1326 2079 1461 2123 pictura
1489 2088 1616 2120 corpus
1638 2076 1762 2115 refert,
1804 2087 1910 2121 quam
1941 2086 2057 2108 sermo
2086 2074 2161 2108 ani-

1176 2144 1272 2164 mum
1290 2131 1408 2168 refert,
1436 2128 1497 2173 qui
1514 2139 1595 2160 vere
1611 2133 1674 2167 est,
1700 2133 1740 2160 ut
1754 2126 1900 2166 dicitur,
1928 2123 2109 2158 character
2127 2132 2160 2158 et

1176 2182 1306 2225 efligies
1327 2179 1450 2213 animi.
1509 2178 1660 2211 Prodest
1685 2183 1802 2211 autem
1824 2188 1926 2210 nosse
1949 2173 2041 2208 hanc
2065 2175 2160 2219 inge-

1176 2233 1318 2266 niorum
1336 2230 1554 2263 varietatem.
1608 2228 1702 2261 Tum
1726 2228 1819 2261 enim
1846 2226 2067 2260 commodius
2090 2232 2160 2259 tra-

1177 2283 1263 2316 ctari
1278 2287 1435 2326 possunt.

1251 2332 1253 2335 ”
1277 2333 1371 2366 Haec
1397 2329 1553 2365 breviter
1575 2331 1618 2363 de
1640 2341 1706 2363 usu
1727 2327 1831 2362 huius
1857 2327 1939 2361 libri
1968 2328 2160 2362 admonere

1177 2385 1285 2418 volui.
1351 2380 1544 2416 Adhibebit
1573 2387 1690 2414 autem
1722 2379 1897 2413 studiosus
1927 2378 2038 2411 lector
2067 2376 2159 2412 hanc

1177 2434 1418 2480 diligentiam,
1444 2439 1485 2467 ut
1501 2432 1538 2466 in
1563 2431 1709 2475 singulis
1734 2430 1801 2463 tale
1826 2429 1960 2475 aliquid
1983 2429 2156 2463 observet.

1210 2569 1240 2599 4)
1261 2568 1317 2593 Cic.
1336 2565 1415 2597 ep1st.
1435 2564 1470 2589 ad
1487 2564 1561 2588 Fam.
1581 2562 1630 2594 tv,
1648 2562 1673 2588 5.
1691 2562 1716 2586 6.

1211 2619 1242 2645 5)
1261 2616 1333 2645 eius]
1352 2615 1380 2638 in
1397 2614 1480 2638 Editt.
1501 2613 1592 2642 1569.,
1613 2610 1686 2637 1577.
1706 2611 1789 2635 deaut.

1211 2669 1242 2697 6]
1261 2665 1365 2724 potest]
1383 2665 1422 2690 sic
1440 2666 1515 2689 tecte
1532 2664 1615 2688 Editt.
1635 2662 1726 2694 1⁵56„
1746 2660 1839 2691 15⁷7.;
1867 2660 1949 2685 mitt.
1970 2660 2062 2693 ¹5⁶5„
2083 2662 2156 2688 ¹56⁹,

1245 2708 1294 2732 pos
1310 2706 1348 2725 ea.
