<?xml version="1.0" encoding="UTF-8"?>
<!DOCTYPE html PUBLIC "-//W3C//DTD XHTML 1.0 Transitional//EN"
    "http://www.w3.org/TR/xhtml1/DTD/xhtml1-transitional.dtd">
<html xmlns="http://www.w3.org/1999/xhtml" xml:lang="en" lang="en">
 <head>
  <title>
</title>
<meta http-equiv="Content-Type" content="text/html;charset=utf-8" />
  <meta name='ocr-system' content='tesseract 3.04.00' />
  <meta name='ocr-capabilities' content='ocr_page ocr_carea ocr_par ocr_line ocrx_word'/>
</head>
<body>
  <div class='ocr_page' id='page_1' title='image "./operaquaesupersu17melauoft/operaquaesupersu17melauoft_0563.png"; bbox 0 0 2351 2990; ppageno 0'>
   <div class='ocr_carea' id='block_1_1' title="bbox 90 127 447 166">
    <p class='ocr_par' dir='ltr' id='par_1_1' title="bbox 90 127 447 166">
     <span class='ocr_line' id='line_1_1' title="bbox 90 127 447 166; baseline -0.006 0"><span class='ocrx_word' id='word_1_1' title='bbox 90 129 187 166; x_wconf 89' lang='grc'><strong>1101</strong></span> <span class='ocrx_word' id='word_1_2' title='bbox 342 127 447 164; x_wconf 84' lang='lat' dir='ltr'><strong>XLII.</strong></span> 
     </span>
    </p>
   </div>
   <div class='ocr_carea' id='block_1_2' title="bbox 92 213 1097 406">
    <p class='ocr_par' dir='ltr' id='par_1_2' title="bbox 92 213 1097 406">
     <span class='ocr_line' id='line_1_2' title="bbox 92 213 1096 261; baseline -0.002 -10"><span class='ocrx_word' id='word_1_3' title='bbox 92 223 144 251; x_wconf 87' lang='lat' dir='ltr'>est</span> <span class='ocrx_word' id='word_1_4' title='bbox 161 216 236 250; x_wconf 89' lang='lat' dir='ltr'>sine</span> <span class='ocrx_word' id='word_1_5' title='bbox 254 215 431 261; x_wconf 88' lang='lat' dir='ltr'>periculo;</span> <span class='ocrx_word' id='word_1_6' title='bbox 460 221 522 248; x_wconf 90' lang='lat' dir='ltr'>aut</span> <span class='ocrx_word' id='word_1_7' title='bbox 537 220 577 247; x_wconf 89' lang='lat' dir='ltr'>ut</span> <span class='ocrx_word' id='word_1_8' title='bbox 594 213 780 248; x_wconf 85' lang='lat' dir='ltr'>nobiscum</span> <span class='ocrx_word' id='word_1_9' title='bbox 807 214 982 249; x_wconf 91' lang='lat' dir='ltr'>vincendo</span> <span class='ocrx_word' id='word_1_10' title='bbox 1007 215 1096 250; x_wconf 81' lang='lat' dir='ltr'>effu·</span> 
     </span>
     <span class='ocr_line' id='line_1_3' title="bbox 93 265 1095 313; baseline 0 -13"><span class='ocrx_word' id='word_1_11' title='bbox 93 268 196 313; x_wconf 88' lang='lat' dir='ltr'>giatis</span> <span class='ocrx_word' id='word_1_12' title='bbox 213 268 440 307; x_wconf 86' lang='lat' dir='ltr'>servitutem,</span> <span class='ocrx_word' id='word_1_13' title='bbox 467 278 512 299; x_wconf 94' lang='lat' dir='ltr'>ne</span> <span class='ocrx_word' id='word_1_14' title='bbox 530 265 611 300; x_wconf 89' lang='lat' dir='ltr'>illos</span> <span class='ocrx_word' id='word_1_15' title='bbox 638 266 804 301; x_wconf 86' lang='lat' dir='ltr'>dominos</span> <span class='ocrx_word' id='word_1_16' title='bbox 829 267 982 312; x_wconf 86' lang='lat' dir='ltr'>turpiter</span> <span class='ocrx_word' id='word_1_17' title='bbox 1005 267 1095 301; x_wconf 88' lang='lat' dir='ltr'>acci-</span> 
     </span>
     <span class='ocr_line' id='line_1_4' title="bbox 92 318 1097 365; baseline 0.001 -13"><span class='ocrx_word' id='word_1_18' title='bbox 92 319 220 365; x_wconf 83' lang='lat' dir='ltr'>piatis,</span> <span class='ocrx_word' id='word_1_19' title='bbox 262 325 296 353; x_wconf 87' lang='lat' dir='ltr'>et</span> <span class='ocrx_word' id='word_1_20' title='bbox 326 318 551 352; x_wconf 78' lang='lat' dir='ltr'>inimicitiam</span> <span class='ocrx_word' id='word_1_21' title='bbox 585 323 766 359; x_wconf 89' lang='lat' dir='ltr'>nostram,</span> <span class='ocrx_word' id='word_1_22' title='bbox 807 331 898 364; x_wconf 91' lang='lat' dir='ltr'>quae</span> <span class='ocrx_word' id='word_1_23' title='bbox 930 332 1006 352; x_wconf 91' lang='lat' dir='ltr'>non</span> <span class='ocrx_word' id='word_1_24' title='bbox 1027 319 1097 353; x_wconf 92' lang='lat' dir='ltr'>erit</span> 
     </span>
     <span class='ocr_line' id='line_1_5' title="bbox 93 370 226 406; baseline 0 0"><span class='ocrx_word' id='word_1_25' title='bbox 93 370 226 406; x_wconf 83' lang='lat' dir='ltr'>brevis.</span> 
     </span>
    </p>
   </div>
   <div class='ocr_carea' id='block_1_3' title="bbox 351 452 839 503">
    <p class='ocr_par' dir='ltr' id='par_1_3' title="bbox 351 452 839 503">
     <span class='ocr_line' id='line_1_6' title="bbox 351 452 839 503; baseline 0.006 -15"><span class='ocrx_word' id='word_1_26' title='bbox 351 453 518 488; x_wconf 85' lang='lat' dir='ltr'>Oratio</span> <span class='ocrx_word' id='word_1_27' title='bbox 544 452 839 503; x_wconf 69' lang='lat' dir='ltr'>Euphemiffl).</span> 
     </span>
    </p>
   </div>
   <div class='ocr_carea' id='block_1_4' title="bbox 85 520 1098 2643">
    <p class='ocr_par' dir='ltr' id='par_1_4' title="bbox 85 520 1098 2643">
     <span class='ocr_line' id='line_1_7' title="bbox 194 520 1097 568; baseline 0 -10"><span class='ocrx_word' id='word_1_28' title='bbox 194 523 415 558; x_wconf 89' lang='lat' dir='ltr'>Advenimus</span> <span class='ocrx_word' id='word_1_29' title='bbox 433 520 502 557; x_wconf 88' lang='lat' dir='ltr'>huc</span> <span class='ocrx_word' id='word_1_30' title='bbox 520 536 586 568; x_wconf 89' lang='lat' dir='ltr'>pro</span> <span class='ocrx_word' id='word_1_31' title='bbox 609 524 843 557; x_wconf 75' lang='lat' dir='ltr'>renovatione</span> <span class='ocrx_word' id='word_1_32' title='bbox 869 525 999 558; x_wconf 84' lang='lat' dir='ltr'>vetusti</span> <span class='ocrx_word' id='word_1_33' title='bbox 1022 525 1097 558; x_wconf 83' lang='lat' dir='ltr'>foe-</span> 
     </span>
     <span class='ocr_line' id='line_1_8' title="bbox 93 575 1097 621; baseline 0 -11"><span class='ocrx_word' id='word_1_34' title='bbox 93 576 199 611; x_wconf 84' lang='lat' dir='ltr'>deris.</span> <span class='ocrx_word' id='word_1_35' title='bbox 268 575 358 609; x_wconf 90' lang='lat' dir='ltr'>Cum</span> <span class='ocrx_word' id='word_1_36' title='bbox 389 581 509 609; x_wconf 88' lang='lat' dir='ltr'>autem</span> <span class='ocrx_word' id='word_1_37' title='bbox 536 575 716 621; x_wconf 71' lang='lat' dir='ltr'>Syracusii</span> <span class='ocrx_word' id='word_1_38' title='bbox 743 576 989 621; x_wconf 84' lang='lat' dir='ltr'>sugillaverint</span> <span class='ocrx_word' id='word_1_39' title='bbox 1018 589 1097 617; x_wconf 89' lang='lat' dir='ltr'>nos,</span> 
     </span>
     <span class='ocr_line' id='line_1_9' title="bbox 94 627 1098 674; baseline 0 -13"><span class='ocrx_word' id='word_1_40' title='bbox 94 640 235 662; x_wconf 88' lang='lat' dir='ltr'>necesse</span> <span class='ocrx_word' id='word_1_41' title='bbox 253 633 305 662; x_wconf 89' lang='lat' dir='ltr'>est</span> <span class='ocrx_word' id='word_1_42' title='bbox 322 627 439 660; x_wconf 85' lang='lat' dir='ltr'>dicere</span> <span class='ocrx_word' id='word_1_43' title='bbox 464 628 507 660; x_wconf 87' lang='lat' dir='ltr'>de</span> <span class='ocrx_word' id='word_1_44' title='bbox 533 634 656 661; x_wconf 88' lang='lat' dir='ltr'>nostro</span> <span class='ocrx_word' id='word_1_45' title='bbox 680 627 853 673; x_wconf 89' lang='lat' dir='ltr'>imperio,</span> <span class='ocrx_word' id='word_1_46' title='bbox 888 629 985 674; x_wconf 92' lang='lat' dir='ltr'>quod</span> <span class='ocrx_word' id='word_1_47' title='bbox 1009 628 1098 661; x_wconf 88' lang='lat' dir='ltr'>illud</span> 
     </span>
     <span class='ocr_line' id='line_1_10' title="bbox 93 678 1097 724; baseline 0 -11"><span class='ocrx_word' id='word_1_48' title='bbox 93 679 184 713; x_wconf 88' lang='lat' dir='ltr'>iuste</span> <span class='ocrx_word' id='word_1_49' title='bbox 196 687 369 713; x_wconf 89' lang='lat' dir='ltr'>tenemus.</span> <span class='ocrx_word' id='word_1_50' title='bbox 398 678 637 723; x_wconf 79' lang='lat' dir='ltr'>Praecipuum</span> <span class='ocrx_word' id='word_1_51' title='bbox 651 692 735 713; x_wconf 87' lang='lat' dir='ltr'>vero</span> <span class='ocrx_word' id='word_1_52' title='bbox 752 687 1004 724; x_wconf 70' lang='lat' dir='ltr'>argumentum</span> <span class='ocrx_word' id='word_1_53' title='bbox 1023 679 1097 724; x_wconf 89' lang='lat' dir='ltr'>ipse</span> 
     </span>
     <span class='ocr_line' id='line_1_11' title="bbox 93 729 1098 777; baseline -0.001 -13"><span class='ocrx_word' id='word_1_54' title='bbox 93 731 204 772; x_wconf 83' lang='lat' dir='ltr'>dixit,</span> <span class='ocrx_word' id='word_1_55' title='bbox 250 732 348 777; x_wconf 89' lang='lat' dir='ltr'>quod</span> <span class='ocrx_word' id='word_1_56' title='bbox 372 729 474 764; x_wconf 89' lang='lat' dir='ltr'>lones</span> <span class='ocrx_word' id='word_1_57' title='bbox 497 744 638 776; x_wconf 85' lang='lat' dir='ltr'>semper</span> <span class='ocrx_word' id='word_1_58' title='bbox 663 732 734 765; x_wconf 90' lang='lat' dir='ltr'>sint</span> <span class='ocrx_word' id='word_1_59' title='bbox 757 731 893 765; x_wconf 89' lang='lat' dir='ltr'>inimici</span> <span class='ocrx_word' id='word_1_60' title='bbox 912 731 1098 765; x_wconf 87' lang='lat' dir='ltr'>Dorieusi-</span> 
     </span>
     <span class='ocr_line' id='line_1_12' title="bbox 93 781 1098 828; baseline 0 -12"><span class='ocrx_word' id='word_1_61' title='bbox 93 783 171 817; x_wconf 88' lang='lat' dir='ltr'>bus.</span> <span class='ocrx_word' id='word_1_62' title='bbox 225 782 296 817; x_wconf 80' lang='lat' dir='ltr'>Res</span> <span class='ocrx_word' id='word_1_63' title='bbox 322 788 441 816; x_wconf 88' lang='lat' dir='ltr'>autem</span> <span class='ocrx_word' id='word_1_64' title='bbox 464 782 513 816; x_wconf 89' lang='lat' dir='ltr'>sic</span> <span class='ocrx_word' id='word_1_65' title='bbox 540 796 575 817; x_wconf 87' lang='lat' dir='ltr'>se</span> <span class='ocrx_word' id='word_1_66' title='bbox 603 781 722 818; x_wconf 85' lang='lat' dir='ltr'>habet.</span> <span class='ocrx_word' id='word_1_67' title='bbox 783 783 857 818; x_wconf 86' lang='lat' dir='ltr'>Nos</span> <span class='ocrx_word' id='word_1_68' title='bbox 879 782 1001 824; x_wconf 86' lang='lat' dir='ltr'>lones,</span> <span class='ocrx_word' id='word_1_69' title='bbox 1035 782 1098 828; x_wconf 92' lang='lat' dir='ltr'>qui</span> 
     </span>
     <span class='ocr_line' id='line_1_13' title="bbox 93 834 1098 880; baseline -0.002 -12"><span class='ocrx_word' id='word_1_70' title='bbox 93 834 331 868; x_wconf 88' lang='lat' dir='ltr'>Doriensibus</span> <span class='ocrx_word' id='word_1_71' title='bbox 350 847 473 868; x_wconf 85' lang='lat' dir='ltr'>sumus</span> <span class='ocrx_word' id='word_1_72' title='bbox 490 834 611 875; x_wconf 85' lang='lat' dir='ltr'>vicini,</span> <span class='ocrx_word' id='word_1_73' title='bbox 639 841 673 867; x_wconf 90' lang='lat' dir='ltr'>et</span> <span class='ocrx_word' id='word_1_74' title='bbox 690 835 751 880; x_wconf 90' lang='lat' dir='ltr'>qui</span> <span class='ocrx_word' id='word_1_75' title='bbox 767 847 917 869; x_wconf 85' lang='lat' dir='ltr'>numero</span> <span class='ocrx_word' id='word_1_76' title='bbox 937 847 1003 869; x_wconf 88' lang='lat' dir='ltr'>nos</span> <span class='ocrx_word' id='word_1_77' title='bbox 1021 837 1098 867; x_wconf 79' lang='lat' dir='ltr'>vin-</span> 
     </span>
     <span class='ocr_line' id='line_1_14' title="bbox 93 885 1098 931; baseline -0.001 -11"><span class='ocrx_word' id='word_1_78' title='bbox 93 893 199 926; x_wconf 87' lang='lat' dir='ltr'>cunt,</span> <span class='ocrx_word' id='word_1_79' title='bbox 226 885 474 931; x_wconf 80' lang='lat' dir='ltr'>prospeximus</span> <span class='ocrx_word' id='word_1_80' title='bbox 490 887 613 927; x_wconf 92' lang='lat' dir='ltr'>nobis,</span> <span class='ocrx_word' id='word_1_81' title='bbox 642 899 686 919; x_wconf 89' lang='lat' dir='ltr'>ne</span> <span class='ocrx_word' id='word_1_82' title='bbox 701 887 871 920; x_wconf 81' lang='lat' dir='ltr'>servitute</span> <span class='ocrx_word' id='word_1_83' title='bbox 888 888 932 920; x_wconf 88' lang='lat' dir='ltr'>ab</span> <span class='ocrx_word' id='word_1_84' title='bbox 948 886 1017 921; x_wconf 84' lang='lat' dir='ltr'>illis</span> <span class='ocrx_word' id='word_1_85' title='bbox 1035 898 1098 930; x_wconf 93' lang='lat' dir='ltr'>op-</span> 
     </span>
     <span class='ocr_line' id='line_1_15' title="bbox 93 938 1098 983; baseline 0.001 -12"><span class='ocrx_word' id='word_1_86' title='bbox 93 938 353 983; x_wconf 90' lang='lat' dir='ltr'>primeremur,</span> <span class='ocrx_word' id='word_1_87' title='bbox 389 943 423 970; x_wconf 88' lang='lat' dir='ltr'>et</span> <span class='ocrx_word' id='word_1_88' title='bbox 447 944 528 982; x_wconf 89' lang='lat' dir='ltr'>post</span> <span class='ocrx_word' id='word_1_89' title='bbox 555 944 717 982; x_wconf 88' lang='lat' dir='ltr'>tempora</span> <span class='ocrx_word' id='word_1_90' title='bbox 737 938 875 972; x_wconf 84' lang='lat' dir='ltr'>Medica</span> <span class='ocrx_word' id='word_1_91' title='bbox 902 952 982 972; x_wconf 90' lang='lat' dir='ltr'>cum</span> <span class='ocrx_word' id='word_1_92' title='bbox 1008 950 1098 972; x_wconf 87' lang='lat' dir='ltr'>esse-</span> 
     </span>
     <span class='ocr_line' id='line_1_16' title="bbox 93 989 1098 1029; baseline -0.002 -5"><span class='ocrx_word' id='word_1_93' title='bbox 93 1002 172 1025; x_wconf 84' lang='lat' dir='ltr'>mus</span> <span class='ocrx_word' id='word_1_94' title='bbox 189 989 355 1023; x_wconf 82' lang='lat' dir='ltr'>instructi</span> <span class='ocrx_word' id='word_1_95' title='bbox 378 989 506 1029; x_wconf 88' lang='lat' dir='ltr'>classe,</span> <span class='ocrx_word' id='word_1_96' title='bbox 542 997 576 1023; x_wconf 93' lang='lat' dir='ltr'>et</span> <span class='ocrx_word' id='word_1_97' title='bbox 600 1002 618 1022; x_wconf 86' lang='lat' dir='ltr'>a</span> <span class='ocrx_word' id='word_1_98' title='bbox 637 989 1009 1024; x_wconf 58' lang='lat' dir='ltr'>Lacedaemoniorum</span> <span class='ocrx_word' id='word_1_99' title='bbox 1035 991 1098 1023; x_wconf 90' lang='lat' dir='ltr'>do-</span> 
     </span>
     <span class='ocr_line' id='line_1_17' title="bbox 90 1041 1098 1086; baseline -0.001 -12"><span class='ocrx_word' id='word_1_100' title='bbox 90 1041 232 1074; x_wconf 86' lang='lat' dir='ltr'>minatu</span> <span class='ocrx_word' id='word_1_101' title='bbox 251 1041 393 1074; x_wconf 88' lang='lat' dir='ltr'>liberati</span> <span class='ocrx_word' id='word_1_102' title='bbox 411 1053 585 1081; x_wconf 86' lang='lat' dir='ltr'>essemus,</span> <span class='ocrx_word' id='word_1_103' title='bbox 613 1054 753 1086; x_wconf 82' lang='lat' dir='ltr'>semper</span> <span class='ocrx_word' id='word_1_104' title='bbox 770 1042 927 1076; x_wconf 51' lang='lat' dir='ltr'>cavin‘ius</span> <span class='ocrx_word' id='word_1_105' title='bbox 939 1069 948 1082; x_wconf 92' lang='lat'>,</span> <span class='ocrx_word' id='word_1_106' title='bbox 984 1053 1028 1075; x_wconf 93' lang='lat' dir='ltr'>ne</span> <span class='ocrx_word' id='word_1_107' title='bbox 1046 1041 1098 1074; x_wconf 88' lang='lat' dir='ltr'>illi</span> 
     </span>
     <span class='ocr_line' id='line_1_18' title="bbox 90 1092 1098 1138; baseline -0.001 -12"><span class='ocrx_word' id='word_1_108' title='bbox 90 1092 196 1126; x_wconf 87' lang='lat' dir='ltr'>nobis</span> <span class='ocrx_word' id='word_1_109' title='bbox 214 1105 337 1127; x_wconf 90' lang='lat' dir='ltr'>rursus</span> <span class='ocrx_word' id='word_1_110' title='bbox 357 1093 644 1126; x_wconf 79' lang='lat' dir='ltr'>dominarentur.</span> <span class='ocrx_word' id='word_1_111' title='bbox 699 1093 791 1126; x_wconf 89' lang='lat' dir='ltr'>Tam</span> <span class='ocrx_word' id='word_1_112' title='bbox 808 1094 902 1126; x_wconf 88' lang='lat' dir='ltr'>enim</span> <span class='ocrx_word' id='word_1_113' title='bbox 922 1093 1006 1138; x_wconf 90' lang='lat' dir='ltr'>ipsis</span> <span class='ocrx_word' id='word_1_114' title='bbox 1023 1105 1098 1126; x_wconf 88' lang='lat' dir='ltr'>non</span> 
     </span>
     <span class='ocr_line' id='line_1_19' title="bbox 93 1144 1097 1189; baseline -0.002 -11"><span class='ocrx_word' id='word_1_115' title='bbox 93 1144 262 1178; x_wconf 81' lang='lat' dir='ltr'>convenit</span> <span class='ocrx_word' id='word_1_116' title='bbox 277 1144 381 1178; x_wconf 90' lang='lat' dir='ltr'>nobis</span> <span class='ocrx_word' id='word_1_117' title='bbox 400 1144 597 1188; x_wconf 87' lang='lat' dir='ltr'>imperare,</span> <span class='ocrx_word' id='word_1_118' title='bbox 627 1157 735 1189; x_wconf 87' lang='lat' dir='ltr'>quam</span> <span class='ocrx_word' id='word_1_119' title='bbox 763 1145 993 1189; x_wconf 86' lang='lat' dir='ltr'>nobisipsis,</span> <span class='ocrx_word' id='word_1_120' title='bbox 1028 1144 1097 1178; x_wconf 91' lang='lat' dir='ltr'>nisi</span> 
     </span>
     <span class='ocr_line' id='line_1_20' title="bbox 94 1196 1098 1243; baseline -0.001 -14"><span class='ocrx_word' id='word_1_121' title='bbox 94 1202 269 1242; x_wconf 84' lang='lat' dir='ltr'>quantum</span> <span class='ocrx_word' id='word_1_122' title='bbox 289 1196 357 1241; x_wconf 92' lang='lat' dir='ltr'>ipsi</span> <span class='ocrx_word' id='word_1_123' title='bbox 375 1196 411 1228; x_wconf 91' lang='grc'>111</span> <span class='ocrx_word' id='word_1_124' title='bbox 439 1208 559 1240; x_wconf 83' lang='lat' dir='ltr'>pugna</span> <span class='ocrx_word' id='word_1_125' title='bbox 584 1197 628 1228; x_wconf 84' lang='lat' dir='ltr'>ad</span> <span class='ocrx_word' id='word_1_126' title='bbox 645 1196 865 1243; x_wconf 63' lang='lat' dir='ltr'>Plataeasffl)</span> <span class='ocrx_word' id='word_1_127' title='bbox 893 1197 972 1241; x_wconf 90' lang='lat' dir='ltr'>plus</span> <span class='ocrx_word' id='word_1_128' title='bbox 998 1202 1098 1240; x_wconf 84' lang='lat' dir='ltr'>pote-</span> 
     </span>
     <span class='ocr_line' id='line_1_21' title="bbox 90 1246 1097 1288; baseline -0.001 -7"><span class='ocrx_word' id='word_1_129' title='bbox 90 1254 186 1282; x_wconf 86' lang='lat' dir='ltr'>rant.</span> <span class='ocrx_word' id='word_1_130' title='bbox 239 1248 314 1283; x_wconf 65' lang='lat' dir='ltr'>lNos</span> <span class='ocrx_word' id='word_1_131' title='bbox 331 1260 415 1281; x_wconf 75' lang='lat' dir='ltr'>vero</span> <span class='ocrx_word' id='word_1_132' title='bbox 435 1247 483 1281; x_wconf 92' lang='lat' dir='ltr'>sic</span> <span class='ocrx_word' id='word_1_133' title='bbox 501 1246 723 1288; x_wconf 67' lang='lat' dir='ltr'>habitantes,</span> <span class='ocrx_word' id='word_1_134' title='bbox 750 1248 835 1280; x_wconf 85' lang='lat' dir='ltr'>facti</span> <span class='ocrx_word' id='word_1_135' title='bbox 851 1261 972 1282; x_wconf 89' lang='lat' dir='ltr'>sumus</span> <span class='ocrx_word' id='word_1_136' title='bbox 991 1249 1097 1281; x_wconf 89' lang='lat' dir='ltr'>duces</span> 
     </span>
     <span class='ocr_line' id='line_1_22' title="bbox 91 1298 1096 1344; baseline 0.001 -13"><span class='ocrx_word' id='word_1_137' title='bbox 91 1299 338 1339; x_wconf 87' lang='lat' dir='ltr'>insularuum,</span> <span class='ocrx_word' id='word_1_138' title='bbox 375 1310 467 1344; x_wconf 87' lang='lat' dir='ltr'>quae</span> <span class='ocrx_word' id='word_1_139' title='bbox 492 1298 590 1342; x_wconf 84' lang='lat' dir='ltr'>prius</span> <span class='ocrx_word' id='word_1_140' title='bbox 614 1300 678 1332; x_wconf 90' lang='lat' dir='ltr'>sub</span> <span class='ocrx_word' id='word_1_141' title='bbox 697 1299 815 1332; x_wconf 88' lang='lat' dir='ltr'>Persis</span> <span class='ocrx_word' id='word_1_142' title='bbox 835 1300 998 1339; x_wconf 82' lang='lat' dir='ltr'>fueraut,</span> <span class='ocrx_word' id='word_1_143' title='bbox 1023 1311 1096 1332; x_wconf 91' lang='lat' dir='ltr'>non</span> 
     </span>
     <span class='ocr_line' id='line_1_23' title="bbox 89 1350 1097 1395; baseline -0.001 -12"><span class='ocrx_word' id='word_1_144' title='bbox 89 1350 223 1385; x_wconf 90' lang='lat' dir='ltr'>iustum</span> <span class='ocrx_word' id='word_1_145' title='bbox 247 1351 483 1389; x_wconf 74' lang='lat' dir='ltr'>arbitrantes,</span> <span class='ocrx_word' id='word_1_146' title='bbox 511 1356 551 1384; x_wconf 87' lang='lat' dir='ltr'>ut</span> <span class='ocrx_word' id='word_1_147' title='bbox 573 1362 695 1384; x_wconf 86' lang='lat' dir='ltr'>rursus</span> <span class='ocrx_word' id='word_1_148' title='bbox 717 1350 856 1384; x_wconf 86' lang='lat' dir='ltr'>subsint</span> <span class='ocrx_word' id='word_1_149' title='bbox 869 1351 1097 1395; x_wconf 87' lang='lat' dir='ltr'>Peloponne-</span> 
     </span>
     <span class='ocr_line' id='line_1_24' title="bbox 90 1401 1095 1448; baseline -0.003 -12"><span class='ocrx_word' id='word_1_150' title='bbox 90 1402 171 1443; x_wconf 86' lang='lat' dir='ltr'>siis,</span> <span class='ocrx_word' id='word_1_151' title='bbox 197 1415 277 1436; x_wconf 88' lang='lat' dir='ltr'>cum</span> <span class='ocrx_word' id='word_1_152' title='bbox 295 1415 361 1436; x_wconf 90' lang='lat' dir='ltr'>nos</span> <span class='ocrx_word' id='word_1_153' title='bbox 380 1401 521 1435; x_wconf 88' lang='lat' dir='ltr'>nautica</span> <span class='ocrx_word' id='word_1_154' title='bbox 541 1402 702 1446; x_wconf 85' lang='lat' dir='ltr'>potentia</span> <span class='ocrx_word' id='word_1_155' title='bbox 720 1402 995 1442; x_wconf 88' lang='lat' dir='ltr'>antecellamus,</span> <span class='ocrx_word' id='word_1_156' title='bbox 1026 1413 1095 1448; x_wconf 88' lang='lat' dir='ltr'>qua</span> 
     </span>
     <span class='ocr_line' id='line_1_25' title="bbox 91 1452 1097 1499; baseline -0.001 -12"><span class='ocrx_word' id='word_1_157' title='bbox 91 1466 211 1487; x_wconf 88' lang='lat' dir='ltr'>arcere</span> <span class='ocrx_word' id='word_1_158' title='bbox 229 1452 367 1488; x_wconf 86' lang='lat' dir='ltr'>hostem</span> <span class='ocrx_word' id='word_1_159' title='bbox 385 1454 478 1488; x_wconf 83' lang='lat' dir='ltr'>licet.</span> <span class='ocrx_word' id='word_1_160' title='bbox 531 1455 649 1499; x_wconf 77' lang='lat' dir='ltr'>Atque</span> <span class='ocrx_word' id='word_1_161' title='bbox 670 1454 699 1487; x_wconf 88' lang='lat' dir='ltr'>si</span> <span class='ocrx_word' id='word_1_162' title='bbox 717 1454 760 1487; x_wconf 92' lang='lat' dir='ltr'>de</span> <span class='ocrx_word' id='word_1_163' title='bbox 778 1454 854 1488; x_wconf 87' lang='lat' dir='ltr'>iure</span> <span class='ocrx_word' id='word_1_164' title='bbox 871 1461 922 1488; x_wconf 89' lang='lat' dir='ltr'>est</span> <span class='ocrx_word' id='word_1_165' title='bbox 938 1454 1097 1498; x_wconf 86' lang='lat' dir='ltr'>disputa-</span> 
     </span>
     <span class='ocr_line' id='line_1_26' title="bbox 91 1505 1097 1550; baseline -0.001 -11"><span class='ocrx_word' id='word_1_166' title='bbox 91 1506 164 1547; x_wconf 87' lang='lat' dir='ltr'>tio,</span> <span class='ocrx_word' id='word_1_167' title='bbox 196 1518 271 1539; x_wconf 90' lang='lat' dir='ltr'>non</span> <span class='ocrx_word' id='word_1_168' title='bbox 300 1505 431 1539; x_wconf 87' lang='lat' dir='ltr'>iniuria</span> <span class='ocrx_word' id='word_1_169' title='bbox 460 1505 497 1537; x_wconf 91' lang='lat' dir='ltr'>in</span> <span class='ocrx_word' id='word_1_170' title='bbox 522 1511 683 1538; x_wconf 84' lang='lat' dir='ltr'>nostram</span> <span class='ocrx_word' id='word_1_171' title='bbox 711 1505 913 1549; x_wconf 81' lang='lat' dir='ltr'>redegimus</span> <span class='ocrx_word' id='word_1_172' title='bbox 940 1511 1097 1550; x_wconf 88' lang='lat' dir='ltr'>potesta-</span> 
     </span>
     <span class='ocr_line' id='line_1_27' title="bbox 91 1556 1097 1604; baseline -0.003 -13"><span class='ocrx_word' id='word_1_173' title='bbox 91 1563 163 1591; x_wconf 89' lang='lat' dir='ltr'>tem</span> <span class='ocrx_word' id='word_1_174' title='bbox 175 1556 278 1592; x_wconf 88' lang='lat' dir='ltr'>Iones</span> <span class='ocrx_word' id='word_1_175' title='bbox 298 1564 405 1604; x_wconf 85' lang='lat' dir='ltr'>atque</span> <span class='ocrx_word' id='word_1_176' title='bbox 422 1556 608 1596; x_wconf 77' lang='lat' dir='ltr'>insulares,</span> <span class='ocrx_word' id='word_1_177' title='bbox 637 1569 739 1602; x_wconf 80' lang='lat' dir='ltr'>quos,</span> <span class='ocrx_word' id='word_1_178' title='bbox 768 1569 847 1591; x_wconf 90' lang='lat' dir='ltr'>cum</span> <span class='ocrx_word' id='word_1_179' title='bbox 866 1558 937 1591; x_wconf 92' lang='lat' dir='ltr'>sint</span> <span class='ocrx_word' id='word_1_180' title='bbox 952 1556 1097 1602; x_wconf 84' lang='lat' dir='ltr'>cognati</span> 
     </span>
     <span class='ocr_line' id='line_1_28' title="bbox 90 1606 1097 1655; baseline -0.001 -13"><span class='ocrx_word' id='word_1_181' title='bbox 90 1609 226 1650; x_wconf 88' lang='lat' dir='ltr'>nostri,</span> <span class='ocrx_word' id='word_1_182' title='bbox 260 1608 476 1655; x_wconf 81' lang='lat' dir='ltr'>Syracusani</span> <span class='ocrx_word' id='word_1_183' title='bbox 512 1606 635 1641; x_wconf 84' lang='lat' dir='ltr'>dicunt</span> <span class='ocrx_word' id='word_1_184' title='bbox 668 1622 686 1641; x_wconf 84' lang='lat' dir='ltr'>a</span> <span class='ocrx_word' id='word_1_185' title='bbox 710 1609 815 1642; x_wconf 88' lang='lat' dir='ltr'>nobis</span> <span class='ocrx_word' id='word_1_186' title='bbox 840 1609 1010 1643; x_wconf 79' lang='lat' dir='ltr'>servitute</span> <span class='ocrx_word' id='word_1_187' title='bbox 1034 1621 1097 1652; x_wconf 94' lang='lat' dir='ltr'>op-</span> 
     </span>
     <span class='ocr_line' id='line_1_29' title="bbox 90 1659 1096 1706; baseline -0.001 -12"><span class='ocrx_word' id='word_1_188' title='bbox 90 1673 231 1706; x_wconf 88' lang='lat' dir='ltr'>pressos</span> <span class='ocrx_word' id='word_1_189' title='bbox 250 1673 336 1695; x_wconf 89' lang='lat' dir='ltr'>esse.</span> <span class='ocrx_word' id='word_1_190' title='bbox 389 1660 577 1693; x_wconf 82' lang='lat' dir='ltr'>Venerunt</span> <span class='ocrx_word' id='word_1_191' title='bbox 597 1659 690 1693; x_wconf 91' lang='lat' dir='ltr'>enim</span> <span class='ocrx_word' id='word_1_192' title='bbox 710 1673 788 1693; x_wconf 91' lang='lat' dir='ltr'>cum</span> <span class='ocrx_word' id='word_1_193' title='bbox 801 1661 909 1694; x_wconf 85' lang='lat' dir='ltr'>Medo</span> <span class='ocrx_word' id='word_1_194' title='bbox 927 1662 1096 1694; x_wconf 88' lang='lat' dir='ltr'>adversus</span> 
     </span>
     <span class='ocr_line' id='line_1_30' title="bbox 90 1712 1096 1758; baseline -0.001 -12"><span class='ocrx_word' id='word_1_195' title='bbox 90 1725 158 1747; x_wconf 86' lang='lat' dir='ltr'>nos</span> <span class='ocrx_word' id='word_1_196' title='bbox 174 1713 404 1758; x_wconf 81' lang='lat' dir='ltr'>metropolim</span> <span class='ocrx_word' id='word_1_197' title='bbox 422 1724 541 1751; x_wconf 89' lang='lat' dir='ltr'>suam,</span> <span class='ocrx_word' id='word_1_198' title='bbox 570 1724 685 1757; x_wconf 87' lang='lat' dir='ltr'>neque</span> <span class='ocrx_word' id='word_1_199' title='bbox 702 1712 779 1746; x_wconf 92' lang='lat' dir='ltr'>ausi</span> <span class='ocrx_word' id='word_1_200' title='bbox 795 1720 878 1746; x_wconf 90' lang='lat' dir='ltr'>sunt</span> <span class='ocrx_word' id='word_1_201' title='bbox 894 1713 1096 1746; x_wconf 87' lang='lat' dir='ltr'>deficientes</span> 
     </span>
     <span class='ocr_line' id='line_1_31' title="bbox 91 1763 1096 1809; baseline -0.001 -12"><span class='ocrx_word' id='word_1_202' title='bbox 91 1765 136 1798; x_wconf 86' lang='lat' dir='ltr'>ab</span> <span class='ocrx_word' id='word_1_203' title='bbox 163 1776 204 1798; x_wconf 87' lang='lat' dir='ltr'>eo</span> <span class='ocrx_word' id='word_1_204' title='bbox 232 1777 287 1798; x_wconf 90' lang='lat' dir='ltr'>res</span> <span class='ocrx_word' id='word_1_205' title='bbox 312 1777 393 1798; x_wconf 87' lang='lat' dir='ltr'>suas</span> <span class='ocrx_word' id='word_1_206' title='bbox 412 1764 595 1803; x_wconf 85' lang='lat' dir='ltr'>amittere,</span> <span class='ocrx_word' id='word_1_207' title='bbox 632 1763 722 1797; x_wconf 86' lang='lat' dir='ltr'>sicut</span> <span class='ocrx_word' id='word_1_208' title='bbox 745 1776 810 1798; x_wconf 88' lang='lat' dir='ltr'>nos</span> <span class='ocrx_word' id='word_1_209' title='bbox 834 1765 1000 1805; x_wconf 80' lang='lat' dir='ltr'>fecimus,</span> <span class='ocrx_word' id='word_1_210' title='bbox 1034 1763 1096 1809; x_wconf 92' lang='lat' dir='ltr'>qui</span> 
     </span>
     <span class='ocr_line' id='line_1_32' title="bbox 90 1814 1096 1860; baseline -0.002 -10"><span class='ocrx_word' id='word_1_211' title='bbox 90 1816 313 1850; x_wconf 89' lang='lat' dir='ltr'>deseruimus</span> <span class='ocrx_word' id='word_1_212' title='bbox 329 1822 491 1849; x_wconf 89' lang='lat' dir='ltr'>nostram</span> <span class='ocrx_word' id='word_1_213' title='bbox 509 1815 646 1849; x_wconf 88' lang='lat' dir='ltr'>urbem.</span> <span class='ocrx_word' id='word_1_214' title='bbox 700 1814 772 1860; x_wconf 85' lang='lat' dir='ltr'>Ipsi</span> <span class='ocrx_word' id='word_1_215' title='bbox 790 1828 874 1849; x_wconf 78' lang='lat' dir='ltr'>vero</span> <span class='ocrx_word' id='word_1_216' title='bbox 891 1817 1096 1850; x_wconf 86' lang='lat' dir='ltr'>maluerunt</span> 
     </span>
     <span class='ocr_line' id='line_1_33' title="bbox 89 1866 1094 1913; baseline -0.002 -11"><span class='ocrx_word' id='word_1_217' title='bbox 89 1868 223 1902; x_wconf 79' lang='lat' dir='ltr'>servire</span> <span class='ocrx_word' id='word_1_218' title='bbox 242 1874 276 1902; x_wconf 88' lang='lat' dir='ltr'>et</span> <span class='ocrx_word' id='word_1_219' title='bbox 294 1868 439 1912; x_wconf 89' lang='lat' dir='ltr'>insuper</span> <span class='ocrx_word' id='word_1_220' title='bbox 457 1867 560 1900; x_wconf 85' lang='lat' dir='ltr'>uobis</span> <span class='ocrx_word' id='word_1_221' title='bbox 578 1866 785 1900; x_wconf 68' lang='lat' dir='ltr'>servitutem</span> <span class='ocrx_word' id='word_1_222' title='bbox 805 1868 991 1909; x_wconf 86' lang='lat' dir='ltr'>inducere,</span> <span class='ocrx_word' id='word_1_223' title='bbox 1011 1880 1094 1913; x_wconf 91' lang='lat' dir='ltr'>pro-</span> 
     </span>
     <span class='ocr_line' id='line_1_34' title="bbox 89 1918 1092 1966; baseline -0.001 -12"><span class='ocrx_word' id='word_1_224' title='bbox 89 1927 170 1966; x_wconf 87' lang='lat' dir='ltr'>pter</span> <span class='ocrx_word' id='word_1_225' title='bbox 187 1932 278 1966; x_wconf 85' lang='lat' dir='ltr'>quae</span> <span class='ocrx_word' id='word_1_226' title='bbox 301 1919 401 1964; x_wconf 85' lang='lat' dir='ltr'>digni</span> <span class='ocrx_word' id='word_1_227' title='bbox 424 1932 565 1959; x_wconf 88' lang='lat' dir='ltr'>sumus,</span> <span class='ocrx_word' id='word_1_228' title='bbox 601 1925 640 1952; x_wconf 89' lang='lat' dir='ltr'>ut</span> <span class='ocrx_word' id='word_1_229' title='bbox 663 1918 901 1964; x_wconf 87' lang='lat' dir='ltr'>imperemus,</span> <span class='ocrx_word' id='word_1_230' title='bbox 937 1927 971 1954; x_wconf 84' lang='lat' dir='ltr'>et</span> <span class='ocrx_word' id='word_1_231' title='bbox 997 1920 1092 1966; x_wconf 86' lang='lat' dir='ltr'>quod</span> 
     </span>
     <span class='ocr_line' id='line_1_35' title="bbox 88 1972 1092 2018; baseline -0.001 -12"><span class='ocrx_word' id='word_1_232' title='bbox 88 1972 170 2017; x_wconf 86' lang='lat' dir='ltr'>plus</span> <span class='ocrx_word' id='word_1_233' title='bbox 182 1972 331 2006; x_wconf 86' lang='lat' dir='ltr'>navium</span> <span class='ocrx_word' id='word_1_234' title='bbox 358 1983 467 2018; x_wconf 87' lang='lat' dir='ltr'>quam</span> <span class='ocrx_word' id='word_1_235' title='bbox 492 1977 673 2010; x_wconf 89' lang='lat' dir='ltr'>caeterae,</span> <span class='ocrx_word' id='word_1_236' title='bbox 708 1972 859 2018; x_wconf 90' lang='lat' dir='ltr'>plusque</span> <span class='ocrx_word' id='word_1_237' title='bbox 886 1972 1092 2006; x_wconf 87' lang='lat' dir='ltr'>animorum</span> 
     </span>
     <span class='ocr_line' id='line_1_36' title="bbox 88 2022 1093 2069; baseline 0.003 -12"><span class='ocrx_word' id='word_1_238' title='bbox 88 2023 165 2058; x_wconf 85' lang='lat' dir='ltr'>sine</span> <span class='ocrx_word' id='word_1_239' title='bbox 182 2024 255 2057; x_wconf 83' lang='lat' dir='ltr'>ulla</span> <span class='ocrx_word' id='word_1_240' title='bbox 274 2022 568 2068; x_wconf 82' lang='lat' dir='ltr'>tergiversatione</span> <span class='ocrx_word' id='word_1_241' title='bbox 586 2023 828 2068; x_wconf 83' lang='lat' dir='ltr'>praestitimus</span> <span class='ocrx_word' id='word_1_242' title='bbox 846 2037 913 2069; x_wconf 90' lang='lat' dir='ltr'>pro</span> <span class='ocrx_word' id='word_1_243' title='bbox 929 2025 1093 2060; x_wconf 78' lang='lat' dir='ltr'>Graecia.</span> 
     </span>
     <span class='ocr_line' id='line_1_37' title="bbox 88 2073 1093 2121; baseline 0 -11"><span class='ocrx_word' id='word_1_244' title='bbox 88 2074 246 2110; x_wconf 85' lang='lat' dir='ltr'>Econtra</span> <span class='ocrx_word' id='word_1_245' title='bbox 282 2075 341 2110; x_wconf 86' lang='lat' dir='ltr'>isti</span> <span class='ocrx_word' id='word_1_246' title='bbox 364 2073 434 2109; x_wconf 90' lang='lat' dir='ltr'>hoc</span> <span class='ocrx_word' id='word_1_247' title='bbox 457 2075 668 2121; x_wconf 87' lang='lat' dir='ltr'>obsequium</span> <span class='ocrx_word' id='word_1_248' title='bbox 694 2076 951 2120; x_wconf 87' lang='lat' dir='ltr'>praestiterunt</span> <span class='ocrx_word' id='word_1_249' title='bbox 972 2076 1093 2118; x_wconf 85' lang='lat' dir='ltr'>Xerxi,</span> 
     </span>
     <span class='ocr_line' id='line_1_38' title="bbox 88 2126 1093 2174; baseline 0.001 -13"><span class='ocrx_word' id='word_1_250' title='bbox 88 2140 228 2174; x_wconf 91' lang='lat' dir='ltr'>nosque</span> <span class='ocrx_word' id='word_1_251' title='bbox 253 2127 359 2161; x_wconf 90' lang='lat' dir='ltr'>simul</span> <span class='ocrx_word' id='word_1_252' title='bbox 384 2128 577 2162; x_wconf 87' lang='lat' dir='ltr'>laeserunt.</span> <span class='ocrx_word' id='word_1_253' title='bbox 643 2126 770 2173; x_wconf 83' lang='lat' dir='ltr'>quue</span> <span class='ocrx_word' id='word_1_254' title='bbox 795 2129 965 2164; x_wconf 87' lang='lat' dir='ltr'>adversus</span> <span class='ocrx_word' id='word_1_255' title='bbox 988 2129 1093 2163; x_wconf 90' lang='lat' dir='ltr'>Pelo-</span> 
     </span>
     <span class='ocr_line' id='line_1_39' title="bbox 88 2179 1092 2226; baseline 0.002 -12"><span class='ocrx_word' id='word_1_256' title='bbox 88 2180 284 2226; x_wconf 85' lang='lat' dir='ltr'>ponnesios</span> <span class='ocrx_word' id='word_1_257' title='bbox 315 2179 457 2213; x_wconf 91' lang='lat' dir='ltr'>munire</span> <span class='ocrx_word' id='word_1_258' title='bbox 487 2191 552 2213; x_wconf 90' lang='lat' dir='ltr'>nos</span> <span class='ocrx_word' id='word_1_259' title='bbox 584 2180 787 2221; x_wconf 87' lang='lat' dir='ltr'>studemus,</span> <span class='ocrx_word' id='word_1_260' title='bbox 828 2192 873 2214; x_wconf 94' lang='lat' dir='ltr'>ne</span> <span class='ocrx_word' id='word_1_261' title='bbox 896 2180 965 2226; x_wconf 86' lang='lat' dir='ltr'>ipsi</span> <span class='ocrx_word' id='word_1_262' title='bbox 988 2181 1092 2216; x_wconf 91' lang='lat' dir='ltr'>nobis</span> 
     </span>
     <span class='ocr_line' id='line_1_40' title="bbox 88 2230 1093 2278; baseline 0.001 -13"><span class='ocrx_word' id='word_1_263' title='bbox 88 2233 280 2277; x_wconf 85' lang='lat' dir='ltr'>imperent.</span> <span class='ocrx_word' id='word_1_264' title='bbox 334 2230 427 2265; x_wconf 89' lang='lat' dir='ltr'>Iuste</span> <span class='ocrx_word' id='word_1_265' title='bbox 446 2230 555 2275; x_wconf 87' lang='lat' dir='ltr'>igitur</span> <span class='ocrx_word' id='word_1_266' title='bbox 571 2231 762 2276; x_wconf 88' lang='lat' dir='ltr'>imperium</span> <span class='ocrx_word' id='word_1_267' title='bbox 782 2233 1009 2278; x_wconf 89' lang='lat' dir='ltr'>quaerimus,</span> <span class='ocrx_word' id='word_1_268' title='bbox 1036 2234 1093 2267; x_wconf 84' lang='lat' dir='ltr'>vel</span> 
     </span>
     <span class='ocr_line' id='line_1_41' title="bbox 90 2283 1091 2331; baseline 0.001 -13"><span class='ocrx_word' id='word_1_269' title='bbox 90 2285 174 2331; x_wconf 88' lang='lat' dir='ltr'>quia</span> <span class='ocrx_word' id='word_1_270' title='bbox 192 2284 260 2318; x_wconf 90' lang='lat' dir='ltr'>soli</span> <span class='ocrx_word' id='word_1_271' title='bbox 275 2284 448 2317; x_wconf 86' lang='lat' dir='ltr'>barbaros</span> <span class='ocrx_word' id='word_1_272' title='bbox 464 2283 717 2328; x_wconf 83' lang='lat' dir='ltr'>repressimus,</span> <span class='ocrx_word' id='word_1_273' title='bbox 745 2285 800 2317; x_wconf 72' lang='lat' dir='ltr'>vel</span> <span class='ocrx_word' id='word_1_274' title='bbox 826 2284 908 2330; x_wconf 90' lang='lat' dir='ltr'>quia</span> <span class='ocrx_word' id='word_1_275' title='bbox 932 2285 1091 2329; x_wconf 88' lang='lat' dir='ltr'>pericula</span> 
     </span>
     <span class='ocr_line' id='line_1_42' title="bbox 89 2334 1091 2381; baseline -0.002 -9"><span class='ocrx_word' id='word_1_276' title='bbox 89 2336 344 2377; x_wconf 86' lang='lat' dir='ltr'>sustinuimus,</span> <span class='ocrx_word' id='word_1_277' title='bbox 374 2334 487 2380; x_wconf 86' lang='lat' dir='ltr'>magis</span> <span class='ocrx_word' id='word_1_278' title='bbox 510 2342 659 2381; x_wconf 89' lang='lat' dir='ltr'>propter</span> <span class='ocrx_word' id='word_1_279' title='bbox 675 2336 1026 2381; x_wconf 88' lang='lat' dir='ltr'>Peloponuesiorum</span> <span class='ocrx_word' id='word_1_280' title='bbox 1050 2338 1091 2370; x_wconf 90' lang='lat' dir='ltr'>li-</span> 
     </span>
     <span class='ocr_line' id='line_1_43' title="bbox 85 2388 1091 2434; baseline -0.001 -10"><span class='ocrx_word' id='word_1_281' title='bbox 85 2390 262 2424; x_wconf 89' lang='lat' dir='ltr'>bertatem</span> <span class='ocrx_word' id='word_1_282' title='bbox 283 2400 392 2434; x_wconf 87' lang='lat' dir='ltr'>quam</span> <span class='ocrx_word' id='word_1_283' title='bbox 409 2393 558 2432; x_wconf 87' lang='lat' dir='ltr'>propter</span> <span class='ocrx_word' id='word_1_284' title='bbox 574 2394 747 2423; x_wconf 82' lang='lat' dir='ltr'>nostram.</span> <span class='ocrx_word' id='word_1_285' title='bbox 806 2388 942 2422; x_wconf 90' lang='lat' dir='ltr'>Iustum</span> <span class='ocrx_word' id='word_1_286' title='bbox 962 2395 1014 2423; x_wconf 91' lang='lat' dir='ltr'>est</span> <span class='ocrx_word' id='word_1_287' title='bbox 1030 2401 1091 2423; x_wconf 83' lang='lat' dir='ltr'>au-</span> 
     </span>
     <span class='ocr_line' id='line_1_44' title="bbox 87 2439 1089 2487; baseline -0.001 -12"><span class='ocrx_word' id='word_1_288' title='bbox 87 2447 160 2475; x_wconf 88' lang='lat' dir='ltr'>tem</span> <span class='ocrx_word' id='word_1_289' title='bbox 179 2452 358 2487; x_wconf 90' lang='lat' dir='ltr'>quemque</span> <span class='ocrx_word' id='word_1_290' title='bbox 376 2451 460 2474; x_wconf 90' lang='lat' dir='ltr'>suae</span> <span class='ocrx_word' id='word_1_291' title='bbox 478 2439 583 2473; x_wconf 87' lang='lat' dir='ltr'>saluti</span> <span class='ocrx_word' id='word_1_292' title='bbox 601 2440 785 2475; x_wconf 88' lang='lat' dir='ltr'>consulere</span> <span class='ocrx_word' id='word_1_293' title='bbox 797 2467 806 2481; x_wconf 88' lang='lat'>,</span> <span class='ocrx_word' id='word_1_294' title='bbox 840 2453 993 2487; x_wconf 90' lang='lat' dir='ltr'>cumque</span> <span class='ocrx_word' id='word_1_295' title='bbox 1018 2441 1089 2474; x_wconf 88' lang='lat' dir='ltr'>iam</span> 
     </span>
     <span class='ocr_line' id='line_1_45' title="bbox 87 2491 1091 2533; baseline -0.001 -5"><span class='ocrx_word' id='word_1_296' title='bbox 87 2491 158 2528; x_wconf 88' lang='lat' dir='ltr'>huc</span> <span class='ocrx_word' id='word_1_297' title='bbox 175 2492 380 2526; x_wconf 71' lang='lat' dir='ltr'>venerimus</span> <span class='ocrx_word' id='word_1_298' title='bbox 396 2497 534 2525; x_wconf 69' lang='lat' dir='ltr'>vestrae</span> <span class='ocrx_word' id='word_1_299' title='bbox 553 2493 751 2527; x_wconf 86' lang='lat' dir='ltr'>securitatis</span> <span class='ocrx_word' id='word_1_300' title='bbox 768 2505 871 2527; x_wconf 84' lang='lat' dir='ltr'>causa</span> <span class='ocrx_word' id='word_1_301' title='bbox 883 2520 892 2533; x_wconf 95' lang='lat'>,</span> <span class='ocrx_word' id='word_1_302' title='bbox 920 2499 954 2526; x_wconf 89' lang='lat' dir='ltr'>et</span> <span class='ocrx_word' id='word_1_303' title='bbox 971 2493 1091 2527; x_wconf 84' lang='lat' dir='ltr'>videa-</span> 
     </span>
     <span class='ocr_line' id='line_1_46' title="bbox 88 2543 1090 2591; baseline 0 -12"><span class='ocrx_word' id='word_1_304' title='bbox 88 2558 189 2586; x_wconf 86' lang='lat' dir='ltr'>mus,</span> <span class='ocrx_word' id='word_1_305' title='bbox 224 2557 316 2591; x_wconf 89' lang='lat' dir='ltr'>quae</span> <span class='ocrx_word' id='word_1_306' title='bbox 340 2543 442 2578; x_wconf 76' lang='lat' dir='ltr'>vobis</span> <span class='ocrx_word' id='word_1_307' title='bbox 467 2544 690 2586; x_wconf 90' lang='lat' dir='ltr'>conducunt,</span> <span class='ocrx_word' id='word_1_308' title='bbox 735 2546 983 2586; x_wconf 85' lang='lat' dir='ltr'>ostendemus,</span> <span class='ocrx_word' id='word_1_309' title='bbox 1028 2558 1090 2580; x_wconf 88' lang='lat' dir='ltr'>cur</span> 
     </span>
     <span class='ocr_line' id='line_1_47' title="bbox 89 2596 1089 2643; baseline 0 -12"><span class='ocrx_word' id='word_1_310' title='bbox 89 2597 142 2631; x_wconf 87' lang='lat' dir='ltr'>illi</span> <span class='ocrx_word' id='word_1_311' title='bbox 157 2610 223 2632; x_wconf 89' lang='lat' dir='ltr'>nos</span> <span class='ocrx_word' id='word_1_312' title='bbox 239 2596 494 2637; x_wconf 88' lang='lat' dir='ltr'>criminentur,</span> <span class='ocrx_word' id='word_1_313' title='bbox 523 2602 557 2629; x_wconf 88' lang='lat' dir='ltr'>et</span> <span class='ocrx_word' id='word_1_314' title='bbox 571 2609 682 2643; x_wconf 86' lang='lat' dir='ltr'>quare</span> <span class='ocrx_word' id='word_1_315' title='bbox 704 2610 768 2632; x_wconf 84' lang='lat' dir='ltr'>vos</span> <span class='ocrx_word' id='word_1_316' title='bbox 794 2599 837 2631; x_wconf 89' lang='lat' dir='ltr'>dc</span> <span class='ocrx_word' id='word_1_317' title='bbox 864 2597 967 2632; x_wconf 86' lang='lat' dir='ltr'>nobis</span> <span class='ocrx_word' id='word_1_318' title='bbox 991 2610 1089 2632; x_wconf 87' lang='lat' dir='ltr'>secus</span> 
     </span>
    </p>
   </div>
   <div class='ocr_carea' id='block_1_5' title="bbox 121 2716 901 2801">
    <p class='ocr_par' dir='ltr' id='par_1_5' title="bbox 121 2716 901 2801">
     <span class='ocr_line' id='line_1_48' title="bbox 121 2716 520 2751; baseline -0.008 -7"><span class='ocrx_word' id='word_1_319' title='bbox 121 2717 169 2751; x_wconf 81' lang='lat'>6¹)</span> <span class='ocrx_word' id='word_1_320' title='bbox 189 2718 309 2748; x_wconf 73' lang='lat' dir='ltr'>Thucyd.</span> <span class='ocrx_word' id='word_1_321' title='bbox 328 2717 376 2749; x_wconf 78' lang='lat' dir='ltr'>vl,</span> <span class='ocrx_word' id='word_1_322' title='bbox 394 2716 520 2741; x_wconf 71' lang='lat'>82-87.</span> 
     </span>
     <span class='ocr_line' id='line_1_49' title="bbox 121 2769 901 2801; baseline -0.001 -5"><span class='ocrx_word' id='word_1_323' title='bbox 121 2771 170 2800; x_wconf 76' lang='lat'>62)</span> <span class='ocrx_word' id='word_1_324' title='bbox 188 2770 333 2798; x_wconf 81' lang='lat' dir='ltr'>Plataeas]</span> <span class='ocrx_word' id='word_1_325' title='bbox 353 2770 401 2793; x_wconf 83' lang='lat' dir='ltr'>Ed.</span> <span class='ocrx_word' id='word_1_326' title='bbox 417 2769 491 2794; x_wconf 77' lang='lat'>¹562.</span> <span class='ocrx_word' id='word_1_327' title='bbox 514 2775 611 2794; x_wconf 82' lang='lat' dir='ltr'>errore</span> <span class='ocrx_word' id='word_1_328' title='bbox 629 2770 758 2801; x_wconf 62' lang='lat' dir='ltr'>typogunz</span> <span class='ocrx_word' id='word_1_329' title='bbox 777 2770 901 2795; x_wconf 76' lang='lat' dir='ltr'>Platuas.</span> 
     </span>
    </p>
   </div>
   <div class='ocr_carea' id='block_1_6' title="bbox 502 126 1892 169">
    <p class='ocr_par' dir='ltr' id='par_1_6' title="bbox 502 126 1892 169">
     <span class='ocr_line' id='line_1_50' title="bbox 502 126 1892 169; baseline 0.006 -8"><span class='ocrx_word' id='word_1_330' title='bbox 502 126 904 163; x_wconf 75' lang='lat' dir='ltr'>INTERPRETATIO</span> <span class='ocrx_word' id='word_1_331' title='bbox 929 126 1229 164; x_wconf 87' lang='lat' dir='ltr'><strong>ORATIONUM</strong></span> <span class='ocrx_word' id='word_1_332' title='bbox 1257 127 1321 164; x_wconf 91' lang='lat' dir='ltr'>EX</span> <span class='ocrx_word' id='word_1_333' title='bbox 1346 128 1642 166; x_wconf 90' lang='lat' dir='ltr'>THUCYDIDIS</span> <span class='ocrx_word' id='word_1_334' title='bbox 1668 130 1815 168; x_wconf 86' lang='lat' dir='ltr'>LIBRO</span> <span class='ocrx_word' id='word_1_335' title='bbox 1833 132 1892 169; x_wconf 86' lang='lat' dir='ltr'>vl.</span> 
     </span>
    </p>
   </div>
   <div class='ocr_carea' id='block_1_7' title="bbox 2047 138 2149 176">
    <p class='ocr_par' dir='ltr' id='par_1_7' title="bbox 2047 138 2149 176">
     <span class='ocr_line' id='line_1_51' title="bbox 2047 138 2149 176; baseline 0.039 -4"><span class='ocrx_word' id='word_1_336' title='bbox 2047 138 2149 176; x_wconf 73' lang='lat'>1102</span> 
     </span>
    </p>
   </div>
   <div class='ocr_carea' id='block_1_8' title="bbox 1141 215 2172 2799">
    <p class='ocr_par' dir='ltr' id='par_1_8' title="bbox 1141 215 2172 2799">
     <span class='ocr_line' id='line_1_52' title="bbox 1148 215 2150 261; baseline 0.008 -11"><span class='ocrx_word' id='word_1_337' title='bbox 1148 215 1390 261; x_wconf 85' lang='lat' dir='ltr'>suspicemini.</span> <span class='ocrx_word' id='word_1_338' title='bbox 1447 217 1625 252; x_wconf 88' lang='lat' dir='ltr'>Usitatum</span> <span class='ocrx_word' id='word_1_339' title='bbox 1643 226 1695 253; x_wconf 90' lang='lat' dir='ltr'>est</span> <span class='ocrx_word' id='word_1_340' title='bbox 1711 227 1830 254; x_wconf 89' lang='lat' dir='ltr'>autem</span> <span class='ocrx_word' id='word_1_341' title='bbox 1848 221 1973 255; x_wconf 90' lang='lat' dir='ltr'>audire</span> <span class='ocrx_word' id='word_1_342' title='bbox 1988 235 2068 256; x_wconf 88' lang='lat' dir='ltr'>cum</span> <span class='ocrx_word' id='word_1_343' title='bbox 2087 237 2150 258; x_wconf 78' lang='lat' dir='ltr'>vo-</span> 
     </span>
     <span class='ocr_line' id='line_1_53' title="bbox 1149 268 2150 318; baseline 0.009 -18"><span class='ocrx_word' id='word_1_344' title='bbox 1149 268 1285 312; x_wconf 87' lang='lat' dir='ltr'>luptate</span> <span class='ocrx_word' id='word_1_345' title='bbox 1303 275 1459 304; x_wconf 85' lang='lat' dir='ltr'>serentes</span> <span class='ocrx_word' id='word_1_346' title='bbox 1476 270 1716 315; x_wconf 86' lang='lat' dir='ltr'>suspiciones,</span> <span class='ocrx_word' id='word_1_347' title='bbox 1746 278 1780 305; x_wconf 89' lang='lat' dir='ltr'>et</span> <span class='ocrx_word' id='word_1_348' title='bbox 1795 279 1915 306; x_wconf 87' lang='lat' dir='ltr'>tamen</span> <span class='ocrx_word' id='word_1_349' title='bbox 1940 281 2060 318; x_wconf 87' lang='lat' dir='ltr'>postea</span> <span class='ocrx_word' id='word_1_350' title='bbox 2087 288 2150 309; x_wconf 89' lang='lat' dir='ltr'>an-</span> 
     </span>
     <span class='ocr_line' id='line_1_54' title="bbox 1150 320 2151 362; baseline 0.01 -10"><span class='ocrx_word' id='word_1_351' title='bbox 1150 320 1276 353; x_wconf 85' lang='lat' dir='ltr'>teferre</span> <span class='ocrx_word' id='word_1_352' title='bbox 1302 320 1494 355; x_wconf 85' lang='lat' dir='ltr'>utilitatem</span> <span class='ocrx_word' id='word_1_353' title='bbox 1518 322 1627 356; x_wconf 90' lang='lat' dir='ltr'>falsae</span> <span class='ocrx_word' id='word_1_354' title='bbox 1654 323 1911 359; x_wconf 78' lang='lat' dir='ltr'>criminationi.</span> <span class='ocrx_word' id='word_1_355' title='bbox 1978 325 2151 362; x_wconf 85' lang='lat' dir='ltr'>Fatemur</span> 
     </span>
     <span class='ocr_line' id='line_1_55' title="bbox 1150 372 2152 420; baseline 0.01 -17"><span class='ocrx_word' id='word_1_356' title='bbox 1150 383 1215 405; x_wconf 89' lang='lat' dir='ltr'>uos</span> <span class='ocrx_word' id='word_1_357' title='bbox 1239 377 1359 405; x_wconf 90' lang='lat' dir='ltr'>tenere</span> <span class='ocrx_word' id='word_1_358' title='bbox 1384 372 1597 417; x_wconf 88' lang='lat' dir='ltr'>imperium,</span> <span class='ocrx_word' id='word_1_359' title='bbox 1639 374 1723 420; x_wconf 86' lang='lat' dir='ltr'>quia</span> <span class='ocrx_word' id='word_1_360' title='bbox 1749 375 1786 408; x_wconf 92' lang='lat' dir='ltr'>in</span> <span class='ocrx_word' id='word_1_361' title='bbox 1811 381 1910 410; x_wconf 86' lang='lat' dir='ltr'>metu</span> <span class='ocrx_word' id='word_1_362' title='bbox 1935 390 2076 419; x_wconf 87' lang='lat' dir='ltr'>sumus,</span> <span class='ocrx_word' id='word_1_363' title='bbox 2117 386 2152 413; x_wconf 89' lang='lat' dir='ltr'>et</span> 
     </span>
     <span class='ocr_line' id='line_1_56' title="bbox 1150 420 2151 465; baseline 0.008 -10"><span class='ocrx_word' id='word_1_364' title='bbox 1150 434 1215 456; x_wconf 94' lang='lat' dir='ltr'>nos</span> <span class='ocrx_word' id='word_1_365' title='bbox 1230 420 1300 457; x_wconf 87' lang='lat' dir='ltr'>huc</span> <span class='ocrx_word' id='word_1_366' title='bbox 1317 423 1473 465; x_wconf 82' lang='lat' dir='ltr'>venisse,</span> <span class='ocrx_word' id='word_1_367' title='bbox 1499 432 1539 459; x_wconf 92' lang='lat' dir='ltr'>ut</span> <span class='ocrx_word' id='word_1_368' title='bbox 1553 438 1632 459; x_wconf 90' lang='lat' dir='ltr'>cum</span> <span class='ocrx_word' id='word_1_369' title='bbox 1657 426 1760 461; x_wconf 88' lang='lat' dir='ltr'>sociis</span> <span class='ocrx_word' id='word_1_370' title='bbox 1782 427 1964 461; x_wconf 87' lang='lat' dir='ltr'>securitati</span> <span class='ocrx_word' id='word_1_371' title='bbox 1989 431 2151 464; x_wconf 82' lang='lat' dir='ltr'>consula-</span> 
     </span>
     <span class='ocr_line' id='line_1_57' title="bbox 1151 478 2152 525; baseline 0.009 -19"><span class='ocrx_word' id='word_1_372' title='bbox 1151 487 1242 515; x_wconf 88' lang='lat' dir='ltr'>mus,</span> <span class='ocrx_word' id='word_1_373' title='bbox 1269 487 1344 508; x_wconf 91' lang='lat' dir='ltr'>non</span> <span class='ocrx_word' id='word_1_374' title='bbox 1362 482 1402 509; x_wconf 87' lang='lat' dir='ltr'>ut</span> <span class='ocrx_word' id='word_1_375' title='bbox 1420 489 1639 523; x_wconf 89' lang='lat' dir='ltr'>quemquam</span> <span class='ocrx_word' id='word_1_376' title='bbox 1657 478 1694 511; x_wconf 91' lang='lat' dir='ltr'>in</span> <span class='ocrx_word' id='word_1_377' title='bbox 1710 479 1918 513; x_wconf 82' lang='lat' dir='ltr'>servitutem</span> <span class='ocrx_word' id='word_1_378' title='bbox 1934 480 2152 525; x_wconf 82' lang='lat' dir='ltr'>redigamus,</span> 
     </span>
     <span class='ocr_line' id='line_1_58' title="bbox 1151 526 2153 576; baseline 0.008 -18"><span class='ocrx_word' id='word_1_379' title='bbox 1151 526 1212 559; x_wconf 90' lang='lat' dir='ltr'>sed</span> <span class='ocrx_word' id='word_1_380' title='bbox 1228 526 1347 570; x_wconf 90' lang='lat' dir='ltr'>potius</span> <span class='ocrx_word' id='word_1_381' title='bbox 1364 533 1403 560; x_wconf 89' lang='lat' dir='ltr'>ut</span> <span class='ocrx_word' id='word_1_382' title='bbox 1422 528 1661 573; x_wconf 84' lang='lat' dir='ltr'>impediamus</span> <span class='ocrx_word' id='word_1_383' title='bbox 1679 542 1758 570; x_wconf 88' lang='lat' dir='ltr'>eos,</span> <span class='ocrx_word' id='word_1_384' title='bbox 1795 531 1855 576; x_wconf 92' lang='lat' dir='ltr'>qui</span> <span class='ocrx_word' id='word_1_385' title='bbox 1880 538 2025 566; x_wconf 88' lang='lat' dir='ltr'>nostrae</span> <span class='ocrx_word' id='word_1_386' title='bbox 2046 533 2153 567; x_wconf 88' lang='lat' dir='ltr'>liber-</span> 
     </span>
     <span class='ocr_line' id='line_1_59' title="bbox 1152 577 2154 626; baseline 0.01 -17"><span class='ocrx_word' id='word_1_387' title='bbox 1152 577 1216 610; x_wconf 88' lang='lat' dir='ltr'>tati</span> <span class='ocrx_word' id='word_1_388' title='bbox 1234 577 1468 619; x_wconf 83' lang='lat' dir='ltr'>insidiantur,</span> <span class='ocrx_word' id='word_1_389' title='bbox 1500 581 1555 613; x_wconf 72' lang='lat' dir='ltr'>vel</span> <span class='ocrx_word' id='word_1_390' title='bbox 1577 581 1639 626; x_wconf 88' lang='lat' dir='ltr'>qui</span> <span class='ocrx_word' id='word_1_391' title='bbox 1663 582 1767 616; x_wconf 92' lang='lat' dir='ltr'>nobis</span> <span class='ocrx_word' id='word_1_392' title='bbox 1789 582 2034 618; x_wconf 84' lang='lat' dir='ltr'>formidabiles</span> <span class='ocrx_word' id='word_1_393' title='bbox 2059 591 2154 620; x_wconf 89' lang='lat' dir='ltr'>sunt.</span> 
     </span>
     <span class='ocr_line' id='line_1_60' title="bbox 1151 628 2154 683; baseline 0.01 -22"><span class='ocrx_word' id='word_1_394' title='bbox 1151 628 1266 662; x_wconf 83' lang='lat' dir='ltr'>Nemo</span> <span class='ocrx_word' id='word_1_395' title='bbox 1284 636 1402 663; x_wconf 87' lang='lat' dir='ltr'>autem</span> <span class='ocrx_word' id='word_1_396' title='bbox 1420 631 1617 673; x_wconf 82' lang='lat' dir='ltr'>existimet,</span> <span class='ocrx_word' id='word_1_397' title='bbox 1642 645 1716 666; x_wconf 89' lang='lat' dir='ltr'>non</span> <span class='ocrx_word' id='word_1_398' title='bbox 1736 634 1869 668; x_wconf 86' lang='lat' dir='ltr'>referre</span> <span class='ocrx_word' id='word_1_399' title='bbox 1886 641 2006 670; x_wconf 87' lang='lat' dir='ltr'>nostra</span> <span class='ocrx_word' id='word_1_400' title='bbox 2019 663 2028 677; x_wconf 88' lang='lat'>‚</span> <span class='ocrx_word' id='word_1_401' title='bbox 2056 638 2154 683; x_wconf 87' lang='lat' dir='ltr'>quod</span> 
     </span>
     <span class='ocr_line' id='line_1_61' title="bbox 1152 682 2153 731; baseline 0.01 -19"><span class='ocrx_word' id='word_1_402' title='bbox 1152 692 1216 713; x_wconf 70' lang='lat' dir='ltr'>vos</span> <span class='ocrx_word' id='word_1_403' title='bbox 1241 692 1419 716; x_wconf 87' lang='lat' dir='ltr'>curamus.</span> <span class='ocrx_word' id='word_1_404' title='bbox 1482 682 1574 717; x_wconf 87' lang='lat' dir='ltr'>Nam</span> <span class='ocrx_word' id='word_1_405' title='bbox 1601 686 1715 718; x_wconf 89' lang='lat' dir='ltr'>donec</span> <span class='ocrx_word' id='word_1_406' title='bbox 1742 698 1804 719; x_wconf 73' lang='lat' dir='ltr'>vos</span> <span class='ocrx_word' id='word_1_407' title='bbox 1828 686 1956 731; x_wconf 83' lang='lat' dir='ltr'>integri</span> <span class='ocrx_word' id='word_1_408' title='bbox 1978 688 2080 730; x_wconf 88' lang='lat' dir='ltr'>estis,</span> <span class='ocrx_word' id='word_1_409' title='bbox 2118 695 2153 722; x_wconf 90' lang='lat' dir='ltr'>et</span> 
     </span>
     <span class='ocr_line' id='line_1_62' title="bbox 1153 731 2153 779; baseline 0.01 -15"><span class='ocrx_word' id='word_1_410' title='bbox 1153 731 1316 765; x_wconf 83' lang='lat' dir='ltr'>resistere</span> <span class='ocrx_word' id='word_1_411' title='bbox 1333 733 1565 778; x_wconf 77' lang='lat' dir='ltr'>Syracusanis</span> <span class='ocrx_word' id='word_1_412' title='bbox 1582 738 1749 779; x_wconf 89' lang='lat' dir='ltr'>potestis,</span> <span class='ocrx_word' id='word_1_413' title='bbox 1777 737 1895 772; x_wconf 88' lang='lat' dir='ltr'>minus</span> <span class='ocrx_word' id='word_1_414' title='bbox 1921 740 2065 773; x_wconf 89' lang='lat' dir='ltr'>laedent</span> <span class='ocrx_word' id='word_1_415' title='bbox 2087 753 2153 774; x_wconf 91' lang='lat' dir='ltr'>nos</span> 
     </span>
     <span class='ocr_line' id='line_1_63' title="bbox 1152 783 2155 832; baseline 0.011 -17"><span class='ocrx_word' id='word_1_416' title='bbox 1152 783 1426 828; x_wconf 89' lang='lat' dir='ltr'>Peloponnesii,</span> <span class='ocrx_word' id='word_1_417' title='bbox 1466 787 1549 831; x_wconf 88' lang='lat' dir='ltr'>quia</span> <span class='ocrx_word' id='word_1_418' title='bbox 1575 787 1789 832; x_wconf 74' lang='lat' dir='ltr'>Syracusani</span> <span class='ocrx_word' id='word_1_419' title='bbox 1819 802 1894 822; x_wconf 94' lang='grc'><strong>11011</strong></span> <span class='ocrx_word' id='word_1_420' title='bbox 1928 791 2072 826; x_wconf 88' lang='lat' dir='ltr'>mittent</span> <span class='ocrx_word' id='word_1_421' title='bbox 2105 792 2155 827; x_wconf 89' lang='lat' dir='ltr'>eis</span> 
     </span>
     <span class='ocr_line' id='line_1_64' title="bbox 1153 835 2153 890; baseline 0.011 -23"><span class='ocrx_word' id='word_1_422' title='bbox 1153 835 1297 870; x_wconf 80' lang='lat' dir='ltr'>auxilia.</span> <span class='ocrx_word' id='word_1_423' title='bbox 1333 836 1522 871; x_wconf 86' lang='lat' dir='ltr'>Pertinent</span> <span class='ocrx_word' id='word_1_424' title='bbox 1541 838 1650 883; x_wconf 83' lang='lat' dir='ltr'>igitur</span> <span class='ocrx_word' id='word_1_425' title='bbox 1668 840 1713 872; x_wconf 90' lang='lat' dir='ltr'>ad</span> <span class='ocrx_word' id='word_1_426' title='bbox 1732 852 1798 874; x_wconf 86' lang='lat' dir='ltr'>nos</span> <span class='ocrx_word' id='word_1_427' title='bbox 1816 853 1872 876; x_wconf 88' lang='lat' dir='ltr'>res</span> <span class='ocrx_word' id='word_1_428' title='bbox 1888 849 2025 877; x_wconf 73' lang='lat' dir='ltr'>vestrae</span> <span class='ocrx_word' id='word_1_429' title='bbox 2044 857 2153 890; x_wconf 89' lang='lat' dir='ltr'>quam</span> 
     </span>
     <span class='ocr_line' id='line_1_65' title="bbox 1152 887 2153 937; baseline 0.011 -18"><span class='ocrx_word' id='word_1_430' title='bbox 1152 887 1362 931; x_wconf 89' lang='lat' dir='ltr'>plurimum.</span> <span class='ocrx_word' id='word_1_431' title='bbox 1415 887 1499 922; x_wconf 87' lang='lat' dir='ltr'>ldeo</span> <span class='ocrx_word' id='word_1_432' title='bbox 1518 891 1700 935; x_wconf 86' lang='lat' dir='ltr'>congruit,</span> <span class='ocrx_word' id='word_1_433' title='bbox 1728 893 1823 937; x_wconf 89' lang='lat' dir='ltr'>quod</span> <span class='ocrx_word' id='word_1_434' title='bbox 1842 899 1875 926; x_wconf 89' lang='lat' dir='ltr'>et</span> <span class='ocrx_word' id='word_1_435' title='bbox 1884 892 2082 930; x_wconf 87' lang='lat' dir='ltr'>Leontinos</span> <span class='ocrx_word' id='word_1_436' title='bbox 2099 909 2153 930; x_wconf 90' lang='lat' dir='ltr'>re-</span> 
     </span>
     <span class='ocr_line' id='line_1_66' title="bbox 1153 938 2155 989; baseline 0.012 -19"><span class='ocrx_word' id='word_1_437' title='bbox 1153 938 1335 980; x_wconf 89' lang='lat' dir='ltr'>ducimus,</span> <span class='ocrx_word' id='word_1_438' title='bbox 1377 953 1440 973; x_wconf 92' lang='lat' dir='ltr'>nec</span> <span class='ocrx_word' id='word_1_439' title='bbox 1471 942 1636 976; x_wconf 85' lang='lat' dir='ltr'>volumus</span> <span class='ocrx_word' id='word_1_440' title='bbox 1666 955 1726 976; x_wconf 88' lang='lat' dir='ltr'>eos</span> <span class='ocrx_word' id='word_1_441' title='bbox 1751 944 1855 978; x_wconf 89' lang='lat' dir='ltr'>nobis</span> <span class='ocrx_word' id='word_1_442' title='bbox 1881 946 2042 982; x_wconf 84' lang='lat' dir='ltr'>subditos</span> <span class='ocrx_word' id='word_1_443' title='bbox 2068 960 2155 989; x_wconf 87' lang='lat' dir='ltr'>esse,</span> 
     </span>
     <span class='ocr_line' id='line_1_67' title="bbox 1152 988 2155 1040; baseline 0.011 -18"><span class='ocrx_word' id='word_1_444' title='bbox 1152 989 1242 1023; x_wconf 88' lang='lat' dir='ltr'>sieut</span> <span class='ocrx_word' id='word_1_445' title='bbox 1257 988 1506 1027; x_wconf 83' lang='lat' dir='ltr'>Chalcidenses</span> <span class='ocrx_word' id='word_1_446' title='bbox 1524 993 1561 1026; x_wconf 89' lang='lat' dir='ltr'>in</span> <span class='ocrx_word' id='word_1_447' title='bbox 1579 993 1726 1028; x_wconf 83' lang='lat' dir='ltr'>Euboea</span> <span class='ocrx_word' id='word_1_448' title='bbox 1750 1002 1890 1040; x_wconf 87' lang='lat' dir='ltr'>parent.</span> <span class='ocrx_word' id='word_1_449' title='bbox 1943 998 2013 1032; x_wconf 87' lang='lat' dir='ltr'>Sed</span> <span class='ocrx_word' id='word_1_450' title='bbox 2034 1006 2155 1033; x_wconf 90' lang='lat' dir='ltr'>tenere</span> 
     </span>
     <span class='ocr_line' id='line_1_68' title="bbox 1153 1040 2155 1096; baseline 0.011 -22"><span class='ocrx_word' id='word_1_451' title='bbox 1153 1040 1349 1076; x_wconf 85' lang='lat' dir='ltr'>Leontinos</span> <span class='ocrx_word' id='word_1_452' title='bbox 1381 1056 1482 1077; x_wconf 87' lang='lat' dir='ltr'>suam</span> <span class='ocrx_word' id='word_1_453' title='bbox 1516 1046 1713 1089; x_wconf 89' lang='lat' dir='ltr'>potentiam</span> <span class='ocrx_word' id='word_1_454' title='bbox 1745 1048 1934 1089; x_wconf 88' lang='lat' dir='ltr'>volumus,</span> <span class='ocrx_word' id='word_1_455' title='bbox 1974 1057 2013 1084; x_wconf 91' lang='lat' dir='ltr'>ut</span> <span class='ocrx_word' id='word_1_456' title='bbox 2042 1052 2155 1096; x_wconf 87' lang='lat' dir='ltr'>repri—</span> 
     </span>
     <span class='ocr_line' id='line_1_69' title="bbox 1154 1094 2153 1141; baseline 0.011 -16"><span class='ocrx_word' id='word_1_457' title='bbox 1154 1100 1255 1126; x_wconf 87' lang='lat' dir='ltr'>mant</span> <span class='ocrx_word' id='word_1_458' title='bbox 1271 1094 1408 1129; x_wconf 87' lang='lat' dir='ltr'>vicinos</span> <span class='ocrx_word' id='word_1_459' title='bbox 1425 1096 1680 1141; x_wconf 79' lang='lat' dir='ltr'>Syracusanos.</span> <span class='ocrx_word' id='word_1_460' title='bbox 1734 1099 1827 1133; x_wconf 77' lang='lat' dir='ltr'>Nam</span> <span class='ocrx_word' id='word_1_461' title='bbox 1844 1100 1938 1134; x_wconf 91' lang='lat' dir='ltr'>bello</span> <span class='ocrx_word' id='word_1_462' title='bbox 1957 1104 2153 1137; x_wconf 88' lang='lat' dir='ltr'>domestico</span> 
     </span>
     <span class='ocr_line' id='line_1_70' title="bbox 1152 1145 2155 1195; baseline 0.012 -18"><span class='ocrx_word' id='word_1_463' title='bbox 1152 1157 1218 1178; x_wconf 88' lang='lat' dir='ltr'>nos</span> <span class='ocrx_word' id='word_1_464' title='bbox 1244 1145 1312 1189; x_wconf 86' lang='lat' dir='ltr'>ipsi</span> <span class='ocrx_word' id='word_1_465' title='bbox 1340 1148 1545 1182; x_wconf 81' lang='lat' dir='ltr'>sufficimus.</span> <span class='ocrx_word' id='word_1_466' title='bbox 1607 1149 1716 1195; x_wconf 84' lang='lat' dir='ltr'>Quod</span> <span class='ocrx_word' id='word_1_467' title='bbox 1741 1158 1859 1184; x_wconf 88' lang='lat' dir='ltr'>autem</span> <span class='ocrx_word' id='word_1_468' title='bbox 1883 1153 2006 1187; x_wconf 87' lang='lat' dir='ltr'>obiicit</span> <span class='ocrx_word' id='word_1_469' title='bbox 2032 1155 2155 1189; x_wconf 88' lang='lat' dir='ltr'>absur-</span> 
     </span>
     <span class='ocr_line' id='line_1_71' title="bbox 1152 1197 2155 1250; baseline 0.012 -21"><span class='ocrx_word' id='word_1_470' title='bbox 1152 1197 1237 1229; x_wconf 91' lang='lat' dir='ltr'>dum</span> <span class='ocrx_word' id='word_1_471' title='bbox 1258 1209 1349 1237; x_wconf 85' lang='lat' dir='ltr'>esse,</span> <span class='ocrx_word' id='word_1_472' title='bbox 1388 1211 1472 1239; x_wconf 89' lang='lat' dir='ltr'>nos,</span> <span class='ocrx_word' id='word_1_473' title='bbox 1504 1212 1583 1233; x_wconf 92' lang='lat' dir='ltr'>cum</span> <span class='ocrx_word' id='word_1_474' title='bbox 1606 1201 1691 1234; x_wconf 90' lang='lat' dir='ltr'>alibi</span> <span class='ocrx_word' id='word_1_475' title='bbox 1709 1200 1959 1240; x_wconf 84' lang='lat' dir='ltr'>Chalcidenses</span> <span class='ocrx_word' id='word_1_476' title='bbox 1976 1207 2155 1250; x_wconf 83' lang='lat' dir='ltr'>redegeri-</span> 
     </span>
     <span class='ocr_line' id='line_1_72' title="bbox 1152 1248 2154 1297; baseline 0.013 -17"><span class='ocrx_word' id='word_1_477' title='bbox 1152 1261 1231 1281; x_wconf 90' lang='lat' dir='ltr'>mus</span> <span class='ocrx_word' id='word_1_478' title='bbox 1250 1248 1287 1281; x_wconf 91' lang='lat' dir='ltr'>in</span> <span class='ocrx_word' id='word_1_479' title='bbox 1304 1250 1511 1284; x_wconf 82' lang='lat' dir='ltr'>servitutem</span> <span class='ocrx_word' id='word_1_480' title='bbox 1525 1279 1534 1292; x_wconf 95' lang='lat'>,</span> <span class='ocrx_word' id='word_1_481' title='bbox 1562 1249 1621 1286; x_wconf 74' lang='lat' dir='ltr'>hic</span> <span class='ocrx_word' id='word_1_482' title='bbox 1635 1253 1842 1297; x_wconf 86' lang='lat' dir='ltr'>permittere</span> <span class='ocrx_word' id='word_1_483' title='bbox 1867 1267 1991 1291; x_wconf 87' lang='lat' dir='ltr'>eorum</span> <span class='ocrx_word' id='word_1_484' title='bbox 2018 1258 2154 1293; x_wconf 86' lang='lat' dir='ltr'>colonis</span> 
     </span>
     <span class='ocr_line' id='line_1_73' title="bbox 1151 1300 2154 1354; baseline 0.014 -23"><span class='ocrx_word' id='word_1_485' title='bbox 1151 1300 1371 1334; x_wconf 85' lang='lat' dir='ltr'>libertatem:</span> <span class='ocrx_word' id='word_1_486' title='bbox 1408 1303 1453 1335; x_wconf 89' lang='lat' dir='ltr'>ad</span> <span class='ocrx_word' id='word_1_487' title='bbox 1471 1301 1539 1336; x_wconf 88' lang='lat' dir='ltr'>hoc</span> <span class='ocrx_word' id='word_1_488' title='bbox 1557 1306 1777 1349; x_wconf 87' lang='lat' dir='ltr'>respondeo,</span> <span class='ocrx_word' id='word_1_489' title='bbox 1810 1313 1963 1354; x_wconf 86' lang='lat' dir='ltr'>utraque</span> <span class='ocrx_word' id='word_1_490' title='bbox 1982 1310 2017 1343; x_wconf 91' lang='lat' dir='ltr'>in</span> <span class='ocrx_word' id='word_1_491' title='bbox 2034 1322 2071 1343; x_wconf 87' lang='lat' dir='ltr'>re</span> <span class='ocrx_word' id='word_1_492' title='bbox 2088 1322 2154 1344; x_wconf 90' lang='lat' dir='ltr'>nos</span> 
     </span>
     <span class='ocr_line' id='line_1_74' title="bbox 1151 1351 2155 1401; baseline 0.014 -19"><span class='ocrx_word' id='word_1_493' title='bbox 1151 1351 1305 1384; x_wconf 85' lang='lat' dir='ltr'>utilitate</span> <span class='ocrx_word' id='word_1_494' title='bbox 1323 1354 1474 1388; x_wconf 65' lang='lat' dir='ltr'>moveri.</span> <span class='ocrx_word' id='word_1_495' title='bbox 1524 1355 1619 1389; x_wconf 89' lang='lat' dir='ltr'>Alibi</span> <span class='ocrx_word' id='word_1_496' title='bbox 1636 1358 1783 1401; x_wconf 90' lang='lat' dir='ltr'>prodest</span> <span class='ocrx_word' id='word_1_497' title='bbox 1799 1359 1916 1400; x_wconf 89' lang='lat' dir='ltr'>nobis,</span> <span class='ocrx_word' id='word_1_498' title='bbox 1944 1359 2155 1395; x_wconf 89' lang='lat' dir='ltr'>Chalciden-</span> 
     </span>
     <span class='ocr_line' id='line_1_75' title="bbox 1151 1403 2155 1455; baseline 0.014 -21"><span class='ocrx_word' id='word_1_499' title='bbox 1151 1414 1204 1435; x_wconf 86' lang='lat' dir='ltr'>ses</span> <span class='ocrx_word' id='word_1_500' title='bbox 1231 1403 1293 1435; x_wconf 88' lang='lat' dir='ltr'>tali</span> <span class='ocrx_word' id='word_1_501' title='bbox 1320 1404 1397 1437; x_wconf 92' lang='lat' dir='ltr'>iure</span> <span class='ocrx_word' id='word_1_502' title='bbox 1420 1406 1576 1442; x_wconf 90' lang='lat' dir='ltr'>domitos</span> <span class='ocrx_word' id='word_1_503' title='bbox 1610 1420 1704 1449; x_wconf 89' lang='lat' dir='ltr'>esse,</span> <span class='ocrx_word' id='word_1_504' title='bbox 1745 1415 1784 1442; x_wconf 84' lang='lat' dir='ltr'>ut</span> <span class='ocrx_word' id='word_1_505' title='bbox 1808 1411 1879 1444; x_wconf 84' lang='lat' dir='ltr'>sint</span> <span class='ocrx_word' id='word_1_506' title='bbox 1903 1411 2077 1455; x_wconf 89' lang='lat' dir='ltr'>inermes,</span> <span class='ocrx_word' id='word_1_507' title='bbox 2120 1421 2155 1448; x_wconf 90' lang='lat' dir='ltr'>et</span> 
     </span>
     <span class='ocr_line' id='line_1_76' title="bbox 1151 1454 2154 1505; baseline 0.013 -19"><span class='ocrx_word' id='word_1_508' title='bbox 1151 1454 1340 1497; x_wconf 89' lang='lat' dir='ltr'>pecuniam</span> <span class='ocrx_word' id='word_1_509' title='bbox 1364 1458 1534 1500; x_wconf 84' lang='lat' dir='ltr'>pendant.</span> <span class='ocrx_word' id='word_1_510' title='bbox 1596 1459 1662 1493; x_wconf 91' lang='lat' dir='ltr'>Hic</span> <span class='ocrx_word' id='word_1_511' title='bbox 1688 1461 1835 1505; x_wconf 87' lang='lat' dir='ltr'>prodest</span> <span class='ocrx_word' id='word_1_512' title='bbox 1858 1464 1980 1505; x_wconf 84' lang='lat' dir='ltr'>nobis,</span> <span class='ocrx_word' id='word_1_513' title='bbox 2008 1465 2154 1499; x_wconf 84' lang='lat' dir='ltr'>Leonti-</span> 
     </span>
     <span class='ocr_line' id='line_1_77' title="bbox 1150 1510 2155 1562; baseline 0.015 -25"><span class='ocrx_word' id='word_1_514' title='bbox 1150 1517 1216 1539; x_wconf 85' lang='lat' dir='ltr'>nos</span> <span class='ocrx_word' id='word_1_515' title='bbox 1248 1513 1281 1539; x_wconf 82' lang='lat' dir='ltr'>et</span> <span class='ocrx_word' id='word_1_516' title='bbox 1313 1514 1472 1543; x_wconf 87' lang='lat' dir='ltr'>caeteros</span> <span class='ocrx_word' id='word_1_517' title='bbox 1497 1510 1612 1545; x_wconf 89' lang='lat' dir='ltr'>socios</span> <span class='ocrx_word' id='word_1_518' title='bbox 1639 1518 1760 1545; x_wconf 89' lang='lat' dir='ltr'>tenere</span> <span class='ocrx_word' id='word_1_519' title='bbox 1785 1525 1905 1555; x_wconf 88' lang='lat' dir='ltr'>arma,</span> <span class='ocrx_word' id='word_1_520' title='bbox 1950 1523 1983 1550; x_wconf 77' lang='lat' dir='ltr'>et</span> <span class='ocrx_word' id='word_1_521' title='bbox 2009 1530 2155 1562; x_wconf 86' lang='lat' dir='ltr'>prorsus</span> 
     </span>
     <span class='ocr_line' id='line_1_78' title="bbox 1150 1556 2155 1609; baseline 0.015 -20"><span class='ocrx_word' id='word_1_522' title='bbox 1150 1556 1282 1591; x_wconf 86' lang='lat' dir='ltr'>liberos</span> <span class='ocrx_word' id='word_1_523' title='bbox 1299 1571 1393 1600; x_wconf 89' lang='lat' dir='ltr'>esse,</span> <span class='ocrx_word' id='word_1_524' title='bbox 1422 1567 1460 1593; x_wconf 94' lang='lat' dir='ltr'>ut</span> <span class='ocrx_word' id='word_1_525' title='bbox 1478 1560 1722 1606; x_wconf 79' lang='lat' dir='ltr'>Syracusanos</span> <span class='ocrx_word' id='word_1_526' title='bbox 1738 1566 1949 1609; x_wconf 83' lang='lat' dir='ltr'>reprimant.</span> <span class='ocrx_word' id='word_1_527' title='bbox 2002 1568 2074 1604; x_wconf 90' lang='lat' dir='ltr'>Illis</span> <span class='ocrx_word' id='word_1_528' title='bbox 2093 1582 2155 1604; x_wconf 90' lang='lat' dir='ltr'>au-</span> 
     </span>
     <span class='ocr_line' id='line_1_79' title="bbox 1152 1610 2155 1660; baseline 0.015 -19"><span class='ocrx_word' id='word_1_529' title='bbox 1152 1614 1222 1641; x_wconf 84' lang='lat' dir='ltr'>tem</span> <span class='ocrx_word' id='word_1_530' title='bbox 1236 1636 1245 1649; x_wconf 89' lang='lat'>,</span> <span class='ocrx_word' id='word_1_531' title='bbox 1274 1610 1336 1655; x_wconf 92' lang='lat' dir='ltr'>qui</span> <span class='ocrx_word' id='word_1_532' title='bbox 1354 1612 1552 1656; x_wconf 87' lang='lat' dir='ltr'>potentiam</span> <span class='ocrx_word' id='word_1_533' title='bbox 1573 1615 1798 1660; x_wconf 73' lang='lat' dir='ltr'>tyrannicam</span> <span class='ocrx_word' id='word_1_534' title='bbox 1819 1624 1960 1660; x_wconf 87' lang='lat' dir='ltr'>tenent,</span> <span class='ocrx_word' id='word_1_535' title='bbox 1996 1619 2086 1655; x_wconf 89' lang='lat' dir='ltr'>nihil</span> <span class='ocrx_word' id='word_1_536' title='bbox 2104 1628 2155 1656; x_wconf 86' lang='lat' dir='ltr'>est</span> 
     </span>
     <span class='ocr_line' id='line_1_80' title="bbox 1151 1660 2154 1719; baseline 0.015 -27"><span class='ocrx_word' id='word_1_537' title='bbox 1151 1660 1367 1702; x_wconf 87' lang='lat' dir='ltr'>absurdum,</span> <span class='ocrx_word' id='word_1_538' title='bbox 1403 1666 1500 1708; x_wconf 91' lang='lat' dir='ltr'>quod</span> <span class='ocrx_word' id='word_1_539' title='bbox 1524 1666 1611 1699; x_wconf 90' lang='lat' dir='ltr'>utile</span> <span class='ocrx_word' id='word_1_540' title='bbox 1634 1673 1707 1708; x_wconf 87' lang='lat' dir='ltr'>est,</span> <span class='ocrx_word' id='word_1_541' title='bbox 1742 1666 1833 1702; x_wconf 84' lang='lat' dir='ltr'>nihil</span> <span class='ocrx_word' id='word_1_542' title='bbox 1854 1671 2029 1714; x_wconf 82' lang='lat' dir='ltr'>amicum,</span> <span class='ocrx_word' id='word_1_543' title='bbox 2056 1675 2154 1719; x_wconf 86' lang='lat' dir='ltr'>quod</span> 
     </span>
     <span class='ocr_line' id='line_1_81' title="bbox 1151 1714 2154 1770; baseline 0.016 -26"><span class='ocrx_word' id='word_1_544' title='bbox 1151 1714 1383 1747; x_wconf 89' lang='lat' dir='ltr'>metuendum</span> <span class='ocrx_word' id='word_1_545' title='bbox 1409 1721 1479 1756; x_wconf 87' lang='lat' dir='ltr'>est,</span> <span class='ocrx_word' id='word_1_546' title='bbox 1523 1723 1557 1750; x_wconf 89' lang='lat' dir='ltr'>et</span> <span class='ocrx_word' id='word_1_547' title='bbox 1579 1719 1765 1759; x_wconf 89' lang='lat' dir='ltr'>omnibus,</span> <span class='ocrx_word' id='word_1_548' title='bbox 1799 1733 1866 1766; x_wconf 88' lang='lat' dir='ltr'>pro</span> <span class='ocrx_word' id='word_1_549' title='bbox 1894 1725 2066 1769; x_wconf 87' lang='lat' dir='ltr'>temporis</span> <span class='ocrx_word' id='word_1_550' title='bbox 2091 1738 2154 1770; x_wconf 89' lang='lat' dir='ltr'>op-</span> 
     </span>
     <span class='ocr_line' id='line_1_82' title="bbox 1150 1765 2154 1819; baseline 0.016 -24"><span class='ocrx_word' id='word_1_551' title='bbox 1150 1765 1371 1807; x_wconf 80' lang='lat' dir='ltr'>portunitate</span> <span class='ocrx_word' id='word_1_552' title='bbox 1383 1793 1392 1807; x_wconf 90' lang='lat'>‚</span> <span class='ocrx_word' id='word_1_553' title='bbox 1421 1767 1555 1802; x_wconf 88' lang='lat' dir='ltr'>amicos</span> <span class='ocrx_word' id='word_1_554' title='bbox 1574 1776 1636 1803; x_wconf 89' lang='lat' dir='ltr'>aut</span> <span class='ocrx_word' id='word_1_555' title='bbox 1650 1768 1770 1805; x_wconf 88' lang='lat' dir='ltr'>hostes</span> <span class='ocrx_word' id='word_1_556' title='bbox 1786 1784 1859 1806; x_wconf 91' lang='lat' dir='ltr'>esse</span> <span class='ocrx_word' id='word_1_557' title='bbox 1877 1776 2053 1819; x_wconf 86' lang='lat' dir='ltr'>congruit.</span> <span class='ocrx_word' id='word_1_558' title='bbox 2107 1776 2154 1810; x_wconf 87' lang='lat' dir='ltr'>Et</span> 
     </span>
     <span class='ocr_line' id='line_1_83' title="bbox 1149 1814 2153 1873; baseline 0.016 -26"><span class='ocrx_word' id='word_1_559' title='bbox 1149 1815 1252 1850; x_wconf 86' lang='lat' dir='ltr'>nobis</span> <span class='ocrx_word' id='word_1_560' title='bbox 1273 1814 1330 1849; x_wconf 91' lang='lat' dir='ltr'>hic</span> <span class='ocrx_word' id='word_1_561' title='bbox 1354 1820 1520 1862; x_wconf 88' lang='lat' dir='ltr'>prodest,</span> <span class='ocrx_word' id='word_1_562' title='bbox 1555 1833 1629 1854; x_wconf 91' lang='grc'><strong>11011</strong></span> <span class='ocrx_word' id='word_1_563' title='bbox 1654 1822 1840 1857; x_wconf 91' lang='lat' dir='ltr'>debilitare</span> <span class='ocrx_word' id='word_1_564' title='bbox 1866 1827 2065 1861; x_wconf 89' lang='lat' dir='ltr'>amicorum</span> <span class='ocrx_word' id='word_1_565' title='bbox 2088 1841 2153 1873; x_wconf 90' lang='lat' dir='ltr'>po-</span> 
     </span>
     <span class='ocr_line' id='line_1_84' title="bbox 1150 1867 2153 1918; baseline 0.015 -19"><span class='ocrx_word' id='word_1_566' title='bbox 1150 1867 1318 1909; x_wconf 86' lang='lat' dir='ltr'>tentiam,</span> <span class='ocrx_word' id='word_1_567' title='bbox 1347 1870 1406 1903; x_wconf 91' lang='lat' dir='ltr'>sed</span> <span class='ocrx_word' id='word_1_568' title='bbox 1425 1871 1624 1906; x_wconf 89' lang='lat' dir='ltr'>amicorum</span> <span class='ocrx_word' id='word_1_569' title='bbox 1642 1875 1802 1918; x_wconf 87' lang='lat' dir='ltr'>potentia</span> <span class='ocrx_word' id='word_1_570' title='bbox 1819 1874 1938 1912; x_wconf 91' lang='lat' dir='ltr'>hostes</span> <span class='ocrx_word' id='word_1_571' title='bbox 1954 1879 2153 1916; x_wconf 84' lang='lat' dir='ltr'>debilitare.</span> 
     </span>
     <span class='ocr_line' id='line_1_85' title="bbox 1148 1918 2152 1977; baseline 0.015 -26"><span class='ocrx_word' id='word_1_572' title='bbox 1148 1918 1250 1952; x_wconf 89' lang='lat' dir='ltr'>Hanc</span> <span class='ocrx_word' id='word_1_573' title='bbox 1271 1932 1345 1954; x_wconf 90' lang='lat' dir='ltr'>esse</span> <span class='ocrx_word' id='word_1_574' title='bbox 1368 1929 1529 1956; x_wconf 88' lang='lat' dir='ltr'>nostram</span> <span class='ocrx_word' id='word_1_575' title='bbox 1556 1932 1712 1958; x_wconf 87' lang='lat' dir='ltr'>mentem</span> <span class='ocrx_word' id='word_1_576' title='bbox 1738 1925 1822 1961; x_wconf 88' lang='lat' dir='ltr'>inde</span> <span class='ocrx_word' id='word_1_577' title='bbox 1848 1936 1966 1973; x_wconf 88' lang='lat' dir='ltr'>potest</span> <span class='ocrx_word' id='word_1_578' title='bbox 1988 1931 2152 1977; x_wconf 84' lang='lat' dir='ltr'>intelligi,</span> 
     </span>
     <span class='ocr_line' id='line_1_86' title="bbox 1148 1971 2152 2028; baseline 0.015 -24"><span class='ocrx_word' id='word_1_579' title='bbox 1148 1971 1232 2016; x_wconf 88' lang='lat' dir='ltr'>quia</span> <span class='ocrx_word' id='word_1_580' title='bbox 1258 1978 1292 2005; x_wconf 89' lang='lat' dir='ltr'>et</span> <span class='ocrx_word' id='word_1_581' title='bbox 1316 1972 1401 2006; x_wconf 86' lang='lat' dir='ltr'>alibi</span> <span class='ocrx_word' id='word_1_582' title='bbox 1426 1975 1530 2009; x_wconf 92' lang='lat' dir='ltr'>sociis</span> <span class='ocrx_word' id='word_1_583' title='bbox 1556 1977 1615 2009; x_wconf 90' lang='lat' dir='ltr'>illa</span> <span class='ocrx_word' id='word_1_584' title='bbox 1647 1977 1885 2022; x_wconf 85' lang='lat' dir='ltr'>imperamus,</span> <span class='ocrx_word' id='word_1_585' title='bbox 1925 1995 2017 2028; x_wconf 90' lang='lat' dir='ltr'>quae</span> <span class='ocrx_word' id='word_1_586' title='bbox 2046 1985 2152 2020; x_wconf 91' lang='lat' dir='ltr'>nobis</span> 
     </span>
     <span class='ocr_line' id='line_1_87' title="bbox 1147 2022 2151 2081; baseline 0.014 -25"><span class='ocrx_word' id='word_1_587' title='bbox 1147 2022 1250 2056; x_wconf 88' lang='lat' dir='ltr'>utilia</span> <span class='ocrx_word' id='word_1_588' title='bbox 1269 2031 1364 2059; x_wconf 90' lang='lat' dir='ltr'>sunt.</span> <span class='ocrx_word' id='word_1_589' title='bbox 1419 2024 1517 2061; x_wconf 89' lang='lat' dir='ltr'>Chiis</span> <span class='ocrx_word' id='word_1_590' title='bbox 1537 2034 1571 2061; x_wconf 87' lang='lat' dir='ltr'>et</span> <span class='ocrx_word' id='word_1_591' title='bbox 1588 2027 1725 2064; x_wconf 88' lang='lat' dir='ltr'>Lesbiis</span> <span class='ocrx_word' id='word_1_592' title='bbox 1747 2037 1886 2066; x_wconf 89' lang='lat' dir='ltr'>tantum</span> <span class='ocrx_word' id='word_1_593' title='bbox 1904 2046 2015 2069; x_wconf 74' lang='lat' dir='ltr'>naves</span> <span class='ocrx_word' id='word_1_594' title='bbox 2037 2036 2151 2081; x_wconf 87' lang='lat' dir='ltr'>impe-</span> 
     </span>
     <span class='ocr_line' id='line_1_88' title="bbox 1146 2076 2150 2124; baseline 0.015 -17"><span class='ocrx_word' id='word_1_595' title='bbox 1146 2086 1286 2114; x_wconf 85' lang='lat' dir='ltr'>ramus;</span> <span class='ocrx_word' id='word_1_596' title='bbox 1314 2076 1352 2109; x_wconf 88' lang='lat' dir='ltr'>in</span> <span class='ocrx_word' id='word_1_597' title='bbox 1370 2077 1448 2112; x_wconf 89' lang='lat' dir='ltr'>aliis</span> <span class='ocrx_word' id='word_1_598' title='bbox 1474 2080 1579 2113; x_wconf 87' lang='lat' dir='ltr'>rebus</span> <span class='ocrx_word' id='word_1_599' title='bbox 1606 2081 1809 2116; x_wconf 89' lang='lat' dir='ltr'>libertatem</span> <span class='ocrx_word' id='word_1_600' title='bbox 1835 2085 1884 2119; x_wconf 92' lang='lat' dir='ltr'>eis</span> <span class='ocrx_word' id='word_1_601' title='bbox 1909 2088 2150 2124; x_wconf 89' lang='lat' dir='ltr'>concedimus.</span> 
     </span>
     <span class='ocr_line' id='line_1_89' title="bbox 1145 2127 2150 2179; baseline 0.016 -21"><span class='ocrx_word' id='word_1_602' title='bbox 1145 2127 1200 2160; x_wconf 84' lang='lat' dir='ltr'>Ab</span> <span class='ocrx_word' id='word_1_603' title='bbox 1219 2127 1296 2162; x_wconf 91' lang='lat' dir='ltr'>aliis</span> <span class='ocrx_word' id='word_1_604' title='bbox 1313 2129 1436 2164; x_wconf 90' lang='lat' dir='ltr'>durius</span> <span class='ocrx_word' id='word_1_605' title='bbox 1452 2132 1641 2175; x_wconf 89' lang='lat' dir='ltr'>pecuniam</span> <span class='ocrx_word' id='word_1_606' title='bbox 1660 2135 1858 2179; x_wconf 81' lang='lat' dir='ltr'>poscimus3</span> <span class='ocrx_word' id='word_1_607' title='bbox 1887 2137 1948 2170; x_wconf 88' lang='lat' dir='ltr'>alii</span> <span class='ocrx_word' id='word_1_608' title='bbox 1964 2146 2046 2172; x_wconf 86' lang='lat' dir='ltr'>sunt</span> <span class='ocrx_word' id='word_1_609' title='bbox 2062 2141 2150 2174; x_wconf 85' lang='lat' dir='ltr'>socii</span> 
     </span>
     <span class='ocr_line' id='line_1_90' title="bbox 1148 2180 2149 2237; baseline 0.015 -26"><span class='ocrx_word' id='word_1_610' title='bbox 1148 2191 1293 2224; x_wconf 91' lang='lat' dir='ltr'>prorsus</span> <span class='ocrx_word' id='word_1_611' title='bbox 1311 2180 1387 2214; x_wconf 89' lang='lat' dir='ltr'>sine</span> <span class='ocrx_word' id='word_1_612' title='bbox 1404 2182 1477 2215; x_wconf 90' lang='lat' dir='ltr'>ullo</span> <span class='ocrx_word' id='word_1_613' title='bbox 1498 2196 1624 2226; x_wconf 85' lang='lat' dir='ltr'>onere,</span> <span class='ocrx_word' id='word_1_614' title='bbox 1654 2186 1737 2232; x_wconf 90' lang='lat' dir='ltr'>quia</span> <span class='ocrx_word' id='word_1_615' title='bbox 1763 2194 1886 2222; x_wconf 87' lang='lat' dir='ltr'>tenent</span> <span class='ocrx_word' id='word_1_616' title='bbox 1911 2190 1987 2223; x_wconf 91' lang='lat' dir='ltr'>loca</span> <span class='ocrx_word' id='word_1_617' title='bbox 2017 2204 2149 2237; x_wconf 90' lang='lat' dir='ltr'>oppor-</span> 
     </span>
     <span class='ocr_line' id='line_1_91' title="bbox 1145 2231 2148 2286; baseline 0.014 -22"><span class='ocrx_word' id='word_1_618' title='bbox 1145 2237 1232 2264; x_wconf 82' lang='lat' dir='ltr'>tuna</span> <span class='ocrx_word' id='word_1_619' title='bbox 1251 2231 1343 2265; x_wconf 91' lang='lat' dir='ltr'>circa</span> <span class='ocrx_word' id='word_1_620' title='bbox 1361 2233 1665 2279; x_wconf 90' lang='lat' dir='ltr'>Peloponnesum.</span> <span class='ocrx_word' id='word_1_621' title='bbox 1717 2237 1842 2286; x_wconf 90' lang='lat' dir='ltr'>Itaque</span> <span class='ocrx_word' id='word_1_622' title='bbox 1867 2249 2148 2278; x_wconf 87' lang='lat' dir='ltr'>consentaneum</span> 
     </span>
     <span class='ocr_line' id='line_1_92' title="bbox 1145 2281 2148 2333; baseline 0.015 -17"><span class='ocrx_word' id='word_1_623' title='bbox 1145 2290 1214 2323; x_wconf 89' lang='lat' dir='ltr'>est,</span> <span class='ocrx_word' id='word_1_624' title='bbox 1243 2283 1280 2316; x_wconf 92' lang='lat' dir='ltr'>in</span> <span class='ocrx_word' id='word_1_625' title='bbox 1297 2281 1370 2325; x_wconf 92' lang='lat' dir='ltr'>his,</span> <span class='ocrx_word' id='word_1_626' title='bbox 1398 2298 1490 2331; x_wconf 88' lang='lat' dir='ltr'>quae</span> <span class='ocrx_word' id='word_1_627' title='bbox 1508 2285 1566 2321; x_wconf 74' lang='grc'><strong>1110</strong></span> <span class='ocrx_word' id='word_1_628' title='bbox 1584 2289 1742 2333; x_wconf 85' lang='lat' dir='ltr'>agimus,</span> <span class='ocrx_word' id='word_1_629' title='bbox 1770 2291 1876 2324; x_wconf 88' lang='lat' dir='ltr'>etiam</span> <span class='ocrx_word' id='word_1_630' title='bbox 1899 2306 1965 2328; x_wconf 91' lang='lat' dir='ltr'>nos</span> <span class='ocrx_word' id='word_1_631' title='bbox 1984 2295 2148 2331; x_wconf 90' lang='lat' dir='ltr'>utilitatis</span> 
     </span>
     <span class='ocr_line' id='line_1_93' title="bbox 1145 2334 2145 2388; baseline 0.014 -21"><span class='ocrx_word' id='word_1_632' title='bbox 1145 2335 1323 2369; x_wconf 86' lang='lat' dir='ltr'>rationem</span> <span class='ocrx_word' id='word_1_633' title='bbox 1341 2334 1528 2372; x_wconf 86' lang='lat' dir='ltr'>habituros</span> <span class='ocrx_word' id='word_1_634' title='bbox 1547 2352 1641 2381; x_wconf 89' lang='lat' dir='ltr'>esse,</span> <span class='ocrx_word' id='word_1_635' title='bbox 1678 2348 1712 2375; x_wconf 88' lang='lat' dir='ltr'>et</span> <span class='ocrx_word' id='word_1_636' title='bbox 1736 2355 1827 2388; x_wconf 89' lang='lat' dir='ltr'>quae</span> <span class='ocrx_word' id='word_1_637' title='bbox 1855 2344 2026 2387; x_wconf 89' lang='lat' dir='ltr'>dicimus,</span> <span class='ocrx_word' id='word_1_638' title='bbox 2061 2348 2145 2382; x_wconf 88' lang='lat' dir='ltr'>iude</span> 
     </span>
     <span class='ocr_line' id='line_1_94' title="bbox 1146 2387 2145 2444; baseline 0.014 -25"><span class='ocrx_word' id='word_1_639' title='bbox 1146 2387 1332 2429; x_wconf 88' lang='lat' dir='ltr'>oriuntur,</span> <span class='ocrx_word' id='word_1_640' title='bbox 1361 2389 1443 2434; x_wconf 88' lang='lat' dir='ltr'>quia</span> <span class='ocrx_word' id='word_1_641' title='bbox 1455 2390 1698 2436; x_wconf 84' lang='lat' dir='ltr'>Syracusanos</span> <span class='ocrx_word' id='word_1_642' title='bbox 1715 2396 1919 2431; x_wconf 85' lang='lat' dir='ltr'>metuimus.</span> <span class='ocrx_word' id='word_1_643' title='bbox 1963 2396 2145 2444; x_wconf 88' lang='lat' dir='ltr'>Imperare</span> 
     </span>
     <span class='ocr_line' id='line_1_95' title="bbox 1145 2439 2145 2496; baseline 0.015 -25"><span class='ocrx_word' id='word_1_644' title='bbox 1145 2439 1241 2472; x_wconf 88' lang='lat' dir='ltr'>enim</span> <span class='ocrx_word' id='word_1_645' title='bbox 1258 2440 1358 2474; x_wconf 81' lang='lat' dir='ltr'>vobis</span> <span class='ocrx_word' id='word_1_646' title='bbox 1384 2448 1417 2474; x_wconf 89' lang='lat' dir='ltr'>et</span> <span class='ocrx_word' id='word_1_647' title='bbox 1442 2443 1508 2476; x_wconf 92' lang='lat' dir='ltr'>toti</span> <span class='ocrx_word' id='word_1_648' title='bbox 1527 2443 1668 2478; x_wconf 87' lang='lat' dir='ltr'>Siciliae</span> <span class='ocrx_word' id='word_1_649' title='bbox 1692 2453 1888 2488; x_wconf 88' lang='lat' dir='ltr'>conantur,</span> <span class='ocrx_word' id='word_1_650' title='bbox 1923 2461 2037 2496; x_wconf 91' lang='lat' dir='ltr'>eoque</span> <span class='ocrx_word' id='word_1_651' title='bbox 2061 2464 2145 2485; x_wconf 88' lang='lat' dir='ltr'>con-</span> 
     </span>
     <span class='ocr_line' id='line_1_96' title="bbox 1144 2491 2145 2544; baseline 0.012 -19"><span class='ocrx_word' id='word_1_652' title='bbox 1144 2491 1252 2525; x_wconf 87' lang='lat' dir='ltr'>citare</span> <span class='ocrx_word' id='word_1_653' title='bbox 1268 2504 1344 2533; x_wconf 91' lang='lat' dir='ltr'>vos,</span> <span class='ocrx_word' id='word_1_654' title='bbox 1367 2499 1406 2527; x_wconf 90' lang='lat' dir='ltr'>ut</span> <span class='ocrx_word' id='word_1_655' title='bbox 1423 2495 1515 2528; x_wconf 87' lang='lat' dir='ltr'>male</span> <span class='ocrx_word' id='word_1_656' title='bbox 1533 2496 1576 2529; x_wconf 91' lang='lat' dir='ltr'>de</span> <span class='ocrx_word' id='word_1_657' title='bbox 1592 2497 1694 2531; x_wconf 89' lang='lat' dir='ltr'>nobis</span> <span class='ocrx_word' id='word_1_658' title='bbox 1713 2499 1956 2544; x_wconf 89' lang='lat' dir='ltr'>suspicemini,</span> <span class='ocrx_word' id='word_1_659' title='bbox 1980 2509 2020 2535; x_wconf 90' lang='lat' dir='ltr'>ut</span> <span class='ocrx_word' id='word_1_660' title='bbox 2035 2503 2145 2537; x_wconf 90' lang='lat' dir='ltr'>disce-</span> 
     </span>
     <span class='ocr_line' id='line_1_97' title="bbox 1143 2544 2143 2591; baseline 0.014 -16"><span class='ocrx_word' id='word_1_661' title='bbox 1143 2545 1270 2578; x_wconf 90' lang='lat' dir='ltr'>damus</span> <span class='ocrx_word' id='word_1_662' title='bbox 1296 2556 1335 2577; x_wconf 88' lang='lat' dir='ltr'>re</span> <span class='ocrx_word' id='word_1_663' title='bbox 1357 2544 1486 2579; x_wconf 87' lang='lat' dir='ltr'>infecta</span> <span class='ocrx_word' id='word_1_664' title='bbox 1512 2560 1573 2581; x_wconf 87' lang='lat' dir='ltr'>seu</span> <span class='ocrx_word' id='word_1_665' title='bbox 1599 2549 1712 2582; x_wconf 89' lang='lat' dir='ltr'>coacti</span> <span class='ocrx_word' id='word_1_666' title='bbox 1736 2550 1790 2591; x_wconf 86' lang='lat' dir='ltr'>vi,</span> <span class='ocrx_word' id='word_1_667' title='bbox 1819 2564 1880 2586; x_wconf 90' lang='lat' dir='ltr'>seu</span> <span class='ocrx_word' id='word_1_668' title='bbox 1896 2554 2025 2587; x_wconf 87' lang='lat' dir='ltr'>deserti</span> <span class='ocrx_word' id='word_1_669' title='bbox 2043 2567 2061 2587; x_wconf 87' lang='lat' dir='ltr'>a</span> <span class='ocrx_word' id='word_1_670' title='bbox 2080 2568 2143 2589; x_wconf 84' lang='lat' dir='ltr'>vo-</span> 
     </span>
     <span class='ocr_line' id='line_1_98' title="bbox 1141 2595 2142 2652; baseline 0.013 -24"><span class='ocrx_word' id='word_1_671' title='bbox 1141 2595 1207 2630; x_wconf 90' lang='lat' dir='ltr'>bis.</span> <span class='ocrx_word' id='word_1_672' title='bbox 1278 2595 1503 2632; x_wconf 87' lang='lat' dir='ltr'>Obtinebunt</span> <span class='ocrx_word' id='word_1_673' title='bbox 1528 2606 1646 2634; x_wconf 90' lang='lat' dir='ltr'>autem</span> <span class='ocrx_word' id='word_1_674' title='bbox 1674 2600 1885 2647; x_wconf 89' lang='lat' dir='ltr'>imperium,</span> <span class='ocrx_word' id='word_1_675' title='bbox 1921 2605 1949 2638; x_wconf 92' lang='lat' dir='ltr'>si</span> <span class='ocrx_word' id='word_1_676' title='bbox 1973 2618 2036 2640; x_wconf 74' lang='lat' dir='ltr'>vos</span> <span class='ocrx_word' id='word_1_677' title='bbox 2057 2606 2142 2652; x_wconf 87' lang='lat' dir='ltr'>ipsis</span> 
     </span>
     <span class='ocr_line' id='line_1_99' title="bbox 1143 2648 2172 2698; baseline 0.012 -17"><span class='ocrx_word' id='word_1_678' title='bbox 1143 2648 1419 2690; x_wconf 80' lang='lat' dir='ltr'>coniunxeritis,</span> <span class='ocrx_word' id='word_1_679' title='bbox 1461 2651 1543 2697; x_wconf 89' lang='lat' dir='ltr'>quia</span> <span class='ocrx_word' id='word_1_680' title='bbox 1576 2664 1642 2687; x_wconf 92' lang='lat' dir='ltr'>nos</span> <span class='ocrx_word' id='word_1_681' title='bbox 1674 2655 1874 2698; x_wconf 89' lang='lat' dir='ltr'>potentiam</span> <span class='ocrx_word' id='word_1_682' title='bbox 1905 2663 2041 2690; x_wconf 84' lang='lat' dir='ltr'>tantam</span> <span class='ocrx_word' id='word_1_683' title='bbox 2066 2671 2172 2693; x_wconf 47' lang='lat' dir='ltr'>non‘</span> 
     </span>
     <span class='ocr_line' id='line_1_100' title="bbox 1141 2699 2141 2756; baseline 0.01 -22"><span class='ocrx_word' id='word_1_684' title='bbox 1141 2699 1372 2742; x_wconf 85' lang='lat' dir='ltr'>habebimus,</span> <span class='ocrx_word' id='word_1_685' title='bbox 1422 2715 1513 2748; x_wconf 89' lang='lat' dir='ltr'>quae</span> <span class='ocrx_word' id='word_1_686' title='bbox 1543 2716 1618 2737; x_wconf 92' lang='lat' dir='ltr'>non</span> <span class='ocrx_word' id='word_1_687' title='bbox 1651 2706 1763 2750; x_wconf 88' lang='lat' dir='ltr'>possit</span> <span class='ocrx_word' id='word_1_688' title='bbox 1798 2707 1974 2752; x_wconf 87' lang='lat' dir='ltr'>opprimi,</span> <span class='ocrx_word' id='word_1_689' title='bbox 2024 2722 2141 2756; x_wconf 85' lang='lat' dir='ltr'>neque</span> 
     </span>
     <span class='ocr_line' id='line_1_101' title="bbox 1141 2753 2142 2799; baseline 0.01 -12"><span class='ocrx_word' id='word_1_690' title='bbox 1141 2753 1192 2787; x_wconf 87' lang='lat' dir='ltr'>illi</span> <span class='ocrx_word' id='word_1_691' title='bbox 1208 2753 1357 2787; x_wconf 81' lang='lat' dir='ltr'>invalidi</span> <span class='ocrx_word' id='word_1_692' title='bbox 1377 2755 1546 2791; x_wconf 81' lang='lat' dir='ltr'>adversus</span> <span class='ocrx_word' id='word_1_693' title='bbox 1563 2769 1625 2791; x_wconf 77' lang='lat' dir='ltr'>vos</span> <span class='ocrx_word' id='word_1_694' title='bbox 1645 2764 1768 2799; x_wconf 85' lang='lat' dir='ltr'>crunt,</span> <span class='ocrx_word' id='word_1_695' title='bbox 1795 2759 1822 2793; x_wconf 90' lang='lat' dir='ltr'>si</span> <span class='ocrx_word' id='word_1_696' title='bbox 1839 2771 1905 2794; x_wconf 88' lang='lat' dir='ltr'>nos</span> <span class='ocrx_word' id='word_1_697' title='bbox 1929 2772 1947 2793; x_wconf 86' lang='lat' dir='ltr'>a</span> <span class='ocrx_word' id='word_1_698' title='bbox 1973 2762 2074 2796; x_wconf 88' lang='lat' dir='ltr'>vobis</span> <span class='ocrx_word' id='word_1_699' title='bbox 2090 2775 2142 2797; x_wconf 91' lang='lat' dir='ltr'>se-</span> 
     </span>
    </p>
   </div>
  </div>
 </body>
</html>
