2351 2990
155 110 253 145 1189

742 106 864 143 PHIL.
895 106 1007 142 MEL.
1044 106 1246 141 SCRIPTA
1278 107 1615 146 PHILOLOGICA.

2101 115 2201 152 1140

367 294 617 331 LYSIDIS
650 293 1098 330 PYTHAGORAEI
1131 295 1444 332 EPISTOLA
1479 296 1970 335 ADHIPPARCHUM

187 367 209 392 A
245 364 519 392 CHASPARE
560 363 879 392 CHURRERIO
915 363 939 391 E
973 364 1187 393 GRAECO
1221 365 1477 395 SERMONE
1511 367 1564 395 IN
1597 367 1845 398 LATINUM
1880 368 2170 400 TRADUCTA

746 424 1122 453 MELANTHONE
1157 425 1609 466 PRAECEPTOREl).

426 518 558 563 Lysis
593 516 876 564 Hipparcho,

150 582 407 647 Posteaquam
427 600 652 646 Pythagoras
668 600 856 636 hominum
875 603 946 635 sato
966 602 1151 636 defunctus

153 661 222 690 est,
264 665 491 698 nequaquam
528 653 564 685 in
588 653 748 687 animum
770 654 894 687 induxi
917 666 1035 687 meum
1062 655 1151 694 fore,

152 712 190 739 ut
207 704 397 737 familiaria
417 702 558 738 scholae.
575 712 719 738 nostrae
746 706 978 739 contubernia
1004 705 1151 750 dissipa-

152 762 288 790 rentur.
357 756 512 800 Quando
543 769 627 789 vero
661 763 804 800 praeter
838 770 935 801 spem
972 757 1077 790 simul
1111 769 1151 790 ac

151 807 314 850 naufragi
348 808 455 840 eiecta
492 807 620 841 alicubi
659 808 695 840 in
728 809 866 842 deserto
902 808 994 841 mari
1033 821 1150 841 merce

152 860 241 893 alius
258 859 328 891 alio
347 860 438 892 sorte
464 860 606 892 fortuna
633 860 806 900 traducti,
842 860 992 904 dispersi
1017 873 1150 900 sumus,

152 916 311 945 sanctum
335 911 443 943 fuerit
467 911 670 944 meminisse
695 911 788 944 illius
811 924 867 944 me
892 912 1049 945 rationes
1072 912 1149 956 pias

151 974 316 1007 prorsum
333 974 373 994 ae
389 962 539 996 divinas.
593 963 717 1008 Neque
738 975 822 996 vero
848 976 919 1008 quo
945 963 1148 996 communia

150 1014 278 1047 faciam
297 1014 479 1057 splendida
498 1014 693 1058 sapientiae
710 1015 802 1047 bona
825 1014 925 1061 iis²),
955 1015 1015 1060 qui
1033 1027 1149 1060 neque

151 1065 291 1099 somnio
311 1065 481 1098 defaecati
498 1072 580 1099 sunt
597 1065 735 1100 animis.
796 1066 878 1100 Non
903 1066 998 1099 enim
1023 1068 1075 1100 sas
1099 1073 1150 1100 est

151 1117 277 1162 cuique
296 1115 478 1161 porrigere
495 1117 621 1158 obvio,
657 1130 747 1162 quae
770 1124 870 1151 tanto
895 1118 1013 1151 studio
1039 1124 1150 1151 certa-

151 1169 215 1201 tim
241 1168 344 1201 bonis
366 1175 468 1212 parta
492 1175 585 1203 sunt.
652 1168 698 1201 Ut
724 1181 840 1215 neque
863 1170 1023 1214 profanis
1048 1182 1147 1204 sacra

148 1219 414 1253 Eleusiniorum
446 1220 585 1253 silentia
616 1220 845 1265 aperiuntur,
887 1234 999 1267 aeque
1034 1221 1148 1267 iniqui

150 1284 190 1304 ac
206 1271 306 1316 impii
324 1272 466 1317 utrique
485 1279 585 1312 sunt,
614 1272 675 1318 qui
690 1270 777 1305 haec
796 1273 1016 1307 commisere.
1071 1273 1149 1306 Ρ11-

149 1336 247 1356 11111111
266 1335 350 1356 vero
368 1324 537 1368 deputare
555 1324 672 1364 lubet,
700 1331 873 1369 quantum
893 1325 1044 1359 dimensi
1060 1331 1148 1357 tem-

148 1375 247 1419 poris
281 1375 462 1419 degimus,
507 1376 545 1408 111
581 1376 804 1419 detergendis
840 1377 1006 1416 maculis,
1056 1388 1147 1421 quae

148 1426 352 1470 pectoribus
386 1427 517 1461 nostris
552 1427 789 1461 inoleverant.
858 1427 953 1460 Dum
989 1427 1147 1472 quinque

149 1479 260 1510 exacti
293 1484 375 1512 sunt
411 1479 516 1519 anni,
554 1476 690 1512 habiles
719 1479 1008 1512 dissertationum
1038 1479 1147 1523 ipsius

148 1529 230 1562 sacti
247 1543 379 1563 sumus.
434 1530 483 1563 Ut
501 1530 595 1563 enim
622 1530 791 1563 tinctores
815 1536 895 1563 ante
923 1531 1038 1563 solent
1063 1543 1146 1574 pur-

149 1593 231 1625 gare
256 1582 383 1621 telam,
427 1594 534 1627 quam
564 1581 742 1621 inficiant,
785 1588 823 1615 ut
854 1582 1001 1614 minime
1032 1582 1146 1614 exole-

149 1639 300 1665 scentem
321 1634 431 1677 panni
450 1634 567 1666 sucum
586 1633 777 1672 imbibant,
807 1639 840 1665 et
864 1633 924 1678 qui
947 1646 1020 1665 non
1045 1633 1146 1665 facile

149 1684 343 1727 dispereat:
385 1685 432 1717 ita
459 1685 520 1723 vir}
542 1685 683 1718 divinus
706 1684 871 1717 instruxit
897 1682 1145 1729 philosophiae

149 1735 326 1775 initiatos,
375 1748 418 1768 ne
449 1736 554 1769 ullius
578 1748 657 1768 eum
683 1742 822 1779 sperata
847 1736 1010 1769 fallerent
1037 1737 1144 1770 110113.

147 1786 271 1831 Neque
298 1787 391 1819 enim
418 1787 636 1820 adulterinas
659 1787 865 1820 venditabat
881 1788 1057 1828 rationes,
1084 1801 1145 1821 ne-

147 1851 215 1883 que
234 1838 397 1883 laqueos,
427 1839 554 1884 quibus
570 1839 729 1884 plerique
748 1836 996 1883 Sophistarum
1022 1840 1143 1873 iuven-

147 1895 257 1922 tutem
291 1890 494 1930 innectunt,
539 1888 628 1922 nibil
654 1891 745 1934 frugi
772 1891 909 1924 causari
933 1891 1048 1931 soliti,
1083 1893 1143 1925 sed

146 1941 349 1974 divinarum
369 1940 680 1987 humanarumque
708 1955 827 1975 rerum
850 1942 1034 1975 scientiam
1058 1956 1143 1987 prae

145 2005 180 2025 se
205 1993 351 2027 ferebat.
416 1993 463 2026 At
485 1994 645 2039 plerique
671 2006 750 2027 cum
776 1992 937 2027 habitum
963 1996 1141 2040 quendam

146 2050 179 2076 et
202 2045 321 2077 fucum
347 2045 590 2078 doctrinarum
617 2043 843 2090 Pythagorae
868 2046 1042 2087 referant,
1082 2048 1143 2079 ad-

146 2095 309 2128 miranda
335 2098 509 2142 quaedam
534 2097 766 2140 pollicentur,
801 2098 999 2132 imbuentes
1025 2110 1141 2143 neque

145 2147 292 2186 decore,
320 2160 435 2193 neque
456 2155 494 2181 ut
515 2149 680 2181 convenit
699 2149 988 2183 adulescentiam.
1041 2148 1142 2182 Ideo-

145 2211 212 2243 que
230 2199 337 2232 duros
362 2212 400 2232 30
417 2200 640 2244 impudentes
666 2201 845 2234 auditores
872 2201 1005 2233 faciunt
1030 2201 1141 2234 turbi-

145 2250 197 2283 dis
214 2251 371 2284 moribus
387 2264 426 2283 ac
444 2252 624 2285 audaculis
641 2252 960 2296 contemplationes
978 2253 1141 2287 liberales

144 2301 341 2336 miscentes.
410 2303 458 2336 Ut
483 2303 576 2336 enim
603 2304 630 2337 si
661 2303 739 2349 quis
764 2304 799 2335 in
822 2310 968 2348 puteum
994 2305 1141 2348 profun-

180 2418 208 2449 1)
231 2422 301 2443 Haec
322 2421 510 2451 interpretatio
532 2422 556 2445 in
578 2422 626 2447 Ed.
644 2422 720 2445 1517.
740 2421 780 2445 510
800 2423 843 2445 est
869 2422 1019 2451 inscripta:
1050 2421 1140 2451 Lysi-

213 2454 254 2477 dis
271 2455 457 2484 Pythagoraei
471 2456 596 2486 Epistola
613 2457 647 2480 ad
663 2457 847 2485 Hipparchum
862 2462 878 2480 a
892 2457 1035 2486 Chaspare
1049 2456 1139 2480 011111·-

212 2489 285 2512 rerio
306 2496 320 2512 e
339 2496 438 2517 graeco
459 2497 585 2514 sermone
604 2491 631 2514 in
647 2491 759 2514 {atinum
774 2492 921 2519 traducta:
942 2492 968 2514 in
984 2491 1033 2514 Ed.
1047 2490 1137 2514 1522:

214 2524 325 2553 Lysidis
343 2524 463 2553 Epistola
482 2525 515 2547 ad
536 2525 734 2555 Hipparchum.
767 2532 783 2548 a
802 2526 942 2554 Chaspare
963 2525 1103 2549 Cauri-ero
1124 2532 1138 2548 e

214 2558 321 2581 Graeco
336 2564 462 2581 sermone
480 2559 506 2581 in
522 2560 647 2583 Latinum
667 2560 808 2585 traducta.
828 2560 1035 2583 Melan-emtione
1050 2559 1137 2582 Prae-

213 2595 333 2622 ceptore.
354 2606 387 2610 —-
424 2593 546 2616 Graecae
562 2594 695 2623 epistolae
715 2594 856 2624 inscriptio
876 2595 942 2618 haec
962 2597 1019 2618 est:
1045 2592 1136 2617 Λύσι-

213 2624 257 2653 δος
276 2627 470 2659 Πυθαγορείου
491 2625 619 2657 ἐπιστολή
639 2626 708 2660 πρός
722 2625 886 2661 Ἵππαρχον.

179 2678 208 2705 2)
230 2678 277 2706 iis]
298 2678 335 2702 sic
355 2679 403 2702 Ed.
420 2678 511 2709 1517.;
539 2679 588 2702 Ed.
608 2676 681 2703 1527.
701 2680 752 2703 1115.

1205 520 1290 553 dum
1317 520 1419 553 coeni
1447 521 1591 565 plenum
1622 520 1776 567 liquidas
1804 533 1844 555 ac
1868 534 1976 567 puras
1998 524 2112 557 undas
2135 523 2202 557 im-

1205 571 1359 611 miserit,
1404 572 1440 605 id
1463 573 1578 606 solum
1607 573 1739 612 effecit,
1771 579 1810 605 ut
1834 580 1868 605 et
1893 575 2098 608 turbaretur
2124 587 2203 608 coe—

1205 635 1312 663 num,
1356 629 1390 656 et
1415 636 1507 669 aqua
1532 624 1723 669 dispereat:
1766 624 1813 656 ita
1844 624 1987 659 illorum
2022 632 2073 660 est
2094 626 2201 668 ratio,

1204 674 1292 708 tales
1310 674 1394 707 talia
1417 676 1558 709 docent.
1622 675 1711 709 Sunt
1729 675 1822 708 enim
1840 675 1972 710 circum
1989 677 2203 721 praecordia

1204 726 1343 770 spelaea
1370 727 1439 759 alta
1465 727 1630 772 quidem,
1671 733 1705 760 et
1726 727 1925 772 frequentia
1954 740 2099 769 eorum,
2139 728 2202 774 qui

1205 790 1278 810 non
1294 784 1377 811 sunt
1394 779 1576 822 auspicato
1601 778 1743 812 initiati.
1804 778 1856 811 Ea
1885 792 2028 812 omnem
2055 780 2202 820 cultum,

1205 835 1237 861 et
1255 829 1429 874 quidquid
1448 828 1681 863 humanitatis
1699 842 1737 863 ac
1752 829 1902 864 rationis
1922 843 2034 876 capax
2052 837 2115 871 est,
2141 831 2204 864 ob-

1204 881 1384 914 umbrant.
1438 880 1648 926 Irruperunt
1667 881 1703 914 in
1720 879 1826 915 hosce
1847 882 1976 923 saltus,
2004 882 2121 916 omnis
2146 894 2206 926 ge-

1203 932 1298 966 neris
1328 932 1435 972 vitia,
1475 933 1689 978 depascendi
1721 945 1761 966 30
1793 934 1958 967 vastandi
1989 945 2113 974 causa,
2156 945 2203 966 ne

1204 984 1289 1028 quid
1323 985 1415 1017 sorte
1445 984 1713 1029 disciplinarum
1750 997 1789 1017 ae
1818 983 2014 1019 honestatis
2037 984 2203 1019 insideat.

1203 1035 1447 1069 Nominavero
1472 1031 1604 1070 matres
1628 1036 1818 1077 vitiorum,
1841 1035 2144 1070 Incontinentiam
2169 1042 2205 1069 01

1204 1086 1465 1131 Cupiditatem,
1493 1088 1635 1134 utrique
1651 1089 1763 1121 multa
1790 1089 1941 1122 soboles.
2003 1087 2056 1121 Ex
2078 1088 2204 1121 incon-

1203 1139 1351 1171 tinentia
1376 1146 1593 1184 propagata,
1635 1138 1808 1179 Incestus,
1842 1139 2024 1180 Ebrietas,
2060 1139 2205 1183 Stupra,

1202 1189 1385 1224 Libidines
1411 1197 1553 1235 praeter
1575 1198 1763 1231 naturam,
1789 1190 1865 1231 Ira,
1892 1191 2049 1224 Furores
2075 1191 2121 1223 ad
2146 1202 2205 1224 oc-

1204 1242 1379 1275 cidionem
1398 1256 1529 1288 usque,
1558 1255 1597 1275 ac
1609 1243 1640 1289 3)
1666 1242 1846 1289 0111001114)
1872 1243 2066 1286 adigentes.
2126 1240 2203 1275 Iam

1203 1294 1295 1326 enim
1315 1294 1502 1339 plerosque
1525 1294 1637 1326 libido
1664 1295 1753 1326 adeo
1778 1306 1909 1326 vesana
1936 1293 2204 1334 consceleravit,

1201 1351 1240 1377 ut
1273 1357 1389 1390 neque
1428 1345 1602 1379 matribus
1632 1357 1748 1390 neque
1780 1345 1919 1378 filiabus
1951 1344 2203 1385 abstinuerint,

1201 1396 1413 1442 violatisque
1446 1396 1582 1440 legibus
1616 1395 1771 1440 coegerit
1804 1395 1979 1439 patriam,
2022 1401 2202 1440 parentes,

1200 1447 1379 1492 principes
1399 1448 1527 1480 eiectos
1546 1448 1725 1492 imperiis,
1753 1453 1926 1492 tanquam
1954 1446 2134 1491 mancipia
2163 1447 2202 1480 in

1201 1505 1394 1532 extremam
1411 1499 1606 1543 perniciem
1625 1496 1833 1532 distrahere.
1895 1497 2092 1543 Cupiditati
2113 1496 2202 1532 haec

1200 1551 1317 1594 proles
1343 1557 1411 1590 est,
1448 1551 1614 1595 rapinae,
1649 1550 1864 1595 parricidia,
1899 1550 2106 1594 sacrilegia,
2140 1563 2200 1583 ve-

1200 1602 1344 1642 neficia,
1388 1608 1421 1635 et
1445 1614 1678 1648 quaecunque
1705 1600 1759 1636 his
1784 1608 1933 1646 cognata
1957 1608 2050 1636 sunt.
2119 1601 2199 1635 Pri-

1199 1667 1297 1687 mum
1315 1654 1434 1699 itaque
1452 1654 1600 1698 spelaeis
1617 1652 1710 1687 hisce
1730 1653 1889 1697 purgatis
1901 1680 1910 1694 ‚
1945 1654 2031 1687 tales
2057 1659 2200 1698 oportet

1200 1706 1344 1739 affectus
1375 1706 1449 1749 igni
1479 1706 1646 1751 ferroque
1679 1705 1902 1745 excidamus,
1939 1705 2109 1750 omnique
2136 1717 2200 1750 pa-

1198 1763 1279 1790 ratu
1298 1757 1437 1798 bellico,
1466 1758 1622 1802 erepturi
1640 1758 1737 1790 clade
1755 1763 1891 1790 mentes
1910 1763 2039 1790 natura
2058 1756 2200 1792 liberas.

1198 1809 1293 1842 Tum
1313 1809 1419 1843 inseri
1440 1809 1610 1854 quiddam
1627 1809 1737 1853 frugis
1755 1808 1913 1842 melioris
1932 1809 2047 1842 debet.
2100 1808 2198 1841 Haec

1198 1866 1235 1893 tu
1260 1858 1346 1894 heus
1369 1858 1592 1905 Hipparche,
1634 1873 1766 1905 magno
1792 1860 1910 1894 studio
1936 1861 2119 1906 quondam
2144 1859 2197 1892 di-

1197 1912 1332 1953 dicisti,
1361 1924 1476 1958 neque
1502 1912 1737 1959 custodiisti5)
1766 1919 1898 1945 tamen.
1951 1910 1984 1944 O
2002 1910 2198 1955 praeclare,

1196 1970 1428 2009 posteaquam
1447 1964 1555 1997 Siculi
1572 1964 1636 1997 tibi
1660 1965 1762 1997 luxus
1785 1962 1961 2007 degustati
1983 1968 2084 2002 sunt,
2119 1962 2198 2008 qui-

1196 2016 1260 2049 bus
1278 2015 1415 2048 devinci
1433 2022 1565 2049 temere
1582 2028 1655 2049 non
1673 2015 1843 2054 debebas,
1879 2014 1949 2046 iam
1974 2013 2080 2047 multi
2105 2026 2194 2058 quo-

1197 2079 1264 2112 que
1280 2067 1381 2101 ainnt
1395 2067 1527 2112 passim
1546 2074 1579 2100 te
1605 2073 1736 2101 secreta
1760 2065 1954 2110 sapientiae
1979 2065 2087 2109 vulgo
2111 2077 2196 2109 pro-

1196 2120 1299 2159 der,e
1338 2119 1372 2151 id
1409 2120 1506 2165 quod
1539 2119 1623 2152 citra
1649 2115 1874 2163 Pythzztgorie
1907 2115 2068 2151 instituta
2095 2115 2194 2157 facis,

1196 2171 1258 2216 (1111
1276 2171 1400 2215 hgatis
1425 2177 1502 2204 1051
1496 2177 1636 2203 111101110
1653 2170 1744 2202 D‘nn
1751 2168 1829 2216 306)
1855 2168 1946 2202 filiae
1974 2173 2194 2201 commenta-

1195 2222 1256 2255 riis
1274 2223 1344 2255 suis
1362 2235 1389 2255 0
1385 2223 1475 2263 1ν11,
1501 2235 1545 2255 110
1563 2222 1619 2255 0111
1638 2228 1732 2254 extra
1754 2220 1926 2253 similiani
1953 2220 2191 2253 traderentur.

1195 2274 1295 2318 Quos
1318 2286 1397 2307 cum
1422 2274 1480 2306 1113
1505 2274 1617 2307 11111110
1643 2272 1758 2316 pretio
1782 2272 1935 2305 vendere
1961 2277 2098 2316 posset,
2125 2282 2191 2303 no-

1194 2325 1275 2358 luit:
1306 2332 1550 2369 paupertatem
1575 2331 1608 2357 et
1624 2324 1734 2368 patris
1753 2330 1948 2356 extremam
1968 2322 2191 2355 voluntatem

1195 2389 1283 2409 auro
1320 2384 1394 2409 rata
1432 2376 1657 2421 pretiosiora.
1734 2375 1940 2420 Feruntque
1974 2374 2190 2407 morientem

1226 2513 1257 2542 3)
1278 2514 1324 2542 ac]
1343 2512 1384 2537 sic
1402 2512 1451 2537 Ed.
1473 2511 1548 2536 151⁷.
1567 2519 1601 2533 =
1619 2511 1687 2542 Lys.
1706 2509 1771 2541 καί;
1796 2509 1845 2534 Ed.
1862 2508 1938 2533 152⁷.
1956 2508 2000 2533 ad.

1225 2559 1256 2586 4)
1275 2557 1398 2585 crucem]
1416 2556 1442 2580 in
1463 2555 1580 2586 epistola
1599 2561 1640 2585 gr.
1661 2555 1762 2585 legitur
1781 2552 1912 2585 κρημνῶν
1930 2550 2132 2584 (praecipitia).

1224 2599 1254 2632 5)
1274 2599 1443 2627 custodiisti]
1474 2598 1515 2622 sic
1540 2599 1614 2622 recte
1638 2598 1688 2622 Ed.
1709 2596 1784 2621 1517.
1803 2605 1837 2618 =
1855 2597 1922 2628 Lys.
1948 2593 2095 2627 ἔτήρησαςῑ
2132 2594 2185 2622 Ed.

1260 2635 1336 2661 1527.
1355 2633 1509 2658 custodisti.

1223 2679 1254 2706 6)
1273 2679 1392 2707 Damae]
1411 2677 1439 2701 in
1457 2682 1499 2707 gr.
1520 2675 1639 2707 epistola
1656 2675 1760 2707 legitur
1779 2674 1883 2708 Δαμοῖ.
