2351 2990
187 129 264 165 675

195 215 310 254 tione,
336 220 374 247 ut
402 214 436 246 in
460 213 502 247 iis
528 214 708 258 partibus,
742 224 832 257 quae
857 211 1069 256 praecipuae
1094 217 1188 251 sunt,

197 273 230 299 et
248 278 335 311 quas
351 265 518 310 consequi
537 271 663 309 potest,
691 263 865 295 acerrimo
882 262 999 296 studio
1018 262 1187 296 elaboret.

197 316 259 350 Est
283 316 389 360 igitur
411 316 605 349 necessaria
639 314 793 358 primum
828 313 1001 357 generalis
1035 311 1188 346 imitatio

200 368 411 405 verborum,
439 365 598 411 phrasis,
624 377 662 397 ac
680 365 886 408 figurarum.
924 363 1063 397 Deinde
1081 364 1187 397 etiam

200 416 400 452 adhibenda
435 424 483 450 est
515 428 616 454 cura,
657 421 695 448 ut
722 415 917 448 sententiae
950 422 1030 459 apte
1062 413 1190 448 cobae-

201 476 322 508 reant,
349 481 411 501 nec
428 468 676 511 relinquantur
693 466 850 500 mutilae.
904 466 980 499 Hoc
1004 479 1082 499 cum
1111 466 1190 498 ‹lili-

202 527 324 565 genter
341 519 531 555 faciemus.
557 518 652 549 ultro
675 517 783 550 coibit
810 517 925 550 oratio
952 517 987 549 in
1012 517 1189 561 periodos.

202 572 318 616 Atque
335 569 420 603 baec
437 568 555 601 omnia
574 574 678 601 erunt
694 568 840 601 meliora
853 595 862 608 ,
890 568 917 601 si
935 568 969 600 in
983 568 1190 601 Ciceronem

203 623 380 655 intuentes
398 620 552 665 aliquam
582 619 656 652 eius
677 619 867 663 imaginem
895 620 1059 662 effingere
1085 631 1192 652 cona-

204 673 341 711 bimur,
383 683 423 703 ac
456 671 699 703 nuituabimur
724 671 829 703 etiam
856 671 899 703 ab
926 682 966 703 eo
992 671 1120 710 verba,
1159 676 1192 702 et

206 724 378 769 quasdam
395 721 577 754 sornmlas.
631 720 681 753 lbi
705 721 733 754 si
758 722 812 754 cui
836 734 909 754 non
935 727 1107 765 repugnet
1130 733 1193 753 na-

205 781 285 807 tura
297 800 306 814 ,
328 771 568 806 cohortandus
586 778 654 811 est,
675 778 714 805 ut
731 772 896 806 onmibus
914 773 1032 806 nervis
1048 772 1083 804 in
1101 770 1194 804 banc

206 825 442 858 imitationem
471 823 663 856 incumbat.
723 823 784 856 Sin
808 830 925 856 autem
952 823 1193 856 imbecillitate

206 883 355 910 naturae
372 876 416 908 ad
432 874 527 907 aliud
552 874 691 907 tenuius
716 874 887 908 orationis
911 887 1019 919 genus
1042 874 1194 913 ducitur,

207 934 327 960 tamen
350 927 408 959 illa
435 927 596 968 effingat,
632 937 722 970 quae
747 926 915 971 consequi
936 932 1066 969 potest.
1117 925 1197 958 Fiet

207 978 301 1011 enim
317 977 481 1015 uberior,
509 983 542 1009 et
559 976 781 1021 aequabilior
796 977 911 1009 oratio
929 976 1080 1009 lectione
1100 976 1197 1010 Cice-

208 1029 326 1068 ronis,
366 1041 472 1074 quam
503 1033 746 1067 caeterorum,
785 1034 823 1060 ut
847 1027 968 1061 Ovidii
990 1028 1094 1060 lectio
1118 1028 1197 1072 plus

210 1080 367 1113 attulerit
384 1080 580 1124 cuicunque
598 1078 744 1121 elegiam
764 1078 940 1122 scripturo
954 1105 962 1118 ,
998 1091 1106 1124 quam
1125 1079 1198 1111 Ho-

210 1132 305 1165 ratii.
369 1130 556 1163 Postremo
583 1127 669 1162 baec
692 1129 874 1173 diligentia
900 1130 1066 1163 conducit
1089 1130 1196 1163 etiam

210 1184 254 1215 ad
273 1181 512 1226 prudentiam,
535 1186 568 1213 et
586 1182 629 1213 ad
648 1181 804 1213 acuenda
825 1181 965 1215 iudicia.
1002 1181 1092 1215 Nam
1111 1179 1198 1214 haec

208 1233 418 1278 prudentiae
438 1231 583 1276 propria
600 1238 701 1271 sunt,
728 1238 829 1276 aptas
853 1232 1045 1266 sententias
1071 1232 1199 1276 eligere

210 1297 250 1317 ac
266 1285 473 1328 disponere,
498 1283 582 1315 item
602 1282 738 1322 videre,
768 1283 853 1328 quid
879 1296 950 1329 quo
976 1283 1013 1315 in
1037 1283 1115 1316 loco
1140 1284 1199 1316 de-

211 1342 307 1375 ceat,
336 1335 561 1368 considerare
579 1335 767 1367 verborum
787 1335 966 1378 pondera,
998 1340 1032 1367 et
1054 1334 1199 1367 urbani-

209 1393 317 1420 tatem
337 1392 370 1419 et
385 1391 604 1419 venustatem
623 1385 718 1418 illam
736 1385 950 1429 intelligere,
979 1398 1069 1431 qnae
1093 1391 1127 1418 et
1149 1385 1199 1416 vi-

211 1444 289 1477 tae,
317 1444 349 1471 ct
369 1436 541 1470 orationis
559 1435 837 1480 pulcherrimum
861 1443 911 1470 est
935 1442 1199 1469 ornamentum.

211 1489 351 1524 Nullius
367 1495 418 1522 est
432 1495 549 1522 autem
569 1488 684 1520 oratio
705 1487 897 1527 urbanior,
933 1500 1040 1532 quam
1060 1488 1199 1521 Cicero-

211 1540 276 1574 nis.
330 1541 385 1573 Ad
404 1537 490 1572 haec
507 1537 700 1583 plurimum
719 1539 922 1583 suppeditat
940 1539 1064 1572 Cicero
1089 1540 1200 1571 bona-

209 1604 289 1625 rum
324 1603 466 1631 rernm,
507 1601 658 1636 quarum
688 1590 844 1634 cognitio
866 1590 903 1622 in
931 1590 1031 1623 omni
1054 1590 1126 1623 vita
1150 1595 1202 1623 est

209 1642 409 1676 utilissima.

315 1700 344 1746 ἓ.
360 1703 420 1737 21.
449 1700 651 1749 Laborabit]
678 1701 713 1734 id
730 1707 792 1741 est,
820 1701 946 1734 modus
963 1700 1108 1746 quidam
1128 1712 1201 1734 esse

211 1754 334 1793 debet,
361 1760 400 1786 ut
417 1764 458 1785 eo
476 1765 585 1799 usque
608 1754 841 1797 perducatur,
869 1764 940 1797 quo
965 1758 1092 1785 natura
1119 1764 1199 1784 eum

211 1805 356 1850 perduci
373 1805 519 1848 patitur.

316 1863 345 1908 ξ.
364 1862 424 1899 25.
454 1865 541 1905 Quid
555 1869 667 1898 tamen
692 1859 840 1910 noceret]
869 1861 944 1906 Ego
972 1862 1110 1901 nescio,
1138 1874 1201 1894 na-

212 1923 289 1949 tura
309 1928 381 1948 non
400 1915 533 1959 patitur
549 1927 614 1948 nos
632 1915 826 1947 multorum
845 1926 917 1947 esse
936 1912 1079 1947 similes.
1123 1913 1201 1946 Cal-

211 1980 275 2001 vus
303 1974 336 2000 et
348 1966 464 2000 Pollio
489 1967 633 1999 suerunt
648 1964 896 2010 Propertiani‚
931 1971 972 1998 ut
997 1977 1200 2009 comparem

212 2024 334 2064 poetas
353 2024 387 2051 et
403 2024 576 2051 oratores.

315 2077 345 2123 ξ.
364 2078 424 2113 26.
454 2074 641 2123 Optimum]
668 2075 801 2110 scilicet
816 2075 853 2107 in
871 2075 987 2108 rebus.

316 2137 346 2182 ἓ.
364 2138 424 2174 27.
453 2139 545 2179 Quae
569 2139 619 2170 vis
639 2133 824 2182 probandi]
851 2134 945 2167 Haec
969 2133 1136 2166 dicuntur
1159 2134 1202 2166 de

213 2189 412 2223 imitatione
430 2201 570 2227 rerum,
606 2194 641 2220 et
666 2187 702 2219 in
727 2186 927 2219 imitatione
950 2197 1070 2218 rerum
1095 2184 1202 2217 etiam

214 2253 337 2275 omnes
353 2241 438 2274 boni
458 2246 540 2274 sunt
556 2238 732 2271 imitandi.

317 2309 402 2353 Cap.
419 2307 475 2341 Ill.
506 2305 536 2351 ἓ.
557 2307 590 2340 1.
627 2308 669 2339 Et
691 2306 771 2338 haec
794 2301 945 2350 quidem]
975 2303 1028 2336 De
1053 2303 1144 2348 stylo
1170 2310 1204 2336 et

214 2360 379 2393 exercitio
399 2358 587 2393 scribendi.
640 2356 818 2390 Utilitates
836 2355 969 2387 multae
993 2361 1093 2394 sunt,
1129 2367 1202 2387 non

214 2411 349 2449 solum,
376 2417 415 2444 ut
433 2410 547 2442 oratio
567 2408 612 2442 sit
627 2408 771 2452 purior,
803 2412 838 2438 et
862 2405 980 2439 minus
1003 2405 1203 2451 inquinata,

213 2467 254 2495 ut
271 2462 384 2494 oratio
402 2461 445 2494 sit
461 2461 582 2493 latina.
636 2459 733 2491 Haec
748 2463 801 2491 est
817 2468 946 2501 magna
964 2457 1116 2496 utilitas,
1142 2457 1202 2490 sed

215 2518 266 2546 est
282 2512 397 2545 maior
416 2512 494 2551 illa,
523 2512 617 2556 quod
638 2510 785 2554 praebet
808 2520 973 2552 magnam
1000 2519 1119 2541 rerum
1147 2520 1203 2540 co-

215 2563 429 2607 gnitionem,
471 2568 509 2595 ut
539 2574 719 2595 versemur
743 2560 835 2592 intra
862 2559 1032 2592 terminos
1057 2559 1202 2602 negotii.

215 2614 354 2647 Deinde
380 2613 461 2659 quia
487 2625 623 2646 necesse
650 2618 700 2645 est
721 2613 756 2644 in
780 2610 966 2644 scribendo
996 2609 1200 2643 discrimina

215 2677 447 2710 personarum
465 2663 572 2703 scire,
608 2663 711 2695 efficit
735 2662 945 2695 urbaniores
964 2662 997 2695 1.
1024 2667 1063 2694 ut
1086 2660 1201 2694 oratio

216 2717 261 2751 sit
276 2728 376 2761 pura.
404 2718 439 2750 2.
457 2714 608 2753 Omnia,
637 2726 726 2758 quac
744 2713 779 2745 in
796 2724 900 2746 causa
920 2719 1022 2753 sunt,
1050 2713 1203 2746 subeunt

767 127 888 161 PHlL.
924 125 1036 159 MEL.
1071 123 1273 159 SCRIPTA
1310 123 1646 159 PHILOLOGICA.

2158 124 2233 159 676

1240 211 1304 244 sub
1322 222 1471 243 acumen
1489 210 1582 255 styli.
1611 210 1646 243 3.
1667 209 1767 253 Opus
1786 214 1835 242 est
1851 208 2038 252 prudentia
2052 235 2061 248 ,
2088 215 2128 242 ut
2146 209 2235 243 scia-

1241 273 1331 301 mus,
1357 260 1442 306 quid
1461 262 1583 294 deceat
1600 261 1637 293 in
1656 260 1813 306 qualibet
1829 271 1994 303 persona.
2032 259 2132 293 Hanc
2148 272 2232 305 pru—

1241 312 1399 345 dentiam
1418 318 1451 345 et
1467 312 1707 345 urbanitatem
1725 312 1924 344 conformat
1942 316 1976 343 et
1996 311 2058 344 alit
2074 311 2232 355 scriptio.

1241 362 1304 397 Est
1320 363 1414 395 enirn
1431 363 1614 396 urbanitas
1630 362 1784 405 gravitas
1807 374 1885 395 cum
1913 361 2086 395 suavitate
2111 362 2234 396 mixta.

1244 414 1280 448 4.
1300 413 1511 447 Communis
1527 413 1714 457 prudentia
1731 412 1945 446 observandi
1970 413 2089 445 decori
2115 413 2234 446 alitur.

1243 464 1278 499 5.
1302 464 1417 497 Multo
1435 464 1571 498 acutius
1589 464 1710 497 vident
1736 464 1772 496 in
1797 463 1994 496 iudicandis
2017 464 2156 508 scriptis
2181 476 2235 498 sa·-

1244 515 1311 549 cris
1330 521 1364 548 et
1381 514 1551 558 profanis.
1590 515 1686 548 Haec
1702 515 1764 548 etsi
1780 515 1968 548 videantur
1987 515 2089 555 levia,
2115 521 2235 548 tamen

1244 579 1327 600 usus
1346 567 1525 606 ostendet,
1553 572 1724 610 quantum
1743 565 1855 609 prosit
1871 563 1956 598 baec
1976 566 2179 599 exercitatio
2198 566 2236 599 in

1246 616 1345 650 omni
1361 616 1445 650 vita.
1516 614 1685 663 Auxilia]
1713 616 1747 649 id
1766 623 1833 656 est,
1860 616 2092 664 imitationis,
2120 629 2236 650 exem-

1244 669 1386 713 plorum
1403 667 1575 701 lectionis.
1627 666 1789 700 Lectioni
1805 667 1986 711 proximus
2005 674 2055 701 est
2071 669 2193 713 stylus.

1348 734 1379 779 ξ.
1397 738 1432 771 2.
1459 737 1683 770 scribendum
1701 732 1798 782 eryo]
1816 734 1978 768 Primum
1996 742 2235 781 praeceptum.

1249 787 1477 831 Conscientia]
1514 786 1550 819 id
1571 792 1643 826 est,
1677 785 1776 831 styli,
1810 785 1878 818 nisi
1904 785 1950 819 sis
1975 786 2039 818 tibi
2064 786 2236 828 conscius,

1248 838 1346 883 qnod
1368 838 1486 871 valeas
1508 837 1544 870 in
1565 837 1765 871 scribendo.
1824 834 2082 870 Demosthenes
2104 837 2235 877 librum

1249 889 1477 922 exordiorum
1503 888 1642 933 scripsit
1670 888 1803 922 otiosus
1830 887 2014 921 exercendi
2035 887 2090 921 sui
2114 887 2239 932 gratia.

1248 938 1295 972 Et
1305 940 1428 973 Cicero
1444 937 1569 973 habuit
1586 939 1714 972 librum
1733 939 2001 983 prooemiorum
2012 938 2077 984 ⁶⁹),
2106 951 2146 972 ex
2162 939 2240 984 qui-

1249 991 1314 1024 bus
1332 991 1527 1035 depromsit
1544 990 1801 1035 praefationes,
1836 1003 1913 1023 cum
1939 1002 2013 1023 non
2039 990 2152 1023 otium
2173 990 2240 1023 suit

1251 1042 1382 1076 diutius
1399 1041 1565 1085 cogitare.
1614 1041 1821 1075 Aristoteles
1837 1041 1921 1074 dicit
1936 1047 2058 1086 poetas
2074 1040 2241 1086 amplecti

1251 1105 1332 1127 suos
1356 1105 1496 1133 versus,
1523 1105 1584 1126 sua
1609 1105 1737 1136 opera,
1771 1099 1942 1137 tanquam
1968 1098 2132 1136 parentes
2152 1092 2240 1125 libe—

1252 1157 1322 1178 ros.
1374 1143 1420 1176 Et
1437 1142 1504 1176 hoc
1519 1156 1593 1176 non
1609 1149 1746 1176 tantum
1764 1144 1806 1175 de
1823 1144 1955 1187 poetis,
1991 1144 2050 1176 sed
2070 1143 2176 1176 etiam
2195 1143 2238 1177 de

1253 1195 1418 1228 omnibus
1451 1195 1581 1240 stylum
1613 1194 1874 1234 exercentibus,
1908 1199 1970 1227 aut
1995 1194 2240 1230 scribentibus.

1251 1246 1364 1279 Valde
1384 1246 1477 1278 enim
1496 1246 1713 1279 delectamur
1735 1246 1795 1285 iis,
1832 1257 1922 1290 quae
1947 1245 2013 1289 ipsi
2035 1245 2241 1290 scripsimus

1252 1298 1370 1341 primo
1394 1298 1549 1341 impetu,
1591 1303 1822 1341 posteaquam
1849 1296 1985 1328 refrixit
2006 1296 2160 1340 impetus
2182 1296 2241 1330 ille

1253 1354 1287 1380 et
1314 1348 1428 1388 calor,
1472 1354 1555 1380 tunc
1584 1347 1742 1380 iudicant
1776 1348 1818 1379 de
1842 1347 1913 1380 suis
1938 1347 2105 1391 operibus
2128 1348 2242 1381 multo

1253 1398 1450 1439 morosius,
1477 1411 1583 1444 quam
1603 1398 1743 1431 caeteri.
1796 1397 2062 1439 H01·atius⁸⁹³):

1295 1459 1392 1496 Saepe
1414 1464 1500 1496 caput
1523 1458 1672 1493 scaberet,
1702 1457 1782 1484 vivos
1804 1462 1834 1484 et
1855 1456 1973 1485 roderet
1995 1465 2118 1494 ungues,

1295 1509 1394 1547 Saepe
1417 1509 1524 1545 stylum
1545 1514 1658 1545 vertas,
1680 1508 1805 1545 iterum,
1827 1515 1903 1546 quae
1926 1507 2013 1545 digna
2034 1508 2093 1545 legi
2114 1506 2246 1547 sunt'10),

1295 1561 1480 1600 Scripturu53
1511 1569 1623 1598 neque,
1654 1564 1684 1588 te
1706 1565 1738 1588 ut
1761 1559 1884 1587 miretur
1907 1559 2006 1596 turba,
2034 1559 2160 1588 labores.

1254 1612 1294 1646 In
1313 1619 1387 1645 arte
1404 1611 1618 1658 poetica⁷¹):

1295 1671 1456 1710 Pompilius
1477 1671 1593 1708 sanguis
1616 1677 1732 1698 carmen
1760 1667 2022 1709 repraendite⁷2)‚
2044 1669 2122 1708 quod
2143 1679 2201 1698 nou

1297 1724 1395 1752 Multa
1415 1723 1494 1760 dies,
1524 1729 1553 1750 et
1576 1722 1668 1749 multa
1690 1721 1777 1748 litura
1799 1721 1943 1757 coercuit,
1972 1726 2061 1759 atque

1297 1774 1465 1803 Perfectum
1478 1771 1524 1809 ⁷³)
1547 1772 1644 1800 decies
1666 1781 1723 1799 non
1748 1771 1899 1809 castigavit
1922 1771 1958 1799 ad
1981 1781 2120 1810 unguem.

1255 1827 1403 1871 Semper
1422 1826 1527 1858 debet
1542 1836 1615 1858 esse
1636 1823 1740 1856 nobis
1762 1829 1923 1867 suspecta
1948 1823 2057 1856 nimia
2082 1824 2244 1859 facilitas.

1254 1878 1395 1911 Livius:
1426 1876 1596 1910 Celeritas
1613 1881 1665 1908 est
1682 1874 1825 1906 inimica
1846 1873 2011 1907 consiliis.

1359 1944 1389 1990 ᾖ.
1408 1946 1443 1979 3.
1474 1947 1573 1979 Vires
1585 1940 1773 1989 faciamus]
1800 1941 1836 1974 id
1851 1948 1921 1981 est,
1948 1954 2207 1986 comparemus.

1359 2012 1389 2058 ξ.
1408 2013 1466 2047 10.
1495 2014 1609 2058 Neque
1623 2014 1711 2045 em'm
1727 2007 1868 2056 rursus]
1895 2009 1947 2042 De
1967 2011 2074 2043 modo
2099 2010 2247 2056 castiga-

1256 2065 1383 2104 tionis,
1425 2060 1593 2108 δεύτεραι
1627 2058 1823 2109 φροντίδες
1853 2057 2072 2106 σοφώτεραι.
2137 2061 2246 2098 Ducis

1257 2117 1430 2151 Saxoniae
1462 2114 1633 2148 Friderici
1666 2113 1863 2146 celebratur
1898 2112 2052 2145 studium
2089 2112 2126 2145 in
2162 2114 2247 2148 scri-

1257 2169 1373 2202 bendo
1391 2173 1425 2199 et
1441 2166 1669 2210 corrigendo,
1701 2176 1804 2207 saepe
1831 2169 1949 2195 tamen
1974 2164 2080 2197 rediit
2104 2165 2148 2198 ad
2174 2166 2245 2210 pri-

1257 2232 1351 2252 mam
1383 2217 1624 2262 scriptionem.
1692 2214 1740 2247 lta
1768 2214 1831 2247 ctsi
1855 2220 1931 2252 erat
1954 2227 2118 2249 morosus
2140 2217 2182 2249 de
2208 2228 2245 2251 se

1258 2271 1381 2310 iudex,
1410 2277 1528 2302 tamen
1545 2269 1686 2300 demum
1706 2266 1840 2310 aliquid
1860 2266 2093 2310 approbabat.

1292 2403 1339 2430 69)
1356 2401 1574 2432 prooemiorum]
1594 2399 1642 2423 Ed.
1663 2397 1736 2423 ¹570.
1757 2404 1852 2423 errore
1872 2400 1998 2430 typogr.:
2025 2400 2217 2430 proemiorum.

1292 2454 1360 2481 ⁶9²)
1380 2453 1476 2476 Horat.
1496 2454 1585 2475 serm.
1608 2450 1628 2479 1,
1652 2450 1693 2481 ¹0,
1712 2449 1835 2473 ⁷1-73.

1291 2505 1339 2532 70)
1359 2503 1438 2531 sunt]
1457 2502 1497 2526 sie
1514 2502 1563 2525 Ed.
1576 2499 1666 2530 1570.;
1686 2499 1781 2524 norat.
1797 2498 1883 2522 Editt.
1903 2498 2007 2531 flenti„
2026 2499 2156 2530 noering.
2176 2500 2241 2525 sint.

1290 2556 1339 2583 ⁷1]
1361 2555 1458 2578 Horat.
1474 2558 1524 2577 ars
1542 2554 1612 2583 poet.
1631 2549 1789 2576 292—294.

1289 2607 1336 2638 72)
1361 2604 1550 2635 repraendite]
1571 2603 1611 2626 sic
1630 2602 1677 2626 Ed.
1701 2600 1791 2632 157o.;
1817 2600 1912 2625 norat.
1932 2600 2013 2624 Editt.
2030 2600 2138 2631 Bentl„
2157 2600 2241 2626 Doer.

1325 2639 1526 2671 reprehendite.

1288 2690 1337 2721 ⁷³)
1354 2690 1526 2717 Perfectum]
1555 2687 1595 2711 sic
1613 2687 1662 2711 Ed.
1685 2685 1775 2716 1570.;
1810 2685 1908 2708 »uorat
1928 2683 2011 2707 Editt.
2029 2684 2135 2715 Barth,
2159 2684 2243 2709 Doer.

1323 2726 1508 2749 Praesectum.

2340 1411 2346 1457 l>

2338 1480 2351 1677 ‘'2“42—33
