2351 2990
65 119 140 158 825

63 205 249 241 Munichia
283 206 392 245 sedit,
426 205 545 239 nullus
580 216 598 237 a
625 204 813 239 classiariis
835 205 973 239 vinctus
1000 211 1064 246 est,

69 259 220 304 quinon
234 257 341 291 fuerit
357 257 513 296 solutus,
548 256 645 290 nulla
671 257 827 290 triremis
848 258 935 291 soris
962 264 1063 302 capta

68 311 194 354 periit,
220 321 338 354 neque
355 306 412 341 hic
427 308 549 342 relicta
568 314 639 347 est,
666 315 857 353 propterea
876 311 971 354 quod
990 321 1065 341 non

65 361 237 395 instructa
272 366 362 394 esset
394 361 438 392 ad
480 360 691 393 solvendum
732 367 890 404 portum.
959 360 1063 393 Talia

67 412 177 446 multa
199 411 423 451 acciderunt,
451 423 530 444 cum
552 410 690 455 priores
707 412 800 455 leges
817 418 952 452 essent,
981 411 1062 457 quia

68 475 243 508 pauperes
258 475 302 496 ne
320 468 486 506 poterant
503 463 647 507 quidem
675 461 763 496 haec
786 475 935 496 munera
962 462 1064 496 susti-

66 527 165 549 nere.
219 515 308 548 Cum
330 513 438 557 igitur
461 514 504 546 ab
526 512 581 548 his
607 514 652 547 ad
679 515 868 559 opulentos
891 514 1063 547 translata

67 572 200 606 essent,
250 565 376 599 ordine
418 565 552 598 fiebant
593 566 791 600 necessaria
833 565 1063 610 reipublicae.

66 617 168 650 Hanc
184 617 293 661 igitur
312 617 357 649 ob
385 628 527 650 causam
551 617 656 650 laude
685 617 812 661 dignus
834 629 933 657 sum,
967 617 1064 662 quod

67 668 151 701 talia
179 668 320 712 negotia
347 668 383 700 in
407 668 588 712 republica
613 669 770 713 suscepi,
809 681 899 713 quae
929 667 1064 700 civitati

67 720 222 763 gloriosa
252 720 417 759 suerunt,
451 725 485 752 et
516 720 715 764 potentiam
746 725 932 753 auxerunt.
992 718 1065 752 Nec

66 771 134 804 fuit
149 771 260 804 ullum
277 783 396 803 meum
415 771 601 804 consilium
630 772 666 803 in
692 771 872 816 republica
899 769 1065 814 impium,

67 823 233 856 acerbum
248 848 257 861 ,
286 822 523 861 virulentum,
550 820 685 855 humile
705 829 739 855 et
763 821 950 865 indignum
981 820 1065 853 civi-

67 880 151 907 tate.
210 872 364 918 Fuitque
397 873 563 907 voluntas
594 874 716 906 eadem
751 873 788 905 in
818 872 971 916 negotiis
1001 884 1066 904 no-

67 931 162 959 strae
193 924 365 964 civitatis,
405 930 439 957 et
471 923 508 956 in
532 925 662 957 tuenda
687 925 850 957 libertate
876 923 1064 957 universae

65 975 250 1011 Graeciae.
301 974 392 1009 Nam
419 987 484 1008 nec
506 975 604 1008 domi
626 975 738 1019 pluris
761 975 826 1008 feci
850 974 1066 1008 benevolen-

67 1026 154 1060 tiam
171 1025 389 1070 locupletum
407 1038 514 1071 quam
539 1026 730 1067 iustitiam,
765 1039 830 1060 nec
854 1026 891 1059 in
914 1025 1066 1069 negotiis

68 1076 240 1112 Graeciae
257 1077 353 1121 regia
372 1077 467 1110 dona
486 1078 598 1122 magis
625 1077 799 1122 expetivi,
837 1089 945 1123 quam
970 1089 1066 1110 com-

64 1141 210 1163 munem
227 1128 388 1162 omnium
407 1129 570 1163 salutem.
630 1129 734 1163 Nunc
756 1128 865 1173 igitur
886 1128 1064 1174 reliquum

67 1186 138 1220 est,
176 1186 217 1213 ut
238 1180 281 1212 de
305 1180 500 1223 praeconio
524 1187 557 1213 et
580 1181 623 1213 de
647 1180 841 1213 referendis
865 1180 1066 1213 rationibus

65 1231 194 1265 dicam.
248 1230 355 1275 Quod
373 1231 466 1264 enim
488 1231 622 1275 optima
647 1231 778 1275 egerim
792 1257 800 1271 ‚
836 1237 870 1263 et
892 1237 1064 1275 perpetua

65 1282 111 1317 sit
126 1293 202 1315 mea
223 1293 304 1325 erga
324 1293 387 1314 vos
407 1282 657 1315 benevolentia
681 1288 714 1315 et
736 1282 982 1315 benefaciendi
1004 1294 1066 1313 vo-

64 1335 202 1373 luntas,
231 1345 273 1365 ex
289 1330 363 1373 his,
392 1345 483 1378 quae
500 1334 591 1366 dicta
611 1339 713 1372 sunt,
742 1338 903 1377 apparet.
958 1333 1066 1365 Prae-

67 1385 209 1430 cipuam
246 1395 331 1416 vero
366 1391 507 1428 partem
550 1397 712 1418 meorum
757 1383 989 1417 consiliorum
1032 1388 1068 1415 et

68 1435 251 1469 actionum
268 1446 452 1479 seponam.
505 1435 610 1470 Prius
627 1436 721 1468 enim
745 1435 870 1468 ordine
894 1436 937 1468 de
964 1446 1065 1467 accu-

67 1487 206 1521 satione
223 1487 514 1530 respondendum
531 1493 600 1525 est;
629 1487 757 1520 deinde
775 1486 914 1520 etiamsi
928 1487 970 1519 de
988 1497 1066 1518 cae-

65 1537 151 1572 teris
174 1549 250 1571 non
276 1537 420 1577 dixero,
463 1544 601 1572 vestrae
631 1538 866 1572 conscientiae
894 1538 1065 1571 iudicium

64 1601 121 1623 me
141 1588 225 1623 satis
243 1589 433 1623 excusabit.
493 1588 668 1623 Existimo
696 1596 814 1623 autem
836 1602 900 1623 nec
926 1602 989 1623 vos
1012 1600 1065 1622 sa-

66 1641 111 1675 tis
126 1640 338 1674 intellexisse
354 1652 549 1681 sermones,
577 1654 667 1687 quos
686 1653 824 1675 sursum
841 1653 881 1674 ac
898 1642 1064 1674 deorsum

67 1691 229 1725 confudit
250 1692 293 1724 de
317 1691 454 1736 legibus
480 1704 668 1737 perperam
694 1692 852 1737 scriptis,
895 1705 959 1736 ego
989 1691 1065 1737 qui-

68 1744 148 1777 dem
169 1754 299 1787 magna
322 1755 363 1776 ex
387 1748 489 1787 parte
514 1755 588 1776 non
611 1744 778 1777 intellexi.
849 1743 1067 1788 Simpliciter

68 1801 187 1828 autem
221 1800 255 1827 et
285 1800 382 1826 recta
409 1793 465 1825 via
488 1795 533 1827 ad
560 1795 820 1828 accusationem
847 1795 1065 1839 respondeo:

66 1845 226 1879 Tantum
244 1845 361 1885 abest,
389 1851 428 1878 ut
444 1844 560 1878 dicam
588 1858 645 1879 me
669 1858 742 1878 non
768 1846 896 1878 debere
918 1846 1066 1878 reddere

66 1897 242 1937 rationes,
272 1898 368 1942 quod
392 1896 456 1930 iste
480 1908 576 1930 nune
601 1909 705 1941 saepe
730 1909 786 1930 me
810 1897 976 1941 defugere
1001 1897 1066 1929 cri-

68 1948 249 1988 minatur,
290 1954 329 1980 ut
360 1949 534 1981 affirmem
558 1960 696 1993 semper
720 1960 777 1981 me
801 1961 874 1981 esse
899 1955 1065 1992 paratum

68 1999 227 2033 rationes
245 1999 406 2032 omnium
425 2000 594 2040 reddere,
631 2012 721 2045 quae
746 1999 782 2032 in
809 2006 884 2032 tota
909 2000 981 2033 vita
1006 2000 1066 2032 ad-

68 2050 271 2084 ministravi
289 2056 349 2084 aut
366 2051 467 2094 gessi.
521 2051 557 2084 Si
577 2051 662 2097 quid
679 2063 764 2084 vero
781 2057 906 2095 sponte
924 2063 964 2084 ex
979 2051 1066 2084 meis

67 2101 295 2135 facultatibus
310 2102 443 2134 donavi
460 2103 617 2147 populo,
645 2103 688 2135 de
709 2115 750 2136 eo
770 2102 884 2136 sentio
910 2115 967 2135 me
992 2115 1065 2135 non

70 2153 199 2186 debere
218 2153 396 2186 rationem
414 2153 580 2199 cuiquam
599 2155 769 2194 reddere,
798 2166 861 2187 nec
887 2154 965 2187 aliis
990 2153 1066 2199 qui-

67 2205 168 2245 dem,
201 2216 266 2237 nec
289 2204 319 2238 si
343 2204 451 2237 fuerit
476 2218 568 2239 unus
595 2218 636 2238 ex
661 2218 790 2239 novem
816 2205 913 2239 viris.
965 2205 1066 2250 Quae

69 2255 164 2289 enim
183 2262 234 2289 est
249 2253 335 2289 haec
353 2262 426 2288 tam
444 2255 572 2290 iniusta
595 2263 628 2290 et
644 2255 840 2290 inhumana
865 2257 919 2289 lex
931 2283 940 2296 ,
976 2269 1066 2302 quae

68 2308 214 2341 dantem
239 2307 436 2341 liberaliter
459 2319 533 2340 non
556 2309 670 2342 solum
696 2308 808 2353 gratia
835 2308 971 2352 privet,
1006 2308 1066 2342 sed

65 2358 172 2392 etiam
195 2357 424 2404 sycophantis
450 2359 614 2400 obiiciat,
644 2367 677 2394 et
693 2366 795 2404 cogat
820 2361 862 2393 de
889 2360 986 2393 dono
1010 2371 1067 2392 ra-

70 2409 207 2443 tionem
230 2409 404 2443 reddere?
464 2410 563 2445 Talis
587 2412 684 2445 nulla
710 2418 782 2451 est,
818 2417 879 2445 aut
904 2412 933 2445 si
957 2423 1064 2456 quam

69 2461 305 2502 monstrabit,
334 2461 511 2508 quiescam
533 2469 566 2495 et
583 2463 706 2496 tacebo
720 2490 728 2504 ‚
764 2464 824 2496 sed
841 2462 978 2496 nullam
994 2474 1066 2496 esse

68 2513 296 2558 perspicuum
315 2520 378 2547 est.
430 2513 478 2546 At
494 2513 628 2554 obiicit,
655 2527 733 2549 cum
752 2521 827 2548 tum
846 2527 863 2547 a
884 2513 1064 2558 republica

70 2562 161 2597 mihi
178 2565 267 2598 aliae
284 2565 485 2599 curationes
501 2566 691 2599 mandatae
713 2566 865 2606 suerint,
902 2566 998 2611 quod
1024 2566 1066 2598 de

70 2616 221 2661 pecunia
248 2614 475 2650 theatralium
508 2628 582 2650 non
604 2617 671 2650 fuit
696 2617 855 2651 laudatio
879 2617 1064 2651 scribenda

70 2674 153 2701 ante
171 2668 301 2702 relatas
315 2667 486 2702 rationes.
537 2667 649 2701 Plana
665 2669 851 2713 responsio
868 2675 931 2702 est.
973 2667 1066 2701 Lau-

67 2719 171 2753 datus
196 2732 273 2753 sum
297 2726 447 2765 propter
472 2720 607 2753 donum
631 2720 847 2765 reipublicae
870 2719 1066 2753 liberaliter

304 118 444 153 XXXV.
482 117 885 153 INTERPRETATIO
913 117 1176 154 ORATIONIS
1202 119 1546 156 DEMOSTHEMS
1572 120 1635 154 DE
1665 121 1875 157 CORONA.

2040 124 2114 160 826

1118 207 1241 240 datum
1253 234 1262 247 ,
1289 220 1364 240 non
1382 214 1531 252 propter
1549 207 1751 242 curationes
1763 235 1771 247 ,
1799 211 1841 242 de
1860 210 1987 255 quibus
2004 209 2114 242 ratio-

1117 270 1179 292 nes
1196 259 1402 292 referendae
1421 267 1533 293 erant.
1587 259 1653 292 Sed
1671 260 1874 303 praefuisti,
1903 261 2032 306 inquit,
2059 273 2114 294 re-

1117 310 1261 343 fectioni
1279 310 1492 344 murorum?
1544 310 1778 355 Respondeo:
1818 324 1930 357 eoque
1948 313 2113 345 laudatus

1119 374 1216 401 sum,
1251 363 1348 407 quod
1373 363 1415 395 de
1439 375 1519 395 meo
1546 362 1741 395 liberaliter
1766 363 1888 395 addidi
1912 363 2113 407 pecuniam,

1119 426 1226 458 quam
1246 425 1321 446 non
1336 419 1458 458 repeto
1477 426 1494 446 a
1512 413 1706 458 republica.
1747 414 1838 447 Nam
1856 414 1885 447 si
1902 421 2114 458 repeterem,

1117 464 1216 508 prius
1232 465 1388 498 rationes
1404 465 1654 498 subducendae
1671 472 1805 503 essent,
1833 478 1898 510 pro
1915 467 2011 498 dono
2028 477 2113 498 vero

1118 515 1231 558 gratia
1258 522 1292 548 et
1314 516 1391 549 laus
1416 516 1603 549 tribuenda
1636 523 1698 550 est.
1763 516 1918 563 Ideoque
1946 514 2114 560 Ctesipho

1119 567 1298 599 decretum
1320 568 1362 599 de
1377 579 1433 599 me
1450 567 1542 601 fecit.
1597 568 1705 612 Quod
1725 574 1843 601 autem
1862 567 1948 601 haec
1964 568 2013 600 ita
2033 568 2115 607 sint,

1118 629 1192 650 non
1209 618 1323 651 solum
1342 619 1435 661 leges
1454 625 1591 651 vestrae
1603 645 1611 657 ,
1640 620 1699 652 sed
1719 626 1751 652 et
1769 632 1887 653 mores
1906 625 1939 652 et
1955 618 2115 663 exempla

1119 675 1304 702 testantur.
1359 669 1542 703 Nausicles
1561 682 1638 703 cum
1659 671 1730 703 dux
1750 677 1857 710 esset,
1892 683 1996 714 saepe
2014 682 2116 702 coro-

1118 726 1223 753 natus
1242 726 1311 759 est,
1339 727 1527 764 propterea
1547 722 1642 766 quod
1662 722 1705 753 de
1721 734 1784 754 suo
1802 721 1935 766 aliquid
1961 721 2116 754 liberali-

1120 777 1172 804 ter
1189 772 1422 815 expenderat;
1451 778 1483 805 et
1494 772 1686 811 Diotimus‚
1705 773 1801 817 quod
1818 773 1959 817 clypeos
1975 785 2035 806 sua
2054 784 2115 816 pe·

1120 823 1222 855 cunia
1243 830 1449 861 curaverat,
1478 829 1511 856 et
1529 821 1766 857 Charidemus
1776 822 1823 869 ⁴²⁰)
1842 824 2004 856 coronati
2021 830 2115 858 sunt.

1119 873 1257 906 Deinde
1282 880 1315 906 et
1338 872 1396 906 hic
1421 874 1696 918 Neoptolemus,
1730 887 1808 907 cum
1835 875 1978 920 quidem
2004 875 2115 908 multa

1120 925 1262 969 negotia
1283 925 1562 966 administraret,
1588 923 1726 959 honore
1744 926 1889 959 affectus
1906 932 1956 959 est
1969 933 2116 970 propter

1120 977 1228 1010 dona.
1281 977 1486 1010 Absurdum
1507 983 1615 1016 esset,
1652 977 1679 1011 si
1706 977 1954 1021 magistratum
1980 976 2116 1021 gerenti

1120 1034 1181 1061 aut
1214 1039 1288 1060 non
1318 1028 1441 1061 liceret
1470 1029 1606 1074 aliquid
1637 1029 1772 1061 donare
1806 1028 1940 1062 civitati
1967 1034 2117 1072 propter

1118 1079 1388 1122 magistratum,
1425 1086 1503 1119 aut,
1538 1080 1567 1114 si
1589 1080 1675 1125 quid
1702 1080 1865 1119 daretur,
1899 1086 2021 1124 postea
2049 1091 2116 1124 pro

1119 1130 1233 1175 gratia
1250 1131 1368 1164 subire
1386 1131 1529 1165 iudicia.
1590 1131 1648 1164 Me
1672 1143 1755 1164 vera
1782 1131 1898 1164 dicere
1921 1131 2041 1164 videre
2066 1136 2118 1164 est

1120 1194 1161 1215 ex
1180 1183 1333 1216 decreto.
1386 1182 1510 1216 Recita
1536 1183 1729 1216 decretum.

1422 1258 1814 1302 Decretumwa).

1221 1330 1386 1361 Praetore
1400 1329 1584 1361 Demom'co
1599 1329 1748 1362 Senatus
1772 1332 1804 1361 et
1818 1327 1932 1370 populi
1948 1328 2116 1359 sententia

1121 1380 1247 1413 Gallias
1264 1380 1404 1421 scripsit
1418 1381 1585 1412 decretum
1595 1404 1605 1419 ‚
1634 1381 1718 1424 quod
1734 1381 1839 1412 visum
1858 1380 1904 1412 sit
1918 1379 2062 1411 Senatui
2086 1382 2118 1411 et

1117 1431 1235 1473 populo
1260 1441 1422 1462 coronare
1446 1431 1659 1469 Nausiclem,
1693 1431 1776 1475 quod
1799 1432 1863 1463 duo
1884 1430 1993 1462 millia
2008 1430 2118 1462 Athe-

1119 1483 1287 1515 niensium
1297 1482 1333 1513 in
1350 1481 1462 1514 Imbro
1477 1479 1567 1525 (cum
1586 1493 1650 1514 non
1665 1486 1774 1524 posset
1785 1486 1924 1524 propter
1939 1485 2117 1523 tempesta-

1118 1538 1167 1566 tes
1182 1533 1328 1566 Phialon
1345 1533 1524 1575 navigare,
1552 1535 1607 1566 cui
1627 1531 1773 1575 officium
1798 1533 1857 1565 hoc
1879 1533 2117 1565 demandatum

1118 1589 1214 1624 erat,
1255 1583 1406 1617 videlicet
1426 1588 1463 1617 ut
1486 1584 1652 1617 militibus
1672 1585 1812 1617 solveret
1834 1583 2020 1629 stipendia)
2044 1584 2117 1616 suis

1119 1635 1304 1677 sumptibus
1334 1635 1438 1674 aluit,
1479 1640 1511 1668 et
1543 1636 1632 1669 hunc
1659 1636 1870 1678 proclamare
1902 1636 1937 1667 in
1962 1635 2117 1668 Baccha-

1120 1687 1223 1720 naliis
1240 1685 1299 1731 ⁴²¹).

1414 1762 1550 1795 Aliud
1577 1763 1821 1796 Decretum.

1223 1831 1361 1863 Censuit
1379 1830 1503 1863 Callias
1520 1841 1566 1862 ex
1580 1831 1749 1863 sententia
1765 1831 1931 1869 Senatus,
1959 1830 2118 1874 quoniam

1121 1882 1339 1915 Charidemus
1361 1882 1484 1914 missus
1506 1882 1550 1913 ad
1574 1881 1698 1914 milites
1722 1882 1757 1914 in
1782 1881 1997 1914 Salaminam
2020 1881 2117 1913 insu-

1119 1933 1206 1972 lam,
1233 1937 1265 1965 et
1282 1933 1454 1965 Diotimus
1476 1933 1599 1965 missus
1622 1933 1666 1964 ad
1692 1934 1835 1977 equites,
1864 1932 2017 1974 spoliatis
2040 1933 2116 1977 qui-

1119 1985 1257 2017 busdam
1287 1984 1451 2016 militibus
1482 1983 1523 2015 ab
1553 1983 1703 2016 hostibus
1735 1985 1771 2016 in
1804 1994 1917 2025 puyna
1941 1981 2035 2025 facta
2072 1983 2116 2015 ad

1120 2037 1396 2078 Aegospotamos,
1438 2036 1589 2077 propriis
1608 2035 1796 2077 sumptibus
1818 2046 1916 2067 arma
1939 2045 2115 2076 compara-

1121 2088 1229 2119 verint
1239 2111 1250 2126 ,
1278 2087 1385 2119 visum
1399 2090 1447 2118 est
1463 2087 1608 2119 Senatui
1626 2090 1657 2119 et
1676 2086 1796 2129 populo
1812 2097 1974 2119 coronare
1992 2085 2116 2118 chari-

1119 2139 1250 2170 demum
1277 2142 1307 2170 et
1329 2139 1520 2171 Diotimum
1546 2149 1651 2170 aurea
1677 2149 1818 2177 corona,
1851 2142 1883 2170 et
1903 2136 2116 2179 proclamare

1121 2191 1156 2222 in
1170 2188 1270 2231 festis
1284 2189 1536 2221 Panathenaeis
1551 2193 1582 2221 et
1599 2190 1635 2221 in
1652 2188 1908 2231 Bacchanaliis,
1934 2188 2116 2231 trayoediis

1120 2242 1224 2273 novis.
1278 2240 1504 2273 Proclamatio
1520 2244 1631 2274 autem
1646 2252 1746 2273 curae
1767 2241 1813 2272 sit
1827 2240 2008 2278 Sea-viris,
2034 2249 2114 2271 con-

1119 2292 1248 2324 sulibus
1260 2290 1325 2335 ²²),
1354 2291 1572 2335 agonothetis.
1983 2317 1986 2320 Δ

1222 2342 1362 2375 Horum
1390 2341 1557 2385 singulis,
1590 2337 1785 2380 Aeschine,
1820 2339 1863 2371 de
1891 2338 2115 2383 magistratu,

1121 2405 1226 2439 quem
1254 2399 1457 2437 gesserunt,
1500 2392 1658 2425 rationes
1682 2391 1887 2424 referendae
1923 2396 2026 2423 erant
2056 2402 2114 2423 eo-

1120 2457 1221 2485 rum,
1250 2445 1294 2477 ob
1314 2457 1406 2491 quae
1431 2444 1698 2477 coronabantur
1724 2454 1800 2476 non
1821 2443 1924 2480 item;
1959 2441 2113 2487 proinde

1119 2508 1183 2529 nec
1201 2494 1302 2530 mihi.
1353 2495 1393 2529 In
1411 2495 1518 2529 simili
1534 2495 1628 2528 enim
1654 2506 1757 2528 causa
1782 2493 1896 2527 simile
1920 2491 2009 2526 mihi
2033 2505 2113 2527 cum

1153 2597 1201 2625 20)
1222 2597 1416 2637 Charidemus]
1448 2596 1488 2620 sic
1512 2595 1673 2626 scripsimus
1691 2603 1725 2616 =
1745 2591 1924 2627 Χαρίδημοςς
1959 2593 2009 2617 Ed.
2037 2592 2112 2617 1562.

1153 2631 1479 2697 2055rffgaeibuisiiscriptio
1498 2664 1525 2688 in
1543 2664 1594 2690 Ed.
1614 2664 1689 2690 1562.
1710 2663 1813 2688 omissa
1834 2664 1886 2689 est.

1153 2701 1202 2729 21)
1221 2701 1251 2724 ln
1269 2706 1369 2731 graeco
1390 2701 1467 2723 textu
1484 2699 1578 2724 addita
1597 2700 1660 2723 sunt
1678 2700 1762 2723 haec:
1786 2697 1948 2730 traqoediis
1967 2696 2059 2721 novis.

1152 2735 1202 2763 22)
1221 2736 1341 2759 Graece:
1371 2730 1527 2765 πρυτάνεις.
