2351 2990
150 106 253 142 1015
411 105 503 143 XLI.

151 193 357 229 occasiones
379 194 433 228 rei
456 194 547 227 bene
569 195 768 238 gerendae,
800 200 836 227 et
858 194 1072 239 pecuniam,
1096 205 1156 227 ve-

151 258 266 288 rerer,
285 257 330 279 ne
349 247 392 280 de
403 245 616 280 Macedonia
633 245 706 279 iam
723 245 1023 290 periclitaremur.
1051 246 1157 280 Nunc

154 297 251 331 enim
268 298 419 333 decretis
436 304 576 332 tantum
595 309 780 341 pugnans,
807 310 874 333 nos
890 298 1051 344 undique
1070 298 1156 330 ado-

151 349 264 390 ritur,
297 356 468 395 occupat,
503 348 646 382 conficit
667 348 878 394 pecuniam,
906 349 1081 384 exercitus
1097 349 1156 397 ⁴⁴).

151 400 223 434 Sed
241 413 306 434 cur
322 413 398 435 non
416 398 740 445 comprehendistis
757 400 907 436 vivum?
955 403 1063 437 Art-lt.
1092 400 1156 435 Ce-

149 452 272 496 pimus
289 453 426 488 vivum.
460 454 546 487 Ant.
574 452 670 487 Num
686 453 725 486 in
742 453 870 487 itinere
888 453 1063 488 extinctus
1082 452 1155 487 est?

147 505 255 540 Arc-lt.
282 505 378 546 Non,
403 505 464 539 sed
480 503 519 537 in
538 503 719 546 Calauria,
745 505 808 539 ubi
824 512 913 541 erat.
956 508 1041 540 Ant.
1065 504 1096 539 F
1099 517 1156 539 or·-

150 569 216 591 san
231 554 300 590 hoc
318 556 447 590 accidit
462 556 681 601 negligentia
702 563 818 591 vestra
831 584 840 598 ‚
868 557 952 603 quia
972 569 1048 590 non
1063 558 1154 591 bene

150 607 329 642 tractastis
359 606 573 642 hominem?
616 609 724 643 Arch.
760 608 876 642 Immo
909 621 985 642 non
1017 609 1086 642 fuit
1115 609 1154 642 in

147 665 325 704 potestate
362 666 501 695 nostra.
579 661 664 694 Ant.
702 660 799 704 Quid
828 660 908 694 ais?
942 673 1041 693 mera
1070 667 1154 694 sunt

145 711 371 756 aenigmata,
407 724 500 758 quae
525 711 634 752 dicis,
669 713 792 746 vivum
815 712 956 757 cepistis
979 712 1045 758 ⁴⁵),
1088 724 1154 746 nec

146 769 270 797 tamen
297 763 366 797 fuit
392 764 431 796 in
455 769 632 809 potestate
659 770 789 799 vestra.
862 764 947 799 Non
972 764 1153 797 mandasti

144 815 273 856 initio,
299 827 345 849 ne
364 815 443 862 quis
462 815 495 849 ei
513 815 587 848 vim
606 815 775 849 afferret?
810 817 918 850 Arch.
945 813 1045 850 Nihil
1069 828 1152 860 pro-

144 867 233 908 fuit,
261 868 359 912 quod
374 879 482 901 nemo
502 868 535 901 ei
551 867 625 900 vim
645 867 776 902 attulit.
830 867 908 901 Hoc
927 867 1023 901 enim
1044 880 1151 901 curae

144 919 250 953 nobis
266 919 346 953 fuit.
399 922 484 954 Ant.
511 919 596 954 Non
619 918 748 952 accidit
767 918 876 963 igitur
898 926 1015 953 vestra
1039 919 1151 964 negli-

144 970 285 1015 gentia,
319 971 380 1005 sed
413 971 564 1005 fortasse
599 983 664 1004 vos
699 971 768 1015 ipsi
801 971 1028 1005 interfecistis
1055 983 1149 1006 eum.

144 1023 251 1057 Arch.
278 1022 363 1057 Non
380 1021 646 1063 interfecimus,
674 1034 791 1068 neque
811 1035 901 1068 opus
919 1029 997 1056 erat
1020 1022 1053 1056 ei
1074 1023 1148 1056 vim

144 1075 294 1115 afferre,
330 1087 411 1108 cum
433 1074 552 1108 verbis
576 1075 875 1118 impetraremus,
906 1081 947 1108 ut
970 1074 1147 1119 imperata

140 1127 286 1160 faceret.
354 1125 454 1171 Quid
479 1132 599 1160 autem
622 1126 828 1170 prodesset,
870 1126 900 1160 si
929 1125 1053 1159 vivum
1087 1127 1149 1159 ad-

143 1177 392 1212 duxissemus?
436 1178 533 1222 Quid
563 1178 698 1212 faceres
727 1179 770 1211 de
804 1190 846 1211 eo
881 1177 1000 1218 aliud,
1037 1190 1146 1224 quam

144 1230 243 1276 quod
259 1230 464 1264 occideres?
500 1233 585 1264 Ant.
612 1229 674 1262 Dii
692 1229 863 1269 meliora,
888 1227 1043 1269 Archia,
1071 1241 1146 1263 non

143 1281 229 1316 satis
253 1280 560 1321 animadvertisti,
588 1287 651 1313 aut
676 1280 792 1326 qualis
815 1280 870 1313 vir
886 1281 995 1313 fuerit
1012 1280 1147 1314 Demo-

141 1331 305 1373 sthenes,
321 1339 384 1366 aut
402 1333 501 1378 quod
516 1344 637 1366 meum
654 1332 700 1365 sit
717 1333 759 1364 de
777 1329 832 1365 his
848 1331 1034 1365 iudicium.
1077 1331 1146 1365 Sed

142 1391 248 1430 putas
270 1384 421 1429 perinde
446 1396 539 1424 esse,
580 1381 865 1417 Demosthenem
891 1382 1075 1423 iuvenire,
1111 1390 1146 1416 et

141 1435 209 1471 hos
226 1436 452 1481 proditores,
480 1435 543 1481 qui
560 1435 654 1468 male
672 1435 871 1480 perierunt,
898 1434 1145 1476 Hhueraemu,

141 1488 408 1529 Aristonicum,
449 1487 650 1527 Eucraten,
695 1487 759 1533 qui
793 1485 885 1519 nihil
919 1486 1092 1520 differunt
1125 1500 1145 1520 a

139 1540 327 1582 fluctibus,
354 1540 416 1586 qui
434 1547 609 1585 perpetuo
626 1536 697 1572 huc
714 1546 821 1585 atque
844 1539 928 1572 illuc
951 1538 1146 1583 agitantur,

140 1591 308 1627 homines
331 1591 490 1632 sordidi,
531 1591 593 1637 qui
618 1603 682 1636 per
710 1591 935 1625 occasionem
961 1590 1079 1624 subito
1107 1591 1145 1623 in

141 1645 356 1678 tumultibus
373 1644 629 1683 inclarescunt,
659 1649 694 1676 et
709 1644 754 1676 ad
772 1643 888 1676 levem
907 1654 1006 1687 spem
1026 1648 1144 1677 motus

140 1696 290 1730 alicuius
315 1697 419 1729 valde
438 1696 632 1729 insolentes
658 1706 698 1727 ac
720 1695 866 1739 superbi
886 1696 977 1728 fiunt
992 1694 1057 1740 46);
1086 1707 1144 1727 ve-

139 1761 222 1782 rum
246 1748 349 1781 brevi
380 1754 554 1793 tanquam
590 1747 786 1792 vespertini
808 1747 914 1781 flatus
941 1752 1040 1779 metu
1063 1759 1143 1791 per-

138 1800 258 1834 territi
287 1800 492 1845 diffugiunt.
560 1798 655 1833 Num
687 1799 841 1833 similem
875 1805 979 1843 putas
1009 1798 1142 1831 Demo-

139 1850 302 1887 sthenem
328 1852 496 1897 improbo
527 1850 724 1896 Hyperidi,
757 1851 895 1895 perfido
929 1850 1143 1884 assentatori

137 1903 260 1948 vulgi?
304 1916 412 1950 quem
438 1915 513 1936 non
536 1903 666 1948 puduit
693 1902 819 1948 iniquo
846 1902 980 1936 iudicio
1008 1902 1142 1935 Demo-

138 1955 300 1991 sthenem
313 1983 322 1997 ,
348 1962 389 1990 ut
404 1955 557 2000 gratiam
576 1956 672 1999 apud
691 1955 817 1999 vulgus
836 1954 963 1995 iniret,
991 1954 1142 1988 circuni-

138 2008 282 2049 venire,
311 2014 346 2041 et
371 2008 546 2041 assentari
571 2006 795 2040 multitudini
824 2018 863 2039 ea
893 2006 930 2038 in
954 2019 1012 2046 re,
1041 2007 1140 2040 cuius

137 2060 259 2095 statim
284 2060 364 2093 illos
388 2059 580 2104 poenituit.
650 2058 794 2092 Etenim
821 2070 896 2090 non
920 2058 1035 2092 multo
1059 2065 1141 2104 post

137 2110 232 2146 hanc
259 2112 498 2152 calumniam,
535 2111 686 2156 contigit
712 2111 743 2143 ei
769 2110 904 2144 reditus
929 2111 1059 2143 clari0r
1085 2123 1140 2144 re-

137 2165 216 2198 ditu
236 2163 445 2198 Alcibiadis.
498 2162 609 2197 Istum
630 2169 749 2197 autem
774 2160 866 2195 nihil
889 2162 1035 2207 puduit,
1072 2163 1139 2196 lin-

138 2228 207 2262 gua
243 2216 419 2249 incessere
452 2213 619 2249 homines
661 2216 846 2261 quondam
889 2214 1136 2255 amicissimos,

136 2279 248 2314 quam
293 2267 532 2300 conveniebat
573 2268 605 2300 ei
649 2273 798 2312 propter
841 2266 1137 2312 ingratitudIneJn

136 2319 356 2365 praecidere.
410 2320 515 2354 Arch.
540 2319 635 2364 Quid
661 2318 793 2352 audio?
822 2331 895 2352 non
919 2320 1045 2353 oderas
1068 2318 1137 2352 De-

135 2369 361 2405 mosthenem
405 2371 560 2405 maxime
604 2372 766 2404 omnium
808 2368 1000 2405 hostium?
1054 2373 1137 2407 Ant.

170 2500 220 2527 44)
240 2499 271 2524 Η.
287 2498 305 2522 l.
325 2497 354 2521 in
372 2497 456 2521 Editt.
477 2497 569 2527 1538,
592 2498 666 2522 ¹543.
687 2499 752 2522 nota
771 2498 888 2529 margin.
909 2498 1033 2528 Miitylli:
1061 2500 1136 2528 Quae

203 2534 338 2557 hactenus
369 2532 527 2563 recensuit,
567 2533 696 2556 videntur
730 2534 814 2557 verba
846 2540 910 2557 esse
943 2533 1058 2563 Philippi
1091 2535 1134 2558 vel

204 2566 359 2592 Alexandri
377 2567 411 2590 ad
429 2567 637 2590 Parmenionem
658 2570 685 2591 et
699 2568 884 2598 Antipatrum,
900 2568 996 2598 quibus
1014 2570 1041 2591 et
1059 2568 1134 2592 illum

204 2602 328 2627 ostendit
355 2602 449 2625 eadem
476 2602 510 2625 de
535 2602 718 2625 Demosthene
743 2603 877 2626 sensisse.
921 2603 977 2626 lam
1006 2609 1073 2633 ergo
1100 2604 1135 2627 ad

204 2637 377 2667 propositum
398 2636 486 2667 redit,
508 2638 535 2660 et
555 2643 615 2660 cum
634 2637 737 2660 Archia
755 2638 920 2667 colloquium
934 2638 1065 2661 absolvit.

170 2680 219 2709 45)
238 2680 364 2710 cepistis]
388 2680 429 2703 sic
448 2680 532 2704 Editt.
550 2681 642 2709 maa,
666 2680 756 2708 1543.;
776 2680 826 2706 Ed.
846 2681 922 2705 1533.
941 2681 1081 2711 coepistis.

167 2725 217 2752 46)
238 2725 303 2749 u.1.
323 2724 352 2747 in
370 2724 455 2747 Editt.
474 2723 565 2755 1538„
589 2723 664 2748 1543.
685 2725 752 2748 nota
770 2725 888 2755 margin.
907 2725 1031 2756 Micylli:
1062 2726 1130 2750 Am-

202 2759 336 2789 plificatio
355 2764 372 2782 a
390 2759 540 2783 collatione
560 2759 687 2783 alioruin.

554 105 957 143 INTERPRETATIO
984 105 1231 142 LUCIANICI
1255 107 1461 145 ENCOMII
1487 111 1536 147 IN
1562 112 1951 156 DEMOSTHENEM.

2110 125 2210 163 1014

1208 193 1313 252 an,
1340 197 1370 231 si
1387 198 1532 244 quidem
1553 201 1733 237 rationem
1749 201 1901 240 habeam
1916 221 2059 244 morum
2076 217 2111 245 et
2128 213 2213 248 fidei

1209 258 1304 304 eius,
1349 255 1383 282 et
1410 261 1526 285 amem
1550 254 1684 301 ubique
1713 255 1952 301 integritatem
1985 268 2020 295 et
2044 271 2210 300 constan-

1209 303 1310 332 tiam.
1363 300 1456 335 Nam
1481 301 1653 340 honestae
1675 320 1731 343 res
1755 309 1861 343 etiam
1886 315 1981 357 apud
2005 312 2124 351 hostes
2143 316 2209 352 ho—

1209 356 1331 384 nestae
1367 354 1550 389 ducendae
1579 365 1689 401 sunt,
1731 368 1766 395 et
1797 362 1911 397 virtus
1937 366 2070 413 ubique
2099 369 2208 415 digna

1208 402 1314 436 laude
1331 410 1394 439 est.
1447 406 1572 453 Neque
1589 411 1694 445 velim
1714 425 1788 447 esse
1811 416 1970 451 deterior
1994 431 2102 464 quam
2120 422 2208 456 Xer-

1208 465 1304 513 xes&
1325 456 1388 502 qui
1410 456 1532 492 Bulidi
1554 466 1589 493 et
1614 462 1801 507 Spei-chidi
1826 466 2122 507 Lacedaemoniis
2147 487 2208 519 pe-

1208 513 1347 549 percit,
1388 516 1539 554 propter
1578 514 1855 552 admirationem
1892 521 2034 557 virtutis
2070 537 2210 569 eorum,

1209 569 1289 615 cum
1319 567 1439 604 posset
1473 575 1532 597 eos
1557 565 1730 603 occidere.
1797 569 1874 615 Ego
1901 586 2009 614 vero,
2043 576 2073 609 si
2098 590 2207 623 quern

1208 609 1332 667 alium,
1353 611 1634 650 Demosthenem
1648 619 1802 655 maxime
1816 624 2013 660 admiratus
2022 640 2114 670 sum,
2130 636 2208 664 tum

1207 674 1291 719 quia
1316 663 1370 697 bis
1394 677 1473 698 cum
1510 678 1552 700 eo
1574 666 1725 706 Athenis
1757 685 1967 718 congressus
1992 691 2091 720 sum,
2127 687 2205 715 tum

1206 725 1290 759 quia
1315 715 1390 750 eius
1414 716 1538 753 laudes
1563 731 1605 753 ex
1631 722 1710 757 aliis
1733 729 1899 769 cognovi.
1964 730 2091 777 Neque
2118 745 2205 767 vero

1206 771 1348 825 tantuin
1379 776 1529 814 propter
1563 771 1806 819 eloquentiam
1829 779 1876 827 ²¹⁷)
1918 781 1975 827 (ut
2010 784 2206 819 arbitretur

1206 817 1352 865 aliquis)
1381 822 1571 866 magniseci
1591 836 1684 861 eum.
1739 827 1969 877 Quamquam
1990 833 2135 880 Python
2160 837 2206 870 ad

1204 866 1300 903 hunc
1318 871 1469 908 collatus
1487 875 1605 910 nullus
1621 885 1718 920 erat,
1745 886 1780 913 et
1794 882 1904 917 Attici
1923 892 2084 921 oratores
2101 888 2206 923 ludus

1204 929 1308 956 erant
1324 935 1404 957 cuin
1423 925 1490 959 isto
1510 930 1710 972 congressi,
1743 937 1884 968 tantum
1904 936 2070 973 vincebat
2094 939 2206 973 actio-

1203 985 1269 1014 ne,
1304 987 1415 1017 sono,
1451 980 1735 1023 compositione,
1769 988 2030 1024 sententiarum
2059 991 2206 1025 lumini-

1202 1025 1288 1083 bus,
1316 1028 1434 1063 densis
1450 1033 1690 1074 argumentis,
1719 1037 1952 1076 conciliandis
1967 1049 2002 1075 et
2018 1043 2206 1088 impellen-

1202 1078 1256 1111 dis
1280 1079 1422 1114 animis.
1482 1081 1606 1129 Itaque
1632 1086 1734 1120 valde
1758 1090 1938 1133 poenituit
1959 1106 2025 1129 nos
2053 1096 2206 1138 consilii,

1202 1141 1283 1162 cum
1310 1131 1468 1167 Graecos
1492 1132 1653 1171 Athenas
1683 1150 1997 1186 convocassemus,
2030 1154 2070 1180 ut
2093 1146 2205 1182 Athe-

1201 1181 1342 1216 nienses
1367 1184 1661 1229 obiurgaremus,
1698 1191 1779 1224 freti
1806 1195 1991 1237 promissis
2014 1196 2205 1244 Pythonis.

1201 1233 1332 1268 Sumus
1359 1236 1454 1269 enim
1482 1237 1716 1275 circumventi
1733 1242 1987 1283 Demosthenis
2012 1262 2204 1294 argumen-

1201 1285 1265 1325 tis,
1293 1286 1356 1331 qui
1381 1295 1459 1321 erat
1479 1288 1732 1335 insuperabilis
1749 1295 1785 1328 in
1806 1297 1971 1334 dicendo.
2024 1302 2094 1336 Sed
2110 1300 2205 1338 hanc

1201 1336 1429 1393 eloquentiae
1453 1340 1596 1376 laudem
1623 1356 1697 1378 non
1725 1347 1816 1382 duco
1851 1350 1888 1383 in
1926 1352 1987 1386 illo
2023 1366 2203 1389 summam

1199 1388 1327 1428 fuisse,
1356 1397 1433 1423 erat
1449 1392 1544 1425 enim
1564 1397 1691 1439 organi
1706 1398 1801 1440 vice,
1829 1403 1890 1435 sed
1913 1405 2026 1450 magis
2048 1407 2205 1441 admira-

1201 1445 1256 1472 tus
1290 1453 1369 1498 sum
1399 1454 1479 1476 eum
1506 1453 1654 1489 propter
1685 1453 1972 1494 magnitudinem
2003 1458 2134 1500 animi,
2170 1466 2205 1494 et

1201 1492 1340 1524 consilii
1353 1518 1362 1532 ,
1389 1500 1423 1526 et
1441 1498 1683 1539 constantiae,
1711 1514 1821 1547 quarn
1837 1504 1874 1538 in
1892 1507 2203 1551 periculosissimis

1199 1546 1471 1600 tempestatibus
1490 1549 1687 1592 retinebat,
1713 1564 1899 1601 nunquam
1924 1561 2052 1595 cedens
2075 1563 2203 1597 adver-

1198 1607 1244 1651 sis
1262 1596 1379 1630 rebus.
1431 1599 1479 1632 At
1504 1602 1654 1635 memini
1669 1602 1879 1653 Philippum
1905 1611 1948 1645 de
1973 1613 2034 1646 illo
2053 1614 2102 1647 sic
2122 1627 2202 1649 sen-

1198 1652 1264 1679 tire
1283 1646 1350 1694 4⁸),
1379 1650 1460 1695 qui,
1488 1664 1568 1686 cum
1588 1655 1778 1691 afferretur
1796 1663 1971 1705 quaedam
1991 1666 2135 1708 concio,
2163 1668 2201 1701 in

1198 1710 1267 1743 qua
1285 1698 1548 1738 Demosthenes
1573 1705 1610 1739 in
1628 1705 1839 1754 Philippum
1858 1713 2018 1750 invectus
2043 1725 2138 1759 erat,
2169 1720 2202 1753 ei

1196 1749 1392 1786 Parmenio
1420 1752 1653 1791 vehementer
1675 1761 1983 1808 stomacharetur,
2009 1775 2045 1802 et
2067 1769 2201 1805 Demot

1196 1800 1314 1835 stheni
1335 1806 1608 1844 conviciaretur.
1646 1811 1714 1845 Hic
1728 1813 1796 1854 vir,
1823 1815 1961 1862 inquit,
1988 1820 2117 1864 dignus
2133 1829 2201 1857 est-

1196 1867 1303 1899 quein
1344 1856 1455 1891 libere
1489 1860 1591 1906 loqui
1634 1863 1805 1900 sinamus.
1884 1868 1978 1903 Nam
2014 1869 2098 1906 huic
2136 1887 2199 1915 un,

1196 1907 1360 1940 omnium
1385 1909 1557 1946 Graeciae
1582 1922 1769 1950 oratorum
1802 1916 1894 1953 nihil
1926 1922 2041 1957 fertur
2068 1937 2199 1970 expen-

1194 1971 1273 2016 sum
1291 1959 1329 1992 in
1348 1962 1437 1995 meis
1462 1964 1681 2008 rationibus,
1708 1980 1788 2002 cum
1813 1971 1957 2016 quidem
1983 1987 2049 2020 ego
2071 1978 2197 2012 malim

1195 2022 1228 2043 e1
1263 2013 1463 2055 confidere,
1499 2029 1606 2062 quain
1641 2020 1831 2056 navalibus
1865 2025 2001 2061 scribis.
2068 2028 2196 2065 Nullus

1194 2068 1246 2120 est
1267 2070 1387 2098 autem
1409 2066 1583 2110 istorum,
1610 2071 1666 2104 cui
1689 2084 1764 2105 non
1786 2073 1950 2111 invenias
1972 2079 2010 2112 in
2033 2080 2121 2115 meis
2139 2094 2197 2115 ra-

1194 2115 1351 2151 tionibus
1368 2120 1607 2165 perscrIptum
1626 2135 1699 2157 esse
1724 2136 1872 2168 aurum,
1899 2129 1995 2173 ligna
2009 2157 2018 2171 ,
2046 2133 2195 2175 reditus,

1193 2179 1315 2226 agrosj
1345 2176 1381 2203 at
1404 2170 1666 2209 Demosthenes
1691 2176 1817 2212 classes
1842 2188 1977 2222 armat,
2006 2192 2194 2229 comparat

1193 2227 1386 2262 exercitus,
1414 2230 1448 2256 et
1469 2225 1620 2260 subinde
1645 2236 1802 2272 reparat.
1857 2231 1960 2266 Talia
1979 2234 2120 2269 dicebat
2147 2239 2193 2271 ad

1192 2284 1248 2305 me
1272 2271 1480 2318 Philippus,
1524 2283 1608 2311 tunc
1633 2285 1667 2312 et
1697 2292 1801 2325 saepe
1832 2283 1919 2318 alias
1942 2285 1985 2318 de
2009 2284 2077 2320 hoc
2099 2288 2192 2324 viro.

1190 2322 1239 2356 Et
1259 2324 1297 2357 in
1329 2328 1485 2371 quadam
1514 2329 1692 2365 felicitatis
1723 2345 1807 2366 suae
1838 2342 1940 2378 parte
1964 2341 2192 2382 numerabat,

1192 2377 1289 2421 quod
1308 2376 1545 2413 Demostheni
1564 2394 1639 2416 non
1657 2390 1743 2417 esset
1763 2387 1951 2422 commissa
1967 2401 2106 2424 summa
2126 2392 2191 2426 im-

1191 2428 1282 2472 perii
1305 2432 1402 2474 apud
1425 2433 1639 2475 exercitum,
1683 2448 1762 2469 cum
1790 2439 1912 2472 omnia
1946 2453 2009 2474 sua
2042 2444 2189 2478 consilia

1191 2483 1490 2524 perturbarentur
1507 2484 1601 2519 illius
1621 2487 1866 2531 orationibus,
1895 2504 1987 2537 quae
2014 2505 2055 2528 ex
2079 2493 2188 2529 Athe-

1222 2613 1272 2642 47)
1298 2614 1331 2638 Η.
1348 2613 1366 2637 l.
1385 2612 1414 2636 in
1432 2612 1516 2637 Editt.
1530 2613 1604 2638 1538.
1617 2631 1624 2644 ,
1644 2614 1720 2639 1543.
1738 2617 1804 2641 nota
1825 2618 1942 2651 margin.
1956 2619 2076 2652 Micylli:
2096 2622 2186 2647 Occu-

1257 2648 1349 2687 patio,¹
1368 2653 1421 2687 qua
1440 2650 1467 2670 et
1487 2649 1671 2687 eloquentiam
1691 2651 1750 2674 eius
1770 2654 1880 2677 extollit
1895 2655 2004 2685 nostiS,
2025 2662 2084 2681 cum
2100 2664 2185 2688 supra

1258 2683 1472 2714 magnitudinem
1491 2688 1574 2706 animi
1593 2685 1767 2713 praedicarit.

1222 2726 1270 2751 43)
1302 2727 1334 2749 H.
1348 2727 1365 2749 1.
1385 2726 1411 2749 in
1432 2726 1527 2749 iisdem
1548 2727 1629 2752 Editt.
1651 2730 1717 2752 nota
1742 2730 1858 2761 margin.
1878 2732 1999 2763 Micylli:
2024 2733 2183 2765 Ampiifica-

1261 2761 1298 2784 tio
1318 2761 1469 2785 testimonii
1488 2761 1613 2792 Philippi.

1482 2796 1560 2831 64*
