2351 2990
205 133 279 167 695

533 235 873 278 Argumentum.

207 298 414 363 Philippus
456 318 632 362 Amyntae
681 315 792 352 filius,
855 326 914 346 rex
957 312 1203 350 Macedoniae,

209 371 329 404 multis
346 370 492 402 urbibus
510 366 784 401 Atheniensibus
813 365 988 408 ademptis
1001 391 1010 403 ‚
1039 370 1072 396 et
1089 361 1201 396 Thes-

209 422 294 456 salia
317 432 426 464 prope
446 420 608 452 universa
629 423 822 460 occupata,
853 416 921 448 iam
940 427 1013 448 non
1037 415 1203 448 dissimu-

211 474 326 506 lanter
345 484 422 503 cum
442 468 717 504 Atheniensibus
736 468 867 500 belluni
885 468 1028 509 gerebat
1041 493 1049 506 ,
1078 467 1113 498 in
1132 477 1200 510 qua

214 536 318 558 causa
341 519 532 566 Olynthios
557 520 671 553 socios
698 519 764 553 sibi
789 518 950 551 adiunxit
977 515 1203 562 amplissimis

212 573 380 620 praemiis
400 585 440 605 eo
462 572 660 616 perductos.
696 570 785 604 Nam
806 570 899 602 iuter
918 570 984 601 alia
1003 568 1204 601 ctiamAm·

214 624 396 670 phipolin‚
434 636 541 669 quam
570 623 636 656 illis
658 622 858 666 eripuerat,
893 619 947 653 liis
974 621 1069 653 dono
1095 619 1204 652 ‹ledit-

213 677 346 709 Verum
371 675 554 720 aliquanto
577 680 677 718 post,
711 685 790 706 cum
816 670 980 716 Olynthii
1004 677 1203 715 suspectam

216 727 366 761 nimiam
385 724 539 770 Philippi
556 725 752 769 potentiam
771 721 966 762 haberent,
989 727 1206 755 metuerent-

218 791 307 825 que,
335 790 379 810 ne.
407 777 611 810 societatem
638 789 716 809 cum
742 787 873 819 magno
902 787 965 808 suo
990 773 1205 807 detrimento

218 829 462 864 conservaturi
482 834 614 867 essent,
643 828 876 860 decreverunt
900 838 973 860 sese
1000 838 1078 859 cum
1098 822 1206 857 Athe-

216 881 399 915 niensibus
433 880 658 923 coniungere.
721 877 758 910 ld
785 878 881 922 quod
904 878 1082 915 fecerunt,
1115 876 1205 909 clam

217 931 387 976 Philippo
424 944 502 964 cum
536 929 812 963 Atheniensibus
848 929 990 961 foedere
1027 939 1207 972 percusso,

219 982 407 1028 Philippus
443 984 512 1015 iam
548 983 591 1014 ad
623 979 815 1014 Thraciam
855 980 1092 1012 invadendam
1132 990 1206 1011 sese

223 1035 475 1079 comparabat,
504 1034 767 1079 quaerebatque
787 1032 847 1064 (liu
867 1031 1087 1064 occasionem
1107 1029 1208 1063 dissi-

218 1088 268 1121 dii
300 1098 380 1129 erga
408 1083 611 1130 Olynthios.
676 1084 767 1117 Nam
792 1083 971 1116 subditam
993 1082 1059 1116 sibi
1082 1082 1209 1115 urbem

217 1140 332 1172 facere
353 1137 532 1181 cupiebat.
584 1135 647 1168 Est
663 1141 780 1167 autem
797 1132 976 1179 Olynthus
993 1134 1076 1166 urbs
1092 1130 1209 1165 Thra—

219 1190 312 1228 ciae,
345 1189 436 1221 inter
460 1186 680 1221 Chalcidicas
705 1186 898 1230 primaria,
937 1184 1076 1218 colonia
1102 1182 1209 1217 Chal-

219 1240 426 1274 cidensium.
479 1238 565 1271 Erat
588 1238 679 1270 inter
707 1237 929 1270 conditiones
955 1236 1072 1281 pacis,
1100 1247 1208 1281 quam

219 1305 297 1326 cum
325 1289 506 1336 Olynthiis
539 1291 669 1323 fecerat
691 1286 898 1332 Philippus,
932 1294 972 1320 ut
1003 1298 1210 1320 communes

218 1342 337 1377 hostes
361 1349 395 1376 et
419 1342 551 1375 amicos
568 1339 752 1374 haberent.
801 1338 924 1384 Itaque
941 1351 1044 1372 causa
1064 1339 1209 1371 inventa

220 1395 316 1441 quod
339 1400 482 1433 contra,
510 1400 615 1437 atque
639 1391 733 1436 pacti
758 1397 891 1430 essent,
918 1403 997 1424 cum
1015 1387 1211 1423 Athenien-

219 1447 314 1480 sibus
349 1458 472 1490 pacem
508 1444 671 1477 fecissent
698 1440 883 1486 Olynthii,
918 1442 962 1474 ad
1001 1452 1211 1485 oppugnan-

220 1499 305 1531 dum
342 1510 402 1530 eos
434 1502 485 1529 est
514 1496 692 1540 profectus
721 1492 935 1538 Olympiade
971 1493 1074 1532 108.,
1123 1492 1211 1524 duo-

220 1550 356 1594 busque
392 1548 536 1592 proeliis
577 1545 774 1579 commissis
817 1544 854 1576 in
890 1544 1014 1577 urbem
1052 1542 1211 1586 compul-

220 1613 278 1634 sos
312 1599 496 1632 obsidione
539 1597 676 1631 clausit.
753 1595 894 1629 Crebris
934 1593 1212 1639 oppugnationi-

221 1653 286 1685 bus
305 1651 388 1684 urbs
404 1656 539 1682 tentata
558 1655 628 1688 est,
656 1649 715 1682 sed
737 1659 865 1690 magna
882 1644 1040 1690 Philippi
1055 1645 1210 1678 militum

223 1703 371 1735 iactura.
400 1701 520 1745 Quare
537 1700 726 1743 desperans
745 1696 934 1742 Philippus
951 1697 985 1729 vi
1003 1697 1081 1741 capi
1096 1709 1211 1741 posse,

223 1755 396 1787 immensa
422 1751 570 1797 pecunia
593 1748 810 1794 Euthycrate
836 1755 870 1782 et
896 1746 1074 1782 Lasthene
1098 1748 1211 1792 Olyn-

222 1803 381 1838 thiorum
406 1802 627 1848 principibus
654 1801 830 1845 corruptis
856 1799 1060 1844 proditione
1083 1800 1210 1833 urbem

223 1857 334 1901 cepit,
378 1868 456 1889 cum
492 1851 763 1886 Atheniensium
806 1851 924 1885 classis
963 1850 1109 1883 navium
1148 1849 1210 1883 XL

223 1908 355 1941 auxilio
381 1903 562 1951 Olynthiis
593 1905 699 1938 missa
724 1905 811 1936 duce
837 1901 987 1936 Charete
1011 1900 1127 1935 hieme
1153 1914 1209 1935 ex-

223 1960 444 1998 cluderetur,
478 1954 666 2001 Philippus
694 1960 892 1999 expugnata
920 1954 1007 1987 urbe
1038 1954 1209 1998 praedam

223 2011 287 2044 sub
305 2008 404 2043 basta
425 2008 595 2041 vendidit.
649 2007 723 2039 Hac
748 2006 855 2050 igitur
882 2005 1066 2044 oratione,
1094 2002 1211 2037 adbuc

223 2061 466 2095 resistentibus
490 2057 657 2103 Philippo
683 2055 883 2103 Olynthiis,
924 2057 1048 2090 suadet
1079 2056 1209 2089 auxilia

223 2112 383 2146 submitti
401 2108 679 2149 Demosthenes,
707 2110 879 2153 docetque
901 2120 939 2140 ea
957 2108 1045 2140 urbe
1069 2120 1209 2141 conser-

224 2171 305 2197 vata
326 2176 388 2196 ceu
413 2175 557 2196 murum
574 2159 742 2205 Philippo
765 2160 962 2199 obiectum,
997 2171 1068 2204 quo
1091 2158 1210 2192 minus

223 2215 486 2249 incursionibus
505 2211 692 2246 hostilibus
715 2211 869 2244 Atticam
897 2210 1063 2243 divexare
1086 2210 1208 2254 possit.

223 2267 340 2312 Atque
376 2264 464 2298 baec
498 2271 548 2298 est
573 2263 745 2297 orationis
770 2274 839 2295 una
867 2274 968 2305 pars,
1004 2261 1080 2300 cui,
1112 2262 1209 2306 quod

224 2318 451 2351 coniunctum
471 2322 539 2355 est,
568 2314 741 2354 adnectit,
770 2313 957 2357 pecuniam
980 2324 1052 2346 esse
1078 2324 1209 2356 paran-

224 2369 305 2400 dam
319 2395 327 2407 ,
354 2380 444 2414 quae
462 2367 544 2400 belli
559 2366 758 2411 sumptibus
773 2364 933 2398 sufficiat.
988 2363 1130 2396 Leviter
1148 2376 1209 2396 au-

224 2425 293 2450 tem
328 2425 362 2451 et
391 2419 486 2452 velut
517 2418 554 2450 in
579 2425 782 2450 transcursu
809 2414 970 2459 attingit,
1002 2415 1111 2449 satius
1135 2427 1209 2448 esse

222 2470 354 2502 bellum
390 2469 590 2513 gerentibus
622 2469 819 2501 mercedem
856 2479 874 2499 e
905 2465 1046 2510 publico
1080 2466 1208 2499 consti-

223 2520 295 2558 tui,
324 2533 429 2565 quam
447 2521 604 2564 publicas
624 2532 707 2564 opes
728 2518 868 2562 erogari
885 2518 1052 2550 ludorum
1075 2523 1210 2561 specta-

223 2571 372 2604 toribus.
425 2570 469 2604 Iis
486 2571 647 2604 solebant
663 2572 734 2604 duo
753 2569 870 2608 oboli,
898 2581 958 2602 seu
974 2568 1085 2612 grossi
1101 2569 1208 2601 Saxo-

221 2622 291 2654 nici
310 2623 445 2661 deunx,
472 2619 540 2654 hoc
565 2629 635 2661 est,
662 2621 762 2654 numi
784 2619 953 2653 nostratis
978 2619 1207 2653 numismatia

222 2673 397 2706 Saxonica
416 2672 451 2705 in
471 2672 574 2705 ludos
592 2672 753 2716 praeberi
772 2673 815 2704 ad
839 2669 970 2704 theatri
995 2671 1209 2704 aedificatio-

222 2736 284 2758 nes
296 2751 305 2765 ,
333 2736 422 2770 eque
441 2723 514 2757 istis
529 2723 713 2767 principiis
730 2735 770 2756 eo
787 2724 902 2755 fuerat
918 2734 1121 2766 processum
1135 2749 1144 2763 ,
1170 2728 1209 2755 ut

784 128 904 163 PHlL.
940 127 1051 162 MEL.
1087 125 1290 161 SCRIPTA
1321 123 1657 160 PmLOLOGICA.

1227 460 1232 647 i

1229 701 1234 876 t

2164 125 2240 160 696

1262 218 1407 245 cunctae
1425 211 1594 256 pecuniae
1612 211 1773 256 publicae
1798 210 1833 243 in
1859 210 2006 243 minime
2026 210 2241 245 necessarios

1257 275 1339 296 usus
1358 263 1651 306 expenderentur.
1704 261 1789 295 Erat
1813 268 1930 295 autem
1957 262 2010 294 lex
2036 262 2079 294 ab
2098 261 2239 296 Eubulo

1257 313 1427 359 quopiam
1454 314 1545 353 lata,
1583 313 1707 358 capitis
1734 326 1806 347 esse.
1832 325 1953 353 reum,
1987 312 2047 358 qui
2073 313 2174 346 aliter
2197 313 2241 346 de

1256 364 1406 409 publicis
1440 364 1599 408 pecuniis
1633 365 1740 398 statui
1764 365 1963 398 censuisset.
2026 363 2126 397 Hanc
2152 363 2242 397 invi·

1256 415 1351 448 diam
1377 415 1509 448 veritus
1532 414 1789 450 Demosthenes
1813 416 1905 448 viam
1931 413 1987 447 hic
2015 415 2081 448 sibi
2104 414 2242 454 sternit,

1257 479 1327 512 qua
1355 466 1548 511 aliquando
1582 467 1625 499 ad
1647 467 1935 501 nocentissimam
1962 466 2057 499 illam
2085 465 2243 510 rogatio-

1257 530 1338 550 nem
1362 518 1589 550 evertcndam
1615 520 1818 561 perveniat,
1847 519 1942 564 quod
1970 518 2052 550 facit
2077 518 2244 551 audacter

1261 568 1300 603 ἐν
1315 570 1369 615 τῷ
1384 565 1429 616 γ’.
1441 567 1469 614 ¹)
1491 567 1732 613 Ὀλυνθιακῷ
1747 575 1782 602 et
1800 569 2012 602 nominatim
2035 568 2074 604 ἐν
2095 571 2149 615 τῷ
2163 565 2247 615 περὶ

1258 616 1478 659 συντάξεως.
1541 619 1669 652 Oratio
1705 626 1755 653 est
1789 620 1825 653 in
1847 632 1973 665 genere
1998 619 2244 658 deliberativo,

1257 670 1371 703 mixto
1403 670 1706 709 demonstrativo,
1759 678 1933 716 quatenus
1962 669 2120 715 Philippi
2152 670 2247 704 vires

1259 722 1387 761 elevat,
1414 734 1631 767 quamquam
1650 719 1735 754 haec
1755 721 1828 766 ipsa
1846 735 1988 768 quoque
2007 734 2088 766 pars
2107 722 2152 755 ad
2167 733 2246 755 sua-

1257 772 1371 807 sorias
1388 772 1554 806 materias
1572 773 1716 817 proprie
1733 773 1898 818 pertinet.
1950 773 2042 807 Nam
2060 779 2094 806 et
2110 773 2158 813 id,
2173 784 2245 818 quo

1256 821 1448 857 hortamur
1467 823 1573 863 alios,
1599 824 1674 857 fieri
1694 837 1796 869 posse
1818 824 2099 863 ostendendum,
2125 830 2159 857 et
2178 823 2247 858 uti-

1258 876 1339 909 litas
1371 888 1410 908 ac
1435 873 1603 909 honestas
1629 876 1906 909 demonstranda
1931 882 2000 916 est,
2036 874 2247 908 detrimenta

1258 939 1344 959 vero
1389 939 1428 959 ac
1463 926 1651 960 difficultas
1695 933 1729 960 et
1764 927 1922 971 pericula
1958 932 2042 960 sunt
2077 926 2247 959 tollenda.

1258 977 1491 1011 Prooemium
1510 983 1560 1011 est
1578 990 1644 1022 pro
1669 990 1706 1011 re
1723 985 1805 1011 nata
1825 976 2248 1016 accommodatissimum,

1259 1028 1544 1073 magnitudinem
1564 1029 1697 1073 negotii
1716 1029 1751 1062 in
1769 1042 1804 1063 se
1823 1030 2059 1074 complectens
2086 1027 2148 1076 ¹⁸).

1343 1128 1670 1164 Demosthenis
1698 1128 1978 1176 Olynthiaca
2005 1130 2164 1175 prima.

1363 1197 1445 1231 Non
1462 1197 1609 1231 dubium
1637 1204 1706 1238 est,
1731 1198 1818 1244 quin
1843 1210 1973 1242 magno
1996 1197 2028 1243 2)
2052 1195 2183 1231 emturi
2208 1195 2254 1230 si—

1261 1247 1305 1281 tis
1329 1248 1505 1282 rationem
1528 1249 1579 1295 ³),
1617 1262 1686 1294 qua
1711 1249 1936 1294 perspicuum
1971 1249 2047 1282 fieri
2076 1247 2187 1293 possit
2206 1245 2252 1293 ⁴),

1262 1298 1348 1343 quid
1370 1299 1406 1332 in
1430 1298 1497 1332 hoc
1521 1300 1687 1343 negotio,
1721 1301 1764 1333 de
1780 1301 1859 1345 {quo
1882 1299 2105 1340 deliberatis,
2129 1299 2251 1343 reipu-

1261 1349 1373 1383 blicae
1398 1352 1584 1384 conducat.
1646 1351 1801 1396 Quando
1827 1351 1934 1395 igitur
1957 1349 2044 1384 haec
2066 1362 2150 1384 cura
2172 1356 2251 1382 tan-

1261 1406 1384 1445 topere
1410 1414 1473 1435 vos
1489 1401 1659 1436 sollicitos
1680 1402 1710 1447 ⁶)
1733 1400 1859 1442 habet,
1895 1402 2020 1446 cupide
2043 1401 2166 1435 audire
2191 1412 2251 1433 eos

1262 1453 1395 1486 debetis
1412 1452 1464 1499 ⁸),
1492 1453 1553 1498 qui
1571 1453 1756 1486 consilium
1782 1453 1883 1487 vobis
1906 1453 2132 1498 pollicentur.
2182 1451 2253 1486 Ne-

1262 1516 1330 1549 que
1351 1503 1445 1536 enim
1465 1510 1602 1538 tantum
1621 1505 1768 1538 facultas
1790 1504 1897 1538 suerit
1919 1515 2129 1549 cognoscere
2145 1502 2199 1550 ⁷),
2224 1501 2254 1536 si

1297 1619 1325 1652 1)
1346 1618 1396 1652 y'.]
1414 1620 1463 1644 Ed.
1480 1620 1555 1645 1562.
1574 1620 1662 1643 male:
1682 1617 1708 1645 δ.

1298 1661 1345 1694 1³)
1365 1664 1423 1686 linc
1435 1663 1625 1693 argumentum
1640 1662 1825 1692 Olynthiacae
1838 1660 1941 1691 primae
1960 1662 1988 1686 in
2007 1662 2056 1687 Ed.
2074 1662 2149 1687 1562.
2168 1662 2249 1687 huius

1331 1697 1465 1721 orationis
1502 1696 1724 1727 interpretationi
1756 1696 1907 1726 praefixum
1940 1698 1998 1727 θεῖς
2038 1697 2064 1720 in
2091 1697 2142 1723 Ed.
2166 1697 2250 1722 Basti.

1332 1739 1355 1756 ε.
1371 1737 1395 1756 a.
1412 1737 1461 1761 pro
1477 1737 1509 1755 eo
1523 1731 1661 1754 invenitur
1676 1731 1725 1754 hoc
1735 1731 1833 1755 breve:
1854 1747 1872 1761 „
1883 1731 1970 1760 Caput
1984 1731 2095 1755 consilii
2108 1732 2167 1763 est,
2185 1731 2251 1755 mit-

1332 1766 1414 1789 tenda
1433 1772 1496 1789 esse
1513 1765 1606 1788 anxilii
1622 1765 1772 1795 Olynthiis.
1809 1765 1874 1788 Tria
1894 1766 2020 1789 obstant:
2040 1766 2166 1795 primum,
2185 1765 2249 1796 quia

1331 1800 1450 1823 difficilis
1469 1801 1626 1830 oppugnatu
1642 1800 1685 1822 est
1700 1799 1849 1829 Philippus.
1886 1799 1911 1824 2.
1932 1799 1995 1829 quia
2008 1799 2135 1823 videntur
2149 1800 2250 1824 deesse

1331 1835 1478 1858 facultates
1505 1834 1590 1857 tantis
1617 1833 1789 1863 sumptibus,
1815 1834 1879 1856 sunt.
1904 1834 1975 1857 enim
1999 1834 2049 1858 hae
2072 1834 2151 1858 nervi
2175 1834 2250 1858 belli.

1330 1869 1355 1894 3.
1382 1869 1446 1898 quia
1472 1874 1525 1892 non
1551 1868 1661 1892 videtur
1688 1874 1752 1892 esse
1776 1868 2013 1897 committendum,
2045 1869 2075 1892 ut
2100 1874 2149 1898 pro
2185 1868 2249 1892 aliis

1331 1902 1516 1932 suscipiatur;
1534 1903 1600 1926 haec
1619 1901 1733 1926 maxime
1752 1903 1874 1926 excusat.
1911 1901 1976 1925 Loci
1995 1904 2059 1926 sunt
2079 1909 2112 1926 ex
2129 1902 2248 1926 circum-

1331 1937 1460 1961 stantiis:
1480 1943 1527 1960 res
1543 1936 1667 1967 Philippi,
1685 1935 1890 1960 Atheniensium
1905 1937 1933 1959 et
1949 1936 2152 1966 olynthiorum.
2185 1936 2250 1961 Phi-

1330 1972 1420 2001 lippus
1438 1971 1528 1995 hostis
1547 1972 1607 1999 est3
1627 1970 1751 2001 quicquid
1771 1971 1860 1994 autem
1879 1970 2094 1994 incommodatur
2112 1970 2204 2002 hosti,
2222 1971 2250 1995 id

1331 2007 1418 2036 ipsum
1446 2005 1526 2029 nobis
1552 2005 1686 2029 indicatur
1712 2011 1776 2028 esse
1799 2004 1974 2029 commodum.
2019 2006 2190 2035 Argumenta
2215 2012 2249 2030 ex

1331 2041 1399 2064 locis
1419 2040 1504 2063 trahit
1523 2046 1577 2063 non
1596 2040 1683 2063 solum
1702 2035 1857 2065 ἀποδείξει,
1876 2039 1926 2062 sed
1947 2039 2030 2062 etiam
2048 2039 2249 2070 rogationibus.

1330 2074 1521 2104 suasionibus,
1556 2072 1808 2101 exhortationibus,
1834 2072 2069 2102 increpationibus
2087 2074 2193 2104 utitur;
2222 2074 2250 2098 id

1330 2109 1399 2140 qnod
1427 2108 1510 2132 etiam
1538 2107 1676 2137 interpres
1703 2104 1870 2131 adinonuit.’'
1909 2108 2027 2132 Ceterae
2052 2107 2136 2132 Editt.
2163 2113 2249 2139 argu-

1334 2145 1424 2167 mento
1443 2143 1524 2166 huius
1544 2141 1680 2166 orationis
1699 2144 1803 2167 carent.

1294 2187 1325 2219 2)
1349 2185 1418 2210 Huic
1436 2185 1571 2210 orationis
1591 2184 1722 2214 principio
1744 2185 1771 2208 in
1785 2185 1867 2208 Editt.
1888 2185 1982 2215 1524„
2004 2184 2096 2215 ¹54⁷„
2122 2185 2206 2211 Basil.
2224 2187 2253 2210 et

1332 2222 1439 2250 nagan.
1464 2227 1487 2243 s.
1507 2225 1532 2244 a.
1552 2220 1578 2243 in
1598 2219 1722 2250 margine
1740 2219 1882 2249 adscripta
1897 2221 1939 2243 est
1953 2219 2110 2243 annotatio:
2129 2220 2253 2244 Attentio

1329 2261 1346 2279 a
1364 2255 1405 2278 rei
1424 2253 1620 2285 magnitudine.

1293 2298 1325 2326 3)
1354 2298 1413 2321 Non
1433 2297 1541 2321 dubium
1560 2298 1603 2319 est
1620 2309 1655 2313 —-
1673 2296 1822 2325 rationem]
1842 2297 1882 2320 sic
1902 2303 1996 2320 omnes
2015 2296 2115 2325 mitt,
2134 2299 2251 2327 excepta

1329 2333 1377 2356 Ed.
1399 2332 1503 2361 nagan.
1525 2337 1546 2353 s.
1565 2336 1590 2354 a.
1603 2347 1611 2361 ‚
1634 2337 1702 2360 quae
1720 2332 1816 2355 habet:
1838 2331 1936 2355 Procul
1957 2330 2036 2354 dubio
2055 2336 2154 2361 magno
2175 2337 2250 2356 eme-

1328 2367 1390 2390 ritis
1410 2366 1553 2389 rationem.

1295 2409 1324 2436 4)
1350 2406 1454 2437 possit]
1475 2406 1514 2429 sic
1533 2406 1615 2431 Edctt.
1637 2406 1731 2435 issa,
1754 2407 1846 2435 1562.,
1867 2407 1960 2436 1564.‚
1983 2406 2073 2437 ¹570„
2094 2405 2168 2431 158⁷.
2193 2408 2249 2430 na-

1329 2442 1374 2466 sit.
1393 2442 1419 2464 et
1437 2442 1543 2471 nagan.
1564 2448 1588 2464 s.
1606 2446 1647 2471 a.;
1673 2441 1758 2465 Editt.
1778 2442 1850 2465 1524.
1864 2458 1871 2471 ‚
1893 2441 1967 2465 1547.
1986 2442 2087 2471 posset.

1293 2483 1323 2510 5)
1343 2483 1409 2506 haec
1430 2488 1496 2506 cura
1515 2482 1659 2512 tantopere
1678 2489 1728 2506 vos
1747 2483 1899 2512 sollicitos]
1920 2482 1960 2506 sic
1976 2488 2071 2506 omnes
2087 2481 2181 2509 mitt,
2201 2487 2250 2505 ex-

1329 2518 1410 2546 cepta
1428 2517 1476 2541 Ed.
1497 2517 1602 2546 flagan.
1622 2524 1646 2541 s,
1665 2522 1706 2547 a,
1732 2518 1916 2549 quaestiabet:
1942 2518 2089 2546 tantopere
2110 2515 2248 2540 sollicito·

1330 2557 1379 2575 vos
1398 2551 1466 2574 haec
1485 2556 1558 2575 cura.

1293 2594 1326 2622 6)
1352 2600 1400 2617 eos
1428 2594 1547 2622 debetis]
1567 2594 1606 2617 sic
1626 2600 1720 2617 omnes
1740 2594 1822 2620 Editt.
1842 2595 1953 2624 praeter
1975 2593 2023 2618 Ed.
2044 2593 2151 2623 nagan.
2171 2599 2194 2616 s,
2214 2598 2252 2622 a..

1331 2629 1375 2651 ubi
1395 2628 1512 2658 legitur:
1532 2628 1638 2652 debetis
1657 2635 1715 2653 eos.

1296 2671 1328 2698 ¹7)
1360 2671 1427 2694 nuic
1454 2672 1512 2695 loco
1539 2671 1565 2694 in
1591 2672 1638 2695 Ed.
1658 2672 1738 2695 Basil.
1767 2678 1790 2696 e.
1816 2677 1840 2695 a.
1861 2670 1887 2694 in
1914 2670 2038 2699 margine
2062 2669 2193 2700 apposita
2211 2676 2247 2694 es

1333 2705 1491 2729 annotatio:
1521 2706 1733 2729 uenevotentiae
1752 2705 1887 2736 captatio,
1913 2705 1975 2735 quia
1996 2706 2116 2735 ipsorum
2137 2704 2252 2728 maxime

1330 2739 1448 2763 intersit.
