2351 2990
199 130 269 165 415

203 215 381 261 proticisci
402 214 565 249 deberet,
601 207 774 242 consuluit
793 205 971 250 Oppium,
1008 209 1045 236 ut
1064 202 1130 235 sibi
1145 203 1187 234 de

203 282 239 299 ca
263 280 297 299 re
314 265 524 299 seutentiam
542 274 640 295 suam
659 259 840 292 iudicaret.
892 255 997 300 Quod
1017 266 1096 287 cum
1114 252 1187 297 Op-

205 320 281 361 pius
308 317 458 352 fecisset,
500 312 723 345 commendat
749 308 870 339 Cicero
903 306 975 339 eius
1001 303 1186 338 consilium

206 376 236 401 ct
260 368 440 401 iudicium.
492 363 640 397 Orditnr
658 374 675 392 a
694 357 938 403 propositione
962 355 1187 388 commenda-

204 420 328 457 tionis,
369 424 402 450 et
433 416 638 448 continuata
662 417 712 444 cst
737 409 875 455 aliquot
902 406 1186 440 narrationibus:

206 471 319 514 prima
346 480 363 501 a
388 462 676 500 circmnstantiis;
718 460 870 494 secunda
896 471 913 491 a
937 457 1050 502 priori
1074 469 1188 490 exem-

207 522 283 565 plo,
310 521 431 563 inquo
448 514 608 549 similiter
629 512 702 545 eius
726 512 830 544 sidem
855 508 1078 553 cognoverit;
1122 514 1188 539 ter-

206 573 252 604 tia
270 584 288 603 a
308 567 481 603 constanti
500 563 654 598 amicitia
671 569 705 596 et
727 562 821 595 fideli
846 561 966 593 animo
995 571 1075 603 erga
1094 558 1189 591 Cice-

207 634 342 655 ronem.
396 617 562 664 Sequitur
578 613 755 648 conclusio
768 640 777 652 ,
811 625 879 658 qna
897 625 931 645 se
949 617 1088 654 gratum
1109 621 1190 653 pro-

207 672 332 710 mittit,
355 676 389 702 ct
404 675 527 712 rogat,
555 673 593 700 ut
619 679 654 699 se
679 677 787 709 porro
813 663 1101 696 commendatum
1129 658 1190 693 ha-

208 726 296 756 lix-al.

455 784 591 819 Aliud
619 787 942 827 argumentum.

307 854 524 889 Laudatoria
554 858 604 886 est
639 850 805 895 epistola,
848 849 885 881 in
914 860 983 893 qua
1010 844 1193 891 praedicat

208 909 392 942 consilium
410 912 443 938 ct
459 906 563 937 sidem
581 902 710 946 Oppii,
739 901 800 945 qui
817 911 955 943 semper
972 897 1104 942 optime
1133 907 1192 928 vo-

207 960 311 994 lucrit
327 971 366 991 ac
384 954 598 990 consuluerit
616 952 779 995 dignitati
798 949 990 983 Ciceronis.
1042 946 1192 980 Orditur

208 1026 225 1044 a
252 1008 494 1055 propositione
522 1007 564 1037 de
589 1005 671 1036 dato
696 1001 862 1039 consilio,
905 1000 1000 1047 quod
1031 997 1193 1030 videlicet

207 1068 353 1106 propter
371 1057 565 1090 Antonium
583 1061 615 1087 et
630 1065 742 1086 novos
763 1052 911 1086 subinde
935 1050 1105 1083 tumultus
1128 1045 1192 1080 ho—

207 1120 302 1145 neste
318 1112 435 1143 abesse
455 1112 571 1152 posset
591 1106 634 1137 al)
653 1105 751 1137 urbe.
793 1103 892 1135 Hanc
908 1100 1190 1145 propositionem

208 1160 462 1205 elegantissime
481 1156 671 1201 amplificat
685 1153 888 1187 laudatione
900 1152 1021 1196 Oppii,
1048 1157 1081 1183 et
1097 1162 1192 1183 com—

209 1212 465 1247 memoratione
496 1207 732 1254 plurimorum
763 1205 856 1239 illius
878 1204 1075 1236 officiorum
1108 1207 1193 1234 tem-

773 118 894 154 I‘HIL.
929 116 1039 151 MEL.
1077 113 1276 149 SCRIPTA
1311 115 1644 152 PfflLOLOGICA.

2152 118 2224 153 416

1239 202 1383 247 poribus
1405 202 1722 248 periculosissin‘iis.
1791 202 1917 236 Postea
1943 209 1994 236 est
2014 203 2221 247 pollicitatio

1238 260 1430 298 perpetuae
1458 253 1704 297 gratitudinis,
1745 253 1864 286 addita
1898 251 2148 288 adhortatione
2178 256 2222 288 ad

1240 306 1522 339 conservandum
1541 311 1695 338 veterem
1713 315 1883 338 amorem.

1480 408 1617 443 Aliud
1642 416 1971 455 argumentum.

1341 484 1490 518 Exordii
1507 486 1584 519 loco
1603 487 1748 531 ponitur
1764 487 1978 532 propositio:
2006 486 2124 520 Tuum
2142 499 2225 520 con-

1240 535 1357 569 silium
1375 548 1430 569 me
1449 543 1582 570 certum
1598 538 1752 571 reddidit
1768 540 1809 572 de
1828 537 2045 582 profectione
2062 537 2100 570 in
2115 537 2224 571 Grae-

1241 587 1343 621 ciam.
1396 587 1562 632 Sequitur
1584 588 1811 633 amplificatio
1831 589 1991 633 longior,
2026 600 2116 634 quae
2143 601 2225 622 con-

1240 638 1328 671 tinet
1352 638 1472 672 laudes
1499 638 1628 683 Oppii,
1671 646 1704 672 et
1733 639 2107 673 commemorationem
2131 652 2225 674 sum-

1241 701 1381 722 morum
1407 689 1616 724 officiorum.
1669 689 1805 724 Deinde
1829 690 1927 723 addit
1949 691 2093 724 brevem
2119 691 2224 735 signi-

1241 740 1440 773 ficationem
1456 753 1538 775 suae
1554 740 1778 784 gratitudinis
1794 753 1859 786 pro
1875 741 2051 775 beneficiis
2065 742 2226 786 acceptis.

1241 791 1411 837 Epilogus
1445 790 1551 825 habet
1585 789 1953 832 adlmrtatiunculam,
1994 792 2113 826 addita
2149 805 2225 826 cor—

1242 843 1418 881 rectione,
1445 849 1484 876 ut
1500 855 1658 875 amorem
1683 849 1798 876 servet
1824 849 2014 887 perpetuo,
2049 850 2083 876 et
2105 844 2224 876 omnia

1242 900 1382 926 tueatur
1397 905 1534 926 summa
1551 893 1744 937 diligentia.
1802 892 1842 925 In
1864 894 1932 926 fine
1957 899 2008 927 est
2031 894 2143 927 latens
2170 907 2226 927 ex·

1242 944 1374 978 cusatio
1392 944 1575 978 brevitatis
1601 957 1680 977 cum
1706 944 1982 988 pollicitatione,
2016 957 2051 978 se
2077 946 2226 990 scriptu-

1242 1007 1321 1028 rum
1345 995 1430 1028 alias
1455 995 1641 1040 copiosius.
1699 994 1877 1028 Profectio
1903 1001 2041 1036 autem,
2083 997 2126 1029 de
2155 1008 2224 1041 qua

1242 1045 1345 1086 dicit,
1373 1058 1412 1078 ea
1431 1052 1499 1085 est,
1527 1047 1642 1090 quod,
1671 1058 1750 1079 cum
1769 1046 1904 1078 videret
1919 1046 2116 1079 Antonium
2142 1059 2226 1080 con-

1241 1097 1352 1130 sulem
1368 1108 1481 1129 novos
1499 1096 1668 1129 tumultus
1684 1096 1722 1128 in
1737 1097 1823 1129 urbe
1841 1103 2036 1136 moturum,
2060 1097 2227 1141 cogitavit

1243 1149 1285 1180 de
1307 1147 1483 1191 legatione
1504 1146 1616 1179 libera
1641 1146 1677 1178 in
1697 1146 1902 1186 Graeciam,
1943 1153 1982 1180 ut
2005 1146 2227 1192 aliquamdiu

1244 1197 1390 1232 honeste
1408 1199 1452 1232 ab
1471 1198 1558 1232 urbe
1579 1203 1612 1230 et
1628 1197 1836 1232 tumultibus
1854 1197 1927 1232 istis
1943 1198 2089 1233 abesset.

1058 1411 1261 1440 LIBER
1304 1410 1369 1439 XII.

256 1517 578 1559 Argumentum
614 1516 656 1543 et
684 1506 864 1542 scholia
894 1506 937 1539 in
966 1505 1140 1549 episto-

603 1561 690 1593 lam
716 1558 793 1604 I.¹).

308 1649 383 1681 Hae
402 1646 569 1691 epistolae
588 1651 621 1678 et
634 1649 817 1689 sequentes
840 1647 921 1675 sunt
945 1640 1094 1684 scrIptae
1125 1646 1192 1673 sta-

209 1703 272 1735 tim
290 1706 369 1744 post
392 1697 574 1730 interitum
592 1694 771 1733 Caesaris,
807 1705 883 1725 cum
900 1692 1032 1725 Brutus
1057 1698 1091 1724 et
1111 1691 1193 1724 Cas-

209 1753 278 1786 sius
295 1755 504 1793 cogerentur
522 1753 618 1780 metu
635 1745 745 1790 plebis
761 1756 801 1777 ex
817 1743 902 1776 urbe
917 1744 1047 1786 sugere.
1098 1741 1193 1774 Haec

211 1809 328 1836 autem
348 1799 494 1844 epistola
521 1804 572 1831 est
593 1797 729 1841 generis
753 1793 992 1832 deliberativi,
1025 1790 1193 1825 adhorta-

209 1854 299 1886 toria
313 1879 321 1891 ,
349 1857 382 1883 et
398 1848 504 1883 habet
518 1847 760 1881 narrationem
778 1851 993 1888 assumptam
1009 1856 1049 1876 ex
1067 1855 1193 1887 genere

210 1901 488 1937 demonstrativo
498 1900 541 1946 ²).

312 1952 342 1997 ξ.
361 1953 393 1986 1.
422 1954 537 1985 Finem
556 1946 747 1994 mdlumss)]
782 1945 996 1982 Exordium,
1031 1942 1193 1990 π(ἱθος“)

210 2008 250 2037 tlt·
269 2017 329 2038 sua
347 2001 593 2036 sollicitudii‘ie.
672 2002 760 2032 Nam
773 2024 782 2038 ‚
809 2003 844 2030 ut
863 1994 1035 2042 mllmc⁵)]
1063 1996 1194 2029 Narra-

211 2057 259 2087 tio
284 2054 467 2087 continens
488 2050 791 2085 enumerationem
818 2046 1056 2091 periculorum
1080 2046 1195 2090 publi-

210 2118 351 2145 corum,
386 2104 423 2136 in
448 2103 574 2148 quilius
599 2100 730 2134 versari
753 2098 868 2142 coepit
894 2097 1089 2141 respublica
1116 2103 1195 2141 post

246 2238 328 2266 1)1.]
356 2236 382 2259 in
408 2234 491 2259 Editt.
514 2233 606 2261 1545.,
631 2231 723 2259 1546..
752 2230 843 2259 1601.,
868 2229 989 2253 numeris
1017 2229 1195 2259 epistolarum

280 2269 465 2301 praecedentis
486 2268 547 2291 libri
566 2265 749 2295 continuatis,
778 2265 843 2287 haec
862 2264 979 2293 epistota
997 2269 1110 2287 numero
1125 2263 1195 2295 243„

280 2310 396 2335 sequens
415 2308 527 2327 numero
546 2302 604 2325 244.
624 2302 675 2324 etc.
695 2299 821 2329 signatae
840 2299 912 2322 suut.

246 2347 275 2378 2)
296 2349 351 2370 noc
369 2346 559 2371 armunenttun
576 2339 984 2369 habentEditt.1537-1545.,
1005 2340 1092 2368 1554..
1109 2340 1195 2367 1557..

284 2382 355 2404 1500.
366 2388 372 2406 ς
385 2376 680 2405 i11t-2ditt.1546.,1601.
691 2374 814 2398 Asceusii
824 2375 982 2404 argumento
991 2375 1143 2403 praemisso
1155 2374 1196 2397 sic

281 2415 433 2437 adiunctum
452 2417 510 2435 est:
537 2412 598 2441 „Et
617 2412 681 2433 sunt
699 2410 749 2432 liae
768 2408 902 2437 epistolae
917 2409 943 2431 et
960 2409 1106 2437 sequentes
1123 2408 1194 2431 scri-

282 2451 342 2477 ptae
357 2445 441 2473 etc.‘'.
461 2447 605 2475 praeterea
623 2450 671 2473 pro
691 2443 792 2471 „flacc
806 2444 895 2464 autem
910 2440 1050 2470 epistota'⁷
1070 2442 1097 2465 in
1117 2443 1194 2465 utra-

284 2487 335 2511 qae
350 2480 396 2503 Ed.
412 2481 553 2507 teguntur:
579 2479 640 2506 „Et
659 2478 725 2500 haec
744 2473 895 2505 e1»ist01a,”
915 2475 1038 2503 (nomina
1055 2478 1196 2499 auctorum

284 2514 423 2542 utriusque
443 2508 602 2543 argumenti
620 2512 659 2535 ita
677 2510 812 2535 coniuncti
831 2510 858 2533 in
876 2509 918 2533 his
936 2509 953 2533 2
970 2509 1054 2533 Editt.
1074 2516 1126 2534 non
1145 2510 1196 2533 ad-

280 2548 383 2577 scripta
403 2548 490 2576 sunt).

246 2592 277 2622 3)
297 2590 422 2618 nullum]
442 2588 481 2611 sic
499 2588 562 2611 illae
581 2587 666 2612 Editt.
686 2589 712 2610 et
730 2587 786 2616 al.;
812 2586 862 2610 Ed.
882 2586 968 2611 orell.
987 2586 1107 2610 nullum.

247 2637 277 2661 4)
296 2631 400 2658 πάθος]
420 2630 503 2654 Editt.
520 2630 610 2658 1545„
632 2630 705 2654 1560.
726 2630 830 2659 pathos.

246 2677 277 2703 5)
298 2674 350 2698 Pro
374 2672 415 2694 his
441 2671 495 2695 Cic.
521 2671 613 2693 verbis
637 2670 663 2693 in
687 2669 782 2694 iisdem
800 2670 817 2694 2
835 2670 919 2694 Editt.
937 2669 999 2694 huic
1015 2672 1097 2695 notae
1115 2677 1196 2701 prae-

282 2709 334 2732 fixa
353 2707 417 2730 suut
436 2705 592 2734 sequeutia:
619 2704 776 2734 Interfecto
796 2706 877 2730 enim.

1214 1505 1466 1556 'intersectum
1511 1503 1709 1537 Caesarem.

1830 1505 2027 1546 Respublica
2068 1507 2154 1539 iacet
2169 1503 2227 1552 8)]

1246 1554 1433 1588 Concludit
1458 1554 1714 1587 narrationem.

1348 1605 1378 1649 ἓ.
1396 1608 1430 1640 2.
1457 1607 1550 1639 Ilaec
1565 1608 1676 1639 omnia
1687 1602 1743 1651 7)]
1771 1601 1984 1637 Adhortatio
1997 1631 2006 1645 ‚
2040 1611 2079 1638 ut
2102 1606 2229 1639 consti-

1244 1662 1321 1689 tuat
1335 1656 1604 1700 rempublicam.
1654 1657 1762 1690 Habet
1776 1655 1834 1688 illa
1844 1653 1903 1701 ⁸)]
1932 1655 2131 1690 Concessio.
2183 1659 2231 1691 At

1244 1705 1400 1754 em‘m9)]
1429 1706 1636 1750 Occupatio.
1722 1707 1791 1740 Sed
1814 1708 2027 1740 immoderate
2036 1705 2108 1754 ¹⁰)]
2136 1706 2229 1741 Con—

1246 1758 1354 1791 clusio
1371 1769 1435 1802 per
1452 1756 1694 1790 reiectionem.
1761 1758 1903 1791 Interim
1918 1755 2034 1805 velim]
2061 1757 2228 1793 Clausula

1246 1810 1288 1842 de
1304 1821 1366 1843 sua
1383 1820 1467 1842 cura
1485 1820 1551 1854 pro
1570 1807 1702 1842 Cassio.

1426 1907 1445 1923 ⁶
1464 1901 1600 1935 Aliud
1629 1901 2012 1947 argumentumn).

1351 1969 1518 2002 Continet
1534 1967 1591 2002 hic
1606 1969 1695 2001 liber
1711 1969 1876 2013 epistolas
1892 1980 1963 2001 non
1990 1969 2051 2002 diu
2074 1977 2154 2014 post
2175 1971 2229 2004 in-

1247 2021 1430 2054 terfectum
1448 2020 1633 2054 Caesarem
1649 2019 1794 2064 scriptas
1822 2026 1856 2052 et
1880 2031 1992 2064 prope
2018 2020 2107 2054 circa
2134 2021 2229 2055 idem

1279 2156 1310 2184 6)
1330 2155 1416 2184 iacet]
1441 2154 1481 2178 sic
1498 2153 1580 2177 Editt.
1599 2152 1687 2180 1537..
1709 2152 1799 2179 1545..
1820 2153 1911 2182 1560.,
1932 2153 2006 2179 1601.
2032 2153 2059 2178 ἰη
2081 2155 2172 2184 textu,
2200 2159 2228 2180 et

1315 2189 1344 2213 in
1363 2189 1446 2213 Editt.
1462 2188 1548 2218 1540„
1569 2188 1654 2213 1544..
1675 2187 1759 2213 1554..
1780 2187 1854 2211 1557.
1874 2187 1901 2210 in
1913 2187 1968 2212 Cic.
1989 2188 2080 2213 verbis
2097 2189 2159 2213 huic
2177 2197 2228 2214 no-

1315 2225 1360 2247 tae
1380 2221 1542 2251 adscriptis;
1567 2222 1595 2244 in
1614 2222 1689 2244 textu
1707 2222 1797 2244 autem
1815 2221 1900 2246 Editt.
1924 2222 2010 2251 1544..
2031 2223 2122 2253 1546„
2142 2224 2227 2256 1554„

1316 2257 1392 2281 1557.
1415 2257 1513 2280 habent
1537 2261 1621 2285 aeque
1646 2260 1678 2278 ac
1701 2255 1751 2278 Ed.
1771 2256 1856 2279 oren.
1882 2256 1984 2281 iaceat.
2005 2270 2036 2274 —
2089 2258 2118 2281 ln
2143 2258 2227 2282 Editt.

1316 2292 1407 2319 1545„
1441 2290 1514 2313 1560.
1533 2289 1594 2313 huic
1611 2290 1693 2312 notae
1711 2295 1760 2319 pro
1778 2289 1820 2313 liis
1837 2289 1892 2314 Cic.
1911 2291 2003 2315 verbis
2020 2291 2145 2322 apposita
2164 2295 2228 2317 sunt

1315 2324 1470 2354 sequentia:
1497 2324 1576 2348 Haec
1594 2323 1699 2347 omnia.

1280 2367 1311 2396 7)
1332 2367 1447 2390 Eaedem
1471 2366 1488 2389 2
1507 2365 1588 2389 ΕΔΜ.
1612 2371 1661 2395 pro
1689 2365 1730 2389 his
1754 2366 1778 2390 h.
1793 2366 1810 2389 l.
1835 2366 1936 2391 habent
1955 2367 2010 2393 Cic.
2035 2370 2120 2394 verba
2138 2376 2228 2400 seqq.:

1316 2401 1410 2426 Habet
1428 2401 1482 2424 illa
1499 2400 1619 2431 quidem.

1280 2444 1312 2471 8)
1331 2443 1449 2466 Eaedem
1466 2442 1483 2466 2
1500 2441 1585 2466 Editt.
1611 2443 1636 2465 h.
1649 2442 1667 2465 1.
1693 2443 1791 2466 habent
1816 2449 1891 2473 seqq.
1916 2443 1971 2468 Cic.
1996 2447 2095 2470 verba:

1315 2478 1379 2502 ulta
1398 2483 1478 2501 suas.

1280 2521 1312 2548 9)
1331 2520 1362 2543 ln
1380 2519 1475 2543 iisdem
1493 2519 1510 2542 2
1529 2518 1611 2542 Editt.
1630 2519 1690 2542 huic
1709 2522 1790 2543 notae
1813 2520 1953 2550 adscripta
1976 2523 2039 2545 sunt
2063 2523 2230 2547 anteceden-

1317 2554 1355 2577 tia
1373 2553 1429 2578 Cic.
1448 2554 1548 2576 verba:
1575 2554 1752 2578 ornamenta
1770 2560 1846 2578 vero.

1283 2597 1330 2625 10)
1348 2597 1376 2619 ln
1394 2596 1497 2619 iisdem
1509 2596 1525 2619 2
1544 2596 1626 2620 Editt.
1646 2597 1671 2620 ιι.
1686 2597 1704 2619 1.
1721 2596 1844 2627 praefixa
1867 2598 1931 2620 sunt
1947 2597 2150 2621 antecedentia:
2177 2600 2232 2623 Fe-

1318 2631 1408 2655 cimus
1427 2630 1457 2653 z'tl
1479 2631 1600 2660 quidem.

1285 2672 1331 2699 11)
1356 2671 1413 2694 Boc
1432 2673 1620 2701 argumentum
1641 2673 1667 2696 et
1687 2672 1738 2696 duo
1758 2671 1900 2702 sequeutia
1918 2671 1945 2695 in
1960 2671 2034 2695 Editt
2059 2673 2144 2702 1556..
2166 2674 2232 2698 1⁵65

1317 2705 1433 2730 -1596,
1457 2706 1575 2730 exstant.

2130 2446 2231 2471 Adhuc
