2351 2990
224 110 298 147 899

227 195 389 231 mistocle
401 191 661 227 Demosthenes
672 192 799 237 irrupti
813 193 848 225 in
859 198 1036 233 senatum,
1047 204 1111 225 nec
1129 203 1229 226 sena-

229 255 288 282 tor
301 259 364 280 uec
374 244 550 280 senatoris
559 244 712 278 vicarius
723 250 817 277 sorte
830 244 967 283 ductus,
985 244 1044 277 sed
1055 243 1228 277 suborna-

232 305 287 332 tus
303 310 342 330 ac
362 297 568 335 conductus,
586 302 623 329 ut
644 307 707 339 per
725 294 843 327 omnia
856 292 1052 328 Philocrati
1070 295 1227 339 adstipu-

231 349 387 387 laretur,
411 347 712 393 quemadmodum
739 357 793 379 res
811 345 965 379 ostendit
992 345 1079 390 ipsa.
1133 345 1227 378 Vicit

232 399 326 433 enim
352 397 572 432 Philocrates
596 408 718 430 rursus
740 396 811 429 alio
839 397 982 429 decreto
1008 396 1161 441 scripto,
1188 396 1225 429 in

232 462 304 496 quo
331 450 440 484 suasit
459 448 538 491 eligi
557 449 677 481 decem
697 447 849 491 legatos,
876 447 937 493 qui
956 448 1001 480 ad
1017 445 1224 492 Philippum

232 501 558 546 proficiscerentur,
587 498 899 543 postulareutque,
926 496 995 532 huc
1018 499 1108 532 duos
1131 499 1225 542 lega-

232 558 287 586 tos
311 551 425 590 mitti,
462 550 522 595 qui
553 550 702 583 liberam
728 555 939 593 potestatem
972 547 1148 583 haberent
1174 550 1224 582 fa-

233 603 376 636 ciendae
404 601 593 634 societatis.
653 600 817 645 Quorum
850 612 942 634 unus
965 598 1224 634 Demosthenes

232 660 326 693 erat,
355 652 416 698 qui
442 652 523 684 inde
548 651 688 685 rediens
713 663 834 695 pacem
860 652 1048 692 laudabat,
1083 652 1224 685 eadem-

232 716 301 750 que
323 702 561 741 renuntiavit,
601 714 691 748 quae
721 708 754 735 et
780 702 909 747 reliqui
939 703 1154 741 attulerunt3
1191 709 1224 736 et

231 755 327 790 solus
344 766 384 787 ex
401 754 624 787 senatoribus
640 753 821 786 decretum
838 753 938 792 fecit,
966 759 1005 786 ut
1023 766 1101 787 cum
1122 766 1224 798 prae-

232 818 319 839 cone
344 811 378 838 et
404 805 546 849 legatis,
575 817 664 850 quos
688 801 875 848 Philippus
899 804 1064 844 miserat,
1099 805 1224 838 foedus

231 858 342 890 fieret.
395 855 491 889 Haec
509 855 624 889 oratio
644 855 749 899 plane
776 867 855 888 cum
871 853 1085 890 Philocratis
1114 856 1224 889 actio-

231 908 338 941 nibus
363 907 622 944 consentiebat;
649 918 733 939 nam
762 906 852 938 alter
881 912 1093 950 potestatem
1118 907 1224 940 dede-

233 965 288 992 rat
306 956 475 1002 Philippo
500 958 633 1001 legatos
660 963 694 990 et
718 968 933 1000 praeconem
959 955 1027 991 huc
1045 958 1223 998 mittendi,

232 1010 322 1043 alter
339 1022 417 1043 cum
435 1009 558 1053 legatis
576 1007 657 1041 fecit
674 1008 808 1041 foedus.
862 1007 928 1041 Hic
945 1020 1031 1042 vero
1049 1009 1222 1043 advertite

232 1061 392 1094 animum
414 1061 459 1093 ad
477 1072 537 1099 ea,
564 1071 655 1105 quae
681 1064 890 1104 sequuntur.
944 1059 1127 1103 Agebatur
1147 1072 1222 1093 non

233 1123 313 1144 cum
338 1111 415 1144 aliis
436 1110 582 1154 legatis,
619 1110 680 1155 qui
703 1122 768 1154 per
793 1110 1009 1143 calumniam
1037 1111 1222 1157 aliquanto

232 1168 314 1207 post
337 1174 355 1194 a
380 1160 622 1196 Demosthene
647 1160 763 1194 vexati
787 1168 891 1201 sunt,
918 1162 979 1195 sed
1002 1173 1081 1194 curn
1102 1160 1223 1196 Philo—

233 1220 328 1246 crate
355 1224 395 1246 ac
413 1210 673 1250 Demosthene3
700 1224 764 1245 nec
788 1211 991 1253 immerito,
1019 1213 1102 1258 quia
1129 1214 1223 1257 lega-

231 1264 367 1298 tionem
384 1276 456 1297 una
475 1264 638 1297 obierant
656 1269 690 1296 et
707 1264 848 1296 decreta
866 1263 1093 1308 scripserant.
1146 1264 1223 1297 Hoc

231 1321 351 1349 autem
385 1315 575 1359 agebatur,
616 1326 661 1347 ne
690 1315 920 1358 expectaretis
939 1315 1139 1359 legatorum
1164 1328 1223 1348 ve·
1246 1315 1252 1373 Ι

231 1373 387 1400 strorum
405 1366 558 1399 reditum
571 1392 580 1406 ‚
608 1365 669 1410 qui
688 1365 786 1399 missi
805 1372 907 1398 erant
923 1367 967 1398 ad
993 1366 1222 1399 concitandas

231 1418 319 1451 alias
344 1417 502 1451 civitates
532 1418 700 1450 adversus
726 1413 954 1460 Philippum,
988 1428 1032 1449 ne
1059 1417 1104 1449 ad
1124 1417 1221 1460 pacis

230 1469 413 1502 faciendae
434 1481 511 1502 cum
530 1466 698 1511 Philippo
715 1467 920 1500 societatem
936 1466 1092 1512 reliquos
1112 1467 1222 1500 Grae-

231 1532 289 1553 cos
323 1518 575 1563 adiungeretis.
645 1518 830 1557 Secundo,
872 1523 911 1550 ut
941 1529 1019 1550 cum
1051 1515 1220 1562 Philippo

229 1582 304 1603 non
319 1571 427 1602 modo
445 1582 567 1614 pacem
580 1596 588 1608 ,
616 1569 677 1602 sed
695 1568 800 1601 etiam
826 1568 1031 1601 societatem
1056 1569 1222 1602 decerne-

231 1621 335 1661 retis,
363 1627 401 1654 ut
417 1621 445 1655 si
465 1620 525 1666 qui
543 1620 604 1652 alii
621 1620 748 1654 Graeci
765 1631 863 1663 spem
881 1617 1101 1659 habuerunt,
1128 1617 1221 1652 hanc

231 1672 354 1705 urbem
375 1671 551 1716 praesidio
570 1671 636 1705 sibi
654 1671 749 1710 sore,
777 1671 822 1702 ad
838 1675 1032 1703 extremam
1056 1671 1222 1715 despera-

231 1723 366 1755 tionem
391 1722 636 1766 adigerentur,
665 1733 743 1755 cum
770 1721 931 1754 viderent
956 1721 1044 1755 alios
1072 1733 1091 1754 a
1118 1721 1221 1755 nobis

231 1775 276 1806 ad
293 1774 424 1807 bellum
445 1772 635 1812 concitari,
663 1784 728 1805 nos
753 1777 871 1805 autem
896 1772 996 1805 domi
1017 1785 1091 1805 non
1110 1774 1220 1806 modo

230 1836 366 1869 pacem,
390 1825 450 1858 sed
469 1824 574 1857 etiam
592 1823 796 1858 societatem
813 1835 891 1857 cum
908 1821 1077 1868 Philippo
1094 1824 1220 1858 facere.

229 1875 354 1909 Tertio
366 1902 375 1916 ‚
402 1882 441 1909 ut
458 1887 519 1908 rex
535 1873 711 1908 Thraciae
729 1875 772 1907 ab
789 1872 854 1907 hac
870 1874 1036 1908 societate
1061 1875 1221 1909 exclude-

229 1933 347 1967 retur,
370 1933 404 1960 et
420 1927 490 1959 iam
511 1933 586 1960 erat
603 1927 772 1959 adversus
788 1937 867 1959 eum
887 1925 1108 1969 conscriptus
1123 1938 1221 1960 exer-

230 1978 329 2012 citus.
382 1978 507 2023 Neque
530 1989 615 2011 vero
641 1976 708 2011 hac
731 1977 766 2009 in
792 1989 830 2009 re
846 1978 1014 2021 peccabat
1032 1975 1220 2022 Philippus

230 2041 462 2073 corrumpens
496 2029 622 2068 istum,
662 2027 744 2075 quia
783 2035 864 2061 ante
896 2028 1143 2062 iusiurandum
1180 2040 1220 2062 ac

230 2080 356 2114 foedus
382 2080 480 2113 licuit
502 2079 533 2113 ei
558 2092 680 2124 agere,
710 2091 800 2125 quae
825 2079 863 2111 in
885 2091 959 2112 rem
977 2091 1078 2112 suam
1099 2086 1219 2117 erant;

231 2132 290 2165 sed
309 2131 359 2163 illi
375 2131 473 2175 digni
489 2137 570 2164 sunt
589 2131 745 2164 maximo
765 2129 960 2174 supplicio,
988 2130 1049 2175 qui
1064 2130 1217 2175 patriam

230 2182 469 2215 vendiderunt
482 2193 521 2215 ac
537 2183 784 2226 prodiderunt.
836 2181 928 2215 Nam
946 2181 1009 2215 iste
1025 2181 1219 2214 Alexandri

230 2231 342 2267 hostis
365 2240 399 2267 et
423 2240 506 2267 tunc
531 2231 688 2278 Philippi
713 2230 824 2266 hostis
846 2230 1124 2273 Demosthenes,
1157 2232 1219 2278 qui

230 2282 319 2317 mihi
356 2291 526 2330 tanquam
570 2285 742 2329 prorbum
781 2283 976 2316 Alexandri
1014 2284 1218 2317 societatem

231 2335 373 2375 obiicit,
400 2342 439 2369 ut
464 2335 598 2370 civitati
622 2335 849 2379 interciperet
876 2334 1098 2368 occasionem
1124 2341 1218 2368 recte

231 2387 459 2427 consulendi,
486 2388 666 2420 decretum
681 2386 840 2431 scripsit,
868 2392 907 2419 ut
929 2387 984 2419 die
1012 2392 1136 2419 octavo
1153 2386 1219 2419 Fe-

229 2437 366 2470 bruarii
409 2438 446 2470 in
480 2437 682 2482 Aesculapii
716 2438 814 2471 seriis
856 2437 979 2470 concio
1015 2435 1218 2477 haberetur,

232 2488 330 2533 quod
346 2494 448 2521 antea
466 2501 570 2522 nemo
589 2490 721 2523 factum
741 2488 915 2522 meminit.
968 2489 1017 2522 At
1041 2500 1148 2533 quam
1173 2489 1217 2522 ob

231 2538 397 2572 causam?
438 2539 506 2579 Ut,
530 2541 559 2574 si
581 2541 745 2574 venirent
766 2538 925 2584 Philippi
952 2539 1077 2583 legati,
1105 2551 1219 2584 popu-

230 2590 285 2623 lus
306 2589 424 2624 statim
450 2590 621 2624 deIIberet
641 2593 683 2625 de
707 2591 831 2636 legatis
856 2592 899 2624 ad
915 2588 1122 2635 Philippum
1139 2590 1219 2623 mit-

232 2641 367 2681 tendis,
395 2646 476 2674 ante
490 2642 644 2675 reditum
664 2649 870 2676 nostrorum
888 2642 1099 2686 legatorum.
1151 2639 1218 2674 Ita-

233 2705 301 2738 que
318 2692 526 2727 concionem
542 2691 676 2728 habens
693 2700 773 2727 ante
792 2700 944 2739 tempus,
957 2705 1033 2727 rem
1050 2692 1099 2726 ita
1115 2704 1219 2737 prae·
1241 2727 1248 2735 ,

809 105 932 142 PHIL.
964 105 1078 142 MEL.
1113 104 1315 141 SCRIPTA
1350 104 1691 142 PHILOLOGICA.

2197 106 2272 142 900

1283 190 1462 235 cipitavit‚
1503 203 1547 225 ne
1574 191 1663 225 alios
1687 191 1842 226 Graecos
1873 193 1917 225 ad
1945 191 2150 226 societatem
2175 192 2273 238 pacis

1278 241 1530 286 adiungeretis.
1593 243 1722 277 Postea
1756 250 1931 277 venerunt
1956 242 2116 288 Philippi
2146 243 2272 288 legati;

1278 293 1385 327 vestri
1404 299 1522 326 autem
1540 291 1656 327 adhuc
1674 294 1842 335 aberant,
1875 294 2171 340 concitabantque
2190 293 2272 328 reli-

1279 356 1389 389 quam
1410 343 1598 377 Graeciam
1626 346 1794 380 adversus
1811 343 2031 390 Philippum.
2082 346 2150 380 Hie
2174 345 2272 379 aliud

1279 396 1464 428 decretum
1487 395 1608 428 scribit
1630 395 1890 430 Demosthenes
1905 423 1914 437 ,
1956 398 2084 430 debere
2109 408 2173 430 vos
2195 408 2272 430 non

1277 445 1392 479 solum
1408 457 1553 490 pacem,
1580 447 1640 480 sed
1657 447 1764 480 etiam
1780 447 1984 481 societatem
2002 460 2081 481 cum
2099 445 2268 492 Philippo

1277 497 1481 536 decernere,
1498 508 1572 529 non
1592 504 1774 542 expectato
1786 499 1904 532 reditu
1918 505 2120 533 vestrorum
2135 498 2269 543 legato-

1277 559 1376 585 rum;
1419 548 1479 580 sed
1513 547 1632 581 statim
1661 555 1743 593 post
1772 547 2009 583 Bacchanalia
2042 550 2098 583 die
2128 550 2268 583 decimo

1278 604 1403 631 octavo
1422 610 1462 631 ac
1488 598 1626 632 decimo
1652 611 1762 633 nono.
1830 600 1937 646 Quod
1963 607 2081 635 autem
2105 612 2190 635 vera
2215 600 2268 634 di-

1277 661 1354 682 cam
1370 675 1379 688 ,
1408 649 1526 682 audite
1548 650 1701 685 decreta.

1380 699 1469 733 Cum
1494 700 1602 744 igitur
1626 707 1707 745 post
1732 698 1969 735 Bacchanalia
1996 702 2184 736 conciones
2206 700 2269 735 ha-

1276 750 1447 784 berentur
1458 778 1467 792 ,
1495 751 1533 784 in
1551 751 1672 795 priore
1688 752 1858 785 concione
1873 753 2001 787 lectum
2020 759 2072 787 est
2086 754 2267 787 decretum

1278 801 1334 834 die
1361 802 1497 835 decima
1517 809 1640 835 octava
1653 829 1662 843 ,
1689 804 1786 849 quod
1804 803 1918 838 socios
1934 804 2040 837 etiam
2059 804 2269 848 complecte-

1276 852 1403 893 batur,
1447 854 1545 887 cuius
1577 854 1693 898 capita
1726 854 1882 887 breviter
1912 855 2113 889 recensebo.
2188 854 2269 888 Pri-

1276 916 1375 936 mum
1393 904 1487 937 enim
1506 905 1725 945 censuimus,
1753 912 1792 938 ut
1813 906 1855 939 de
1874 917 1959 950 pace
1983 912 2124 939 tantum
2149 917 2268 950 agere—

1277 960 1355 995 tur,
1382 955 1560 988 societatis
1577 967 1662 989 vero
1680 956 1776 989 nulla
1794 957 1929 990 mentio
1948 958 2067 998 fieret,
2094 969 2169 990 non
2190 957 2269 1003 qui-

1277 1006 1357 1038 dem
1385 1006 1584 1046 oblivione,
1627 1007 1687 1040 sed
1717 1007 1799 1052 quia
1827 1019 1897 1052 pax
1927 1008 2035 1041 etiam
2068 1007 2267 1042 necessaria

1276 1056 1407 1100 magis,
1430 1070 1538 1103 quam
1555 1055 1704 1091 honesta
1721 1057 1922 1093 videbatur.
1975 1058 2114 1093 Deinde
2137 1065 2177 1093 ut
2193 1071 2268 1093 me-

1277 1108 1444 1141 deremur
1487 1108 1697 1153 corruptelis
1737 1108 1989 1144 Demosthenis
2005 1136 2015 1150 ,
2066 1110 2268 1145 addidimus

1277 1159 1418 1192 decreto
1430 1186 1439 1199 ,
1455 1165 1507 1199 ut,
1526 1160 1685 1205 quisquis
1701 1159 1920 1194 Graecorum
1938 1161 2044 1194 vellet
2059 1161 2104 1194 ad
2119 1161 2266 1195 societa-

1276 1216 1347 1242 tem
1373 1210 1448 1244 eius
1471 1210 1624 1245 foederis
1651 1211 1817 1255 adiungi,
1845 1212 1938 1245 intra
1965 1219 2036 1246 tres
2057 1224 2195 1246 menses
2219 1212 2268 1245 ei-

1277 1261 1357 1294 dem
1375 1261 1561 1295 columnae
1587 1262 1849 1297 inscriberetur.
1901 1262 1952 1296 Ita
1982 1264 2068 1296 duas
2093 1263 2266 1297 maximas

1276 1324 1330 1345 res
1364 1312 1606 1355 providimus,
1648 1313 1818 1353 alteram,
1862 1319 1901 1346 ut
1933 1313 2123 1354 trimestri,
2170 1314 2268 1360 quod

1276 1368 1415 1406 tempus
1438 1363 1596 1396 sufficere
1625 1363 1832 1403 videbatur,
1866 1363 1988 1397 liceret
2015 1364 2093 1398 aliis
2121 1364 2267 1398 Graecis

1275 1424 1310 1446 se
1334 1412 1518 1447 nobiscum
1544 1414 1778 1458 coniungere,
1806 1414 1976 1454 alteram,
2003 1427 2048 1448 ne
2068 1414 2192 1449 civitas
2208 1415 2268 1448 de-

1276 1469 1388 1503 serta,
1417 1476 1457 1496 ac
1473 1464 1547 1498 sine
1565 1465 1723 1505 auxiliis,
1752 1471 1937 1509 cogeretur
1954 1465 2028 1499 sola
2051 1466 2184 1499 bellum
2208 1477 2266 1510 ge-

1275 1525 1373 1553 rere,
1401 1514 1430 1547 si
1455 1515 1579 1548 foedus
1603 1527 1677 1548 non
1707 1522 1927 1556 servaretur,
1963 1516 1999 1549 id
2023 1517 2120 1562 quod
2141 1522 2267 1561 postea

1276 1564 1424 1605 accidit,
1452 1572 1576 1599 autore
1600 1564 1853 1601 Demosthene.
1906 1566 2014 1611 Quod
2037 1574 2155 1601 autem
2180 1579 2265 1600 vera

1275 1615 1412 1656 dicam,
1439 1629 1480 1649 ex
1503 1617 1580 1661 ipso
1601 1618 1744 1651 decreto
1772 1618 2002 1662 cognoscetis.
2054 1619 2171 1664 Atque
2195 1616 2266 1666 hoc

1276 1667 1456 1699 decretum
1489 1668 1604 1701 fateor
1640 1681 1696 1701 me
1729 1669 1920 1713 probasse,
1959 1675 1993 1702 et
2028 1681 2171 1710 omnes,
2205 1669 2268 1715 qui

1275 1717 1396 1762 priore
1416 1719 1587 1752 concione
1605 1720 1818 1753 sententiam
1836 1719 2002 1754 diximus.

1375 1768 1474 1802 Abiit
1496 1770 1615 1815 itaque
1637 1771 1790 1815 populus
1816 1783 1894 1804 cum
1912 1768 1979 1804 hac
1997 1769 2186 1815 opinione,
2212 1771 2267 1804 fu-

1275 1825 1393 1852 turam
1413 1832 1485 1854 esse
1502 1833 1637 1865 pacem.
1691 1821 1745 1855 De
1760 1822 1946 1862 societate,
1973 1821 2196 1856 existimabat
2212 1833 2267 1855 sa-

1275 1869 1345 1903 tius
1378 1883 1470 1912 esse,
1504 1873 1639 1905 nullam
1674 1873 1751 1906 fieri
1780 1873 2020 1913 mentionem,
2062 1878 2265 1917 propterea,

1275 1922 1372 1966 quod
1388 1929 1490 1956 erant
1506 1923 1612 1967 legati
1628 1924 1748 1964 missi,
1776 1923 1837 1969 qui
1851 1924 2008 1969 reliquos
2025 1923 2180 1958 Graecos
2196 1923 2266 1957 sol-

1273 1972 1452 2007 licitarent
1468 1975 1512 2007 ad
1531 1975 1664 2008 bellum
1687 1975 1911 2008 inferendum
1926 1972 2114 2019 Philippo,
2142 1980 2176 2007 et
2199 1987 2265 2019 pu-

1274 2023 1372 2056 tabat
1396 2038 1460 2059 nos
1485 2026 1640 2059 facturos
1671 2038 1743 2060 esse
1773 2026 1975 2059 societatem
2008 2038 2086 2059 cum
2119 2025 2265 2071 reliquis

1274 2074 1429 2110 Graecis.
1469 2076 1550 2110 Nox
1564 2076 1780 2116 intercessit,
1803 2076 1974 2120 postridie
1992 2088 2113 2111 rursus
2128 2076 2165 2109 in
2181 2089 2265 2110 con—

1273 2125 1413 2160 cionem
1434 2128 1615 2166 venimus;
1650 2128 1699 2161 ibi
1716 2125 1975 2162 Demosthenes
1992 2139 2168 2172 occupans
2184 2140 2263 2172 sug-

1274 2183 1430 2220 gestum,
1464 2185 1498 2212 et
1528 2179 1617 2213 nulli
1646 2179 1764 2213 locum
1788 2178 1930 2212 dicendi
1953 2180 2168 2220 concedens,
2208 2179 2263 2211 in-

1273 2228 1370 2273 quit,
1410 2242 1484 2263 non
1513 2231 1710 2263 conducere
1741 2242 1778 2263 ea
1799 2256 1808 2270 ‚
1852 2242 1943 2276 quae
1974 2228 2053 2263 heri
2085 2230 2177 2263 dicta
2211 2241 2262 2264 es-

1272 2285 1374 2320 sent,
1414 2293 1478 2315 nec
1505 2279 1663 2325 Philippi
1697 2281 1820 2325 legatis
1854 2281 2062 2326 persuaderi
2096 2281 2155 2314 illa
2182 2293 2263 2326 pos-

1273 2343 1328 2371 se,
1371 2344 1414 2365 ne
1453 2345 1488 2367 se
1524 2333 1666 2378 quidem
1700 2333 1855 2377 probare
1884 2344 2008 2377 pacem
2044 2333 2118 2366 sine
2153 2332 2264 2366 socie-

1273 2388 1364 2423 tate,
1400 2390 1433 2417 et
1460 2384 1610 2427 negabat
1638 2384 1828 2417 convenire
1857 2382 2021 2428 (memini
2049 2383 2142 2416 enim
2178 2395 2263 2428 pro—

1272 2439 1350 2477 pter
1384 2435 1484 2468 verbi
1516 2435 1709 2482 duritiem)
1754 2435 1920 2479 abrumpi
1947 2447 2070 2479 pacem
2103 2446 2122 2467 a
2150 2434 2260 2468 socie·-

1274 2491 1364 2525 tate,
1390 2486 1620 2531 dicebatque,
1654 2498 1729 2519 non
1756 2498 1828 2520 esse
1860 2486 2016 2519 Graecos
2040 2491 2260 2524 constantes;

1272 2537 1332 2570 sed
1367 2537 1461 2571 solos
1496 2549 1561 2571 nos
1597 2544 1659 2571 aut
1692 2538 1818 2571 debere
1855 2537 1986 2571 bellum
2022 2548 2163 2581 gerere,
2197 2542 2259 2569 aut

1272 2599 1395 2632 pacem
1419 2589 1546 2622 facere.
1614 2589 1801 2623 Postremo
1816 2615 1825 2630 ,
1856 2588 2086 2633 Antipatrum
2111 2588 2156 2619 ad
2180 2598 2262 2631 sug-

1272 2645 1408 2683 gestum
1431 2645 1553 2680 vocat,
1587 2646 1620 2673 et
1643 2640 1857 2684 interrogat;
1891 2641 1951 2673 sed
1974 2639 2048 2683 ipse
2079 2645 2181 2672 antea
2207 2637 2261 2671 di-

1273 2697 1429 2724 ctaverat
1446 2691 1496 2732 ei,
1523 2691 1609 2737 quid
1632 2692 1846 2736 respondere
1871 2703 1949 2725 eum
1971 2691 2139 2725 adversus
2161 2688 2260 2722 urbis
