2351 2990
112 121 191 160 657
259 120 384 159 XXXI.
430 119 714 158 ENARRATIO
736 118 866 154 LIBRI
887 121 930 156 X.
950 119 1342 156 INSTITUTIONUM
1368 119 1667 157 ORATORIAR.
1692 121 2004 167 QUINTILIANI.

212 207 243 254 ἓ.
262 209 321 244 11.
349 211 439 244 Sunt
461 209 531 243 αἶῖα
542 206 615 255 15)]
642 207 775 242 scilicet
797 220 1011 253 synonyma.
1063 206 1104 241 In

106 261 208 306 copia
239 261 503 295 observandum
535 265 606 300 est,
647 265 687 293 ut
714 259 786 293 sint
815 272 1015 305 synonyma
1044 266 1106 293 aut

105 310 351 357 metaphorica
374 312 506 346 scilicet
529 323 749 356 synonyma,
789 318 823 344 et
851 324 891 344 ex
925 310 993 344 hoc
1024 312 1104 344 loco

105 364 256 409 sumpsit
286 364 444 409 primum
471 362 604 395 librum
641 363 684 395 de
717 361 829 407 Copia
859 362 1030 396 Erasmus
1046 362 1104 409 l⁶).

104 416 199 451 Nam
231 421 327 449 totus
358 414 422 448 iste
449 414 540 447 liber
562 415 605 447 de
632 413 745 458 Copia
768 420 873 447 natus
897 421 949 448 est
974 427 1015 447 ex
1036 412 1105 447 hoc

106 468 199 501 loco.

208 515 238 561 ἓ.
256 518 314 552 12.
341 518 432 550 Nam
451 514 533 563 per]
569 514 755 550 Interdum
782 516 949 561 proprie,
993 515 1104 548 inter-

103 570 188 602 dum
207 570 354 612 figurate
371 567 575 612 loquimur,
602 567 693 601 sicut
710 569 846 613 primus
866 568 956 601 liber
972 569 1015 600 de
1034 567 1103 600 Co-

102 620 160 664 pia
179 619 323 653 Erasmi
341 620 447 651 docet
460 619 554 652 idem
575 619 727 654 variare.

206 669 236 715 §.
257 668 315 704 15.
343 672 413 705 Sed
434 675 470 704 ut
497 668 612 717 copia]
647 670 710 704 Est
736 671 832 704 aliud
858 676 1103 715 praeceptum,

101 734 177 755 non
194 728 336 756 tantum
356 722 464 754 verba
483 722 689 756 observabis
706 723 743 755 in
762 722 927 762 lectione,
955 722 1017 754 sed
1034 733 1102 760 res,

101 779 137 807 et
157 773 239 808 alia.
318 770 492 820 Paratur]
519 773 652 806 scilicet
668 774 819 818 legendo
836 774 893 806 vel
911 773 1102 805 audiendo.

104 823 280 873 Omnium]
295 824 428 858 scilicet
443 824 661 858 inventionis
679 832 712 858 et
726 823 983 869 dispositionis,
1001 822 1103 869 quasi

102 876 254 909 diceret:
283 876 362 920 plus
381 876 501 908 valent
517 877 677 920 exempla
692 876 854 909 lectionis
874 887 981 921 quam
1001 886 1103 920 prae-

104 934 217 972 cepta.
296 925 484 973 Exempla]
512 927 645 960 scilicet
661 939 752 972 quae
769 927 937 971 leguntur
960 927 1016 959 vel
1041 938 1104 959 au-

104 979 264 1012 diuntur.
316 977 489 1022 Exempla
507 978 711 1022 potentiora
727 985 829 1018 sunt,
858 984 893 1011 et
908 978 1022 1022 magis
1041 978 1103 1010 do—

102 1035 195 1069 cent,
223 1040 333 1074 quam
350 1028 449 1072 ipsae
467 1035 571 1062 artes.
629 1027 849 1077 Traduntur]
873 1029 1007 1063 scilicet
1022 1041 1103 1062 cum

101 1087 292 1126 praecepta
310 1078 379 1112 hoc
396 1081 610 1121 effecerunt,
644 1087 684 1114 ut
700 1081 853 1114 aliorum
872 1081 1033 1125 exempla
1050 1079 1103 1112 in-

101 1131 214 1176 telligi
247 1131 396 1175 possint.
521 1133 646 1166 Orator
680 1130 844 1179 ostendit]
889 1132 1104 1171 Discrimen,

100 1191 224 1218 utrum
241 1183 287 1217 sit
307 1182 481 1216 efficacius
498 1183 635 1227 legere,
672 1195 718 1215 an
740 1184 876 1217 audire.
936 1183 984 1217 Es
1010 1184 1104 1216 lebet

104 1236 202 1269 alles.

210 1283 240 1330 ἓ.
262 1284 321 1319 16.
349 1285 432 1319 Alia
448 1282 543 1331 vero]
562 1284 615 1317 De
634 1284 788 1317 utilitate
804 1285 987 1318 audiendi.
1026 1284 1103 1329 Ego

103 1336 344 1372 animadverti
361 1342 396 1369 et
411 1336 449 1369 in
462 1348 519 1368 me
534 1335 612 1380 ipso
628 1335 712 1369 etin
726 1336 804 1370 aliis
822 1334 1105 1383 (inquitPhilip-

103 1389 187 1435 pus)
203 1389 283 1432 plus
302 1388 470 1432 prodesse
495 1387 615 1420 vivam
640 1399 785 1428 vocem,
821 1401 930 1434 quain
953 1394 1104 1422 mutam.

104 1437 299 1486 Adiuvant]
339 1438 492 1472 Auditus
524 1438 645 1471 omnia
675 1439 790 1473 docet.
874 1437 1031 1487 Spiritu]
1068 1439 1105 1472 id

106 1498 178 1533 est,
204 1497 290 1523 vna.

208 1540 239 1586 ἓ.
258 1539 317 1575 17,
344 1542 387 1574 In
406 1538 564 1588 lectione]
592 1539 646 1573 De
674 1540 827 1574 utilitate
851 1541 1035 1582 lectionis,
1072 1548 1106 1575 et

80 1591 84 1594 i
105 1606 196 1641 quae
220 1593 369 1637 legenda
393 1592 475 1626 sint.
569 1590 784 1639 Gorroyatis]
816 1593 949 1627 scilicet
973 1606 1105 1627 convo-

106 1645 204 1680 catis.

209 1694 241 1740 ἓ.
259 1694 319 1729 19.
353 1692 576 1742 Repetamus]
611 1695 806 1740 Quomodo
829 1696 1020 1740 legendum
1047 1696 1105 1736 sit,

106 1748 208 1794 quasi
224 1746 374 1780 diceret:
404 1745 527 1779 Lectio
551 1758 626 1779 non
652 1748 758 1780 debet
782 1760 855 1781 esse
879 1748 1009 1787 cruda,
1043 1748 1105 1781 sed

106 1800 196 1835 sicut
226 1799 345 1832 cibum
377 1809 631 1842 praemansum
662 1798 882 1832 traducimus
910 1799 948 1831 in
974 1805 1107 1832 stoma-

107 1849 234 1891 chum,
262 1851 311 1883 ita
333 1849 439 1882 etiam
456 1849 646 1892 legendum
666 1856 718 1883 est
733 1849 1013 1894 diligentissime.

211 1900 241 1946 ἓ.
259 1902 321 1937 20.
347 1902 528 1935 Βονὶὒεηιίἰ
542 1900 822 1949 sollicitudinem]
848 1902 883 1934 id
903 1908 965 1942 est,
993 1902 1106 1935 debeo

108 1953 276 1987 inducere
295 1952 572 1986 sollicitudinem
591 1953 788 1986 scribentis.
867 1951 1106 2001 Occulrantur]

109 2005 213 2051 quasi
243 2004 396 2037 diceret:
440 2005 586 2049 quando
618 2004 704 2048 legis
740 2004 898 2050 aliquam
925 2004 1107 2039 Ciceronis

111 2057 331 2095 orationem,
373 2056 478 2089 debes
504 2055 681 2099 cogitare,
724 2056 811 2101 quid
833 2054 1000 2089 habuerit
1025 2069 1108 2089 con-

111 2107 201 2147 silii,
236 2113 271 2140 et
293 2105 379 2152 quid
400 2113 439 2140 tu
463 2118 502 2140 ea
529 2108 572 2140 de
597 2119 634 2140 re
660 2107 819 2142 dicturus
841 2120 952 2148 esses,
988 2107 1017 2142 si
1044 2108 1109 2141 tibi

111 2158 303 2192 dicendum
328 2164 390 2192 aut
410 2158 636 2192 scribendum
663 2165 764 2193 esset.
821 2159 977 2205 Quando
1001 2159 1109 2204 igitur

110 2208 221 2244 habes
246 2209 403 2254 aliquam
428 2209 630 2243 orationem
654 2211 746 2244 bene
770 2217 918 2252 notam,
951 2217 1027 2244 tum
1051 2211 1110 2244 de-

111 2263 173 2295 bes
197 2273 274 2294 eam
300 2260 488 2304 diligenter
510 2262 686 2307 relegere,
714 2269 748 2296 et
767 2262 907 2303 videre,
932 2262 1018 2308 quid
1035 2274 1110 2295 ma-

113 2314 207 2347 xime
229 2313 274 2345 ad
297 2312 535 2346 imitationem
558 2314 684 2358 prosit.
747 2314 819 2348 Sub
849 2314 1110 2348 declamatione

114 2363 282 2408 intelligit
305 2365 584 2408 extemporalem
609 2366 816 2400 dictionem.
870 2366 1021 2399 Homini
1044 2366 1112 2398 im-

114 2416 231 2462 perito
262 2414 428 2449 videntur
458 2416 627 2460 epistolae
659 2417 841 2452 Ciceronis
871 2424 992 2452 mutae
1026 2429 1112 2458 esse,

116 2467 178 2514 qui
192 2467 335 2511 ignorat
356 2467 578 2502 conditiones
602 2475 806 2514 temporum
835 2475 869 2503 et
893 2476 1023 2504 statum
1046 2468 1113 2502 rei-

116 2519 301 2564 publicae,
335 2530 410 2551 non
429 2525 546 2563 potest
570 2521 769 2565 perspicere
796 2522 1008 2566 gravitatem
1032 2532 1114 2554 ora-

116 2570 224 2604 tionis
250 2575 284 2603 et
309 2570 581 2606 sententiarum.
645 2572 721 2617 Ego
747 2571 882 2620 (inquit
906 2571 1114 2627 Philippus)

157 2695 204 2723 15)
223 2696 297 2720 Sunt
319 2695 398 2725 alta]
418 2696 488 2727 apud
508 2695 636 2726 Quintil.:
661 2698 737 2722 Sunt
755 2699 851 2724 autem
869 2699 940 2724 alia.

156 2744 203 2775 16)
221 2745 301 2771 conf.
319 2746 398 2771 huius
419 2746 503 2778 corp.
522 2748 645 2774 Reform.
665 2748 728 2773 Vol.
748 2748 823 2774 XVI.
843 2756 870 2780 p.
885 2749 947 2775 807.
966 2750 1033 2774 nota
1049 2750 1074 2776 1.

123 2789 310 2821 numm.
329 2789 435 2821 opnn.
466 2790 552 2823 Vol..
569 2791 675 2823 XVII.

2077 121 2153 159 658

1157 208 1306 253 perinde
1330 207 1456 241 videor
1479 207 1601 240 videre
1626 205 1736 248 mihi,
1777 221 1867 254 quae
1892 209 2032 243 Rornae
2056 216 2153 254 gesta

1157 266 1239 294 sunt
1256 272 1297 292 eo
1317 265 1499 304 tempore,
1527 272 1606 292 cum
1626 259 1704 303 lego
1731 260 1899 304 epistolas
1922 262 2020 302 illas,
2057 274 2097 295 ac
2123 261 2154 296 si

1158 311 1230 344 iam
1246 312 1352 344 rebus
1369 311 1453 355 ipsis
1470 311 1688 345 interessem.

1262 361 1293 407 ἓ.
1308 362 1369 398 24.
1396 365 1513 408 Neque
1529 364 1564 396 id
1579 360 1716 410 statim]
1743 363 1855 396 Addit
1872 362 2007 408 aliquid
2032 365 2073 397 de
2099 364 2154 398 iu-

1157 413 1262 448 dicio.
1315 414 1467 447 Etiamsi
1486 414 1579 446 enim
1598 427 1707 458 genus
1726 414 1899 448 orationis
1916 414 1952 447 in
1970 422 2154 459 praestan-

1157 465 1301 499 tissimis
1324 465 1429 499 rebus
1453 466 1668 509 probamus,
1710 472 1830 499 tamen
1853 472 1886 499 et
1909 478 1965 500 res
1987 473 2069 500 sunt
2093 467 2155 499 ob-

1156 518 1363 551 servandae.
1418 516 1542 549 Cicero
1561 529 1578 548 a
1604 517 1722 561 pueris
1740 518 1954 551 assuefactus
1971 524 2022 551 est
2040 518 2156 562 magis

1156 568 1295 601 Stoicae
1312 566 1583 612 philosophiae,
1610 581 1718 613 quam
1734 568 1984 610 Academicae,
2005 567 2073 603 hoc
2091 576 2154 610 est,

1156 631 1260 652 verae
1279 617 1540 663 philosophiae.
1594 618 1748 665 Ideoque
1766 621 1876 653 multa
1895 627 1977 654 sunt
1995 621 2032 653 in
2055 621 2154 654 Cice—

1155 670 1255 703 ronis
1271 668 1499 714 philosophia
1511 697 1520 710 ‚
1546 683 1636 715 quae
1654 683 1727 704 non
1745 678 1826 704 sunt
1843 672 2042 716 probanda.
2092 672 2153 705 Se-

1155 733 1242 754 neca
1261 719 1370 754 habet
1384 721 1513 754 multas
1529 721 1642 755 bonas
1657 723 1788 766 figuras
1804 729 1838 755 et
1851 724 2064 763 sententias,
2091 724 2153 757 sed

1155 779 1239 806 sunt
1255 784 1367 817 paene
1387 773 1531 806 confusa
1551 779 1585 805 et
1604 774 1714 806 multa
1733 773 1808 806 sine
1828 775 1953 808 ordine
1973 782 2153 819 congesta,

1156 831 1190 857 et
1203 836 1331 868 parum
1352 821 1600 864 cohaerentia,
1627 825 1716 858 sicut
1732 837 1852 859 arena.
1902 824 2049 859 Interim
2071 833 2154 860 sunt

1156 882 1190 908 et
1220 875 1257 908 in
1287 888 1329 909 eo
1360 876 1494 909 multae
1524 876 1699 909 absurdae
1726 882 1759 909 et
1782 876 1921 910 Stoicae
1944 878 2154 918 sententiae,

1156 939 1248 973 quae
1279 927 1379 960 nullo
1408 928 1516 960 modo
1545 928 1754 971 probandae
1786 935 1879 962 sunt.
1946 928 2155 963 Aristoteles

1155 979 1222 1012 fuit
1240 985 1363 1012 acutus
1381 985 1415 1011 et
1432 979 1603 1022 diligens,
1630 980 1691 1013 sed
1721 981 1896 1025 quaedam
1919 981 2092 1025 relinquit
2116 980 2155 1013 in

1156 1030 1344 1064 scribendo
1364 1030 1570 1075 imperfecta
1595 1037 1629 1063 et
1651 1031 1774 1065 mutila
1799 1031 1836 1064 in
1863 1032 2067 1072 sententiis,
2103 1031 2154 1065 ita

1155 1088 1196 1115 ut
1213 1082 1314 1114 oneri
1331 1082 1471 1116 cessisse
1488 1082 1556 1116 dici
1573 1083 1703 1126 possit,
1730 1094 1805 1115 non
1826 1089 1877 1116 est
1897 1083 2156 1128 indiligentiae,

1156 1134 1218 1167 sed
1235 1140 1364 1167 natura
1383 1135 1496 1168 factus
1512 1140 1564 1167 est
1581 1135 1625 1167 ad
1643 1134 1751 1167 breve
1766 1134 1907 1168 dicendi
1925 1147 2047 1179 genus.
2081 1135 2155 1168 Pli-

1156 1185 1237 1218 nius
1260 1192 1312 1218 est
1336 1192 1460 1219 acutus
1485 1192 1519 1218 et
1541 1185 1671 1220 brevis.
1732 1185 1935 1232 Utrumque
1961 1193 2011 1219 est
2035 1198 2157 1230 repre-

1156 1234 1407 1277 hendendum,
1451 1237 1534 1282 quia
1564 1236 1649 1270 facit
1673 1237 1874 1270 orationem
1898 1238 2156 1272 obscuriorem.

1157 1288 1344 1332 Quaedam
1359 1295 1442 1321 sunt
1458 1289 1552 1321 bona
1572 1288 1609 1320 in
1627 1300 1688 1330 eo,
1716 1290 1776 1323 sed
1802 1289 1888 1322 vitia
1914 1289 2052 1323 facilius
2075 1289 2156 1322 imi-

1158 1346 1297 1379 tamur,
1326 1352 1433 1384 quam
1454 1340 1615 1374 virtutes.

1262 1389 1292 1435 §-
1307 1391 1369 1426 27.
1404 1389 1615 1438 Plurimum]
1645 1391 1811 1436 Quatuor
1833 1398 2064 1425 recensentur
2087 1391 2157 1425 uti-

1157 1441 1274 1476 litates
1297 1443 1478 1476 carminis.
1544 1443 1667 1476 Prima
1691 1449 1761 1483 est,
1802 1444 1900 1489 quod
1923 1444 2052 1476 efficiat
2075 1455 2157 1488 per-

1157 1494 1268 1528 fectos
1292 1494 1557 1538 grammaticos.
1616 1494 1777 1528 Secunda
1802 1501 1872 1535 est,
1909 1496 2006 1540 quod
2031 1495 2159 1528 afferat

1158 1545 1299 1590 copiam
1323 1545 1362 1578 in
1385 1546 1549 1580 dicendo.
1607 1546 1730 1579 Tertia
1754 1552 1822 1586 est,
1859 1547 1956 1591 quod
1978 1558 2158 1592 nusquam

1157 1597 1304 1638 melius,
1332 1610 1440 1643 quam
1459 1610 1500 1631 ex
1518 1597 1688 1638 carmine,
1717 1597 1865 1642 intelligi
1884 1604 2044 1641 possunt,
2071 1597 2159 1643 quid

1158 1649 1229 1683 sint
1243 1650 1377 1693 figurae
1394 1656 1429 1683 et
1445 1649 1586 1682 venusti
1606 1656 1722 1693 gestus
1740 1650 1778 1682 in
1795 1649 1971 1684 oratione.
2016 1650 2157 1695 Quarta

1159 1706 1230 1740 est,
1273 1702 1370 1746 quod
1395 1713 1513 1734 mores
1547 1700 1655 1733 etiam
1688 1702 1779 1734 fiunt
1808 1701 1891 1734 inde
1921 1701 2089 1735 meliores
2124 1707 2160 1735 et

1158 1752 1392 1786 venustiores.
1456 1751 1609 1785 Carmen
1626 1758 1677 1785 est
1695 1753 1913 1786 destinatum
1932 1754 1978 1785 ad
1997 1753 2157 1798 aliquam

1159 1815 1353 1848 pompam,
1381 1810 1415 1836 et
1438 1803 1598 1848 disputat
1612 1803 1820 1843 Pontanus,
1855 1804 1962 1836 finem
1989 1804 2158 1838 carminis

1161 1867 1233 1889 esse
1253 1855 1542 1889 admirationem.
1621 1853 1834 1902 Lectionem]
1862 1854 1939 1888 Hoc
1965 1855 2045 1888 loco
2072 1856 2159 1889 dicit

1158 1906 1290 1940 Fabius
1315 1907 1358 1939 de
1383 1907 1541 1950 legendis
1565 1906 1693 1951 poetis.
1796 1904 1971 1954 Spiritus]
2013 1919 2048 1941 es
2077 1920 2158 1942 mus

1161 1964 1258 1992 ernst
1274 1960 1349 1992 und
1365 1956 1501 1992 herlich
1518 1958 1605 1992 sein.
1659 1958 1792 1991 Poetae
1812 1957 1907 1990 enim
1934 1956 2067 1992 habent
2088 1971 2159 2000 res,

1160 2011 1268 2043 verba
1289 2016 1323 2043 et
1340 2010 1496 2044 affectus.
1556 2008 1815 2043 Iucundissima
1841 2009 1950 2053 igitur
1975 2017 2027 2044 est
2050 2011 2157 2045 lectio

1160 2068 1382 2107 poematum.
1460 2063 1709 2107 Praecipueque
1723 2058 1827 2108 velut]
1854 2061 1908 2094 De
1926 2063 2121 2107 voluptate.

1265 2111 1295 2157 ᾗ.
1312 2113 1374 2149 28.
1402 2111 1685 2160 Meminerimus]
1721 2112 1775 2146 De
1802 2113 1947 2147 iudicio.
2031 2117 2160 2149 Patro-

1161 2162 1270 2212 cim'o]
1307 2165 1408 2210 quasi
1432 2165 1581 2198 diceret:
1622 2171 1750 2209 poetae
1783 2171 2014 2206 excusantur,
2060 2167 2160 2212 quod

1161 2216 1342 2249 interdum
1360 2223 1508 2249 utantur
1524 2215 1694 2249 inusitato
1714 2228 1841 2260 genere
1859 2217 2046 2257 sermonis,
2075 2217 2160 2263 quia

1163 2267 1234 2302 sint
1257 2267 1393 2312 alligati
1416 2268 1520 2302 certis
1545 2268 1707 2312 pedibus.
1799 2270 1872 2301 Nos
1896 2266 1989 2315 vero]
2025 2268 2158 2302 scilicet

1164 2325 1326 2353 oratores
1345 2321 1388 2352 de
1404 2321 1509 2353 rebus
1527 2318 1627 2353 seriis
1644 2319 1756 2364 loqui.

1269 2369 1299 2414 §-
1316 2371 1378 2405 30.
1404 2373 1520 2417 Neque
1537 2368 1613 2417 eyo]
1641 2370 1742 2416 quasi
1760 2368 1909 2402 diceret:
1938 2375 2060 2403 tamen
2079 2382 2159 2404 ora-

1165 2423 1215 2456 tio
1244 2434 1320 2455 non
1355 2422 1460 2455 debet
1481 2433 1553 2456 esse
1577 2422 1765 2461 inornata,
1807 2421 1869 2454 sed
1893 2422 2159 2466 propemodum

1165 2485 1307 2520 poema.

1270 2523 1300 2569 §-
1318 2525 1379 2559 31.
1404 2521 1580 2570 Historia]
1607 2521 1661 2555 De
1678 2520 1826 2556 historia
1842 2523 2004 2568 legenda.
2056 2523 2162 2558 Vete-

1166 2589 1222 2611 res
1245 2583 1365 2610 autem
1386 2573 1548 2608 historici
1568 2580 1651 2608 sunt
1671 2574 1972 2620 eloquentissimi,
1998 2574 2088 2609 sicut
2103 2574 2165 2608 Li-

1168 2629 1246 2662 vius
1272 2627 1519 2661 floridissimus
1543 2631 1577 2658 et
1600 2625 1877 2670 copiosissimus.
1978 2624 2164 2674 Vitandas]

1169 2678 1271 2726 quasi
1298 2679 1449 2712 diceret:
1493 2677 1670 2724 quaedam
1694 2678 1799 2712 debet
1826 2690 1899 2712 esse
1930 2679 2044 2722 magis
2071 2677 2164 2712 seria

1170 2730 1286 2765 oratio
1309 2730 1347 2763 in
1368 2731 1447 2763 soro
1473 2736 1508 2763 et
1532 2727 1688 2764 rhetore.
1766 2731 1823 2764 Ad
1837 2734 1947 2764 actum
1963 2727 2036 2778 rei]
2063 2728 2162 2762 Haec

1551 2779 1602 2816 42
