<?xml version="1.0" encoding="UTF-8"?>
<!DOCTYPE html PUBLIC "-//W3C//DTD XHTML 1.0 Transitional//EN"
    "http://www.w3.org/TR/xhtml1/DTD/xhtml1-transitional.dtd">
<html xmlns="http://www.w3.org/1999/xhtml" xml:lang="en" lang="en">
 <head>
  <title>
</title>
<meta http-equiv="Content-Type" content="text/html;charset=utf-8" />
  <meta name='ocr-system' content='tesseract 3.04.00' />
  <meta name='ocr-capabilities' content='ocr_page ocr_carea ocr_par ocr_line ocrx_word'/>
</head>
<body>
  <div class='ocr_page' id='page_1' title='image "./operaquaesupersu17melauoft/operaquaesupersu17melauoft_0513.png"; bbox 0 0 2351 2990; ppageno 0'>
   <div class='ocr_carea' id='block_1_1' title="bbox 147 116 492 153">
    <p class='ocr_par' dir='ltr' id='par_1_1' title="bbox 147 116 492 153">
     <span class='ocr_line' id='line_1_1' title="bbox 147 116 492 153; baseline 0 0"><span class='ocrx_word' id='word_1_1' title='bbox 147 118 243 153; x_wconf 87' lang='lat'>1001</span> <span class='ocrx_word' id='word_1_2' title='bbox 402 116 492 153; x_wconf 89' lang='lat' dir='ltr'>XLI.</span> 
     </span>
    </p>
   </div>
   <div class='ocr_carea' id='block_1_2' title="bbox 548 115 1935 154">
    <p class='ocr_par' dir='ltr' id='par_1_2' title="bbox 548 115 1935 154">
     <span class='ocr_line' id='line_1_2' title="bbox 548 115 1935 154; baseline 0.002 -3"><span class='ocrx_word' id='word_1_3' title='bbox 548 116 948 153; x_wconf 81' lang='lat' dir='ltr'><strong>INTERPRETATIO</strong></span> <span class='ocrx_word' id='word_1_4' title='bbox 974 115 1217 152; x_wconf 82' lang='lat' dir='ltr'>LUCIANICI</span> <span class='ocrx_word' id='word_1_5' title='bbox 1242 115 1446 152; x_wconf 89' lang='lat' dir='ltr'><strong>ENCOMII</strong></span> <span class='ocrx_word' id='word_1_6' title='bbox 1472 116 1520 152; x_wconf 89' lang='lat' dir='ltr'>IN</span> <span class='ocrx_word' id='word_1_7' title='bbox 1549 116 1935 154; x_wconf 84' lang='lat' dir='ltr'>DEMOSTHENEM.</span> 
     </span>
    </p>
   </div>
   <div class='ocr_carea' id='block_1_3' title="bbox 2095 124 2194 159">
    <p class='ocr_par' dir='ltr' id='par_1_3' title="bbox 2095 124 2194 159">
     <span class='ocr_line' id='line_1_3' title="bbox 2095 124 2194 159; baseline 0.02 -2"><span class='ocrx_word' id='word_1_8' title='bbox 2095 124 2112 157; x_wconf 90' lang='lat'>1</span> <span class='ocrx_word' id='word_1_9' title='bbox 2119 124 2194 159; x_wconf 79' lang='lat'>002</span> 
     </span>
    </p>
   </div>
   <div class='ocr_carea' id='block_1_4' title="bbox 289 218 2049 321">
    <p class='ocr_par' dir='ltr' id='par_1_4' title="bbox 289 218 2049 321">
     <span class='ocr_line' id='line_1_4' title="bbox 289 218 2049 260; baseline 0.001 -2"><span class='ocrx_word' id='word_1_10' title='bbox 289 219 669 258; x_wconf 82' lang='lat' dir='ltr'><strong>ENCOMIUM</strong></span> <span class='ocrx_word' id='word_1_11' title='bbox 708 218 1226 256; x_wconf 82' lang='lat' dir='ltr'>DEMOSTHENIS</span> <span class='ocrx_word' id='word_1_12' title='bbox 1266 219 1354 256; x_wconf 81' lang='lat' dir='ltr'>Ex</span> <span class='ocrx_word' id='word_1_13' title='bbox 1391 218 1709 256; x_wconf 90' lang='lat' dir='ltr'><strong>LUCIANO</strong></span> <span class='ocrx_word' id='word_1_14' title='bbox 1752 219 2049 260; x_wconf 82' lang='lat' dir='ltr'>VERSUM</span> 
     </span>
     <span class='ocr_line' id='line_1_5' title="bbox 689 278 1651 321; baseline 0.001 -13"><span class='ocrx_word' id='word_1_15' title='bbox 689 280 905 310; x_wconf 72' lang='lat' dir='ltr'>AU&#39;rORE</span> <span class='ocrx_word' id='word_1_16' title='bbox 935 279 1186 310; x_wconf 74' lang='lat' dir='ltr'>PHILIPPO</span> <span class='ocrx_word' id='word_1_17' title='bbox 1220 278 1651 321; x_wconf 74' lang='lat' dir='ltr'>MELANTHONEl).</span> 
     </span>
    </p>
   </div>
   <div class='ocr_carea' id='block_1_5' title="bbox 139 354 2200 422">
    <p class='ocr_par' dir='ltr' id='par_1_5' title="bbox 139 354 2200 422">
     <span class='ocr_line' id='line_1_6' title="bbox 139 354 2200 422; baseline 0.001 -12"><span class='ocrx_word' id='word_1_18' title='bbox 139 354 247 410; x_wconf 73' lang='lat' dir='ltr'>oiim</span> <span class='ocrx_word' id='word_1_19' title='bbox 267 373 303 407; x_wconf 90' lang='lat' dir='ltr'>in</span> <span class='ocrx_word' id='word_1_20' title='bbox 326 374 469 419; x_wconf 88' lang='lat' dir='ltr'>porticu</span> <span class='ocrx_word' id='word_1_21' title='bbox 491 372 784 414; x_wconf 83' lang='lat' dir='ltr'><strong>deambularem,</strong></span> <span class='ocrx_word' id='word_1_22' title='bbox 817 372 961 407; x_wconf 81' lang='lat' dir='ltr'>exeunti</span> <span class='ocrx_word' id='word_1_23' title='bbox 984 374 1029 407; x_wconf 89' lang='lat' dir='ltr'>ad</span> <span class='ocrx_word' id='word_1_24' title='bbox 1053 372 1140 407; x_wconf 87' lang='lat' dir='ltr'>sini·</span> <span class='ocrx_word' id='word_1_25' title='bbox 1195 375 1356 422; x_wconf 83' lang='lat' dir='ltr'>inquam,</span> <span class='ocrx_word' id='word_1_26' title='bbox 1385 364 1643 410; x_wconf 84' lang='lat' dir='ltr'>deambulandi</span> <span class='ocrx_word' id='word_1_27' title='bbox 1662 375 1803 421; x_wconf 78' lang='lat' dir='ltr'>gratia?</span> <span class='ocrx_word' id='word_1_28' title='bbox 1844 375 1939 410; x_wconf 87' lang='lat' dir='ltr'>Tum</span> <span class='ocrx_word' id='word_1_29' title='bbox 1957 377 2034 411; x_wconf 84' lang='lat' dir='ltr'>ille:</span> <span class='ocrx_word' id='word_1_30' title='bbox 2062 378 2200 414; x_wconf 81' lang='lat' dir='ltr'>Omitte</span> 
     </span>
    </p>
   </div>
   <div class='ocr_carea' id='block_1_6' title="bbox 137 424 1143 782">
    <p class='ocr_par' dir='ltr' id='par_1_6' title="bbox 137 424 1143 782">
     <span class='ocr_line' id='line_1_7' title="bbox 139 424 1140 472; baseline -0.004 -11"><span class='ocrx_word' id='word_1_31' title='bbox 139 433 251 461; x_wconf 82' lang='lat' dir='ltr'>stram</span> <span class='ocrx_word' id='word_1_32' title='bbox 263 452 273 466; x_wconf 90' lang='lat'>,</span> <span class='ocrx_word' id='word_1_33' title='bbox 298 426 355 459; x_wconf 93' lang='lat' dir='ltr'>die</span> <span class='ocrx_word' id='word_1_34' title='bbox 373 425 512 460; x_wconf 88' lang='lat' dir='ltr'>decimo</span> <span class='ocrx_word' id='word_1_35' title='bbox 529 431 627 460; x_wconf 85' lang='lat' dir='ltr'>sexto</span> <span class='ocrx_word' id='word_1_36' title='bbox 638 424 684 472; x_wconf 72' lang='lat'>²),</span> <span class='ocrx_word' id='word_1_37' title='bbox 711 424 820 470; x_wconf 84' lang='lat' dir='ltr'>paulo</span> <span class='ocrx_word' id='word_1_38' title='bbox 838 431 920 458; x_wconf 86' lang='lat' dir='ltr'>ante</span> <span class='ocrx_word' id='word_1_39' title='bbox 939 425 1140 466; x_wconf 84' lang='lat' dir='ltr'>meridiem,</span> 
     </span>
     <span class='ocr_line' id='line_1_8' title="bbox 137 474 1141 521; baseline -0.001 -10"><span class='ocrx_word' id='word_1_40' title='bbox 137 478 232 511; x_wconf 89' lang='lat' dir='ltr'>forte</span> <span class='ocrx_word' id='word_1_41' title='bbox 247 490 283 512; x_wconf 87' lang='lat' dir='ltr'>se</span> <span class='ocrx_word' id='word_1_42' title='bbox 301 475 390 511; x_wconf 87' lang='lat' dir='ltr'>mihi</span> <span class='ocrx_word' id='word_1_43' title='bbox 408 474 654 521; x_wconf 81' lang='lat' dir='ltr'>Thersagoras</span> <span class='ocrx_word' id='word_1_44' title='bbox 678 476 795 511; x_wconf 84' lang='lat' dir='ltr'>offert.</span> <span class='ocrx_word' id='word_1_45' title='bbox 856 476 1032 510; x_wconf 82' lang='lat' dir='ltr'>Existimo</span> <span class='ocrx_word' id='word_1_46' title='bbox 1060 489 1141 510; x_wconf 90' lang='lat' dir='ltr'>eum</span> 
     </span>
     <span class='ocr_line' id='line_1_9' title="bbox 138 527 1142 575; baseline -0.002 -12"><span class='ocrx_word' id='word_1_47' title='bbox 138 529 318 575; x_wconf 85' lang='lat' dir='ltr'>plerisque</span> <span class='ocrx_word' id='word_1_48' title='bbox 335 535 493 563; x_wconf 90' lang='lat' dir='ltr'>vestrum</span> <span class='ocrx_word' id='word_1_49' title='bbox 511 534 639 562; x_wconf 90' lang='lat' dir='ltr'>notum</span> <span class='ocrx_word' id='word_1_50' title='bbox 659 541 752 569; x_wconf 90' lang='lat' dir='ltr'>esse,</span> <span class='ocrx_word' id='word_1_51' title='bbox 779 527 928 573; x_wconf 85' lang='lat' dir='ltr'>pusillus</span> <span class='ocrx_word' id='word_1_52' title='bbox 948 534 1019 568; x_wconf 86' lang='lat' dir='ltr'>est,</span> <span class='ocrx_word' id='word_1_53' title='bbox 1053 540 1142 562; x_wconf 82' lang='lat' dir='ltr'>naso</span> 
     </span>
     <span class='ocr_line' id='line_1_10' title="bbox 139 579 1141 627; baseline -0.002 -13"><span class='ocrx_word' id='word_1_54' title='bbox 139 581 282 627; x_wconf 90' lang='lat' dir='ltr'>aquilo,</span> <span class='ocrx_word' id='word_1_55' title='bbox 309 581 382 613; x_wconf 89' lang='lat' dir='ltr'>fere</span> <span class='ocrx_word' id='word_1_56' title='bbox 401 580 595 620; x_wconf 84' lang='lat' dir='ltr'>candidus,</span> <span class='ocrx_word' id='word_1_57' title='bbox 622 580 719 614; x_wconf 88' lang='lat' dir='ltr'>virili</span> <span class='ocrx_word' id='word_1_58' title='bbox 742 579 870 624; x_wconf 88' lang='lat' dir='ltr'>specie.</span> <span class='ocrx_word' id='word_1_59' title='bbox 930 579 1035 613; x_wconf 89' lang='lat' dir='ltr'>Hunc</span> <span class='ocrx_word' id='word_1_60' title='bbox 1061 592 1141 613; x_wconf 91' lang='lat' dir='ltr'>cum</span> 
     </span>
     <span class='ocr_line' id='line_1_11' title="bbox 138 629 1143 678; baseline -0.003 -12"><span class='ocrx_word' id='word_1_61' title='bbox 138 631 266 678; x_wconf 86' lang='lat' dir='ltr'>procul</span> <span class='ocrx_word' id='word_1_62' title='bbox 284 633 510 665; x_wconf 80' lang='lat' dir='ltr'>accedentem</span> <span class='ocrx_word' id='word_1_63' title='bbox 528 631 686 665; x_wconf 89' lang='lat' dir='ltr'>viderem</span> <span class='ocrx_word' id='word_1_64' title='bbox 698 659 707 672; x_wconf 89' lang='lat'>,</span> <span class='ocrx_word' id='word_1_65' title='bbox 735 631 826 665; x_wconf 84' lang='lat' dir='ltr'>dixi:</span> <span class='ocrx_word' id='word_1_66' title='bbox 859 630 926 664; x_wconf 87' lang='lat' dir='ltr'>Hic</span> <span class='ocrx_word' id='word_1_67' title='bbox 941 629 1143 674; x_wconf 83' lang='lat' dir='ltr'>Thersago-</span> 
     </span>
     <span class='ocr_line' id='line_1_12' title="bbox 138 682 1143 729; baseline -0.003 -12"><span class='ocrx_word' id='word_1_68' title='bbox 138 696 197 718; x_wconf 86' lang='lat' dir='ltr'>ras</span> <span class='ocrx_word' id='word_1_69' title='bbox 212 690 317 729; x_wconf 81' lang='lat' dir='ltr'>poeta</span> <span class='ocrx_word' id='word_1_70' title='bbox 339 690 401 718; x_wconf 89' lang='lat' dir='ltr'>est.</span> <span class='ocrx_word' id='word_1_71' title='bbox 448 683 497 717; x_wconf 86' lang='lat' dir='ltr'>Et</span> <span class='ocrx_word' id='word_1_72' title='bbox 514 683 752 728; x_wconf 76' lang='lat' dir='ltr'>interrogavi,</span> <span class='ocrx_word' id='word_1_73' title='bbox 780 695 953 729; x_wconf 84' lang='lat' dir='ltr'>quorsum</span> <span class='ocrx_word' id='word_1_74' title='bbox 970 689 1032 717; x_wconf 93' lang='lat' dir='ltr'>aut</span> <span class='ocrx_word' id='word_1_75' title='bbox 1049 682 1143 716; x_wconf 91' lang='lat' dir='ltr'>unde</span> 
     </span>
     <span class='ocr_line' id='line_1_13' title="bbox 139 732 1143 782; baseline -0.004 -12"><span class='ocrx_word' id='word_1_76' title='bbox 139 737 219 770; x_wconf 89' lang='lat' dir='ltr'>iret.</span> <span class='ocrx_word' id='word_1_77' title='bbox 272 733 334 768; x_wconf 90' lang='lat' dir='ltr'>Ille</span> <span class='ocrx_word' id='word_1_78' title='bbox 358 734 496 782; x_wconf 91' lang='lat' dir='ltr'>inquit,</span> <span class='ocrx_word' id='word_1_79' title='bbox 531 736 641 768; x_wconf 90' lang='lat' dir='ltr'>domo</span> <span class='ocrx_word' id='word_1_80' title='bbox 667 747 702 769; x_wconf 92' lang='lat' dir='ltr'>se</span> <span class='ocrx_word' id='word_1_81' title='bbox 726 732 795 768; x_wconf 86' lang='lat' dir='ltr'>huc</span> <span class='ocrx_word' id='word_1_82' title='bbox 823 734 972 768; x_wconf 78' lang='lat' dir='ltr'>venisse.</span> <span class='ocrx_word' id='word_1_83' title='bbox 1034 733 1143 773; x_wconf 77' lang='lat' dir='ltr'>Num,</span> 
     </span>
    </p>
   </div>
   <div class='ocr_carea' id='block_1_7' title="bbox 175 850 1144 987">
    <p class='ocr_par' dir='ltr' id='par_1_7' title="bbox 175 850 1144 987">
     <span class='ocr_line' id='line_1_14' title="bbox 175 850 1143 882; baseline -0.003 -5"><span class='ocrx_word' id='word_1_84' title='bbox 175 854 205 882; x_wconf 74' lang='grc' dir='ltr'>ί)</span> <span class='ocrx_word' id='word_1_85' title='bbox 224 853 270 877; x_wconf 84' lang='lat' dir='ltr'>Sic</span> <span class='ocrx_word' id='word_1_86' title='bbox 288 853 339 877; x_wconf 86' lang='lat' dir='ltr'>hoc</span> <span class='ocrx_word' id='word_1_87' title='bbox 359 851 518 876; x_wconf 75' lang='lat' dir='ltr'>Encomium</span> <span class='ocrx_word' id='word_1_88' title='bbox 538 852 564 876; x_wconf 89' lang='lat' dir='ltr'>in</span> <span class='ocrx_word' id='word_1_89' title='bbox 584 853 633 876; x_wconf 80' lang='lat' dir='ltr'>Ed.</span> <span class='ocrx_word' id='word_1_90' title='bbox 653 851 727 876; x_wconf 81' lang='lat'>1533.</span> <span class='ocrx_word' id='word_1_91' title='bbox 749 854 791 875; x_wconf 87' lang='lat' dir='ltr'>est</span> <span class='ocrx_word' id='word_1_92' title='bbox 811 852 989 881; x_wconf 62' lang='lat' dir='ltr'>inscriptum:</span> <span class='ocrx_word' id='word_1_93' title='bbox 1016 851 1041 874; x_wconf 91' lang='lat' dir='ltr'>in</span> <span class='ocrx_word' id='word_1_94' title='bbox 1057 850 1143 874; x_wconf 83' lang='lat' dir='ltr'>Editt.</span> 
     </span>
     <span class='ocr_line' id='line_1_15' title="bbox 211 884 1143 918; baseline -0.004 -6"><span class='ocrx_word' id='word_1_95' title='bbox 211 888 306 917; x_wconf 65' lang='lat'>1538..</span> <span class='ocrx_word' id='word_1_96' title='bbox 329 887 402 912; x_wconf 74' lang='lat'>1543.</span> <span class='ocrx_word' id='word_1_97' title='bbox 422 889 513 910; x_wconf 88' lang='lat' dir='ltr'>antem</span> <span class='ocrx_word' id='word_1_98' title='bbox 533 887 635 918; x_wconf 77' lang='lat' dir='ltr'>legitur</span> <span class='ocrx_word' id='word_1_99' title='bbox 656 888 721 910; x_wconf 90' lang='lat' dir='ltr'>haec</span> <span class='ocrx_word' id='word_1_100' title='bbox 740 886 898 916; x_wconf 77' lang='lat' dir='ltr'>inscriptio:</span> <span class='ocrx_word' id='word_1_101' title='bbox 921 884 1143 912; x_wconf 79' lang='lat' dir='ltr'>„Demosthenis</span> 
     </span>
     <span class='ocr_line' id='line_1_16' title="bbox 209 918 1144 951; baseline -0.003 -5"><span class='ocrx_word' id='word_1_102' title='bbox 209 922 369 946; x_wconf 85' lang='lat' dir='ltr'>Encomium</span> <span class='ocrx_word' id='word_1_103' title='bbox 387 921 511 951; x_wconf 88' lang='lat' dir='ltr'>Philippo</span> <span class='ocrx_word' id='word_1_104' title='bbox 530 922 739 944; x_wconf 80' lang='lat' dir='ltr'>Melanehthone</span> <span class='ocrx_word' id='word_1_105' title='bbox 760 921 910 950; x_wconf 85' lang='lat' dir='ltr'>interprete</span> <span class='ocrx_word' id='word_1_106' title='bbox 921 918 947 950; x_wconf 66' lang='lat'>¹³,</span> <span class='ocrx_word' id='word_1_107' title='bbox 972 926 1051 951; x_wconf 83' lang='lat' dir='ltr'>quam</span> <span class='ocrx_word' id='word_1_108' title='bbox 1071 925 1144 950; x_wconf 88' lang='lat' dir='ltr'>pro-</span> 
     </span>
     <span class='ocr_line' id='line_1_17' title="bbox 210 956 911 987; baseline -0.003 -7"><span class='ocrx_word' id='word_1_109' title='bbox 210 957 283 980; x_wconf 84' lang='lat' dir='ltr'>xime</span> <span class='ocrx_word' id='word_1_110' title='bbox 301 956 426 987; x_wconf 81' lang='lat' dir='ltr'>sequitur</span> <span class='ocrx_word' id='word_1_111' title='bbox 445 956 495 979; x_wconf 87' lang='lat' dir='ltr'>hoc</span> <span class='ocrx_word' id='word_1_112' title='bbox 517 956 624 986; x_wconf 68' lang='lat' dir='ltr'>Micylli</span> <span class='ocrx_word' id='word_1_113' title='bbox 644 957 911 986; x_wconf 72' lang='lat' dir='ltr'>Argumentum:</span> 
     </span>
    </p>
   </div>
   <div class='ocr_carea' id='block_1_8' title="bbox 173 1006 1144 2777">
    <p class='ocr_par' dir='ltr' id='par_1_8' title="bbox 206 1006 1144 2631">
     <span class='ocr_line' id='line_1_18' title="bbox 264 1006 1144 1035; baseline -0.001 -4"><span class='ocrx_word' id='word_1_114' title='bbox 264 1009 299 1031; x_wconf 85' lang='lat' dir='ltr'>Et</span> <span class='ocrx_word' id='word_1_115' title='bbox 315 1007 358 1031; x_wconf 91' lang='lat' dir='ltr'>hic</span> <span class='ocrx_word' id='word_1_116' title='bbox 383 1007 480 1030; x_wconf 85' lang='lat' dir='ltr'>titulus</span> <span class='ocrx_word' id='word_1_117' title='bbox 506 1007 662 1035; x_wconf 65' lang='lat' dir='ltr'>argumenti</span> <span class='ocrx_word' id='word_1_118' title='bbox 687 1012 818 1030; x_wconf 89' lang='lat' dir='ltr'>summam</span> <span class='ocrx_word' id='word_1_119' title='bbox 844 1007 953 1032; x_wconf 88' lang='lat' dir='ltr'>indicat.</span> <span class='ocrx_word' id='word_1_120' title='bbox 996 1007 1047 1029; x_wconf 75' lang='lat' dir='ltr'>Est</span> <span class='ocrx_word' id='word_1_121' title='bbox 1073 1006 1144 1030; x_wconf 89' lang='lat' dir='ltr'>enim</span> 
     </span>
     <span class='ocr_line' id='line_1_19' title="bbox 210 1041 1142 1071; baseline -0.002 -5"><span class='ocrx_word' id='word_1_122' title='bbox 210 1042 362 1066; x_wconf 80' lang='lat' dir='ltr'>encomium</span> <span class='ocrx_word' id='word_1_123' title='bbox 383 1042 576 1065; x_wconf 80' lang='lat' dir='ltr'>Demosthenis</span> <span class='ocrx_word' id='word_1_124' title='bbox 605 1042 745 1067; x_wconf 77' lang='lat' dir='ltr'>oratoris.</span> <span class='ocrx_word' id='word_1_125' title='bbox 777 1041 825 1064; x_wconf 87' lang='lat' dir='ltr'>sed</span> <span class='ocrx_word' id='word_1_126' title='bbox 851 1047 924 1065; x_wconf 87' lang='lat' dir='ltr'>novo</span> <span class='ocrx_word' id='word_1_127' title='bbox 950 1041 1066 1071; x_wconf 82' lang='lat' dir='ltr'>quodam</span> <span class='ocrx_word' id='word_1_128' title='bbox 1092 1046 1142 1064; x_wconf 87' lang='lat' dir='ltr'>co-</span> 
     </span>
     <span class='ocr_line' id='line_1_20' title="bbox 210 1075 1141 1105; baseline -0.003 -4"><span class='ocrx_word' id='word_1_129' title='bbox 210 1078 270 1101; x_wconf 87' lang='lat' dir='ltr'>lore</span> <span class='ocrx_word' id='word_1_130' title='bbox 289 1078 448 1101; x_wconf 84' lang='lat' dir='ltr'>tractatum.</span> <span class='ocrx_word' id='word_1_131' title='bbox 486 1076 544 1099; x_wconf 71' lang='lat' dir='ltr'>Non</span> <span class='ocrx_word' id='word_1_132' title='bbox 566 1076 638 1099; x_wconf 88' lang='lat' dir='ltr'>enim</span> <span class='ocrx_word' id='word_1_133' title='bbox 657 1076 774 1105; x_wconf 84' lang='lat' dir='ltr'>simplici</span> <span class='ocrx_word' id='word_1_134' title='bbox 796 1076 856 1103; x_wconf 68' lang='lat' dir='ltr'>via„</span> <span class='ocrx_word' id='word_1_135' title='bbox 876 1078 923 1099; x_wconf 86' lang='lat' dir='ltr'>aut</span> <span class='ocrx_word' id='word_1_136' title='bbox 939 1076 1061 1105; x_wconf 70' lang='lat' dir='ltr'>vulgatis</span> <span class='ocrx_word' id='word_1_137' title='bbox 1080 1075 1141 1098; x_wconf 89' lang='lat' dir='ltr'>lau-</span> 
     </span>
     <span class='ocr_line' id='line_1_21' title="bbox 207 1110 1142 1140; baseline -0.004 -4"><span class='ocrx_word' id='word_1_138' title='bbox 207 1111 291 1136; x_wconf 80' lang='lat' dir='ltr'>dandi</span> <span class='ocrx_word' id='word_1_139' title='bbox 311 1111 480 1137; x_wconf 78' lang='lat' dir='ltr'>rationibus,</span> <span class='ocrx_word' id='word_1_140' title='bbox 510 1116 580 1140; x_wconf 83' lang='lat' dir='ltr'>qnae</span> <span class='ocrx_word' id='word_1_141' title='bbox 600 1116 616 1133; x_wconf 88' lang='lat' dir='ltr'>a</span> <span class='ocrx_word' id='word_1_142' title='bbox 636 1110 792 1133; x_wconf 81' lang='lat' dir='ltr'>rhetoribus</span> <span class='ocrx_word' id='word_1_143' title='bbox 814 1110 1057 1140; x_wconf 79' lang='lat' dir='ltr'>praescribuntur,</span> <span class='ocrx_word' id='word_1_144' title='bbox 1084 1110 1142 1132; x_wconf 89' lang='lat' dir='ltr'>uti-</span> 
     </span>
     <span class='ocr_line' id='line_1_22' title="bbox 208 1144 1140 1174; baseline -0.003 -4"><span class='ocrx_word' id='word_1_145' title='bbox 208 1148 270 1172; x_wconf 80' lang='lat' dir='ltr'>tur.</span> <span class='ocrx_word' id='word_1_146' title='bbox 290 1146 338 1169; x_wconf 90' lang='lat' dir='ltr'>sed</span> <span class='ocrx_word' id='word_1_147' title='bbox 358 1144 414 1168; x_wconf 86' lang='lat' dir='ltr'>illis</span> <span class='ocrx_word' id='word_1_148' title='bbox 435 1145 632 1174; x_wconf 85' lang='lat' dir='ltr'>quodammodo</span> <span class='ocrx_word' id='word_1_149' title='bbox 654 1144 815 1174; x_wconf 77' lang='lat' dir='ltr'>postpositis</span> <span class='ocrx_word' id='word_1_150' title='bbox 835 1146 861 1168; x_wconf 89' lang='lat' dir='ltr'>et</span> <span class='ocrx_word' id='word_1_151' title='bbox 881 1144 1009 1171; x_wconf 78' lang='lat' dir='ltr'>reiectiS,</span> <span class='ocrx_word' id='word_1_152' title='bbox 1035 1149 1052 1167; x_wconf 88' lang='lat' dir='ltr'>a</span> <span class='ocrx_word' id='word_1_153' title='bbox 1071 1149 1140 1167; x_wconf 91' lang='lat' dir='ltr'>con-</span> 
     </span>
     <span class='ocr_line' id='line_1_23' title="bbox 207 1178 1140 1209; baseline -0.003 -5"><span class='ocrx_word' id='word_1_154' title='bbox 207 1180 333 1204; x_wconf 85' lang='lat' dir='ltr'>fessione</span> <span class='ocrx_word' id='word_1_155' title='bbox 353 1179 458 1207; x_wconf 76' lang='lat' dir='ltr'>hostis,</span> <span class='ocrx_word' id='word_1_156' title='bbox 478 1179 649 1209; x_wconf 85' lang='lat' dir='ltr'>potissimam</span> <span class='ocrx_word' id='word_1_157' title='bbox 671 1179 785 1202; x_wconf 82' lang='lat' dir='ltr'>encomii</span> <span class='ocrx_word' id='word_1_158' title='bbox 806 1180 912 1208; x_wconf 85' lang='lat' dir='ltr'>partem</span> <span class='ocrx_word' id='word_1_159' title='bbox 931 1178 1070 1207; x_wconf 77' lang='lat' dir='ltr'>absolvit,</span> <span class='ocrx_word' id='word_1_160' title='bbox 1089 1179 1140 1202; x_wconf 90' lang='lat' dir='ltr'>hoc</span> 
     </span>
     <span class='ocr_line' id='line_1_24' title="bbox 209 1213 1140 1243; baseline -0.003 -5"><span class='ocrx_word' id='word_1_161' title='bbox 209 1215 338 1238; x_wconf 85' lang='lat' dir='ltr'>videlicet</span> <span class='ocrx_word' id='word_1_162' title='bbox 357 1214 462 1237; x_wconf 87' lang='lat' dir='ltr'>ordine.</span> <span class='ocrx_word' id='word_1_163' title='bbox 500 1213 637 1242; x_wconf 84' lang='lat' dir='ltr'>Principio</span> <span class='ocrx_word' id='word_1_164' title='bbox 658 1216 765 1241; x_wconf 72' lang='lat' dir='ltr'>narrat,</span> <span class='ocrx_word' id='word_1_165' title='bbox 785 1220 837 1243; x_wconf 89' lang='lat' dir='ltr'>quo</span> <span class='ocrx_word' id='word_1_166' title='bbox 858 1215 949 1243; x_wconf 83' lang='lat' dir='ltr'>pacto.</span> <span class='ocrx_word' id='word_1_167' title='bbox 969 1220 1030 1236; x_wconf 84' lang='lat' dir='ltr'>cnm</span> <span class='ocrx_word' id='word_1_168' title='bbox 1045 1213 1140 1236; x_wconf 87' lang='lat' dir='ltr'>deam-</span> 
     </span>
     <span class='ocr_line' id='line_1_25' title="bbox 209 1247 1140 1278; baseline -0.002 -5"><span class='ocrx_word' id='word_1_169' title='bbox 209 1250 330 1274; x_wconf 82' lang='lat' dir='ltr'>bulatum</span> <span class='ocrx_word' id='word_1_170' title='bbox 349 1248 443 1277; x_wconf 79' lang='lat' dir='ltr'>iisset,</span> <span class='ocrx_word' id='word_1_171' title='bbox 475 1247 500 1270; x_wconf 93' lang='lat' dir='ltr'>in</span> <span class='ocrx_word' id='word_1_172' title='bbox 522 1248 724 1278; x_wconf 69' lang='lat' dir='ltr'>Thersagoram</span> <span class='ocrx_word' id='word_1_173' title='bbox 748 1250 854 1277; x_wconf 83' lang='lat' dir='ltr'>poetam</span> <span class='ocrx_word' id='word_1_174' title='bbox 881 1247 1023 1275; x_wconf 80' lang='lat' dir='ltr'>inciderit,</span> <span class='ocrx_word' id='word_1_175' title='bbox 1057 1253 1140 1271; x_wconf 88' lang='lat' dir='ltr'>euco-</span> 
     </span>
     <span class='ocr_line' id='line_1_26' title="bbox 209 1282 1140 1312; baseline -0.003 -4"><span class='ocrx_word' id='word_1_176' title='bbox 209 1284 292 1308; x_wconf 87' lang='lat' dir='ltr'>mium</span> <span class='ocrx_word' id='word_1_177' title='bbox 311 1282 430 1310; x_wconf 81' lang='lat' dir='ltr'>,flomeri</span> <span class='ocrx_word' id='word_1_178' title='bbox 456 1282 641 1305; x_wconf 81' lang='lat' dir='ltr'>meditantem.</span> <span class='ocrx_word' id='word_1_179' title='bbox 697 1282 733 1304; x_wconf 86' lang='lat' dir='ltr'>lhi</span> <span class='ocrx_word' id='word_1_180' title='bbox 760 1282 843 1312; x_wconf 71' lang='lat' dir='ltr'>igitur</span> <span class='ocrx_word' id='word_1_181' title='bbox 870 1289 928 1305; x_wconf 82' lang='lat' dir='ltr'>cum</span> <span class='ocrx_word' id='word_1_182' title='bbox 961 1282 994 1304; x_wconf 87' lang='lat' dir='ltr'>de</span> <span class='ocrx_word' id='word_1_183' title='bbox 1021 1283 1140 1305; x_wconf 78' lang='lat' dir='ltr'>Homero</span> 
     </span>
     <span class='ocr_line' id='line_1_27' title="bbox 208 1316 1141 1347; baseline -0.004 -5"><span class='ocrx_word' id='word_1_184' title='bbox 208 1319 299 1347; x_wconf 78' lang='lat' dir='ltr'>alter,</span> <span class='ocrx_word' id='word_1_185' title='bbox 338 1318 410 1340; x_wconf 87' lang='lat' dir='ltr'>alter</span> <span class='ocrx_word' id='word_1_186' title='bbox 439 1318 528 1339; x_wconf 86' lang='lat' dir='ltr'>autem</span> <span class='ocrx_word' id='word_1_187' title='bbox 566 1316 598 1339; x_wconf 89' lang='lat' dir='ltr'>de</span> <span class='ocrx_word' id='word_1_188' title='bbox 623 1317 806 1339; x_wconf 84' lang='lat' dir='ltr'>Demosthene</span> <span class='ocrx_word' id='word_1_189' title='bbox 837 1316 973 1340; x_wconf 80' lang='lat' dir='ltr'>laudando</span> <span class='ocrx_word' id='word_1_190' title='bbox 1005 1316 1077 1338; x_wconf 85' lang='lat' dir='ltr'>inter</span> <span class='ocrx_word' id='word_1_191' title='bbox 1110 1323 1141 1338; x_wconf 88' lang='lat' dir='ltr'>se</span> 
     </span>
     <span class='ocr_line' id='line_1_28' title="bbox 209 1350 1141 1385; baseline -0.003 -9"><span class='ocrx_word' id='word_1_192' title='bbox 209 1354 325 1385; x_wconf 80' lang='lat' dir='ltr'>agerent</span> <span class='ocrx_word' id='word_1_193' title='bbox 341 1368 348 1379; x_wconf 71' lang='grc'>,</span> <span class='ocrx_word' id='word_1_194' title='bbox 386 1351 634 1381; x_wconf 77' lang='lat' dir='ltr'>Thersagorasque</span> <span class='ocrx_word' id='word_1_195' title='bbox 659 1351 859 1374; x_wconf 74' lang='lat' dir='ltr'>contenderet.</span> <span class='ocrx_word' id='word_1_196' title='bbox 894 1351 976 1381; x_wconf 74' lang='lat' dir='ltr'>longe</span> <span class='ocrx_word' id='word_1_197' title='bbox 1002 1350 1141 1373; x_wconf 87' lang='lat' dir='ltr'>difficilius</span> 
     </span>
     <span class='ocr_line' id='line_1_29' title="bbox 207 1385 1141 1415; baseline -0.004 -4"><span class='ocrx_word' id='word_1_198' title='bbox 207 1393 272 1412; x_wconf 82' lang='lat' dir='ltr'>esse</span> <span class='ocrx_word' id='word_1_199' title='bbox 300 1387 447 1410; x_wconf 81' lang='lat' dir='ltr'>Homerum</span> <span class='ocrx_word' id='word_1_200' title='bbox 476 1386 606 1411; x_wconf 80' lang='lat' dir='ltr'>laudare.</span> <span class='ocrx_word' id='word_1_201' title='bbox 638 1391 718 1415; x_wconf 87' lang='lat' dir='ltr'>quam</span> <span class='ocrx_word' id='word_1_202' title='bbox 744 1386 969 1409; x_wconf 85' lang='lat' dir='ltr'>Demosthenem:</span> <span class='ocrx_word' id='word_1_203' title='bbox 1004 1390 1059 1408; x_wconf 88' lang='lat' dir='ltr'>nou</span> <span class='ocrx_word' id='word_1_204' title='bbox 1079 1385 1141 1415; x_wconf 85' lang='lat' dir='ltr'>quia</span> 
     </span>
     <span class='ocr_line' id='line_1_30' title="bbox 208 1419 1138 1450; baseline -0.004 -4"><span class='ocrx_word' id='word_1_205' title='bbox 208 1423 236 1446; x_wconf 83' lang='lat' dir='ltr'>id.</span> <span class='ocrx_word' id='word_1_206' title='bbox 261 1421 390 1445; x_wconf 74' lang='lat' dir='ltr'>versibus</span> <span class='ocrx_word' id='word_1_207' title='bbox 418 1419 573 1443; x_wconf 80' lang='lat' dir='ltr'>faciendum</span> <span class='ocrx_word' id='word_1_208' title='bbox 598 1424 690 1445; x_wconf 73' lang='lat' dir='ltr'>esset.</span> <span class='ocrx_word' id='word_1_209' title='bbox 724 1420 772 1443; x_wconf 79' lang='lat' dir='ltr'>sed</span> <span class='ocrx_word' id='word_1_210' title='bbox 798 1420 860 1450; x_wconf 83' lang='lat' dir='ltr'>quia</span> <span class='ocrx_word' id='word_1_211' title='bbox 881 1420 940 1450; x_wconf 82' lang='lat' dir='ltr'>ipsa</span> <span class='ocrx_word' id='word_1_212' title='bbox 961 1419 1075 1444; x_wconf 85' lang='lat' dir='ltr'>materia</span> <span class='ocrx_word' id='word_1_213' title='bbox 1094 1421 1138 1443; x_wconf 89' lang='lat' dir='ltr'>lo-</span> 
     </span>
     <span class='ocr_line' id='line_1_31' title="bbox 207 1454 1141 1484; baseline -0.002 -5"><span class='ocrx_word' id='word_1_214' title='bbox 207 1462 302 1481; x_wconf 74' lang='lat' dir='ltr'>corum</span> <span class='ocrx_word' id='word_1_215' title='bbox 322 1454 448 1478; x_wconf 83' lang='lat' dir='ltr'>sterilior</span> <span class='ocrx_word' id='word_1_216' title='bbox 468 1455 557 1480; x_wconf 77' lang='lat' dir='ltr'>soret,</span> <span class='ocrx_word' id='word_1_217' title='bbox 587 1454 657 1478; x_wconf 90' lang='lat' dir='ltr'>idem</span> <span class='ocrx_word' id='word_1_218' title='bbox 684 1455 732 1477; x_wconf 72' lang='lat' dir='ltr'>hoc</span> <span class='ocrx_word' id='word_1_219' title='bbox 759 1454 819 1484; x_wconf 84' lang='lat' dir='ltr'>ipsa</span> <span class='ocrx_word' id='word_1_220' title='bbox 844 1461 874 1478; x_wconf 92' lang='lat' dir='ltr'>re</span> <span class='ocrx_word' id='word_1_221' title='bbox 902 1455 1080 1484; x_wconf 84' lang='lat' dir='ltr'>comprobare</span> <span class='ocrx_word' id='word_1_222' title='bbox 1105 1454 1141 1477; x_wconf 89' lang='lat' dir='ltr'>il-</span> 
     </span>
     <span class='ocr_line' id='line_1_32' title="bbox 209 1489 1141 1520; baseline -0.004 -4"><span class='ocrx_word' id='word_1_223' title='bbox 209 1493 264 1516; x_wconf 88' lang='lat' dir='ltr'>lum</span> <span class='ocrx_word' id='word_1_224' title='bbox 283 1490 419 1520; x_wconf 87' lang='lat' dir='ltr'>coepisse.</span> <span class='ocrx_word' id='word_1_225' title='bbox 456 1490 550 1519; x_wconf 81' lang='lat' dir='ltr'>anue</span> <span class='ocrx_word' id='word_1_226' title='bbox 570 1489 685 1513; x_wconf 86' lang='lat' dir='ltr'>encomii</span> <span class='ocrx_word' id='word_1_227' title='bbox 707 1490 787 1512; x_wconf 89' lang='lat' dir='ltr'>huius</span> <span class='ocrx_word' id='word_1_228' title='bbox 807 1490 917 1513; x_wconf 77' lang='lat' dir='ltr'>occasio</span> <span class='ocrx_word' id='word_1_229' title='bbox 938 1491 998 1519; x_wconf 83' lang='lat' dir='ltr'>est,</span> <span class='ocrx_word' id='word_1_230' title='bbox 1019 1491 1046 1512; x_wconf 91' lang='lat' dir='ltr'>et</span> <span class='ocrx_word' id='word_1_231' title='bbox 1062 1489 1141 1519; x_wconf 86' lang='lat' dir='ltr'>quasi</span> 
     </span>
     <span class='ocr_line' id='line_1_33' title="bbox 207 1523 1141 1558; baseline -0.001 -10"><span class='ocrx_word' id='word_1_232' title='bbox 207 1526 342 1558; x_wconf 85' lang='lat' dir='ltr'>quoddam</span> <span class='ocrx_word' id='word_1_233' title='bbox 360 1524 452 1553; x_wconf 73' lang='lat' dir='ltr'>operis</span> <span class='ocrx_word' id='word_1_234' title='bbox 473 1524 648 1554; x_wconf 79' lang='lat' dir='ltr'>prooemium.</span> <span class='ocrx_word' id='word_1_235' title='bbox 686 1523 813 1550; x_wconf 62' lang='lat' dir='ltr'>Fingitur</span> <span class='ocrx_word' id='word_1_236' title='bbox 834 1523 925 1554; x_wconf 84' lang='lat' dir='ltr'>itaque</span> <span class='ocrx_word' id='word_1_237' title='bbox 942 1524 1039 1547; x_wconf 88' lang='lat' dir='ltr'>exinde</span> <span class='ocrx_word' id='word_1_238' title='bbox 1053 1524 1141 1547; x_wconf 88' lang='lat' dir='ltr'>Ther-</span> 
     </span>
     <span class='ocr_line' id='line_1_34' title="bbox 208 1558 1141 1591; baseline -0.004 -6"><span class='ocrx_word' id='word_1_239' title='bbox 208 1566 329 1591; x_wconf 72' lang='lat' dir='ltr'>sagoras</span> <span class='ocrx_word' id='word_1_240' title='bbox 350 1559 400 1582; x_wconf 81' lang='lat' dir='ltr'>suh</span> <span class='ocrx_word' id='word_1_241' title='bbox 421 1559 628 1588; x_wconf 84' lang='lat' dir='ltr'>comparatione</span> <span class='ocrx_word' id='word_1_242' title='bbox 655 1558 770 1588; x_wconf 78' lang='lat' dir='ltr'>quadam</span> <span class='ocrx_word' id='word_1_243' title='bbox 792 1559 904 1582; x_wconf 85' lang='lat' dir='ltr'>Homeri</span> <span class='ocrx_word' id='word_1_244' title='bbox 929 1560 955 1582; x_wconf 93' lang='lat' dir='ltr'>et</span> <span class='ocrx_word' id='word_1_245' title='bbox 975 1558 1141 1582; x_wconf 87' lang='lat' dir='ltr'>Demosthe-</span> 
     </span>
     <span class='ocr_line' id='line_1_35' title="bbox 208 1592 1142 1624; baseline -0.003 -5"><span class='ocrx_word' id='word_1_246' title='bbox 208 1596 270 1624; x_wconf 68' lang='lat' dir='ltr'>nis,</span> <span class='ocrx_word' id='word_1_247' title='bbox 304 1596 332 1617; x_wconf 93' lang='lat' dir='ltr'>et</span> <span class='ocrx_word' id='word_1_248' title='bbox 358 1598 468 1619; x_wconf 70' lang='lat' dir='ltr'>eorum,</span> <span class='ocrx_word' id='word_1_249' title='bbox 503 1599 572 1623; x_wconf 81' lang='lat' dir='ltr'>quae</span> <span class='ocrx_word' id='word_1_250' title='bbox 592 1594 627 1616; x_wconf 88' lang='lat' dir='ltr'>ad</span> <span class='ocrx_word' id='word_1_251' title='bbox 647 1593 791 1623; x_wconf 87' lang='lat' dir='ltr'>utriusque</span> <span class='ocrx_word' id='word_1_252' title='bbox 811 1594 917 1616; x_wconf 88' lang='lat' dir='ltr'>laudem</span> <span class='ocrx_word' id='word_1_253' title='bbox 935 1594 969 1616; x_wconf 83' lang='lat' dir='ltr'>al)</span> <span class='ocrx_word' id='word_1_254' title='bbox 991 1594 1052 1616; x_wconf 85' lang='lat' dir='ltr'>arte</span> <span class='ocrx_word' id='word_1_255' title='bbox 1071 1592 1142 1616; x_wconf 88' lang='lat' dir='ltr'>sumi</span> 
     </span>
     <span class='ocr_line' id='line_1_36' title="bbox 208 1628 1141 1660; baseline -0.003 -7"><span class='ocrx_word' id='word_1_256' title='bbox 208 1629 335 1660; x_wconf 81' lang='lat' dir='ltr'>possint,</span> <span class='ocrx_word' id='word_1_257' title='bbox 355 1634 450 1651; x_wconf 88' lang='lat' dir='ltr'>omnes</span> <span class='ocrx_word' id='word_1_258' title='bbox 470 1633 518 1651; x_wconf 79' lang='lat' dir='ltr'>eos</span> <span class='ocrx_word' id='word_1_259' title='bbox 543 1628 618 1651; x_wconf 73' lang='lat' dir='ltr'>iocos</span> <span class='ocrx_word' id='word_1_260' title='bbox 638 1633 817 1657; x_wconf 76' lang='lat' dir='ltr'>percurrere.</span> <span class='ocrx_word' id='word_1_261' title='bbox 838 1634 870 1651; x_wconf 78' lang='lat' dir='ltr'>ex</span> <span class='ocrx_word' id='word_1_262' title='bbox 886 1628 981 1657; x_wconf 84' lang='lat' dir='ltr'>quihus</span> <span class='ocrx_word' id='word_1_263' title='bbox 996 1634 1056 1650; x_wconf 78' lang='lat' dir='ltr'>cum</span> <span class='ocrx_word' id='word_1_264' title='bbox 1077 1634 1141 1656; x_wconf 90' lang='lat' dir='ltr'>per-</span> 
     </span>
     <span class='ocr_line' id='line_1_37' title="bbox 207 1662 1141 1692; baseline -0.003 -4"><span class='ocrx_word' id='word_1_265' title='bbox 207 1670 277 1688; x_wconf 86' lang='lat' dir='ltr'>sona</span> <span class='ocrx_word' id='word_1_266' title='bbox 296 1662 506 1687; x_wconf 76' lang='lat' dir='ltr'>Demosthenis.</span> <span class='ocrx_word' id='word_1_267' title='bbox 539 1665 594 1685; x_wconf 88' lang='lat' dir='ltr'>tum</span> <span class='ocrx_word' id='word_1_268' title='bbox 620 1664 749 1685; x_wconf 80' lang='lat' dir='ltr'>caeterae</span> <span class='ocrx_word' id='word_1_269' title='bbox 774 1662 893 1685; x_wconf 81' lang='lat' dir='ltr'>virtutes</span> <span class='ocrx_word' id='word_1_270' title='bbox 919 1664 946 1685; x_wconf 92' lang='lat' dir='ltr'>et</span> <span class='ocrx_word' id='word_1_271' title='bbox 973 1668 1017 1685; x_wconf 89' lang='lat' dir='ltr'>res</span> <span class='ocrx_word' id='word_1_272' title='bbox 1044 1663 1141 1692; x_wconf 69' lang='lat' dir='ltr'>gestae</span> 
     </span>
     <span class='ocr_line' id='line_1_38' title="bbox 209 1696 1140 1729; baseline -0.004 -6"><span class='ocrx_word' id='word_1_273' title='bbox 209 1697 372 1729; x_wconf 81' lang='lat' dir='ltr'>amplificari</span> <span class='ocrx_word' id='word_1_274' title='bbox 392 1698 529 1726; x_wconf 83' lang='lat' dir='ltr'>poterant.</span> <span class='ocrx_word' id='word_1_275' title='bbox 569 1698 627 1726; x_wconf 83' lang='lat' dir='ltr'>Quo</span> <span class='ocrx_word' id='word_1_276' title='bbox 649 1697 707 1719; x_wconf 84' lang='lat' dir='ltr'>loco</span> <span class='ocrx_word' id='word_1_277' title='bbox 728 1699 755 1719; x_wconf 88' lang='lat' dir='ltr'>et</span> <span class='ocrx_word' id='word_1_278' title='bbox 775 1696 842 1719; x_wconf 86' lang='lat' dir='ltr'>illud</span> <span class='ocrx_word' id='word_1_279' title='bbox 868 1697 957 1720; x_wconf 79' lang='lat' dir='ltr'>obiter</span> <span class='ocrx_word' id='word_1_280' title='bbox 983 1696 1078 1720; x_wconf 86' lang='lat' dir='ltr'>videre</span> <span class='ocrx_word' id='word_1_281' title='bbox 1105 1696 1140 1719; x_wconf 87' lang='lat' dir='ltr'>li-</span> 
     </span>
     <span class='ocr_line' id='line_1_39' title="bbox 208 1731 1141 1764; baseline -0.004 -6"><span class='ocrx_word' id='word_1_282' title='bbox 208 1735 270 1764; x_wconf 82' lang='lat' dir='ltr'>cet,</span> <span class='ocrx_word' id='word_1_283' title='bbox 301 1732 364 1762; x_wconf 84' lang='lat' dir='ltr'>quid</span> <span class='ocrx_word' id='word_1_284' title='bbox 383 1732 410 1754; x_wconf 91' lang='lat' dir='ltr'>in</span> <span class='ocrx_word' id='word_1_285' title='bbox 429 1734 557 1755; x_wconf 84' lang='lat' dir='ltr'>autorum</span> <span class='ocrx_word' id='word_1_286' title='bbox 584 1732 701 1755; x_wconf 77' lang='lat' dir='ltr'>lectione</span> <span class='ocrx_word' id='word_1_287' title='bbox 725 1731 903 1760; x_wconf 83' lang='lat' dir='ltr'>spectandum</span> <span class='ocrx_word' id='word_1_288' title='bbox 931 1731 983 1762; x_wconf 84' lang='lat' dir='ltr'>sit,</span> <span class='ocrx_word' id='word_1_289' title='bbox 1019 1733 1045 1754; x_wconf 88' lang='lat' dir='ltr'>et</span> <span class='ocrx_word' id='word_1_290' title='bbox 1071 1737 1141 1761; x_wconf 87' lang='lat' dir='ltr'>quae</span> 
     </span>
     <span class='ocr_line' id='line_1_40' title="bbox 208 1765 1140 1796; baseline -0.004 -4"><span class='ocrx_word' id='word_1_291' title='bbox 208 1768 280 1793; x_wconf 80' lang='lat' dir='ltr'>ratio</span> <span class='ocrx_word' id='word_1_292' title='bbox 300 1767 327 1790; x_wconf 86' lang='lat' dir='ltr'>in</span> <span class='ocrx_word' id='word_1_293' title='bbox 347 1766 479 1790; x_wconf 81' lang='lat' dir='ltr'>encomiis</span> <span class='ocrx_word' id='word_1_294' title='bbox 500 1766 626 1789; x_wconf 81' lang='lat' dir='ltr'>texendis</span> <span class='ocrx_word' id='word_1_295' title='bbox 645 1765 815 1796; x_wconf 86' lang='lat' dir='ltr'>potissimum</span> <span class='ocrx_word' id='word_1_296' title='bbox 835 1767 991 1795; x_wconf 74' lang='lat' dir='ltr'>sequenda,</span> <span class='ocrx_word' id='word_1_297' title='bbox 1018 1766 1140 1789; x_wconf 83' lang='lat' dir='ltr'>Thersa-</span> 
     </span>
     <span class='ocr_line' id='line_1_41' title="bbox 209 1800 1140 1832; baseline -0.003 -5"><span class='ocrx_word' id='word_1_298' title='bbox 209 1808 280 1832; x_wconf 58' lang='lat' dir='ltr'>:ora</span> <span class='ocrx_word' id='word_1_299' title='bbox 297 1802 353 1825; x_wconf 82' lang='lat' dir='ltr'>ista</span> <span class='ocrx_word' id='word_1_300' title='bbox 372 1801 479 1831; x_wconf 84' lang='lat' dir='ltr'>omnia,</span> <span class='ocrx_word' id='word_1_301' title='bbox 501 1801 580 1830; x_wconf 84' lang='lat' dir='ltr'>quasi</span> <span class='ocrx_word' id='word_1_302' title='bbox 600 1801 703 1831; x_wconf 68' lang='lat' dir='ltr'>digito,</span> <span class='ocrx_word' id='word_1_303' title='bbox 724 1801 795 1830; x_wconf 89' lang='lat' dir='ltr'>quod</span> <span class='ocrx_word' id='word_1_304' title='bbox 814 1800 865 1824; x_wconf 85' lang='lat' dir='ltr'>dici</span> <span class='ocrx_word' id='word_1_305' title='bbox 885 1801 972 1830; x_wconf 84' lang='lat' dir='ltr'>solet,</span> <span class='ocrx_word' id='word_1_306' title='bbox 994 1800 1140 1825; x_wconf 78' lang='lat' dir='ltr'>indicante.</span> 
     </span>
     <span class='ocr_line' id='line_1_42' title="bbox 209 1832 1139 1868; baseline -0.003 -7"><span class='ocrx_word' id='word_1_307' title='bbox 209 1832 298 1868; x_wconf 49' lang='lat' dir='ltr'>Atque</span> <span class='ocrx_word' id='word_1_308' title='bbox 318 1837 385 1860; x_wconf 82' lang='lat' dir='ltr'>haec</span> <span class='ocrx_word' id='word_1_309' title='bbox 405 1836 480 1866; x_wconf 91' lang='lat' dir='ltr'>prior</span> <span class='ocrx_word' id='word_1_310' title='bbox 500 1835 614 1859; x_wconf 76' lang='lat' dir='ltr'>encomii</span> <span class='ocrx_word' id='word_1_311' title='bbox 634 1841 698 1865; x_wconf 77' lang='lat' dir='ltr'>pars</span> <span class='ocrx_word' id='word_1_312' title='bbox 720 1836 779 1861; x_wconf 73' lang='lat' dir='ltr'>est,</span> <span class='ocrx_word' id='word_1_313' title='bbox 805 1841 874 1865; x_wconf 85' lang='lat' dir='ltr'>quae</span> <span class='ocrx_word' id='word_1_314' title='bbox 894 1842 927 1859; x_wconf 81' lang='lat' dir='ltr'>ex</span> <span class='ocrx_word' id='word_1_315' title='bbox 947 1835 1013 1859; x_wconf 84' lang='lat' dir='ltr'>locis</span> <span class='ocrx_word' id='word_1_316' title='bbox 1032 1836 1139 1859; x_wconf 90' lang='lat' dir='ltr'>techni-</span> 
     </span>
     <span class='ocr_line' id='line_1_43' title="bbox 209 1870 1140 1901; baseline -0.001 -7"><span class='ocrx_word' id='word_1_317' title='bbox 209 1873 249 1896; x_wconf 75' lang='lat' dir='ltr'>·:is</span> <span class='ocrx_word' id='word_1_318' title='bbox 268 1877 285 1895; x_wconf 89' lang='lat' dir='ltr'>a</span> <span class='ocrx_word' id='word_1_319' title='bbox 305 1872 499 1901; x_wconf 71' lang='lat' dir='ltr'>Thersagora,</span> <span class='ocrx_word' id='word_1_320' title='bbox 533 1871 640 1894; x_wconf 86' lang='lat' dir='ltr'>homine</span> <span class='ocrx_word' id='word_1_321' title='bbox 661 1872 757 1899; x_wconf 74' lang='lat' dir='ltr'>poeta,</span> <span class='ocrx_word' id='word_1_322' title='bbox 789 1870 946 1899; x_wconf 82' lang='lat' dir='ltr'>perficitur;</span> <span class='ocrx_word' id='word_1_323' title='bbox 979 1871 1070 1893; x_wconf 88' lang='lat' dir='ltr'>altera</span> <span class='ocrx_word' id='word_1_324' title='bbox 1088 1875 1140 1894; x_wconf 83' lang='lat' dir='ltr'>au-</span> 
     </span>
     <span class='ocr_line' id='line_1_44' title="bbox 208 1904 1142 1935; baseline -0.004 -4"><span class='ocrx_word' id='word_1_325' title='bbox 208 1911 263 1931; x_wconf 86' lang='lat' dir='ltr'>tem</span> <span class='ocrx_word' id='word_1_326' title='bbox 283 1913 315 1930; x_wconf 87' lang='lat' dir='ltr'>ex</span> <span class='ocrx_word' id='word_1_327' title='bbox 336 1905 475 1935; x_wconf 67' lang='lat' dir='ltr'>atet-lunis,</span> <span class='ocrx_word' id='word_1_328' title='bbox 495 1911 564 1935; x_wconf 81' lang='lat' dir='ltr'>qnae</span> <span class='ocrx_word' id='word_1_329' title='bbox 586 1907 694 1930; x_wconf 76' lang='lat' dir='ltr'>vocant,</span> <span class='ocrx_word' id='word_1_330' title='bbox 714 1904 846 1933; x_wconf 78' lang='lat' dir='ltr'>sumitur3</span> <span class='ocrx_word' id='word_1_331' title='bbox 868 1905 916 1928; x_wconf 88' lang='lat' dir='ltr'>sed</span> <span class='ocrx_word' id='word_1_332' title='bbox 935 1910 1015 1935; x_wconf 88' lang='lat' dir='ltr'>quam</span> <span class='ocrx_word' id='word_1_333' title='bbox 1036 1910 1142 1928; x_wconf 85' lang='lat' dir='ltr'>summa</span> 
     </span>
     <span class='ocr_line' id='line_1_45' title="bbox 209 1940 1140 1973; baseline -0.003 -8"><span class='ocrx_word' id='word_1_334' title='bbox 209 1941 355 1973; x_wconf 84' lang='lat' dir='ltr'>prudentia</span> <span class='ocrx_word' id='word_1_335' title='bbox 375 1942 457 1970; x_wconf 81' lang='lat' dir='ltr'>atque</span> <span class='ocrx_word' id='word_1_336' title='bbox 475 1942 537 1963; x_wconf 87' lang='lat' dir='ltr'>arte</span> <span class='ocrx_word' id='word_1_337' title='bbox 556 1940 714 1964; x_wconf 78' lang='lat' dir='ltr'>Lucianus.</span> <span class='ocrx_word' id='word_1_338' title='bbox 748 1941 842 1968; x_wconf 86' lang='lat' dir='ltr'>utpote</span> <span class='ocrx_word' id='word_1_339' title='bbox 861 1941 972 1970; x_wconf 81' lang='lat' dir='ltr'>orator,</span> <span class='ocrx_word' id='word_1_340' title='bbox 1006 1945 1039 1962; x_wconf 83' lang='lat' dir='ltr'>ac</span> <span class='ocrx_word' id='word_1_341' title='bbox 1064 1940 1140 1963; x_wconf 88' lang='lat' dir='ltr'>serio</span> 
     </span>
     <span class='ocr_line' id='line_1_46' title="bbox 208 1974 1140 2007; baseline -0.003 -7"><span class='ocrx_word' id='word_1_342' title='bbox 208 1983 296 2007; x_wconf 76' lang='lat' dir='ltr'>agens</span> <span class='ocrx_word' id='word_1_343' title='bbox 316 1976 455 1999; x_wconf 81' lang='lat' dir='ltr'>tractasse</span> <span class='ocrx_word' id='word_1_344' title='bbox 484 1975 521 1997; x_wconf 73' lang='lat' dir='ltr'>ita</span> <span class='ocrx_word' id='word_1_345' title='bbox 549 1974 667 1997; x_wconf 81' lang='lat' dir='ltr'>videtur.</span> <span class='ocrx_word' id='word_1_346' title='bbox 711 1974 889 2003; x_wconf 81' lang='lat' dir='ltr'>interpellato</span> <span class='ocrx_word' id='word_1_347' title='bbox 917 1975 987 1998; x_wconf 85' lang='lat' dir='ltr'>enim</span> <span class='ocrx_word' id='word_1_348' title='bbox 1012 1980 1140 1998; x_wconf 89' lang='lat' dir='ltr'>sermone</span> 
     </span>
     <span class='ocr_line' id='line_1_47' title="bbox 210 2009 1140 2041; baseline -0.002 -7"><span class='ocrx_word' id='word_1_349' title='bbox 210 2012 419 2041; x_wconf 74' lang='lat' dir='ltr'>Thersagorae,</span> <span class='ocrx_word' id='word_1_350' title='bbox 440 2009 528 2039; x_wconf 84' lang='lat' dir='ltr'>utqui</span> <span class='ocrx_word' id='word_1_351' title='bbox 544 2009 569 2032; x_wconf 92' lang='lat' dir='ltr'>in</span> <span class='ocrx_word' id='word_1_352' title='bbox 591 2009 713 2039; x_wconf 52' lang='lat' dir='ltr'>viduatis</span> <span class='ocrx_word' id='word_1_353' title='bbox 733 2010 760 2032; x_wconf 91' lang='lat' dir='ltr'>et</span> <span class='ocrx_word' id='word_1_354' title='bbox 778 2009 804 2031; x_wconf 88' lang='lat' dir='ltr'>iu</span> <span class='ocrx_word' id='word_1_355' title='bbox 823 2009 917 2032; x_wconf 82' lang='lat' dir='ltr'>schola</span> <span class='ocrx_word' id='word_1_356' title='bbox 936 2015 1068 2033; x_wconf 82' lang='lat' dir='ltr'>exercere</span> <span class='ocrx_word' id='word_1_357' title='bbox 1091 2015 1140 2033; x_wconf 88' lang='lat' dir='ltr'>so-</span> 
     </span>
     <span class='ocr_line' id='line_1_48' title="bbox 211 2043 1140 2070; baseline -0.002 -1"><span class='ocrx_word' id='word_1_358' title='bbox 211 2046 269 2070; x_wconf 88' lang='lat' dir='ltr'>litis</span> <span class='ocrx_word' id='word_1_359' title='bbox 289 2045 440 2068; x_wconf 83' lang='lat' dir='ltr'>rationibus</span> <span class='ocrx_word' id='word_1_360' title='bbox 461 2046 642 2068; x_wconf 80' lang='lat' dir='ltr'>versaretur:</span> <span class='ocrx_word' id='word_1_361' title='bbox 675 2043 773 2067; x_wconf 82' lang='lat' dir='ltr'>deinde</span> <span class='ocrx_word' id='word_1_362' title='bbox 799 2044 825 2066; x_wconf 89' lang='lat' dir='ltr'>et</span> <span class='ocrx_word' id='word_1_363' title='bbox 845 2043 974 2067; x_wconf 79' lang='lat' dir='ltr'>carminis</span> <span class='ocrx_word' id='word_1_364' title='bbox 993 2044 1069 2067; x_wconf 91' lang='lat' dir='ltr'>illius</span> <span class='ocrx_word' id='word_1_365' title='bbox 1088 2050 1140 2067; x_wconf 89' lang='lat' dir='ltr'>au-</span> 
     </span>
     <span class='ocr_line' id='line_1_49' title="bbox 208 2078 1140 2109; baseline -0.002 -5"><span class='ocrx_word' id='word_1_366' title='bbox 208 2079 392 2104; x_wconf 84' lang='lat' dir='ltr'>scultatione.</span> <span class='ocrx_word' id='word_1_367' title='bbox 423 2080 452 2102; x_wconf 89' lang='lat' dir='ltr'>ut</span> <span class='ocrx_word' id='word_1_368' title='bbox 471 2079 602 2109; x_wconf 70' lang='lat' dir='ltr'>tingitur.</span> <span class='ocrx_word' id='word_1_369' title='bbox 629 2078 748 2102; x_wconf 87' lang='lat' dir='ltr'>vicissim</span> <span class='ocrx_word' id='word_1_370' title='bbox 768 2080 898 2108; x_wconf 79' lang='lat' dir='ltr'>peracta,</span> <span class='ocrx_word' id='word_1_371' title='bbox 927 2079 1003 2108; x_wconf 84' lang='lat' dir='ltr'>ipse.</span> <span class='ocrx_word' id='word_1_372' title='bbox 1027 2080 1140 2109; x_wconf 82' lang='lat' dir='ltr'>accepto</span> 
     </span>
     <span class='ocr_line' id='line_1_50' title="bbox 211 2113 1141 2143; baseline -0.003 -4"><span class='ocrx_word' id='word_1_373' title='bbox 211 2117 245 2139; x_wconf 81' lang='lat' dir='ltr'>ab</span> <span class='ocrx_word' id='word_1_374' title='bbox 264 2114 359 2138; x_wconf 85' lang='lat' dir='ltr'>eodem</span> <span class='ocrx_word' id='word_1_375' title='bbox 377 2113 614 2137; x_wconf 82' lang='lat' dir='ltr'>Macedonicarum</span> <span class='ocrx_word' id='word_1_376' title='bbox 634 2119 726 2136; x_wconf 88' lang='lat' dir='ltr'>rerum</span> <span class='ocrx_word' id='word_1_377' title='bbox 745 2113 959 2137; x_wconf 79' lang='lat' dir='ltr'>commentario.</span> <span class='ocrx_word' id='word_1_378' title='bbox 992 2114 1017 2136; x_wconf 91' lang='lat' dir='ltr'>in</span> <span class='ocrx_word' id='word_1_379' title='bbox 1040 2119 1092 2143; x_wconf 90' lang='lat' dir='ltr'>quo</span> <span class='ocrx_word' id='word_1_380' title='bbox 1113 2114 1141 2136; x_wconf 88' lang='lat' dir='ltr'>et</span> 
     </span>
     <span class='ocr_line' id='line_1_51' title="bbox 209 2148 1139 2178; baseline -0.003 -4"><span class='ocrx_word' id='word_1_381' title='bbox 209 2152 272 2174; x_wconf 75' lang='lat' dir='ltr'>acta</span> <span class='ocrx_word' id='word_1_382' title='bbox 296 2148 451 2178; x_wconf 76' lang='lat' dir='ltr'>Antipatri,</span> <span class='ocrx_word' id='word_1_383' title='bbox 489 2150 515 2172; x_wconf 91' lang='lat' dir='ltr'>et</span> <span class='ocrx_word' id='word_1_384' title='bbox 541 2148 733 2171; x_wconf 78' lang='lat' dir='ltr'>Demosthenis</span> <span class='ocrx_word' id='word_1_385' title='bbox 758 2148 890 2177; x_wconf 84' lang='lat' dir='ltr'>quaedam</span> <span class='ocrx_word' id='word_1_386' title='bbox 917 2148 1139 2178; x_wconf 78' lang='lat' dir='ltr'>continebantur,</span> 
     </span>
     <span class='ocr_line' id='line_1_52' title="bbox 210 2182 1139 2213; baseline -0.003 -5"><span class='ocrx_word' id='word_1_387' title='bbox 210 2192 244 2209; x_wconf 86' lang='lat' dir='ltr'>ex</span> <span class='ocrx_word' id='word_1_388' title='bbox 263 2190 295 2208; x_wconf 87' lang='lat' dir='ltr'>eo</span> <span class='ocrx_word' id='word_1_389' title='bbox 316 2183 448 2213; x_wconf 87' lang='lat' dir='ltr'>reliquam</span> <span class='ocrx_word' id='word_1_390' title='bbox 466 2182 529 2206; x_wconf 87' lang='lat' dir='ltr'>inde</span> <span class='ocrx_word' id='word_1_391' title='bbox 549 2183 702 2206; x_wconf 80' lang='lat' dir='ltr'>orationem</span> <span class='ocrx_word' id='word_1_392' title='bbox 723 2182 855 2213; x_wconf 76' lang='lat' dir='ltr'>pertexit.</span> <span class='ocrx_word' id='word_1_393' title='bbox 887 2182 926 2205; x_wconf 92' lang='lat' dir='ltr'>illi</span> <span class='ocrx_word' id='word_1_394' title='bbox 947 2183 1077 2206; x_wconf 85' lang='lat' dir='ltr'>videlicet</span> <span class='ocrx_word' id='word_1_395' title='bbox 1096 2182 1139 2206; x_wconf 91' lang='lat' dir='ltr'>in-</span> 
     </span>
     <span class='ocr_line' id='line_1_53' title="bbox 210 2217 1140 2249; baseline -0.002 -6"><span class='ocrx_word' id='word_1_396' title='bbox 210 2225 294 2249; x_wconf 88' lang='lat' dir='ltr'>super</span> <span class='ocrx_word' id='word_1_397' title='bbox 305 2217 553 2243; x_wconf 80' lang='lat' dir='ltr'>commemorando.</span> <span class='ocrx_word' id='word_1_398' title='bbox 574 2223 641 2247; x_wconf 81' lang='lat' dir='ltr'>quae</span> <span class='ocrx_word' id='word_1_399' title='bbox 652 2219 746 2241; x_wconf 84' lang='lat' dir='ltr'>hostes</span> <span class='ocrx_word' id='word_1_400' title='bbox 758 2223 864 2247; x_wconf 84' lang='lat' dir='ltr'>quoque</span> <span class='ocrx_word' id='word_1_401' title='bbox 873 2217 907 2240; x_wconf 87' lang='lat' dir='ltr'>de</span> <span class='ocrx_word' id='word_1_402' title='bbox 918 2217 1075 2247; x_wconf 79' lang='lat' dir='ltr'>eloquentia</span> <span class='ocrx_word' id='word_1_403' title='bbox 1084 2218 1140 2241; x_wconf 88' lang='lat' dir='ltr'>De-</span> 
     </span>
     <span class='ocr_line' id='line_1_54' title="bbox 208 2252 1140 2282; baseline -0.002 -4"><span class='ocrx_word' id='word_1_404' title='bbox 208 2252 378 2279; x_wconf 81' lang='lat' dir='ltr'>mostheuis,</span> <span class='ocrx_word' id='word_1_405' title='bbox 400 2252 432 2276; x_wconf 90' lang='lat' dir='ltr'>de</span> <span class='ocrx_word' id='word_1_406' title='bbox 447 2252 634 2280; x_wconf 63' lang='lat' dir='ltr'>magnitudine</span> <span class='ocrx_word' id='word_1_407' title='bbox 654 2252 737 2275; x_wconf 86' lang='lat' dir='ltr'>animi</span> <span class='ocrx_word' id='word_1_408' title='bbox 756 2252 814 2275; x_wconf 86' lang='lat' dir='ltr'>cius</span> <span class='ocrx_word' id='word_1_409' title='bbox 833 2253 860 2275; x_wconf 89' lang='lat' dir='ltr'>et</span> <span class='ocrx_word' id='word_1_410' title='bbox 880 2252 912 2274; x_wconf 91' lang='lat' dir='ltr'>de</span> <span class='ocrx_word' id='word_1_411' title='bbox 931 2258 1023 2275; x_wconf 87' lang='lat' dir='ltr'>rerum</span> <span class='ocrx_word' id='word_1_412' title='bbox 1042 2254 1140 2282; x_wconf 84' lang='lat' dir='ltr'>gesta-</span> 
     </span>
     <span class='ocr_line' id='line_1_55' title="bbox 212 2286 1138 2317; baseline -0.002 -4"><span class='ocrx_word' id='word_1_413' title='bbox 212 2296 272 2313; x_wconf 88' lang='lat' dir='ltr'>rum</span> <span class='ocrx_word' id='word_1_414' title='bbox 294 2287 458 2311; x_wconf 81' lang='lat' dir='ltr'>excellentia</span> <span class='ocrx_word' id='word_1_415' title='bbox 482 2287 585 2316; x_wconf 86' lang='lat' dir='ltr'>scripta</span> <span class='ocrx_word' id='word_1_416' title='bbox 610 2288 692 2317; x_wconf 88' lang='lat' dir='ltr'>atque</span> <span class='ocrx_word' id='word_1_417' title='bbox 718 2288 821 2310; x_wconf 81' lang='lat' dir='ltr'>testata</span> <span class='ocrx_word' id='word_1_418' title='bbox 847 2286 1035 2316; x_wconf 76' lang='lat' dir='ltr'>reliquissent.</span> <span class='ocrx_word' id='word_1_419' title='bbox 1080 2288 1138 2316; x_wconf 89' lang='lat' dir='ltr'>Quo</span> 
     </span>
     <span class='ocr_line' id='line_1_56' title="bbox 209 2321 1138 2354; baseline -0.002 -7"><span class='ocrx_word' id='word_1_420' title='bbox 209 2324 371 2354; x_wconf 74' lang='lat' dir='ltr'>argumento</span> <span class='ocrx_word' id='word_1_421' title='bbox 397 2328 484 2352; x_wconf 86' lang='lat' dir='ltr'>neque</span> <span class='ocrx_word' id='word_1_422' title='bbox 510 2321 624 2352; x_wconf 75' lang='lat' dir='ltr'>gravius</span> <span class='ocrx_word' id='word_1_423' title='bbox 650 2322 739 2347; x_wconf 80' lang='lat' dir='ltr'>aliud,</span> <span class='ocrx_word' id='word_1_424' title='bbox 769 2321 882 2350; x_wconf 72' lang='lat' dir='ltr'>opinor,</span> <span class='ocrx_word' id='word_1_425' title='bbox 917 2327 1005 2351; x_wconf 87' lang='lat' dir='ltr'>neque</span> <span class='ocrx_word' id='word_1_426' title='bbox 1034 2322 1138 2345; x_wconf 87' lang='lat' dir='ltr'>firmius</span> 
     </span>
     <span class='ocr_line' id='line_1_57' title="bbox 211 2356 1140 2389; baseline -0.001 -8"><span class='ocrx_word' id='word_1_427' title='bbox 211 2358 354 2389; x_wconf 84' lang='lat' dir='ltr'>quicquam</span> <span class='ocrx_word' id='word_1_428' title='bbox 372 2356 467 2380; x_wconf 78' lang='lat' dir='ltr'>afferri</span> <span class='ocrx_word' id='word_1_429' title='bbox 488 2356 581 2387; x_wconf 81' lang='lat' dir='ltr'>potuit.</span> <span class='ocrx_word' id='word_1_430' title='bbox 619 2357 668 2379; x_wconf 86' lang='lat' dir='ltr'>Est</span> <span class='ocrx_word' id='word_1_431' title='bbox 683 2357 754 2380; x_wconf 85' lang='lat' dir='ltr'>enim</span> <span class='ocrx_word' id='word_1_432' title='bbox 775 2362 808 2379; x_wconf 78' lang='lat' dir='ltr'>ea</span> <span class='ocrx_word' id='word_1_433' title='bbox 828 2356 933 2379; x_wconf 85' lang='lat' dir='ltr'>demum</span> <span class='ocrx_word' id='word_1_434' title='bbox 954 2361 1019 2379; x_wconf 76' lang='lat' dir='ltr'>vera</span> <span class='ocrx_word' id='word_1_435' title='bbox 1039 2362 1072 2380; x_wconf 90' lang='lat' dir='ltr'>ac</span> <span class='ocrx_word' id='word_1_436' title='bbox 1091 2363 1140 2380; x_wconf 91' lang='lat' dir='ltr'>so-</span> 
     </span>
     <span class='ocr_line' id='line_1_58' title="bbox 209 2390 1139 2421; baseline -0.003 -4"><span class='ocrx_word' id='word_1_437' title='bbox 209 2393 266 2418; x_wconf 87' lang='lat' dir='ltr'>lida</span> <span class='ocrx_word' id='word_1_438' title='bbox 290 2393 367 2415; x_wconf 86' lang='lat' dir='ltr'>lans.</span> <span class='ocrx_word' id='word_1_439' title='bbox 403 2397 472 2421; x_wconf 82' lang='lat' dir='ltr'>quae</span> <span class='ocrx_word' id='word_1_440' title='bbox 497 2392 530 2414; x_wconf 81' lang='lat' dir='ltr'>ab</span> <span class='ocrx_word' id='word_1_441' title='bbox 554 2391 634 2414; x_wconf 88' lang='lat' dir='ltr'>hoste</span> <span class='ocrx_word' id='word_1_442' title='bbox 660 2390 862 2421; x_wconf 74' lang='lat' dir='ltr'>proficiscitur,</span> <span class='ocrx_word' id='word_1_443' title='bbox 892 2390 990 2421; x_wconf 81' lang='lat' dir='ltr'>quippe</span> <span class='ocrx_word' id='word_1_444' title='bbox 1010 2391 1054 2420; x_wconf 89' lang='lat' dir='ltr'>qni</span> <span class='ocrx_word' id='word_1_445' title='bbox 1073 2391 1139 2414; x_wconf 85' lang='lat' dir='ltr'>nihil</span> 
     </span>
     <span class='ocr_line' id='line_1_59' title="bbox 210 2425 1140 2456; baseline -0.002 -5"><span class='ocrx_word' id='word_1_446' title='bbox 210 2427 373 2452; x_wconf 89' lang='lat' dir='ltr'>laudaturus</span> <span class='ocrx_word' id='word_1_447' title='bbox 393 2426 473 2449; x_wconf 83' lang='lat' dir='ltr'>facile</span> <span class='ocrx_word' id='word_1_448' title='bbox 494 2425 519 2448; x_wconf 91' lang='lat' dir='ltr'>in</span> <span class='ocrx_word' id='word_1_449' title='bbox 540 2432 589 2453; x_wconf 75' lang='lat' dir='ltr'>eo,</span> <span class='ocrx_word' id='word_1_450' title='bbox 615 2433 694 2456; x_wconf 87' lang='lat' dir='ltr'>quem</span> <span class='ocrx_word' id='word_1_451' title='bbox 714 2426 788 2453; x_wconf 81' lang='lat' dir='ltr'>odit,</span> <span class='ocrx_word' id='word_1_452' title='bbox 814 2426 912 2453; x_wconf 71' lang='lat' dir='ltr'>fuerit,</span> <span class='ocrx_word' id='word_1_453' title='bbox 943 2425 996 2448; x_wconf 92' lang='lat' dir='ltr'>nisi</span> <span class='ocrx_word' id='word_1_454' title='bbox 1016 2425 1050 2449; x_wconf 86' lang='lat' dir='ltr'>ad</span> <span class='ocrx_word' id='word_1_455' title='bbox 1070 2426 1140 2455; x_wconf 86' lang='lat' dir='ltr'>quod</span> 
     </span>
     <span class='ocr_line' id='line_1_60' title="bbox 210 2460 1139 2492; baseline -0.003 -6"><span class='ocrx_word' id='word_1_456' title='bbox 210 2463 271 2492; x_wconf 87' lang='lat' dir='ltr'>ipsa</span> <span class='ocrx_word' id='word_1_457' title='bbox 290 2460 402 2484; x_wconf 91' lang='lat' dir='ltr'>virtutis</span> <span class='ocrx_word' id='word_1_458' title='bbox 420 2466 452 2484; x_wconf 88' lang='lat' dir='ltr'>ac</span> <span class='ocrx_word' id='word_1_459' title='bbox 477 2460 605 2484; x_wconf 85' lang='lat' dir='ltr'>veritatis</span> <span class='ocrx_word' id='word_1_460' title='bbox 628 2462 728 2484; x_wconf 85' lang='lat' dir='ltr'>natura</span> <span class='ocrx_word' id='word_1_461' title='bbox 753 2460 941 2490; x_wconf 80' lang='lat' dir='ltr'>compellitur,</span> <span class='ocrx_word' id='word_1_462' title='bbox 974 2465 1044 2489; x_wconf 87' lang='lat' dir='ltr'>quae</span> <span class='ocrx_word' id='word_1_463' title='bbox 1063 2461 1139 2483; x_wconf 85' lang='lat' dir='ltr'>eius-</span> 
     </span>
     <span class='ocr_line' id='line_1_61' title="bbox 210 2494 1139 2525; baseline -0.003 -3"><span class='ocrx_word' id='word_1_464' title='bbox 210 2496 283 2522; x_wconf 82' lang='lat' dir='ltr'>modi</span> <span class='ocrx_word' id='word_1_465' title='bbox 301 2501 369 2519; x_wconf 81' lang='lat' dir='ltr'>sane</span> <span class='ocrx_word' id='word_1_466' title='bbox 389 2497 449 2519; x_wconf 90' lang='lat' dir='ltr'>est.</span> <span class='ocrx_word' id='word_1_467' title='bbox 484 2497 512 2518; x_wconf 89' lang='lat' dir='ltr'>ut</span> <span class='ocrx_word' id='word_1_468' title='bbox 531 2495 602 2525; x_wconf 89' lang='lat' dir='ltr'>quod</span> <span class='ocrx_word' id='word_1_469' title='bbox 622 2494 695 2518; x_wconf 83' lang='lat' dir='ltr'>infra</span> <span class='ocrx_word' id='word_1_470' title='bbox 714 2495 773 2525; x_wconf 88' lang='lat' dir='ltr'>ipse</span> <span class='ocrx_word' id='word_1_471' title='bbox 792 2495 938 2525; x_wconf 82' lang='lat' dir='ltr'>Antipater</span> <span class='ocrx_word' id='word_1_472' title='bbox 957 2494 1012 2521; x_wconf 76' lang='lat' dir='ltr'>ait,</span> <span class='ocrx_word' id='word_1_473' title='bbox 1044 2495 1139 2519; x_wconf 81' lang='lat' dir='ltr'>Hone-</span> 
     </span>
     <span class='ocr_line' id='line_1_62' title="bbox 206 2530 1139 2560; baseline -0.004 -4"><span class='ocrx_word' id='word_1_474' title='bbox 206 2535 268 2556; x_wconf 85' lang='lat' dir='ltr'>stae</span> <span class='ocrx_word' id='word_1_475' title='bbox 287 2537 334 2554; x_wconf 88' lang='lat' dir='ltr'>res</span> <span class='ocrx_word' id='word_1_476' title='bbox 355 2530 436 2554; x_wconf 86' lang='lat' dir='ltr'>etiam</span> <span class='ocrx_word' id='word_1_477' title='bbox 454 2530 526 2559; x_wconf 88' lang='lat' dir='ltr'>apud</span> <span class='ocrx_word' id='word_1_478' title='bbox 544 2530 640 2553; x_wconf 88' lang='lat' dir='ltr'>hostes</span> <span class='ocrx_word' id='word_1_479' title='bbox 658 2530 793 2554; x_wconf 86' lang='lat' dir='ltr'>honestae</span> <span class='ocrx_word' id='word_1_480' title='bbox 812 2530 963 2560; x_wconf 57' lang='lat' dir='ltr'>ducantur,</span> <span class='ocrx_word' id='word_1_481' title='bbox 998 2530 1025 2552; x_wconf 89' lang='lat' dir='ltr'>et</span> <span class='ocrx_word' id='word_1_482' title='bbox 1049 2530 1139 2553; x_wconf 89' lang='lat' dir='ltr'>virtus</span> 
     </span>
     <span class='ocr_line' id='line_1_63' title="bbox 209 2564 1140 2591; baseline -0.002 0"><span class='ocrx_word' id='word_1_483' title='bbox 209 2567 317 2591; x_wconf 86' lang='lat' dir='ltr'>laudem</span> <span class='ocrx_word' id='word_1_484' title='bbox 343 2571 420 2588; x_wconf 87' lang='lat' dir='ltr'>suam</span> <span class='ocrx_word' id='word_1_485' title='bbox 446 2564 536 2588; x_wconf 86' lang='lat' dir='ltr'>ubivis</span> <span class='ocrx_word' id='word_1_486' title='bbox 562 2565 684 2589; x_wconf 88' lang='lat' dir='ltr'>locorum</span> <span class='ocrx_word' id='word_1_487' title='bbox 712 2564 844 2589; x_wconf 82' lang='lat' dir='ltr'>inveniat.</span> <span class='ocrx_word' id='word_1_488' title='bbox 892 2564 945 2588; x_wconf 75' lang='lat' dir='ltr'>sed</span> <span class='ocrx_word' id='word_1_489' title='bbox 971 2564 1004 2588; x_wconf 86' lang='lat' dir='ltr'>de</span> <span class='ocrx_word' id='word_1_490' title='bbox 1030 2565 1079 2588; x_wconf 84' lang='lat' dir='ltr'>hac</span> <span class='ocrx_word' id='word_1_491' title='bbox 1109 2571 1140 2589; x_wconf 88' lang='lat' dir='ltr'>re</span> 
     </span>
     <span class='ocr_line' id='line_1_64' title="bbox 209 2601 565 2631; baseline -0.014 -5"><span class='ocrx_word' id='word_1_492' title='bbox 209 2602 272 2626; x_wconf 76' lang='lat' dir='ltr'>:tlibi</span> <span class='ocrx_word' id='word_1_493' title='bbox 291 2601 392 2623; x_wconf 85' lang='lat' dir='ltr'>dictum</span> <span class='ocrx_word' id='word_1_494' title='bbox 411 2602 463 2623; x_wconf 87' lang='lat' dir='ltr'>est.</span> <span class='ocrx_word' id='word_1_495' title='bbox 561 2627 565 2631; x_wconf 40' lang='grc' dir='ltr'>Ι</span> 
     </span>
    </p>

    <p class='ocr_par' dir='ltr' id='par_1_9' title="bbox 173 2642 1140 2777">
     <span class='ocr_line' id='line_1_65' title="bbox 173 2642 1140 2674; baseline -0.004 -4"><span class='ocrx_word' id='word_1_496' title='bbox 173 2646 205 2674; x_wconf 79' lang='lat'>2)</span> <span class='ocrx_word' id='word_1_497' title='bbox 226 2645 268 2668; x_wconf 86' lang='lat' dir='ltr'>die</span> <span class='ocrx_word' id='word_1_498' title='bbox 287 2644 390 2668; x_wconf 81' lang='lat' dir='ltr'>decimo</span> <span class='ocrx_word' id='word_1_499' title='bbox 410 2644 506 2671; x_wconf 79' lang='lat' dir='ltr'>sexto]</span> <span class='ocrx_word' id='word_1_500' title='bbox 526 2642 568 2666; x_wconf 82' lang='lat' dir='ltr'>sic</span> <span class='ocrx_word' id='word_1_501' title='bbox 586 2642 633 2665; x_wconf 86' lang='lat' dir='ltr'>Ed.</span> <span class='ocrx_word' id='word_1_502' title='bbox 656 2643 745 2673; x_wconf 66' lang='lat'>1543.;</span> <span class='ocrx_word' id='word_1_503' title='bbox 770 2643 852 2666; x_wconf 82' lang='lat' dir='ltr'>Editt.</span> <span class='ocrx_word' id='word_1_504' title='bbox 871 2643 956 2672; x_wconf 55' lang='lat'>1533„</span> <span class='ocrx_word' id='word_1_505' title='bbox 978 2643 1070 2668; x_wconf 81' lang='lat'>1538.:</span> <span class='ocrx_word' id='word_1_506' title='bbox 1097 2643 1140 2667; x_wconf 89' lang='lat' dir='ltr'>die</span> 
     </span>
     <span class='ocr_line' id='line_1_66' title="bbox 212 2676 1140 2708; baseline -0.001 -6"><span class='ocrx_word' id='word_1_507' title='bbox 212 2680 250 2702; x_wconf 74' lang='lat'>16.</span> <span class='ocrx_word' id='word_1_508' title='bbox 270 2691 304 2696; x_wconf 89' lang='lat'>—</span> <span class='ocrx_word' id='word_1_509' title='bbox 344 2678 410 2702; x_wconf 84' lang='lat' dir='ltr'>l-luic</span> <span class='ocrx_word' id='word_1_510' title='bbox 436 2676 570 2707; x_wconf 72' lang='lat' dir='ltr'>principio</span> <span class='ocrx_word' id='word_1_511' title='bbox 596 2677 622 2700; x_wconf 89' lang='lat' dir='ltr'>in</span> <span class='ocrx_word' id='word_1_512' title='bbox 643 2677 726 2701; x_wconf 86' lang='lat' dir='ltr'>Editt.</span> <span class='ocrx_word' id='word_1_513' title='bbox 749 2678 841 2703; x_wconf 68' lang='lat'>1538..</span> <span class='ocrx_word' id='word_1_514' title='bbox 864 2677 938 2702; x_wconf 71' lang='lat'>1543.</span> <span class='ocrx_word' id='word_1_515' title='bbox 966 2678 992 2700; x_wconf 91' lang='lat' dir='ltr'>in</span> <span class='ocrx_word' id='word_1_516' title='bbox 1015 2679 1140 2708; x_wconf 72' lang='lat' dir='ltr'>margine</span> 
     </span>
     <span class='ocr_line' id='line_1_67' title="bbox 207 2712 1138 2743; baseline 0 -7"><span class='ocrx_word' id='word_1_517' title='bbox 207 2713 350 2743; x_wconf 78' lang='lat' dir='ltr'>adscripta</span> <span class='ocrx_word' id='word_1_518' title='bbox 369 2714 412 2735; x_wconf 80' lang='lat' dir='ltr'>est</span> <span class='ocrx_word' id='word_1_519' title='bbox 432 2713 510 2736; x_wconf 85' lang='lat' dir='ltr'>nota:</span> <span class='ocrx_word' id='word_1_520' title='bbox 543 2713 564 2736; x_wconf 79' lang='lat' dir='ltr'>A</span> <span class='ocrx_word' id='word_1_521' title='bbox 595 2712 753 2736; x_wconf 74' lang='lat' dir='ltr'>narratione</span> <span class='ocrx_word' id='word_1_522' title='bbox 780 2713 904 2736; x_wconf 75' lang='lat' dir='ltr'>orditur,</span> <span class='ocrx_word' id='word_1_523' title='bbox 938 2718 989 2742; x_wconf 84' lang='lat' dir='ltr'>qua</span> <span class='ocrx_word' id='word_1_524' title='bbox 1010 2713 1138 2737; x_wconf 78' lang='lat' dir='ltr'>occasio-</span> 
     </span>
     <span class='ocr_line' id='line_1_68' title="bbox 210 2746 546 2777; baseline -0.003 -6"><span class='ocrx_word' id='word_1_525' title='bbox 210 2755 269 2772; x_wconf 66' lang='lat' dir='ltr'>nem</span> <span class='ocrx_word' id='word_1_526' title='bbox 288 2747 402 2771; x_wconf 78' lang='lat' dir='ltr'>encomii</span> <span class='ocrx_word' id='word_1_527' title='bbox 426 2746 546 2777; x_wconf 80' lang='lat' dir='ltr'>exponit.</span> 
     </span>
    </p>
   </div>
   <div class='ocr_carea' id='block_1_9' title="bbox 1165 2592 1170 2775">
    <p class='ocr_par' dir='ltr' id='par_1_10' title="bbox 1165 2592 1170 2775">
     <span class='ocr_line' id='line_1_69' title="bbox 1165 2592 1170 2775; baseline 0 0"><span class='ocrx_word' id='word_1_528' title='bbox 1165 2592 1170 2775; x_wconf 76' lang='grc' dir='ltr'>ἱ</span> 
     </span>
    </p>
   </div>
   <div class='ocr_carea' id='block_1_10' title="bbox 1194 425 2205 2019">
    <p class='ocr_par' dir='ltr' id='par_1_11' title="bbox 1194 425 2205 2019">
     <span class='ocr_line' id='line_1_70' title="bbox 1196 425 2200 472; baseline 0.004 -12"><span class='ocrx_word' id='word_1_529' title='bbox 1196 425 1264 461; x_wconf 92' lang='lat' dir='ltr'>hoc</span> <span class='ocrx_word' id='word_1_530' title='bbox 1280 427 1523 472; x_wconf 86' lang='lat' dir='ltr'>interrogare,</span> <span class='ocrx_word' id='word_1_531' title='bbox 1550 433 1654 461; x_wconf 91' lang='lat' dir='ltr'>nocte</span> <span class='ocrx_word' id='word_1_532' title='bbox 1673 428 1885 472; x_wconf 87' lang='lat' dir='ltr'>intempesta</span> <span class='ocrx_word' id='word_1_533' title='bbox 1906 428 2061 470; x_wconf 86' lang='lat' dir='ltr'>surrexi,</span> <span class='ocrx_word' id='word_1_534' title='bbox 2095 437 2134 463; x_wconf 92' lang='lat' dir='ltr'>ut</span> <span class='ocrx_word' id='word_1_535' title='bbox 2154 432 2200 465; x_wconf 78' lang='lat' dir='ltr'>ad</span> 
     </span>
     <span class='ocr_line' id='line_1_71' title="bbox 1196 478 2199 516; baseline 0.003 -4"><span class='ocrx_word' id='word_1_536' title='bbox 1196 478 1346 512; x_wconf 89' lang='lat' dir='ltr'>Homeri</span> <span class='ocrx_word' id='word_1_537' title='bbox 1375 480 1531 512; x_wconf 84' lang='lat' dir='ltr'>natalem</span> <span class='ocrx_word' id='word_1_538' title='bbox 1567 491 1712 513; x_wconf 88' lang='lat' dir='ltr'>carmen</span> <span class='ocrx_word' id='word_1_539' title='bbox 1744 479 1775 512; x_wconf 94' lang='lat' dir='ltr'>ei</span> <span class='ocrx_word' id='word_1_540' title='bbox 1809 479 2024 514; x_wconf 79' lang='lat' dir='ltr'>dedicarem.</span> <span class='ocrx_word' id='word_1_541' title='bbox 2091 481 2199 516; x_wconf 89' lang='lat' dir='ltr'>Prae-</span> 
     </span>
     <span class='ocr_line' id='line_1_72' title="bbox 1197 530 2198 577; baseline 0.004 -15"><span class='ocrx_word' id='word_1_542' title='bbox 1197 530 1311 570; x_wconf 89' lang='lat' dir='ltr'>clare,</span> <span class='ocrx_word' id='word_1_543' title='bbox 1346 530 1515 576; x_wconf 82' lang='lat' dir='ltr'>inquam,</span> <span class='ocrx_word' id='word_1_544' title='bbox 1553 530 1660 570; x_wconf 83' lang='lat' dir='ltr'>facis,</span> <span class='ocrx_word' id='word_1_545' title='bbox 1703 531 1801 577; x_wconf 91' lang='lat' dir='ltr'>quod</span> <span class='ocrx_word' id='word_1_546' title='bbox 1829 531 1881 564; x_wconf 89' lang='lat' dir='ltr'>illi</span> <span class='ocrx_word' id='word_1_547' title='bbox 1902 532 2021 566; x_wconf 84' lang='lat' dir='ltr'>studes</span> <span class='ocrx_word' id='word_1_548' title='bbox 2045 533 2198 577; x_wconf 82' lang='lat' dir='ltr'>gratiam</span> 
     </span>
     <span class='ocr_line' id='line_1_73' title="bbox 1197 581 2202 625; baseline 0.005 -12"><span class='ocrx_word' id='word_1_549' title='bbox 1197 581 1433 615; x_wconf 87' lang='lat' dir='ltr'>institutionis</span> <span class='ocrx_word' id='word_1_550' title='bbox 1456 583 1601 615; x_wconf 90' lang='lat' dir='ltr'>referre.</span> <span class='ocrx_word' id='word_1_551' title='bbox 1654 581 1732 615; x_wconf 91' lang='lat' dir='ltr'>Hoc</span> <span class='ocrx_word' id='word_1_552' title='bbox 1756 595 1836 616; x_wconf 90' lang='lat' dir='ltr'>cum</span> <span class='ocrx_word' id='word_1_553' title='bbox 1863 582 2116 625; x_wconf 88' lang='lat' dir='ltr'>instituissem,</span> <span class='ocrx_word' id='word_1_554' title='bbox 2150 585 2202 619; x_wconf 86' lang='lat' dir='ltr'>ait</span> 
     </span>
     <span class='ocr_line' id='line_1_74' title="bbox 1197 630 2200 678; baseline 0.004 -13"><span class='ocrx_word' id='word_1_555' title='bbox 1197 633 1276 673; x_wconf 85' lang='lat' dir='ltr'>ille,</span> <span class='ocrx_word' id='word_1_556' title='bbox 1301 630 1370 666; x_wconf 92' lang='lat' dir='ltr'>huc</span> <span class='ocrx_word' id='word_1_557' title='bbox 1386 633 1487 674; x_wconf 90' lang='lat' dir='ltr'>veni,</span> <span class='ocrx_word' id='word_1_558' title='bbox 1515 645 1631 678; x_wconf 90' lang='lat' dir='ltr'>neque</span> <span class='ocrx_word' id='word_1_559' title='bbox 1650 633 1890 667; x_wconf 77' lang='lat' dir='ltr'>animadverti</span> <span class='ocrx_word' id='word_1_560' title='bbox 1913 647 1971 668; x_wconf 87' lang='lat' dir='ltr'>me</span> <span class='ocrx_word' id='word_1_561' title='bbox 1993 636 2200 670; x_wconf 83' lang='lat' dir='ltr'>deambula-</span> 
     </span>
     <span class='ocr_line' id='line_1_75' title="bbox 1197 684 2199 730; baseline 0.006 -14"><span class='ocrx_word' id='word_1_562' title='bbox 1197 684 1333 717; x_wconf 87' lang='lat' dir='ltr'>tionem</span> <span class='ocrx_word' id='word_1_563' title='bbox 1367 685 1412 717; x_wconf 85' lang='lat' dir='ltr'>ad</span> <span class='ocrx_word' id='word_1_564' title='bbox 1446 684 1633 718; x_wconf 88' lang='lat' dir='ltr'>meridiem</span> <span class='ocrx_word' id='word_1_565' title='bbox 1666 697 1778 730; x_wconf 92' lang='lat' dir='ltr'>usque</span> <span class='ocrx_word' id='word_1_566' title='bbox 1809 686 2031 730; x_wconf 86' lang='lat' dir='ltr'>produxisse.</span> <span class='ocrx_word' id='word_1_567' title='bbox 2103 687 2199 722; x_wconf 89' lang='lat' dir='ltr'>Tum</span> 
     </span>
     <span class='ocr_line' id='line_1_76' title="bbox 1198 733 2199 780; baseline 0.005 -12"><span class='ocrx_word' id='word_1_568' title='bbox 1198 748 1281 779; x_wconf 83' lang='lat' dir='ltr'>ego:</span> <span class='ocrx_word' id='word_1_569' title='bbox 1309 734 1356 768; x_wconf 91' lang='lat' dir='ltr'>Et</span> <span class='ocrx_word' id='word_1_570' title='bbox 1372 733 1462 769; x_wconf 90' lang='lat' dir='ltr'>mihi</span> <span class='ocrx_word' id='word_1_571' title='bbox 1479 748 1569 780; x_wconf 90' lang='lat' dir='ltr'>opus</span> <span class='ocrx_word' id='word_1_572' title='bbox 1592 741 1644 769; x_wconf 87' lang='lat' dir='ltr'>est</span> <span class='ocrx_word' id='word_1_573' title='bbox 1666 736 1970 772; x_wconf 76' lang='lat' dir='ltr'>deambulatione.</span> <span class='ocrx_word' id='word_1_574' title='bbox 2031 738 2100 772; x_wconf 92' lang='lat' dir='ltr'>Sed</span> <span class='ocrx_word' id='word_1_575' title='bbox 2126 739 2199 780; x_wconf 87' lang='lat' dir='ltr'>ille,</span> 
     </span>
     <span class='ocr_line' id='line_1_77' title="bbox 1197 786 2199 833; baseline 0.005 -14"><span class='ocrx_word' id='word_1_576' title='bbox 1197 786 1314 820; x_wconf 92' lang='lat' dir='ltr'>Multo</span> <span class='ocrx_word' id='word_1_577' title='bbox 1332 793 1434 828; x_wconf 83' lang='lat' dir='ltr'>ante,</span> <span class='ocrx_word' id='word_1_578' title='bbox 1462 787 1599 833; x_wconf 88' lang='lat' dir='ltr'>inquit,</span> <span class='ocrx_word' id='word_1_579' title='bbox 1627 787 1790 831; x_wconf 88' lang='lat' dir='ltr'>oportuit</span> <span class='ocrx_word' id='word_1_580' title='bbox 1812 801 1868 821; x_wconf 90' lang='lat' dir='ltr'>me</span> <span class='ocrx_word' id='word_1_581' title='bbox 1894 789 1994 823; x_wconf 90' lang='lat' dir='ltr'>illum</span> <span class='ocrx_word' id='word_1_582' title='bbox 2025 791 2199 830; x_wconf 77' lang='lat' dir='ltr'>salutare3</span> 
     </span>
     <span class='ocr_line' id='line_1_78' title="bbox 1198 838 2199 876; baseline 0.004 -5"><span class='ocrx_word' id='word_1_583' title='bbox 1198 839 1424 872; x_wconf 75' lang='lat' dir='ltr'>monstrabat</span> <span class='ocrx_word' id='word_1_584' title='bbox 1440 845 1560 872; x_wconf 86' lang='lat' dir='ltr'>autem</span> <span class='ocrx_word' id='word_1_585' title='bbox 1581 850 1693 871; x_wconf 78' lang='lat' dir='ltr'>manu</span> <span class='ocrx_word' id='word_1_586' title='bbox 1708 838 1919 874; x_wconf 88' lang='lat' dir='ltr'>Homerum.</span> <span class='ocrx_word' id='word_1_587' title='bbox 1975 840 2078 875; x_wconf 85' lang='lat' dir='ltr'>Scitis</span> <span class='ocrx_word' id='word_1_588' title='bbox 2104 843 2199 876; x_wconf 93' lang='lat' dir='ltr'>enim</span> 
     </span>
     <span class='ocr_line' id='line_1_79' title="bbox 1198 890 2201 935; baseline 0.006 -13"><span class='ocrx_word' id='word_1_589' title='bbox 1198 890 1234 922; x_wconf 92' lang='lat' dir='ltr'>in</span> <span class='ocrx_word' id='word_1_590' title='bbox 1253 890 1387 934; x_wconf 90' lang='lat' dir='ltr'>templo</span> <span class='ocrx_word' id='word_1_591' title='bbox 1401 890 1601 924; x_wconf 83' lang='lat' dir='ltr'>Ptolemaei</span> <span class='ocrx_word' id='word_1_592' title='bbox 1618 891 1663 923; x_wconf 81' lang='lat' dir='ltr'>ad</span> <span class='ocrx_word' id='word_1_593' title='bbox 1681 890 1862 924; x_wconf 85' lang='lat' dir='ltr'>dexteram</span> <span class='ocrx_word' id='word_1_594' title='bbox 1885 892 2095 926; x_wconf 76' lang='lat' dir='ltr'>collacatum</span> <span class='ocrx_word' id='word_1_595' title='bbox 2114 906 2201 935; x_wconf 80' lang='lat' dir='ltr'>esse,</span> 
     </span>
     <span class='ocr_line' id='line_1_80' title="bbox 1198 941 2200 992; baseline 0.004 -17"><span class='ocrx_word' id='word_1_596' title='bbox 1198 941 1336 986; x_wconf 77' lang='lat' dir='ltr'>prolixa</span> <span class='ocrx_word' id='word_1_597' title='bbox 1373 954 1474 975; x_wconf 81' lang='lat' dir='ltr'>coma</span> <span class='ocrx_word' id='word_1_598' title='bbox 1512 942 1702 986; x_wconf 82' lang='lat' dir='ltr'>insignem.</span> <span class='ocrx_word' id='word_1_599' title='bbox 1770 942 1828 975; x_wconf 84' lang='lat' dir='ltr'>Ad</span> <span class='ocrx_word' id='word_1_600' title='bbox 1862 941 1977 983; x_wconf 78' lang='lat' dir='ltr'>hunc,</span> <span class='ocrx_word' id='word_1_601' title='bbox 2022 944 2140 990; x_wconf 87' lang='lat' dir='ltr'>inquit</span> <span class='ocrx_word' id='word_1_602' title='bbox 2154 945 2200 992; x_wconf 77' lang='lat'>³),</span> 
     </span>
     <span class='ocr_line' id='line_1_81' title="bbox 1198 991 2205 1038; baseline 0.005 -12"><span class='ocrx_word' id='word_1_603' title='bbox 1198 994 1356 1027; x_wconf 89' lang='lat' dir='ltr'>eundum</span> <span class='ocrx_word' id='word_1_604' title='bbox 1375 991 1464 1026; x_wconf 90' lang='lat' dir='ltr'>mihi</span> <span class='ocrx_word' id='word_1_605' title='bbox 1481 1000 1551 1035; x_wconf 87' lang='lat' dir='ltr'>est,</span> <span class='ocrx_word' id='word_1_606' title='bbox 1578 1000 1618 1027; x_wconf 87' lang='lat' dir='ltr'>ut</span> <span class='ocrx_word' id='word_1_607' title='bbox 1635 1006 1715 1027; x_wconf 89' lang='lat' dir='ltr'>eum</span> <span class='ocrx_word' id='word_1_608' title='bbox 1741 994 1890 1028; x_wconf 88' lang='lat' dir='ltr'>salutem</span> <span class='ocrx_word' id='word_1_609' title='bbox 1903 1022 1912 1036; x_wconf 94' lang='lat'>,</span> <span class='ocrx_word' id='word_1_610' title='bbox 1948 1001 1988 1029; x_wconf 88' lang='lat' dir='ltr'>ut</span> <span class='ocrx_word' id='word_1_611' title='bbox 2011 1008 2109 1030; x_wconf 89' lang='lat' dir='ltr'>orem</span> <span class='ocrx_word' id='word_1_612' title='bbox 2122 1023 2132 1038; x_wconf 90' lang='lat'>,</span> <span class='ocrx_word' id='word_1_613' title='bbox 2164 1003 2205 1031; x_wconf 91' lang='lat' dir='ltr'>ut</span> 
     </span>
     <span class='ocr_line' id='line_1_82' title="bbox 1197 1043 2201 1093; baseline 0.005 -16"><span class='ocrx_word' id='word_1_614' title='bbox 1197 1043 1287 1078; x_wconf 90' lang='lat' dir='ltr'>mihi</span> <span class='ocrx_word' id='word_1_615' title='bbox 1312 1058 1481 1090; x_wconf 80' lang='lat' dir='ltr'>magnam</span> <span class='ocrx_word' id='word_1_616' title='bbox 1508 1057 1676 1079; x_wconf 88' lang='lat' dir='ltr'>versuum</span> <span class='ocrx_word' id='word_1_617' title='bbox 1706 1046 1846 1090; x_wconf 85' lang='lat' dir='ltr'>copiam</span> <span class='ocrx_word' id='word_1_618' title='bbox 1874 1046 2061 1091; x_wconf 74' lang='lat' dir='ltr'>largiatur.</span> <span class='ocrx_word' id='word_1_619' title='bbox 2124 1048 2201 1093; x_wconf 87' lang='lat' dir='ltr'>Ego</span> 
     </span>
     <span class='ocr_line' id='line_1_83' title="bbox 1195 1097 2202 1145; baseline 0.004 -16"><span class='ocrx_word' id='word_1_620' title='bbox 1195 1103 1319 1129; x_wconf 82' lang='lat' dir='ltr'>contra</span> <span class='ocrx_word' id='word_1_621' title='bbox 1349 1097 1516 1142; x_wconf 81' lang='lat' dir='ltr'>inquam:</span> <span class='ocrx_word' id='word_1_622' title='bbox 1552 1097 1590 1130; x_wconf 93' lang='lat' dir='ltr'>Si</span> <span class='ocrx_word' id='word_1_623' title='bbox 1614 1097 1701 1143; x_wconf 88' lang='lat' dir='ltr'>quid</span> <span class='ocrx_word' id='word_1_624' title='bbox 1723 1097 1815 1131; x_wconf 89' lang='lat' dir='ltr'>votis</span> <span class='ocrx_word' id='word_1_625' title='bbox 1839 1099 2045 1143; x_wconf 84' lang='lat' dir='ltr'>proficitur,</span> <span class='ocrx_word' id='word_1_626' title='bbox 2081 1105 2114 1132; x_wconf 88' lang='lat' dir='ltr'>et</span> <span class='ocrx_word' id='word_1_627' title='bbox 2137 1112 2202 1145; x_wconf 87' lang='lat' dir='ltr'>ego</span> 
     </span>
     <span class='ocr_line' id='line_1_84' title="bbox 1195 1147 2201 1195; baseline 0.005 -15"><span class='ocrx_word' id='word_1_628' title='bbox 1195 1148 1266 1180; x_wconf 86' lang='lat' dir='ltr'>iam</span> <span class='ocrx_word' id='word_1_629' title='bbox 1285 1148 1371 1181; x_wconf 90' lang='lat' dir='ltr'>olim</span> <span class='ocrx_word' id='word_1_630' title='bbox 1388 1147 1624 1183; x_wconf 85' lang='lat' dir='ltr'>Demostheni</span> <span class='ocrx_word' id='word_1_631' title='bbox 1642 1150 1830 1194; x_wconf 83' lang='lat' dir='ltr'>obstrepo,</span> <span class='ocrx_word' id='word_1_632' title='bbox 1858 1156 1898 1183; x_wconf 88' lang='lat' dir='ltr'>ut</span> <span class='ocrx_word' id='word_1_633' title='bbox 1921 1148 2011 1183; x_wconf 88' lang='lat' dir='ltr'>mihi</span> <span class='ocrx_word' id='word_1_634' title='bbox 2034 1151 2201 1195; x_wconf 87' lang='lat' dir='ltr'>suppedi-</span> 
     </span>
     <span class='ocr_line' id='line_1_85' title="bbox 1195 1199 2202 1248; baseline 0.005 -17"><span class='ocrx_word' id='word_1_635' title='bbox 1195 1205 1245 1232; x_wconf 92' lang='lat' dir='ltr'>tet</span> <span class='ocrx_word' id='word_1_636' title='bbox 1263 1199 1464 1233; x_wconf 82' lang='lat' dir='ltr'>orationem</span> <span class='ocrx_word' id='word_1_637' title='bbox 1483 1201 1528 1233; x_wconf 84' lang='lat' dir='ltr'>ad</span> <span class='ocrx_word' id='word_1_638' title='bbox 1543 1201 1699 1233; x_wconf 79' lang='lat' dir='ltr'>natalem</span> <span class='ocrx_word' id='word_1_639' title='bbox 1718 1201 1792 1234; x_wconf 91' lang='lat' dir='ltr'>eius</span> <span class='ocrx_word' id='word_1_640' title='bbox 1809 1202 2024 1236; x_wconf 81' lang='lat' dir='ltr'>ornandum.</span> <span class='ocrx_word' id='word_1_641' title='bbox 2079 1202 2117 1236; x_wconf 90' lang='lat' dir='ltr'>Si</span> <span class='ocrx_word' id='word_1_642' title='bbox 2138 1203 2202 1248; x_wconf 82' lang='lat' dir='ltr'>igi-</span> 
     </span>
     <span class='ocr_line' id='line_1_86' title="bbox 1195 1250 2200 1296; baseline 0.005 -13"><span class='ocrx_word' id='word_1_643' title='bbox 1195 1257 1253 1283; x_wconf 85' lang='lat' dir='ltr'>tur</span> <span class='ocrx_word' id='word_1_644' title='bbox 1269 1250 1354 1284; x_wconf 86' lang='lat' dir='ltr'>satis</span> <span class='ocrx_word' id='word_1_645' title='bbox 1373 1251 1440 1284; x_wconf 87' lang='lat' dir='ltr'>erit</span> <span class='ocrx_word' id='word_1_646' title='bbox 1456 1258 1538 1284; x_wconf 68' lang='lat' dir='ltr'>vota</span> <span class='ocrx_word' id='word_1_647' title='bbox 1555 1252 1689 1292; x_wconf 86' lang='lat' dir='ltr'>facere,</span> <span class='ocrx_word' id='word_1_648' title='bbox 1718 1252 1871 1296; x_wconf 81' lang='lat' dir='ltr'>adiunge</span> <span class='ocrx_word' id='word_1_649' title='bbox 1890 1265 1945 1285; x_wconf 89' lang='lat' dir='ltr'>me</span> <span class='ocrx_word' id='word_1_650' title='bbox 1964 1253 2028 1286; x_wconf 88' lang='lat' dir='ltr'>tibi</span> <span class='ocrx_word' id='word_1_651' title='bbox 2045 1254 2200 1294; x_wconf 88' lang='lat' dir='ltr'>socium;</span> 
     </span>
     <span class='ocr_line' id='line_1_87' title="bbox 1195 1303 2200 1351; baseline 0.006 -17"><span class='ocrx_word' id='word_1_652' title='bbox 1195 1314 1279 1334; x_wconf 83' lang='lat' dir='ltr'>nam</span> <span class='ocrx_word' id='word_1_653' title='bbox 1297 1314 1502 1343; x_wconf 83' lang='lat' dir='ltr'>commune,</span> <span class='ocrx_word' id='word_1_654' title='bbox 1518 1303 1706 1349; x_wconf 64' lang='lat' dir='ltr'>inquitssst),</span> <span class='ocrx_word' id='word_1_655' title='bbox 1723 1304 1861 1337; x_wconf 88' lang='lat' dir='ltr'>lucrum</span> <span class='ocrx_word' id='word_1_656' title='bbox 1873 1305 2012 1339; x_wconf 78' lang='lat' dir='ltr'>auferre</span> <span class='ocrx_word' id='word_1_657' title='bbox 2025 1306 2200 1351; x_wconf 87' lang='lat' dir='ltr'>cupimus.</span> 
     </span>
     <span class='ocr_line' id='line_1_88' title="bbox 1198 1353 2198 1400; baseline 0.005 -14"><span class='ocrx_word' id='word_1_658' title='bbox 1198 1353 1357 1400; x_wconf 76' lang='lat' dir='ltr'>Tkers.‘⁴)</span> <span class='ocrx_word' id='word_1_659' title='bbox 1396 1354 1490 1398; x_wconf 84' lang='lat' dir='ltr'>Ego,</span> <span class='ocrx_word' id='word_1_660' title='bbox 1525 1354 1661 1400; x_wconf 89' lang='lat' dir='ltr'>inquit,</span> <span class='ocrx_word' id='word_1_661' title='bbox 1690 1353 1806 1388; x_wconf 82' lang='lat' dir='ltr'>habeo</span> <span class='ocrx_word' id='word_1_662' title='bbox 1824 1368 1953 1400; x_wconf 81' lang='lat' dir='ltr'>poema</span> <span class='ocrx_word' id='word_1_663' title='bbox 1971 1357 2198 1392; x_wconf 85' lang='lat' dir='ltr'>lucubratum</span> 
     </span>
     <span class='ocr_line' id='line_1_89' title="bbox 1194 1403 2201 1453; baseline 0.007 -16"><span class='ocrx_word' id='word_1_664' title='bbox 1194 1403 1261 1437; x_wconf 85' lang='lat' dir='ltr'>hac</span> <span class='ocrx_word' id='word_1_665' title='bbox 1277 1412 1380 1438; x_wconf 85' lang='lat' dir='ltr'>nocte</span> <span class='ocrx_word' id='word_1_666' title='bbox 1401 1412 1435 1439; x_wconf 88' lang='lat' dir='ltr'>et</span> <span class='ocrx_word' id='word_1_667' title='bbox 1457 1404 1586 1447; x_wconf 90' lang='lat' dir='ltr'>hodie,</span> <span class='ocrx_word' id='word_1_668' title='bbox 1616 1407 1714 1452; x_wconf 87' lang='lat' dir='ltr'>quod</span> <span class='ocrx_word' id='word_1_669' title='bbox 1731 1407 1892 1441; x_wconf 88' lang='lat' dir='ltr'>Homero</span> <span class='ocrx_word' id='word_1_670' title='bbox 1918 1416 2068 1453; x_wconf 89' lang='lat' dir='ltr'>propter</span> <span class='ocrx_word' id='word_1_671' title='bbox 2093 1409 2201 1444; x_wconf 88' lang='lat' dir='ltr'>bene-</span> 
     </span>
     <span class='ocr_line' id='line_1_90' title="bbox 1195 1457 2200 1507; baseline 0.006 -18"><span class='ocrx_word' id='word_1_672' title='bbox 1195 1457 1390 1490; x_wconf 71' lang='lat' dir='ltr'>volentiam</span> <span class='ocrx_word' id='word_1_673' title='bbox 1412 1457 1640 1492; x_wconf 79' lang='lat' dir='ltr'>dedicaturus</span> <span class='ocrx_word' id='word_1_674' title='bbox 1659 1471 1750 1492; x_wconf 85' lang='lat' dir='ltr'>sum.</span> <span class='ocrx_word' id='word_1_675' title='bbox 1784 1459 1878 1493; x_wconf 81' lang='lat' dir='ltr'>Nam</span> <span class='ocrx_word' id='word_1_676' title='bbox 1898 1460 2021 1494; x_wconf 79' lang='lat' dir='ltr'>divino</span> <span class='ocrx_word' id='word_1_677' title='bbox 2040 1462 2200 1507; x_wconf 84' lang='lat' dir='ltr'>quodam</span> 
     </span>
     <span class='ocr_line' id='line_1_91' title="bbox 1194 1509 2201 1556; baseline 0.006 -15"><span class='ocrx_word' id='word_1_678' title='bbox 1194 1509 1316 1542; x_wconf 85' lang='lat' dir='ltr'>surore</span> <span class='ocrx_word' id='word_1_679' title='bbox 1334 1516 1535 1543; x_wconf 86' lang='lat' dir='ltr'>commotus</span> <span class='ocrx_word' id='word_1_680' title='bbox 1551 1511 1595 1542; x_wconf 85' lang='lat' dir='ltr'>ad</span> <span class='ocrx_word' id='word_1_681' title='bbox 1621 1510 1798 1554; x_wconf 80' lang='lat' dir='ltr'>poeticam</span> <span class='ocrx_word' id='word_1_682' title='bbox 1821 1511 1966 1556; x_wconf 79' lang='lat' dir='ltr'>rapior,</span> <span class='ocrx_word' id='word_1_683' title='bbox 2002 1519 2041 1546; x_wconf 90' lang='lat' dir='ltr'>ut</span> <span class='ocrx_word' id='word_1_684' title='bbox 2066 1513 2201 1547; x_wconf 80' lang='lat' dir='ltr'>iudica-</span> 
     </span>
     <span class='ocr_line' id='line_1_92' title="bbox 1194 1560 2203 1610; baseline 0.006 -17"><span class='ocrx_word' id='word_1_685' title='bbox 1194 1560 1248 1594; x_wconf 88' lang='lat' dir='ltr'>bis</span> <span class='ocrx_word' id='word_1_686' title='bbox 1264 1560 1350 1605; x_wconf 89' lang='lat' dir='ltr'>ipse.</span> <span class='ocrx_word' id='word_1_687' title='bbox 1404 1561 1501 1594; x_wconf 90' lang='lat' dir='ltr'>Gero</span> <span class='ocrx_word' id='word_1_688' title='bbox 1520 1561 1615 1594; x_wconf 90' lang='lat' dir='ltr'>enim</span> <span class='ocrx_word' id='word_1_689' title='bbox 1635 1574 1773 1596; x_wconf 84' lang='lat' dir='ltr'>mecum</span> <span class='ocrx_word' id='word_1_690' title='bbox 1797 1562 1956 1597; x_wconf 89' lang='lat' dir='ltr'>libellum</span> <span class='ocrx_word' id='word_1_691' title='bbox 1986 1564 2023 1597; x_wconf 89' lang='lat' dir='ltr'>in</span> <span class='ocrx_word' id='word_1_692' title='bbox 2049 1563 2117 1598; x_wconf 88' lang='lat' dir='ltr'>hoc</span> <span class='ocrx_word' id='word_1_693' title='bbox 2139 1577 2203 1610; x_wconf 78' lang='lat' dir='ltr'>pa-</span> 
     </span>
     <span class='ocr_line' id='line_1_93' title="bbox 1195 1614 2201 1663; baseline 0.006 -19"><span class='ocrx_word' id='word_1_694' title='bbox 1195 1618 1334 1652; x_wconf 85' lang='lat' dir='ltr'>ratum,</span> <span class='ocrx_word' id='word_1_695' title='bbox 1364 1618 1404 1645; x_wconf 89' lang='lat' dir='ltr'>ut</span> <span class='ocrx_word' id='word_1_696' title='bbox 1428 1614 1614 1647; x_wconf 86' lang='lat' dir='ltr'>ostendam</span> <span class='ocrx_word' id='word_1_697' title='bbox 1640 1614 1841 1655; x_wconf 87' lang='lat' dir='ltr'>sodalibus,</span> <span class='ocrx_word' id='word_1_698' title='bbox 1877 1627 1955 1648; x_wconf 88' lang='lat' dir='ltr'>cum</span> <span class='ocrx_word' id='word_1_699' title='bbox 1979 1616 2018 1649; x_wconf 87' lang='lat' dir='ltr'>in</span> <span class='ocrx_word' id='word_1_700' title='bbox 2044 1616 2201 1663; x_wconf 78' lang='lat' dir='ltr'>aliquem</span> 
     </span>
     <span class='ocr_line' id='line_1_94' title="bbox 1195 1664 2201 1714; baseline 0.006 -19"><span class='ocrx_word' id='word_1_701' title='bbox 1195 1664 1350 1697; x_wconf 88' lang='lat' dir='ltr'>otiosum</span> <span class='ocrx_word' id='word_1_702' title='bbox 1373 1664 1545 1699; x_wconf 80' lang='lat' dir='ltr'>incidero,</span> <span class='ocrx_word' id='word_1_703' title='bbox 1606 1667 1692 1700; x_wconf 78' lang='lat' dir='ltr'>Luc.</span> <span class='ocrx_word' id='word_1_704' title='bbox 1729 1665 1762 1699; x_wconf 93' lang='lat' dir='ltr'>O</span> <span class='ocrx_word' id='word_1_705' title='bbox 1786 1673 1819 1699; x_wconf 90' lang='lat' dir='ltr'>te</span> <span class='ocrx_word' id='word_1_706' title='bbox 1843 1667 2002 1708; x_wconf 86' lang='lat' dir='ltr'>felicem,</span> <span class='ocrx_word' id='word_1_707' title='bbox 2038 1668 2201 1714; x_wconf 87' lang='lat' dir='ltr'>inquam,</span> 
     </span>
     <span class='ocr_line' id='line_1_95' title="bbox 1195 1714 2201 1766; baseline 0.006 -19"><span class='ocrx_word' id='word_1_708' title='bbox 1195 1715 1258 1761; x_wconf 93' lang='lat' dir='ltr'>qui</span> <span class='ocrx_word' id='word_1_709' title='bbox 1284 1715 1416 1750; x_wconf 79' lang='lat' dir='ltr'>videris</span> <span class='ocrx_word' id='word_1_710' title='bbox 1442 1714 1532 1748; x_wconf 91' lang='lat' dir='ltr'>mihi</span> <span class='ocrx_word' id='word_1_711' title='bbox 1560 1717 1710 1761; x_wconf 89' lang='lat' dir='ltr'>perinde</span> <span class='ocrx_word' id='word_1_712' title='bbox 1740 1718 1876 1758; x_wconf 75' lang='lat' dir='ltr'>facere,</span> <span class='ocrx_word' id='word_1_713' title='bbox 1916 1725 2024 1765; x_wconf 84' lang='lat' dir='ltr'>atque</span> <span class='ocrx_word' id='word_1_714' title='bbox 2057 1720 2201 1766; x_wconf 77' lang='lat' dir='ltr'>aliquis,</span> 
     </span>
     <span class='ocr_line' id='line_1_96' title="bbox 1195 1767 2199 1813; baseline 0.005 -13"><span class='ocrx_word' id='word_1_715' title='bbox 1195 1767 1275 1813; x_wconf 86' lang='lat' dir='ltr'>qui,</span> <span class='ocrx_word' id='word_1_716' title='bbox 1303 1773 1494 1813; x_wconf 83' lang='lat' dir='ltr'>postquam</span> <span class='ocrx_word' id='word_1_717' title='bbox 1516 1780 1620 1801; x_wconf 89' lang='lat' dir='ltr'>cursu</span> <span class='ocrx_word' id='word_1_718' title='bbox 1637 1768 1721 1801; x_wconf 71' lang='lat' dir='ltr'>vicit</span> <span class='ocrx_word' id='word_1_719' title='bbox 1740 1769 1777 1801; x_wconf 91' lang='lat' dir='ltr'>in</span> <span class='ocrx_word' id='word_1_720' title='bbox 1794 1769 1931 1810; x_wconf 85' lang='lat' dir='ltr'>stadio,</span> <span class='ocrx_word' id='word_1_721' title='bbox 1959 1771 2053 1804; x_wconf 90' lang='lat' dir='ltr'>redit</span> <span class='ocrx_word' id='word_1_722' title='bbox 2077 1772 2199 1805; x_wconf 79' lang='lat' dir='ltr'>abluto</span> 
     </span>
     <span class='ocr_line' id='line_1_97' title="bbox 1194 1820 2201 1864; baseline 0.006 -13"><span class='ocrx_word' id='word_1_723' title='bbox 1194 1820 1360 1863; x_wconf 69' lang='lat' dir='ltr'>pulvere,</span> <span class='ocrx_word' id='word_1_724' title='bbox 1387 1825 1426 1852; x_wconf 85' lang='lat' dir='ltr'>ut</span> <span class='ocrx_word' id='word_1_725' title='bbox 1443 1820 1594 1853; x_wconf 86' lang='lat' dir='ltr'>oblectet</span> <span class='ocrx_word' id='word_1_726' title='bbox 1610 1832 1645 1853; x_wconf 85' lang='lat' dir='ltr'>se</span> <span class='ocrx_word' id='word_1_727' title='bbox 1670 1821 1887 1864; x_wconf 80' lang='lat' dir='ltr'>spectando,</span> <span class='ocrx_word' id='word_1_728' title='bbox 1922 1827 1956 1854; x_wconf 89' lang='lat' dir='ltr'>et</span> <span class='ocrx_word' id='word_1_729' title='bbox 1983 1834 2063 1856; x_wconf 90' lang='lat' dir='ltr'>cum</span> <span class='ocrx_word' id='word_1_730' title='bbox 2089 1823 2201 1856; x_wconf 84' lang='lat' dir='ltr'>lucta-</span> 
     </span>
     <span class='ocr_line' id='line_1_98' title="bbox 1195 1870 2201 1916; baseline 0.004 -12"><span class='ocrx_word' id='word_1_731' title='bbox 1195 1878 1272 1904; x_wconf 87' lang='lat' dir='ltr'>tore</span> <span class='ocrx_word' id='word_1_732' title='bbox 1289 1870 1448 1911; x_wconf 74' lang='lat' dir='ltr'>iocatur,</span> <span class='ocrx_word' id='word_1_733' title='bbox 1475 1877 1702 1916; x_wconf 76' lang='lat' dir='ltr'>expectante,</span> <span class='ocrx_word' id='word_1_734' title='bbox 1729 1878 1768 1905; x_wconf 90' lang='lat' dir='ltr'>ut</span> <span class='ocrx_word' id='word_1_735' title='bbox 1786 1872 1858 1905; x_wconf 85' lang='lat' dir='ltr'>iam</span> <span class='ocrx_word' id='word_1_736' title='bbox 1880 1872 1916 1905; x_wconf 85' lang='lat' dir='ltr'>in</span> <span class='ocrx_word' id='word_1_737' title='bbox 1937 1880 2118 1908; x_wconf 84' lang='lat' dir='ltr'>certamen</span> <span class='ocrx_word' id='word_1_738' title='bbox 2138 1888 2201 1908; x_wconf 93' lang='lat' dir='ltr'>vo-</span> 
     </span>
     <span class='ocr_line' id='line_1_99' title="bbox 1195 1922 2198 1968; baseline 0.004 -12"><span class='ocrx_word' id='word_1_739' title='bbox 1195 1929 1305 1957; x_wconf 85' lang='lat' dir='ltr'>cetur.</span> <span class='ocrx_word' id='word_1_740' title='bbox 1365 1922 1432 1956; x_wconf 82' lang='lat' dir='ltr'>Cui</span> <span class='ocrx_word' id='word_1_741' title='bbox 1450 1924 1643 1968; x_wconf 89' lang='lat' dir='ltr'>respondet</span> <span class='ocrx_word' id='word_1_742' title='bbox 1663 1924 1739 1956; x_wconf 88' lang='lat' dir='ltr'>ille:</span> <span class='ocrx_word' id='word_1_743' title='bbox 1775 1923 1823 1957; x_wconf 86' lang='lat' dir='ltr'>At</span> <span class='ocrx_word' id='word_1_744' title='bbox 1846 1925 1954 1968; x_wconf 72' lang='lat' dir='ltr'>paulo</span> <span class='ocrx_word' id='word_1_745' title='bbox 1978 1932 2082 1967; x_wconf 80' lang='lat' dir='ltr'>ante,</span> <span class='ocrx_word' id='word_1_746' title='bbox 2117 1939 2198 1960; x_wconf 90' lang='lat' dir='ltr'>cum</span> 
     </span>
     <span class='ocr_line' id='line_1_100' title="bbox 1195 1976 2199 2019; baseline 0.003 -11"><span class='ocrx_word' id='word_1_747' title='bbox 1195 1988 1214 2008; x_wconf 84' lang='lat' dir='ltr'>a</span> <span class='ocrx_word' id='word_1_748' title='bbox 1235 1981 1328 2008; x_wconf 71' lang='lat' dir='ltr'>meta</span> <span class='ocrx_word' id='word_1_749' title='bbox 1348 1976 1635 2019; x_wconf 72' lang='lat' dir='ltr'>procurrendum</span> <span class='ocrx_word' id='word_1_750' title='bbox 1662 1981 1773 2016; x_wconf 79' lang='lat' dir='ltr'>esset,</span> <span class='ocrx_word' id='word_1_751' title='bbox 1809 1988 1882 2008; x_wconf 89' lang='lat' dir='ltr'>non</span> <span class='ocrx_word' id='word_1_752' title='bbox 1912 1984 1988 2010; x_wconf 72' lang='lat' dir='ltr'>erat</span> <span class='ocrx_word' id='word_1_753' title='bbox 2015 1977 2129 2011; x_wconf 87' lang='lat' dir='ltr'>otium</span> <span class='ocrx_word' id='word_1_754' title='bbox 2152 1979 2199 2012; x_wconf 83' lang='lat' dir='ltr'>ad</span> 
     </span>
    </p>
   </div>
   <div class='ocr_carea' id='block_1_11' title="bbox 1224 2040 1377 2044">
    <p class='ocr_par' dir='ltr' id='par_1_12' title="bbox 1224 2040 1377 2044">
     <span class='ocr_line' id='line_1_101' title="bbox 1224 2040 1377 2044; baseline 0 0"><span class='ocrx_word' id='word_1_755' title='bbox 1224 2040 1377 2044; x_wconf 95' lang='lat' dir='ltr'> </span> 
     </span>
    </p>
   </div>
   <div class='ocr_carea' id='block_1_12' title="bbox 1228 2064 2198 2245">
    <p class='ocr_par' dir='ltr' id='par_1_13' title="bbox 1228 2064 2198 2131">
     <span class='ocr_line' id='line_1_102' title="bbox 1228 2064 2198 2097; baseline 0.004 -8"><span class='ocrx_word' id='word_1_756' title='bbox 1228 2066 1260 2094; x_wconf 82' lang='lat'>3)</span> <span class='ocrx_word' id='word_1_757' title='bbox 1278 2066 1320 2089; x_wconf 80' lang='lat' dir='ltr'>Ad</span> <span class='ocrx_word' id='word_1_758' title='bbox 1339 2066 1426 2095; x_wconf 81' lang='lat' dir='ltr'>hunc,</span> <span class='ocrx_word' id='word_1_759' title='bbox 1451 2064 1554 2097; x_wconf 85' lang='lat' dir='ltr'>inquit]</span> <span class='ocrx_word' id='word_1_760' title='bbox 1580 2065 1619 2090; x_wconf 85' lang='lat' dir='ltr'>sic</span> <span class='ocrx_word' id='word_1_761' title='bbox 1638 2065 1723 2090; x_wconf 85' lang='lat' dir='ltr'>Editt.</span> <span class='ocrx_word' id='word_1_762' title='bbox 1742 2065 1837 2096; x_wconf 63' lang='lat'>1533„</span> <span class='ocrx_word' id='word_1_763' title='bbox 1859 2066 1952 2097; x_wconf 80' lang='lat'>1538.;</span> <span class='ocrx_word' id='word_1_764' title='bbox 1984 2067 2035 2094; x_wconf 85' lang='lat' dir='ltr'>Ed.</span> <span class='ocrx_word' id='word_1_765' title='bbox 2057 2068 2133 2094; x_wconf 75' lang='lat'>1543.</span> <span class='ocrx_word' id='word_1_766' title='bbox 2151 2067 2198 2093; x_wconf 82' lang='lat' dir='ltr'>in·</span> 
     </span>
     <span class='ocr_line' id='line_1_103' title="bbox 1266 2100 1492 2131; baseline 0.013 -8"><span class='ocrx_word' id='word_1_767' title='bbox 1266 2100 1340 2131; x_wconf 83' lang='lat' dir='ltr'>quit,</span> <span class='ocrx_word' id='word_1_768' title='bbox 1359 2101 1394 2124; x_wconf 87' lang='lat' dir='ltr'>ad</span> <span class='ocrx_word' id='word_1_769' title='bbox 1412 2101 1492 2127; x_wconf 85' lang='lat' dir='ltr'>hunc.</span> 
     </span>
    </p>

    <p class='ocr_par' dir='ltr' id='par_1_14' title="bbox 1228 2143 2196 2245">
     <span class='ocr_line' id='line_1_104' title="bbox 1228 2143 1631 2174; baseline 0.002 -7"><span class='ocrx_word' id='word_1_770' title='bbox 1228 2144 1279 2172; x_wconf 78' lang='lat'>3³)</span> <span class='ocrx_word' id='word_1_771' title='bbox 1298 2143 1411 2174; x_wconf 74' lang='lat' dir='ltr'>iuquit,]</span> <span class='ocrx_word' id='word_1_772' title='bbox 1433 2145 1482 2168; x_wconf 90' lang='lat' dir='ltr'>hoc</span> <span class='ocrx_word' id='word_1_773' title='bbox 1503 2145 1631 2171; x_wconf 71' lang='lat' dir='ltr'>verbum,</span> 
     </span>
     <span class='ocr_line' id='line_1_105' title="bbox 1265 2179 2196 2209; baseline 0.003 -7"><span class='ocrx_word' id='word_1_774' title='bbox 1265 2180 1343 2207; x_wconf 79' lang='lat' dir='ltr'>bent,</span> <span class='ocrx_word' id='word_1_775' title='bbox 1365 2179 1507 2203; x_wconf 83' lang='lat' dir='ltr'>delendum</span> <span class='ocrx_word' id='word_1_776' title='bbox 1521 2186 1583 2203; x_wconf 90' lang='lat' dir='ltr'>esse</span> <span class='ocrx_word' id='word_1_777' title='bbox 1597 2185 1716 2207; x_wconf 76' lang='lat' dir='ltr'>censeo,</span> <span class='ocrx_word' id='word_1_778' title='bbox 1737 2179 1809 2209; x_wconf 83' lang='lat' dir='ltr'>quod</span> <span class='ocrx_word' id='word_1_779' title='bbox 1831 2185 1919 2209; x_wconf 83' lang='lat' dir='ltr'>neque</span> <span class='ocrx_word' id='word_1_780' title='bbox 1938 2179 2074 2204; x_wconf 87' lang='lat' dir='ltr'>orationis</span> <span class='ocrx_word' id='word_1_781' title='bbox 2095 2181 2196 2206; x_wconf 83' lang='lat' dir='ltr'>cohae—</span> 
     </span>
     <span class='ocr_line' id='line_1_106' title="bbox 1265 2214 1888 2245; baseline 0 -8"><span class='ocrx_word' id='word_1_782' title='bbox 1265 2214 1387 2245; x_wconf 77' lang='lat' dir='ltr'>rentiae,</span> <span class='ocrx_word' id='word_1_783' title='bbox 1413 2221 1501 2244; x_wconf 84' lang='lat' dir='ltr'>neque</span> <span class='ocrx_word' id='word_1_784' title='bbox 1522 2214 1608 2237; x_wconf 82' lang='lat' dir='ltr'>textui</span> <span class='ocrx_word' id='word_1_785' title='bbox 1628 2220 1729 2244; x_wconf 66' lang='lat' dir='ltr'>gracco</span> <span class='ocrx_word' id='word_1_786' title='bbox 1749 2214 1888 2241; x_wconf 59' lang='lat' dir='ltr'>congruit.</span> 
     </span>
    </p>
   </div>
   <div class='ocr_carea' id='block_1_13' title="bbox 1230 2257 2195 2772">
    <p class='ocr_par' dir='ltr' id='par_1_15' title="bbox 1230 2257 2195 2319">
     <span class='ocr_line' id='line_1_107' title="bbox 1230 2257 2195 2319; baseline 0.001 -38"><span class='ocrx_word' id='word_1_787' title='bbox 1230 2257 1378 2315; x_wconf 58' lang='lat' dir='ltr'>4JtTltteer.</span> <span class='ocrx_word' id='word_1_788' title='bbox 1402 2270 1430 2274; x_wconf 89' lang='lat'>—</span> <span class='ocrx_word' id='word_1_789' title='bbox 1454 2257 1540 2314; x_wconf 50' lang='lat' dir='ltr'>Lugd]</span> <span class='ocrx_word' id='word_1_790' title='bbox 1569 2257 1621 2313; x_wconf 50' lang='lat' dir='ltr'>hale</span> <span class='ocrx_word' id='word_1_791' title='bbox 1650 2262 1847 2319; x_wconf 36' lang='lat' dir='ltr'>pgrsqililaruub</span> <span class='ocrx_word' id='word_1_792' title='bbox 1864 2257 2079 2315; x_wconf 52' lang='lat' dir='ltr'>colloqueqtilnitn</span> <span class='ocrx_word' id='word_1_793' title='bbox 2100 2258 2195 2315; x_wconf 52' lang='grc' dir='ltr'>ῧὶξίᾶθ</span> 
     </span>
    </p>

    <p class='ocr_par' dir='ltr' id='par_1_16' title="bbox 1262 2297 2195 2772">
     <span class='ocr_line' id='line_1_108' title="bbox 1277 2297 2195 2322; baseline 0 -7"><span class='ocrx_word' id='word_1_794' title='bbox 1277 2299 1309 2315; x_wconf 86' lang='lat' dir='ltr'>ex</span> <span class='ocrx_word' id='word_1_795' title='bbox 1326 2299 1352 2315; x_wconf 85' lang='grc' dir='ltr'>ιιι</span> <span class='ocrx_word' id='word_1_796' title='bbox 1376 2298 1477 2322; x_wconf 69' lang='lat' dir='ltr'>graeco</span> <span class='ocrx_word' id='word_1_797' title='bbox 1540 2309 1545 2314; x_wconf 87' lang='lat'>.</span> <span class='ocrx_word' id='word_1_798' title='bbox 1568 2298 1657 2314; x_wconf 35' lang='grc' dir='ltr'>μςιιιιι</span> <span class='ocrx_word' id='word_1_799' title='bbox 1680 2298 1697 2314; x_wconf 84' lang='grc' dir='ltr'>ιι</span> <span class='ocrx_word' id='word_1_800' title='bbox 1762 2298 1803 2314; x_wconf 85' lang='lat' dir='ltr'>uc.</span> <span class='ocrx_word' id='word_1_801' title='bbox 1852 2299 1893 2321; x_wconf 84' lang='lat' dir='ltr'>pp.</span> <span class='ocrx_word' id='word_1_802' title='bbox 1914 2297 1954 2321; x_wconf 81' lang='lat' dir='ltr'>gr.</span> <span class='ocrx_word' id='word_1_803' title='bbox 1983 2298 1997 2314; x_wconf 89' lang='lat' dir='ltr'>e</span> <span class='ocrx_word' id='word_1_804' title='bbox 2041 2297 2056 2315; x_wconf 82' lang='lat' dir='ltr'>a</span> <span class='ocrx_word' id='word_1_805' title='bbox 2072 2310 2078 2315; x_wconf 92' lang='lat'>.</span> <span class='ocrx_word' id='word_1_806' title='bbox 2098 2302 2107 2315; x_wconf 67' lang='grc' dir='ltr'>ι</span> <span class='ocrx_word' id='word_1_807' title='bbox 2129 2298 2195 2319; x_wconf 71' lang='lat' dir='ltr'>lav,</span> 
     </span>
     <span class='ocr_line' id='line_1_109' title="bbox 1267 2325 2195 2357; baseline 0 -7"><span class='ocrx_word' id='word_1_808' title='bbox 1267 2327 1460 2350; x_wconf 76' lang='lat'>1776—1800.</span> <span class='ocrx_word' id='word_1_809' title='bbox 1493 2326 1518 2349; x_wconf 79' lang='grc' dir='ltr'>Β.</span> <span class='ocrx_word' id='word_1_810' title='bbox 1546 2326 1564 2348; x_wconf 86' lang='grc'>8</span> <span class='ocrx_word' id='word_1_811' title='bbox 1580 2325 1668 2355; x_wconf 77' lang='lat' dir='ltr'>Tomi)</span> <span class='ocrx_word' id='word_1_812' title='bbox 1689 2326 1717 2348; x_wconf 88' lang='lat' dir='ltr'>T.</span> <span class='ocrx_word' id='word_1_813' title='bbox 1734 2325 1805 2348; x_wconf 75' lang='lat' dir='ltr'>vill.</span> <span class='ocrx_word' id='word_1_814' title='bbox 1826 2326 1915 2355; x_wconf 73' lang='lat' dir='ltr'>p.240</span> <span class='ocrx_word' id='word_1_815' title='bbox 1929 2333 1988 2356; x_wconf 86' lang='lat' dir='ltr'>sqq.</span> <span class='ocrx_word' id='word_1_816' title='bbox 2009 2326 2050 2349; x_wconf 89' lang='lat' dir='ltr'>sic</span> <span class='ocrx_word' id='word_1_817' title='bbox 2070 2327 2195 2357; x_wconf 83' lang='lat' dir='ltr'>interpo-</span> 
     </span>
     <span class='ocr_line' id='line_1_110' title="bbox 1263 2360 2195 2393; baseline -0.003 -9"><span class='ocrx_word' id='word_1_818' title='bbox 1263 2362 1336 2385; x_wconf 89' lang='lat' dir='ltr'>sitae</span> <span class='ocrx_word' id='word_1_819' title='bbox 1355 2363 1435 2384; x_wconf 90' lang='lat' dir='ltr'>sunt:</span> <span class='ocrx_word' id='word_1_820' title='bbox 1464 2360 1727 2386; x_wconf 54' lang='lat' dir='ltr'>&amp;lips—AYK..</span> <span class='ocrx_word' id='word_1_821' title='bbox 1748 2361 1875 2390; x_wconf 84' lang='lat' dir='ltr'>qnoniam</span> <span class='ocrx_word' id='word_1_822' title='bbox 1894 2360 2019 2387; x_wconf 80' lang='grc' dir='ltr'><em>Λυκῖνος</em></span> <span class='ocrx_word' id='word_1_823' title='bbox 2038 2363 2064 2384; x_wconf 70' lang='lat' dir='ltr'>et</span> <span class='ocrx_word' id='word_1_824' title='bbox 2085 2362 2195 2393; x_wconf 73' lang='grc' dir='ltr'>Θερσα-</span> 
     </span>
     <span class='ocr_line' id='line_1_111' title="bbox 1264 2394 2194 2428; baseline 0 -9"><span class='ocrx_word' id='word_1_825' title='bbox 1264 2394 1349 2428; x_wconf 70' lang='grc' dir='ltr'><em>γὸρας</em></span> <span class='ocrx_word' id='word_1_826' title='bbox 1379 2396 1569 2425; x_wconf 75' lang='lat' dir='ltr'>colloquentes</span> <span class='ocrx_word' id='word_1_827' title='bbox 1596 2395 1623 2418; x_wconf 90' lang='lat' dir='ltr'>in</span> <span class='ocrx_word' id='word_1_828' title='bbox 1649 2395 1728 2418; x_wconf 83' lang='lat' dir='ltr'>huius</span> <span class='ocrx_word' id='word_1_829' title='bbox 1756 2395 1872 2418; x_wconf 80' lang='lat' dir='ltr'>encomii</span> <span class='ocrx_word' id='word_1_830' title='bbox 1900 2395 2078 2425; x_wconf 84' lang='lat' dir='ltr'>inscriptione</span> <span class='ocrx_word' id='word_1_831' title='bbox 2104 2397 2194 2420; x_wconf 88' lang='lat' dir='ltr'>nomi-</span> 
     </span>
     <span class='ocr_line' id='line_1_112' title="bbox 1264 2429 2192 2461; baseline 0 -7"><span class='ocrx_word' id='word_1_832' title='bbox 1264 2432 1382 2461; x_wconf 80' lang='lat' dir='ltr'>nantur3</span> <span class='ocrx_word' id='word_1_833' title='bbox 1408 2431 1434 2453; x_wconf 91' lang='lat' dir='ltr'>in</span> <span class='ocrx_word' id='word_1_834' title='bbox 1450 2430 1500 2455; x_wconf 90' lang='lat' dir='ltr'>Ed.</span> <span class='ocrx_word' id='word_1_835' title='bbox 1514 2429 1636 2453; x_wconf 82' lang='lat' dir='ltr'>Iacobitz</span> <span class='ocrx_word' id='word_1_836' title='bbox 1656 2431 1747 2452; x_wconf 87' lang='lat' dir='ltr'>autem</span> <span class='ocrx_word' id='word_1_837' title='bbox 1769 2430 1858 2459; x_wconf 76' lang='lat' dir='ltr'>(Lips.</span> <span class='ocrx_word' id='word_1_838' title='bbox 1875 2429 2068 2455; x_wconf 73' lang='lat'>1836—1841.</span> <span class='ocrx_word' id='word_1_839' title='bbox 2088 2432 2105 2454; x_wconf 72' lang='lat'>4</span> <span class='ocrx_word' id='word_1_840' title='bbox 2118 2431 2192 2454; x_wconf 84' lang='lat' dir='ltr'>Tomi</span> 
     </span>
     <span class='ocr_line' id='line_1_113' title="bbox 1263 2464 2192 2495; baseline -0.001 -6"><span class='ocrx_word' id='word_1_841' title='bbox 1263 2466 1306 2492; x_wconf 81' lang='lat' dir='ltr'>S.)</span> <span class='ocrx_word' id='word_1_842' title='bbox 1334 2466 1362 2489; x_wconf 86' lang='grc' dir='ltr'>Τ.</span> <span class='ocrx_word' id='word_1_843' title='bbox 1378 2466 1422 2488; x_wconf 92' lang='lat' dir='ltr'>lll.</span> <span class='ocrx_word' id='word_1_844' title='bbox 1449 2473 1474 2495; x_wconf 93' lang='lat' dir='ltr'>p.</span> <span class='ocrx_word' id='word_1_845' title='bbox 1488 2464 1539 2488; x_wconf 69' lang='lat'>543</span> <span class='ocrx_word' id='word_1_846' title='bbox 1554 2471 1613 2494; x_wconf 88' lang='lat' dir='ltr'>sqq.</span> <span class='ocrx_word' id='word_1_847' title='bbox 1638 2469 1820 2494; x_wconf 78' lang='lat' dir='ltr'>personarum</span> <span class='ocrx_word' id='word_1_848' title='bbox 1846 2464 2060 2494; x_wconf 85' lang='lat' dir='ltr'>colloquentium</span> <span class='ocrx_word' id='word_1_849' title='bbox 2080 2465 2192 2489; x_wconf 83' lang='lat' dir='ltr'>vicissi-</span> 
     </span>
     <span class='ocr_line' id='line_1_114' title="bbox 1264 2497 2191 2531; baseline 0.001 -8"><span class='ocrx_word' id='word_1_850' title='bbox 1264 2501 1347 2527; x_wconf 65' lang='lat' dir='ltr'>tudo,</span> <span class='ocrx_word' id='word_1_851' title='bbox 1382 2500 1481 2530; x_wconf 83' lang='lat' dir='ltr'>quippe</span> <span class='ocrx_word' id='word_1_852' title='bbox 1507 2504 1575 2528; x_wconf 88' lang='lat' dir='ltr'>quae</span> <span class='ocrx_word' id='word_1_853' title='bbox 1602 2499 1627 2522; x_wconf 90' lang='lat' dir='ltr'>in</span> <span class='ocrx_word' id='word_1_854' title='bbox 1654 2498 1714 2528; x_wconf 91' lang='lat' dir='ltr'>ipso</span> <span class='ocrx_word' id='word_1_855' title='bbox 1741 2499 1817 2522; x_wconf 88' lang='lat' dir='ltr'>textu</span> <span class='ocrx_word' id='word_1_856' title='bbox 1844 2498 1935 2523; x_wconf 76' lang='lat' dir='ltr'>verbis</span> <span class='ocrx_word' id='word_1_857' title='bbox 1954 2497 2041 2530; x_wconf 69' lang='grc' dir='ltr'><em>ἔφην,</em></span> <span class='ocrx_word' id='word_1_858' title='bbox 2068 2498 2122 2531; x_wconf 78' lang='grc' dir='ltr'>ἔφη</span> <span class='ocrx_word' id='word_1_859' title='bbox 2141 2502 2191 2524; x_wconf 87' lang='lat' dir='ltr'>etc.</span> 
     </span>
     <span class='ocr_line' id='line_1_115' title="bbox 1264 2533 2191 2565; baseline -0.001 -7"><span class='ocrx_word' id='word_1_860' title='bbox 1264 2537 1308 2564; x_wconf 84' lang='lat' dir='ltr'>(et</span> <span class='ocrx_word' id='word_1_861' title='bbox 1326 2541 1411 2565; x_wconf 85' lang='lat' dir='ltr'>aeque</span> <span class='ocrx_word' id='word_1_862' title='bbox 1431 2535 1456 2557; x_wconf 90' lang='lat' dir='ltr'>in</span> <span class='ocrx_word' id='word_1_863' title='bbox 1476 2535 1620 2563; x_wconf 82' lang='lat' dir='ltr'>interpret.</span> <span class='ocrx_word' id='word_1_864' title='bbox 1646 2533 1692 2556; x_wconf 89' lang='lat' dir='ltr'>lat.</span> <span class='ocrx_word' id='word_1_865' title='bbox 1721 2533 1829 2557; x_wconf 88' lang='lat' dir='ltr'>verbis:</span> <span class='ocrx_word' id='word_1_866' title='bbox 1863 2534 1989 2563; x_wconf 82' lang='lat' dir='ltr'>iuquam,</span> <span class='ocrx_word' id='word_1_867' title='bbox 2019 2534 2121 2564; x_wconf 82' lang='lat' dir='ltr'>inquit.</span> <span class='ocrx_word' id='word_1_868' title='bbox 2148 2534 2191 2557; x_wconf 90' lang='lat' dir='ltr'>in-</span> 
     </span>
     <span class='ocr_line' id='line_1_116' title="bbox 1263 2568 2192 2600; baseline -0.002 -7"><span class='ocrx_word' id='word_1_869' title='bbox 1263 2570 1322 2600; x_wconf 89' lang='lat' dir='ltr'>quit</span> <span class='ocrx_word' id='word_1_870' title='bbox 1340 2570 1404 2599; x_wconf 72' lang='lat' dir='ltr'>ille,</span> <span class='ocrx_word' id='word_1_871' title='bbox 1424 2569 1462 2592; x_wconf 88' lang='lat' dir='ltr'>ait</span> <span class='ocrx_word' id='word_1_872' title='bbox 1476 2569 1541 2595; x_wconf 77' lang='lat' dir='ltr'>ille,</span> <span class='ocrx_word' id='word_1_873' title='bbox 1562 2569 1629 2595; x_wconf 79' lang='lat' dir='ltr'>etc.)</span> <span class='ocrx_word' id='word_1_874' title='bbox 1642 2568 1713 2591; x_wconf 87' lang='lat' dir='ltr'>satis</span> <span class='ocrx_word' id='word_1_875' title='bbox 1728 2568 1880 2598; x_wconf 84' lang='lat' dir='ltr'>iudicatur,</span> <span class='ocrx_word' id='word_1_876' title='bbox 1900 2574 1954 2592; x_wconf 92' lang='lat' dir='ltr'>non</span> <span class='ocrx_word' id='word_1_877' title='bbox 1969 2568 2011 2591; x_wconf 89' lang='lat' dir='ltr'>his</span> <span class='ocrx_word' id='word_1_878' title='bbox 2026 2569 2122 2599; x_wconf 76' lang='lat' dir='ltr'>siglis,</span> <span class='ocrx_word' id='word_1_879' title='bbox 2142 2568 2192 2592; x_wconf 86' lang='lat' dir='ltr'>sed</span> 
     </span>
     <span class='ocr_line' id='line_1_117' title="bbox 1262 2603 2192 2633; baseline -0.001 -5"><span class='ocrx_word' id='word_1_880' title='bbox 1262 2604 1449 2628; x_wconf 86' lang='lat' dir='ltr'>tantummodo</span> <span class='ocrx_word' id='word_1_881' title='bbox 1474 2603 1547 2626; x_wconf 86' lang='lat' dir='ltr'>linea</span> <span class='ocrx_word' id='word_1_882' title='bbox 1573 2603 1736 2632; x_wconf 83' lang='lat' dir='ltr'>interposita</span> <span class='ocrx_word' id='word_1_883' title='bbox 1761 2603 1905 2633; x_wconf 55' lang='lat' dir='ltr'>signatum</span> <span class='ocrx_word' id='word_1_884' title='bbox 1942 2603 1971 2626; x_wconf 87' lang='lat' dir='ltr'>in</span> <span class='ocrx_word' id='word_1_885' title='bbox 1997 2603 2079 2626; x_wconf 82' lang='lat' dir='ltr'>Editt.</span> <span class='ocrx_word' id='word_1_886' title='bbox 2106 2608 2192 2632; x_wconf 80' lang='lat' dir='ltr'>supra</span> 
     </span>
     <span class='ocr_line' id='line_1_118' title="bbox 1263 2637 2192 2669; baseline -0.001 -7"><span class='ocrx_word' id='word_1_887' title='bbox 1263 2639 1410 2669; x_wconf 84' lang='lat' dir='ltr'>descriptis</span> <span class='ocrx_word' id='word_1_888' title='bbox 1431 2638 1524 2665; x_wconf 67' lang='lat'>1533..</span> <span class='ocrx_word' id='word_1_889' title='bbox 1548 2637 1640 2667; x_wconf 59' lang='lat'>1538,</span> <span class='ocrx_word' id='word_1_890' title='bbox 1661 2637 1736 2660; x_wconf 63' lang='lat'>1543.</span> <span class='ocrx_word' id='word_1_891' title='bbox 1755 2637 1859 2668; x_wconf 82' lang='lat' dir='ltr'>siglae:</span> <span class='ocrx_word' id='word_1_892' title='bbox 1883 2637 2124 2664; x_wconf 56' lang='lat' dir='ltr'>&#39;rursm—[Nc.</span> <span class='ocrx_word' id='word_1_893' title='bbox 2147 2637 2192 2661; x_wconf 88' lang='lat' dir='ltr'>in-</span> 
     </span>
     <span class='ocr_line' id='line_1_119' title="bbox 1263 2671 2189 2703; baseline -0.002 -6"><span class='ocrx_word' id='word_1_894' title='bbox 1263 2674 1417 2703; x_wconf 81' lang='lat' dir='ltr'>terpositae</span> <span class='ocrx_word' id='word_1_895' title='bbox 1432 2674 1507 2700; x_wconf 75' lang='lat' dir='ltr'>sunt,</span> <span class='ocrx_word' id='word_1_896' title='bbox 1522 2672 1619 2702; x_wconf 80' lang='lat' dir='ltr'>quihus</span> <span class='ocrx_word' id='word_1_897' title='bbox 1634 2672 1829 2702; x_wconf 78' lang='lat' dir='ltr'>Thersagoras</span> <span class='ocrx_word' id='word_1_898' title='bbox 1845 2674 1871 2695; x_wconf 89' lang='lat' dir='ltr'>et</span> <span class='ocrx_word' id='word_1_899' title='bbox 1881 2672 2026 2703; x_wconf 53' lang='lat' dir='ltr'>Luc-ianus,</span> <span class='ocrx_word' id='word_1_900' title='bbox 2047 2673 2090 2701; x_wconf 84' lang='lat' dir='ltr'>qni</span> <span class='ocrx_word' id='word_1_901' title='bbox 2107 2671 2189 2695; x_wconf 86' lang='lat' dir='ltr'>etiam</span> 
     </span>
     <span class='ocr_line' id='line_1_120' title="bbox 1264 2705 2189 2736; baseline -0.003 -4"><span class='ocrx_word' id='word_1_902' title='bbox 1264 2708 1290 2732; x_wconf 90' lang='lat' dir='ltr'>in</span> <span class='ocrx_word' id='word_1_903' title='bbox 1311 2708 1455 2732; x_wconf 87' lang='lat' dir='ltr'>Wielandi</span> <span class='ocrx_word' id='word_1_904' title='bbox 1482 2705 1710 2736; x_wconf 85' lang='lat' dir='ltr'>interpretatione</span> <span class='ocrx_word' id='word_1_905' title='bbox 1729 2707 1887 2736; x_wconf 70' lang='lat' dir='ltr'>germanica</span> <span class='ocrx_word' id='word_1_906' title='bbox 1906 2707 1984 2729; x_wconf 74' lang='lat' dir='ltr'>huius</span> <span class='ocrx_word' id='word_1_907' title='bbox 2005 2706 2118 2731; x_wconf 84' lang='lat' dir='ltr'>encomii</span> <span class='ocrx_word' id='word_1_908' title='bbox 2138 2706 2189 2729; x_wconf 82' lang='lat' dir='ltr'>iis-</span> 
     </span>
     <span class='ocr_line' id='line_1_121' title="bbox 1263 2740 1885 2772; baseline -0.002 -6"><span class='ocrx_word' id='word_1_909' title='bbox 1263 2743 1321 2767; x_wconf 85' lang='lat' dir='ltr'>dem</span> <span class='ocrx_word' id='word_1_910' title='bbox 1343 2743 1408 2766; x_wconf 80' lang='lat' dir='ltr'>locis</span> <span class='ocrx_word' id='word_1_911' title='bbox 1426 2741 1560 2772; x_wconf 86' lang='lat' dir='ltr'>adscripti</span> <span class='ocrx_word' id='word_1_912' title='bbox 1579 2742 1659 2771; x_wconf 77' lang='lat' dir='ltr'>sunt,</span> <span class='ocrx_word' id='word_1_913' title='bbox 1686 2740 1885 2772; x_wconf 59' lang='lat' dir='ltr'>significantur.</span> 
     </span>
    </p>
   </div>
   <div class='ocr_carea' id='block_1_14' title="bbox 1665 2143 2196 2175">
    <p class='ocr_par' dir='ltr' id='par_1_17' title="bbox 1665 2143 2196 2175">
     <span class='ocr_line' id='line_1_122' title="bbox 1665 2143 2196 2175; baseline 0.006 -8"><span class='ocrx_word' id='word_1_914' title='bbox 1665 2144 1735 2175; x_wconf 85' lang='lat' dir='ltr'>quod</span> <span class='ocrx_word' id='word_1_915' title='bbox 1753 2144 1780 2170; x_wconf 87' lang='lat' dir='ltr'>h.</span> <span class='ocrx_word' id='word_1_916' title='bbox 1800 2144 1818 2168; x_wconf 93' lang='lat' dir='ltr'>l.</span> <span class='ocrx_word' id='word_1_917' title='bbox 1838 2150 1935 2168; x_wconf 86' lang='lat' dir='ltr'>omnes</span> <span class='ocrx_word' id='word_1_918' title='bbox 1954 2143 2020 2169; x_wconf 84' lang='lat' dir='ltr'>illae</span> <span class='ocrx_word' id='word_1_919' title='bbox 2040 2145 2124 2169; x_wconf 83' lang='lat' dir='ltr'>Editt.</span> <span class='ocrx_word' id='word_1_920' title='bbox 2143 2146 2196 2170; x_wconf 83' lang='lat' dir='ltr'>ha-</span> 
     </span>
    </p>
   </div>
  </div>
 </body>
</html>
