2294 2975
117 154 164 190 47
702 144 824 181 PmL.
860 142 972 178 MEL.
1010 140 1211 177 SCRIPTA
1244 140 1580 177 PHILOLOGICA.

120 239 258 275 tentiis,
288 244 406 269 tamen
432 242 468 268 tu
492 246 575 268 usus
600 245 690 267 esses
713 245 769 265 me
792 228 1007 265 consiliario.
1060 226 1109 261 lta

119 290 355 337 potuissemus
374 292 514 320 mutuas
532 286 671 317 tradere
692 295 829 327 operas.
883 280 972 313 Huic
988 291 1111 313 secun-

119 344 186 377 dae
204 338 336 374 rationi
354 338 451 371 addit
471 335 755 380 castigationem:
792 333 872 367 Non
897 338 1016 364 tamen
1040 331 1111 363 vel-

118 395 188 427 lem
216 399 248 425 te
273 389 340 424 boc
365 396 525 433 tempore
548 387 684 419 Romae
711 385 825 418 fuisse.
880 382 1110 428 Quamquam

118 445 213 479 euim
230 452 396 488 praesens
411 439 573 472 inimicos
593 444 689 475 tuos,
717 448 806 481 quos
822 432 880 467 hic
903 432 1031 472 babes,
1058 433 1112 466 ul-

118 495 198 530 cisci
217 493 408 539 potuisses,
434 498 553 523 tamen
577 489 700 521 absens
725 488 814 519 bene
840 497 879 519 ac
905 497 983 519 cum
1009 484 1112 518 laude

119 544 403 581 administrando
435 539 654 586 provinciam
690 538 815 571 melius
855 550 926 570 rem
965 535 1111 580 gessisti.

118 597 274 632 Tertia
303 594 394 628 ratio
419 598 558 636 sumpta
592 596 642 624 est
673 589 716 622 ab
746 589 837 623 utili:
882 588 1110 633 Quamquam

118 651 253 684 laetor,
282 646 376 691 quod
401 644 525 677 absens
551 642 640 675 bene
664 640 809 685 gesseris
835 647 869 673 et
892 651 947 672 res
971 645 1004 672 et
1029 650 1112 683 pro-

121 699 290 733 vinciam:
321 703 441 728 tamen
467 693 667 727 maluissem
687 699 719 725 te
737 704 810 726 esse
830 692 985 729 Romae,
1015 689 1111 735 quia,

118 762 208 797 quae
230 748 292 781 tibi
319 747 446 785 debeo,
485 745 597 778 multo
621 743 747 777 melius
769 742 967 788 praesenti,
1004 753 1111 786 quam

116 800 253 836 absenti
270 804 450 844 praestare
468 797 674 841 potuissem.
728 795 898 840 Quarta
929 793 1020 826 ratio
1044 798 1111 826 est:

118 852 291 886 Volebam
323 861 378 882 me
411 848 475 881 tibi
507 847 644 880 fidelem
674 846 839 878 comitem
875 845 1043 889 praebere
1077 843 1112 875 in

118 901 327 939 ulciscendis
346 899 498 933 inimicis
515 899 595 932 tuis.
658 897 720 930 His
746 896 944 929 rationibus
967 895 1111 929 subiun-

116 956 212 1001 gitur
231 952 385 987 clausula
403 950 558 988 exordii,
587 950 622 981 in
642 960 709 994 qua
734 947 966 993 conqueritur
991 948 1034 979 de
1058 958 1111 979 sa-

118 1009 190 1041 lute
211 1003 371 1043 Lentuli,
406 1001 507 1048 quasi
534 1001 682 1034 diceret:
720 999 795 1033 Etsi
822 999 963 1032 mallem
991 1005 1023 1031 te
1049 1009 1111 1041 po-

117 1059 187 1093 tius
204 1061 386 1101 expertum
406 1065 477 1087 esse
495 1053 529 1085 in
551 1053 654 1086 rebus
671 1051 769 1091 meis,
793 1063 899 1096 quam
917 1049 998 1088 tuis,
1026 1060 1112 1093 qua-

117 1110 159 1143 lis
175 1108 219 1143 sit
237 1108 320 1140 fides
337 1103 524 1138 bominum
539 1131 547 1143 ,
583 1103 664 1149 quia
690 1101 801 1146 pluris
825 1101 916 1133 facio
942 1112 996 1133 res
1022 1106 1112 1138 tuas,

117 1172 225 1207 quam
241 1154 359 1191 meas:
397 1163 515 1189 tamen
533 1156 670 1198 gaudeo
682 1179 691 1193 ‚
718 1154 812 1198 quod
831 1165 904 1185 non
922 1162 1112 1195 cognoscas

118 1213 223 1245 fidem
241 1208 428 1242 hominum
447 1213 546 1239 tanto
565 1212 626 1239 tuo
651 1206 804 1243 damno,
833 1209 967 1248 quanto
989 1201 1112 1235 dolore

118 1275 181 1307 ego
204 1258 445 1305 cognoverim.

221 1312 306 1345 Post
330 1308 515 1343 exordium
540 1306 700 1352 sequitur
729 1305 956 1343 narratio,
985 1304 1022 1336 in
1043 1315 1110 1348 qua

119 1371 230 1399 status
247 1375 307 1396 seu
325 1359 523 1406 propositio
542 1364 609 1391 est:
644 1357 726 1391 Non
745 1363 814 1389 tam
835 1357 962 1389 acriter
981 1367 1113 1399 pugno,

120 1428 227 1462 quam
246 1420 348 1446 antea
368 1412 537 1445 solebam.
591 1408 682 1441 Huic
705 1407 943 1452 propositioni
971 1406 1113 1439 additur

121 1467 212 1500 ratio
243 1464 335 1497 illius
365 1460 600 1495 remissionis:
644 1459 737 1504 Quia
766 1459 800 1492 in
830 1458 1007 1503 republica
1040 1469 1111 1490 non

119 1517 220 1563 potui
239 1515 418 1551 obtinere,
448 1513 545 1558 quod
569 1511 706 1549 decuit,
735 1512 793 1543 sed
815 1522 879 1554 pro
907 1508 1112 1541 conditione

120 1577 323 1613 temporum
351 1564 467 1604 tenui,
502 1563 598 1608 quod
626 1561 737 1605 potui.
791 1561 993 1593 Videndum
1018 1559 1113 1592 enim

119 1620 264 1655 cuilibet
286 1616 411 1661 estae),
438 1615 521 1660 quid
542 1613 702 1646 obtinere
728 1612 904 1656 possit⁵⁹).
958 1610 1115 1655 Exponit

118 1678 238 1706 autem
264 1669 365 1701 initio
385 1664 585 1711 Ciceroffl),
614 1669 704 1709 quae
728 1675 789 1697 sua
814 1663 919 1697 fuerit
944 1667 1113 1707 perpetua

119 1735 201 1767 erga
236 1718 491 1764 rempublicam
530 1716 712 1755 voluntas,
755 1722 789 1748 et
821 1714 962 1748 subiIcit
992 1726 1113 1746 causas

119 1775 194 1808 eius
213 1770 415 1805 voluntatis.
470 1768 592 1801 Primo
609 1766 760 1812 (inquit)
777 1764 844 1798 boc
861 1765 1042 1799 communi
1064 1765 1113 1797 of-

121 1826 200 1860 ficio
218 1822 358 1868 pietatis
376 1821 568 1855 debebam:
597 1818 723 1851 deinde
744 1823 890 1861 propter
917 1816 1025 1860 ipsius
1048 1816 1115 1848 rei-

121 1875 282 1922 publicae
314 1873 349 1905 in
384 1884 438 1904 me
470 1870 636 1903 beneficia
665 1875 698 1901 et
721 1868 858 1902 merita.
926 1868 1115 1900 Praedicat

121 1934 240 1962 autem
268 1925 347 1958 ideo
371 1935 473 1956 suum
507 1922 542 1953 in
574 1920 827 1964 rempublicam
857 1919 1034 1957 studium,
1075 1925 1115 1951 ut

121 1980 195 2015 sine
213 1988 341 2020 magna
361 1986 462 2007 rausa
483 1974 527 2005 ab
545 1985 584 2003 ca
601 1984 674 2004 non
700 1971 862 2004 videatur
886 1970 1114 2009 discessurus,

122 2030 219 2077 quod
234 2035 354 2061 tamen
375 2025 496 2058 secisse
518 2023 722 2061 videbatur,
758 2034 837 2055 cum
854 2021 1039 2056 Caesarem
1063 2034 1115 2054 se—

122 2086 310 2128 queretur,
339 2077 392 2110 cui
416 2082 517 2108 antea
546 2075 583 2107 in
606 2073 784 2117 republica
814 2074 929 2106 suerat
952 2074 1115 2107 adversa-

122 2141 189 2167 tus,
255 2130 371 2175 Atque
397 2128 524 2170 allegat
548 2132 672 2159 testem
697 2137 780 2158 suae
808 2125 1000 2158 voluntatis
1032 2137 1113 2168 erga

124 2181 378 2227 rempublicam
399 2179 512 2223 ipsum
534 2176 725 2209 Lentulum
745 2182 777 2208 et
794 2183 967 2209 senatum.

225 2232 392 2278 Sequitur
415 2227 664 2273 amplificatiO,
702 2228 797 2272 quod
822 2226 928 2259 etiam
957 2238 1115 2271 quorun-

124 2287 206 2320 dam
227 2283 355 2317 iniuria
373 2288 407 2314 et
425 2280 557 2313 invidia
576 2278 729 2312 offensus
741 2305 749 2318 ,
779 2285 896 2310 tamen
915 2277 949 2310 in
966 2277 1114 2321 pristina

123 2335 297 2372 sententia
330 2335 372 2366 de
403 2330 584 2376 republica
613 2329 826 2374 perstiterit,
869 2341 947 2363 cum
983 2328 1115 2362 multae

124 2393 241 2423 essent
266 2396 410 2423 causae,
444 2394 536 2428 quae
559 2382 674 2426 ipsum
698 2387 836 2414 mutare
860 2386 893 2412 et
914 2379 1114 2413 abalienare

126 2437 334 2484 potuissent,
353 2434 452 2480 quasi
466 2434 614 2467 diceret:
644 2432 793 2466 Etiamsi
813 2431 913 2464 multi
933 2437 1034 2464 erant
1050 2431 1115 2464 ini-

599 2528 606 2545 i

159 2569 208 2601 58)
228 2568 339 2593 cuilibet
358 2568 413 2596 est]
433 2566 473 2591 sic
492 2566 574 2590 Editt.
596 2566 703 2590 1565—
715 2565 807 2595 15⁷⁷.;
832 2565 880 2590 Ed.
903 2564 976 2589 1556.
996 2568 1040 2589 est
1057 2566 1115 2590 cui-

159 2605 292 2678 593'bgit1id
309 2644 433 2670 obtinere
451 2643 554 2674 possit]
573 2643 613 2667 sic
631 2644 678 2667 Ed.
700 2643 792 2673 1556.;
819 2642 903 2668 Editt.
925 2641 1114 2668 1565—1577.

194 2681 264 2712 quod
283 2679 400 2705 obtineri
419 2679 517 2710 possit.

159 2725 208 2752 60)
227 2723 307 2747 initio
327 2722 437 2751 Cicero]
457 2721 498 2746 sic
517 2721 599 2746 Editt.
622 2720 729 2745 1565-
739 2719 831 2751 1577.;
853 2719 901 2744 Ed.
925 2719 999 2746 1556.
1017 2719 1116 2746 Cicero

195 2758 281 2783 initio.

2106 140 2156 177 48

1164 227 1247 260 mici
1265 240 1320 261 me
1337 227 1515 262 restituto:
1554 235 1673 262 tamen
1691 240 1755 273 ego
1773 227 1976 262 condonavi
2000 226 2069 261 illis
2090 225 2158 260 ista

1164 279 1284 311 omnia
1303 279 1518 323 reipublicae
1534 292 1648 314 causa.
1702 279 1856 314 Additur
1874 279 1942 313 alia
1962 277 2157 322 amplifica-

1165 330 1214 362 tio
1233 342 1317 363 suae
1339 330 1532 365 voluntatis
1557 343 1639 375 erga
1665 331 1941 376 rempublicam,
1970 330 2065 376 quod
2089 328 2158 362 rei-

1164 381 1326 425 publicae
1349 393 1507 415 amorem
1540 382 1748 426 praetulerit
1779 382 1954 416 amicitiae
1979 379 2157 424 Pompeii,

1165 443 1382 477 quamquam
1399 432 1430 465 ei
1447 433 1598 466 multum
1616 434 1770 468 deberet.
1824 433 1909 467 ltem
1934 432 2000 466 alia
2029 431 2157 476 ampli-

1164 482 1282 515 ficatio
1300 495 1318 515 a
1335 485 1492 528 quodam
1508 496 1572 518 suo
1589 496 1760 529 responso
1772 511 1782 525 ‚
1817 486 1914 531 quod
1931 496 1976 518 ne
1995 481 2157 517 Caesaris

1165 533 1308 579 quidem
1343 534 1535 568 amicitiam
1565 535 1780 580 reipublicae
1810 535 2038 581 praetulerit,
2088 544 2154 567 nec

1165 584 1271 618 etiam
1295 590 1392 618 metu
1415 586 1595 630 potentiae
1614 586 1773 621 Caesaris
1797 587 1945 622 mutarit
1967 584 2157 633 pristinam

1164 648 1265 670 suam
1286 636 1500 670 sententiam
1529 649 1610 681 erga
1634 639 1902 683 rempublicam.
1963 637 2050 671 Post
2069 633 2158 669 haec

1166 687 1284 721 omnia
1304 687 1458 721 ostendit
1475 688 1574 722 factis
1591 694 1625 721 et
1641 689 1741 723 dictis
1760 690 1851 731 suis,
1887 702 1954 736 qua
1973 688 2156 722 voluntate

1165 739 1272 772 suerit
1303 751 1383 783 erga
1416 738 1693 783 rempublicam,
1738 753 1866 786 nempe
1905 738 2082 775 constanti
2122 743 2157 771 et

1165 790 1280 830 fideli,
1319 797 1353 822 et
1378 790 1522 824 adducit
1548 791 1621 824 eius
1645 791 1696 824 rei
1721 798 1990 835 argumentum,
2015 789 2158 825 vscilicet

1166 842 1262 887 quod
1285 840 1428 875 Caesari
1454 843 1495 874 de
1520 842 1712 876 dividendo
1735 855 1819 887 agro
1839 842 2024 888 Campano
2048 839 2158 874 obsti·

1165 893 1266 933 terit,
1295 905 1375 926 cum
1393 893 1428 925 id
1445 893 1624 927 videretur
1639 901 1762 927 contra
1786 893 2043 939 rempublicam
2070 902 2158 931 esse,

1165 951 1199 977 et
1230 944 1398 989 explicat,
1441 945 1623 989 quomodo
1655 946 1826 979 commoti
1857 946 1928 979 sint
1959 944 2089 979 Caesar
2122 947 2158 975 et

1164 995 1357 1040 Pompeius
1372 995 1553 1030 Ciceronis
1568 996 1754 1030 sententia.

1268 1046 1403 1086 Porro,
1450 1047 1510 1079 ubi
1544 1048 1695 1081 ostendit
1726 1048 1870 1088 Cicero,
1920 1060 1955 1082 se
1989 1045 2080 1081 nihil
2111 1049 2157 1082 ad

1166 1097 1374 1143 cuiusquam
1398 1098 1548 1141 gratiam
1572 1099 1693 1132 fecisse
1717 1098 1754 1131 in
1777 1099 1978 1143 republica,
2010 1098 2157 1144 exponit

1166 1148 1293 1188 etiam,
1337 1161 1427 1194 quae
1449 1149 1581 1182 fuerint
1605 1156 1761 1183 mutatae
1782 1150 1976 1183 sententiae
2003 1151 2159 1184 occasio-

1166 1212 1246 1239 nes,
1272 1201 1454 1245 quomodo
1479 1201 1522 1233 ab
1548 1200 1604 1233 illa
1630 1200 1780 1245 pristina
1804 1214 1866 1234 sua
1894 1202 2075 1236 voluntate
2096 1203 2158 1235 de-

1166 1251 1303 1284 flexerit
1319 1249 1505 1291 nonnihil,
1533 1258 1566 1285 et
1585 1251 1727 1285 Caesari
1737 1252 1982 1298 Pompeioque
2000 1253 2157 1298 coeperit

1167 1302 1301 1347 aliquid
1337 1304 1540 1336 concedere.
1612 1303 1733 1336 Prima
1756 1303 1849 1337 ratio
1871 1311 2011 1349 sumpta
2034 1312 2085 1339 est
2112 1305 2156 1338 ab

1167 1353 1282 1386 officio
1299 1366 1378 1387 suo:
1408 1354 1489 1388 Nou
1507 1354 1572 1387 suit
1599 1355 1801 1397 negandum
1825 1353 1892 1388 hoc
1913 1355 2066 1389 officium
2091 1353 2158 1389 ho-

1166 1404 1322 1438 minibus
1336 1406 1378 1438 de
1396 1417 1451 1437 me
1467 1405 1555 1438 bene
1575 1405 1719 1440 meritis.
1774 1406 1933 1440 Secunda
1951 1407 2044 1440 ratio
2061 1412 2114 1441 est
2135 1419 2157 1441 a

1166 1456 1313 1500 perfidia
1336 1456 1499 1495 illorum,
1542 1458 1602 1502 qui
1628 1469 1846 1503 quamquam
1872 1458 1966 1491 idem
1992 1458 2029 1491 in
2056 1469 2161 1504 repu-

1166 1507 1255 1539 bfica
1283 1508 1541 1552 sequebantur,
1576 1509 1672 1552 quod
1699 1508 1846 1549 Cicero,
1887 1516 2005 1543 tamen
2029 1510 2160 1553 gaude-

1166 1558 1254 1591 bant
1275 1570 1354 1591 eum
1379 1559 1520 1602 graxari
1541 1558 1623 1591 odio
1643 1560 1899 1603 potentiorum.
1954 1560 2016 1594 Est
2038 1567 2158 1596 autem

1166 1607 1252 1642 haec
1269 1610 1438 1654 epistolae
1456 1622 1537 1658 pars
1554 1610 1812 1654 sapientissime
1829 1612 1982 1655 cogitata
1995 1638 2003 1651 ,
2031 1612 2068 1644 in
2086 1624 2158 1658 qua

1168 1667 1289 1693 monet
1320 1673 1579 1706 nonnunquam
1611 1662 1717 1694 etiam
1733 1662 1780 1706 ⁶¹)
1806 1664 1848 1695 de
1873 1675 1954 1696 vera
1981 1663 2158 1697 sententia

1167 1713 1430 1745 concedendum
1449 1725 1542 1751 esse,
1571 1718 1604 1746 et
1625 1713 1888 1746 connivendum
1911 1715 1956 1747 ad
1980 1715 2156 1760 quaedam

1168 1770 1283 1796 errata
1301 1776 1423 1797 eorum
1439 1791 1446 1803 ,
1475 1763 1534 1809 qui
1554 1771 1732 1807 praesunt.
1767 1764 1888 1798 Prima
1905 1765 1998 1799 ratio
2015 1772 2157 1812 sumpta

1168 1822 1219 1848 est
1236 1828 1252 1847 a
1274 1826 1424 1859 persona
1443 1815 1585 1848 illorum
1599 1841 1608 1854 ,
1635 1815 1696 1861 qui
1720 1822 1910 1859 praeerant
1931 1817 2159 1861 reipublicae.

1166 1865 1230 1900 Est
1247 1873 1363 1899 autem
1384 1865 1468 1899 haec
1486 1867 1557 1899 fere
1574 1879 1729 1900 summa:
1758 1866 1868 1901 Bonis
1887 1867 1971 1901 viris
1993 1868 2029 1900 in
2056 1880 2160 1915 repu-

1167 1918 1255 1950 blica
1289 1916 1452 1951 nonnibil
1485 1924 1535 1951 est
1568 1919 1850 1958 concedendum,
1897 1918 2091 1964 Pompeius
2123 1925 2160 1954 et

1169 1970 1298 2002 Caesar
1325 1976 1408 2003 sunt
1437 1969 1521 2002 boni
1556 1969 1638 2001 viri:
1683 1981 1767 2013 ergo
1797 1969 1925 2004 merito
1949 1971 1998 2004 eis
2020 1970 2158 2017 aliquid

1169 2020 1335 2054 concessi.
1397 2020 1570 2053 Maiorem
1596 2020 1698 2064 ponit
1722 2021 1902 2064 negative:
1937 2021 1972 2055 Si
1999 2021 2156 2067 improbi

1169 2073 1261 2105 cives
1279 2072 1314 2105 in
1330 2072 1509 2117 republica
1526 2071 1818 2112 dominarentur,
1847 2070 1936 2105 nibil
1959 2073 2008 2107 eis
2032 2085 2158 2107 conce-

1168 2126 1308 2161 derem;
1345 2124 1405 2157 sed
1421 2122 1614 2167 Pompeius
1631 2129 1682 2157 est
1695 2123 1809 2157 bonus
1828 2123 1899 2164 vir,
1935 2130 1969 2157 et
1992 2125 2048 2158 cui
2066 2125 2158 2159 mul-

1169 2182 1243 2209 tum
1261 2176 1394 2215 debeo,
1417 2174 1506 2208 sicut
1532 2174 1637 2207 etiam
1655 2174 1814 2208 Caesari:
1845 2187 1929 2219 ergo
1954 2176 2081 2209 merito
2106 2176 2158 2210 eis

1168 2226 1302 2272 aliquid
1334 2227 1500 2260 concedo,
1568 2225 1724 2270 Exponit
1754 2232 1871 2259 autem
1906 2226 2078 2260 maiorem
2099 2238 2158 2261 ra-

1168 2279 1265 2312 tione
1282 2277 1458 2311 Platonis:
1487 2277 1590 2310 bonis
1608 2277 1693 2310 viris
1716 2277 1752 2309 in
1776 2277 1956 2321 republica
1979 2290 2055 2311 non
2081 2290 2157 2313 esse

1169 2330 1421 2369 resistendum,
1465 2330 1559 2374 quod
1593 2328 1680 2362 tales
1712 2327 1922 2374 plerumque
1951 2329 2021 2363 sint
2051 2329 2158 2370 cives,

1169 2380 1290 2426 quales
1311 2388 1393 2416 sunt
1410 2380 1599 2427 principes.

1272 2433 1372 2466 Hanc
1402 2432 1614 2467 sententiam
1641 2430 1786 2474 exponit
1811 2431 1928 2475 primo
1951 2443 2016 2465 suo
2040 2442 2159 2465 exem-

1170 2487 1249 2531 plo,
1290 2485 1418 2518 deinde
1442 2483 1615 2522 aliorum,
1657 2481 1716 2527 qni
1741 2494 1819 2515 cum
1846 2481 1933 2515 boni
1956 2488 2072 2516 essent
2094 2494 2157 2526 gu-

1168 2538 1374 2570 bernatores
1403 2534 1637 2579 reipublicae,
1682 2545 1758 2566 eam
1793 2533 1944 2567 multum
1978 2532 2158 2570 iuverunt.

1167 2588 1305 2622 Deinde
1323 2587 1428 2620 etiam
1447 2585 1628 2619 contrario
1644 2585 1804 2629 exemplo
1822 2584 1951 2628 probat
1965 2583 2106 2619 Pisonis
2121 2592 2158 2620 et

1168 2639 1312 2674 Gabinii
1330 2638 1534 2677 consulum,
1562 2636 1623 2682 qui
1640 2648 1719 2669 cum
1738 2634 1893 2680 improbi
1916 2634 2008 2669 cives
2030 2642 2158 2677 essent,

1200 2754 1250 2783 61)
1269 2752 1368 2782 etiam]
1387 2751 1428 2777 sic
1445 2750 1493 2775 Ed.
1516 2748 1609 2780 1556.;
1633 2749 1662 2775 in
1680 2747 1762 2777 Editt.
1781 2746 1975 2776 1565-1577.
1994 2746 2080 2772 deest.
