2351 2990
189 142 264 178 879

189 228 336 261 discedit
366 227 517 260 illaesus.
579 225 646 258 Sed
667 225 694 258 si
717 225 771 257 lex
793 223 1023 268 repudiatur,
1058 234 1182 256 suasor

188 278 426 321 strangulatus
459 278 587 322 laqueo
614 274 834 308 interficitur.
895 273 1009 308 Huius
1033 273 1181 318 periculi

189 329 434 373 magnitudine
466 329 689 361 deterrentur
721 325 833 364 cives,
875 336 919 358 ne
952 336 1064 358 novas
1088 325 1180 369 leges

188 381 324 420 serant,
360 392 469 425 quare
503 385 535 411 et
559 377 736 410 veteribus
760 376 897 408 maiore
924 375 1122 409 reverentia
1147 381 1181 409 et

192 431 309 465 studio
328 432 586 474 obtemperant.

289 481 340 515 Ac
370 481 491 514 multis
525 478 649 513 seculis
683 477 788 511 unica
824 483 963 510 tantum
997 488 1090 509 nova
1126 477 1181 509 lex

191 533 285 577 apud
304 545 362 565 eos
377 533 446 564 lata
472 543 544 564 esse.
569 529 712 563 dicitur.
765 528 854 562 Cum
882 528 977 561 enim
999 528 1109 570 legem
1135 527 1180 559 ci-

190 584 279 616 vitas
294 582 440 616 liaberet
456 583 498 615 de
516 582 648 614 talione
661 607 670 619 ,
697 586 754 620 ut,
779 580 806 613 si
825 579 903 624 quis
920 579 1021 611 alteri
1039 579 1179 611 oculum

191 634 373 673 effoderit,
406 633 557 666 vicissim
575 632 641 666 sibi
659 631 799 664 oculum
821 630 896 663 erui
914 630 1091 674 patiatur,
1118 641 1182 662 nec

190 685 380 719 mulctetur
395 683 543 729 pecunia
556 710 565 724 ,
594 682 770 729 quispiam
788 681 932 715 unicum
952 681 1093 714 oculum
1117 678 1180 713 ha-

189 736 287 769 benti
304 735 489 769 minitatus
507 741 558 768 est
580 747 615 768 sc
641 733 781 767 oculum
808 732 839 765 ei
863 732 1073 765 effossurum
1098 743 1182 766 esse.

191 788 310 822 Motus
339 785 406 820 hac
430 785 708 820 comminatione
734 784 781 824 is,
819 784 881 830 qui
903 783 1048 817 unicum
1074 781 1182 816 habe-

319 887 379 917 Νο
388 893 400 917 t
409 897 439 917 α.

778 137 899 173 PHIL.
931 136 1044 172 MEL.
1078 135 1281 171 SCRIPTA
1313 135 1649 171 PHILOLOGICA.

2147 132 2222 167 880

1235 223 1296 255 bat
1314 223 1476 262 oculum,
1503 234 1542 254 ac
1570 228 1738 266 reputans
1764 233 1870 266 quam
1895 220 2023 254 misera
2048 219 2084 251 in
2111 219 2221 252 coeci-

1236 279 1306 305 tate
1327 273 1396 306 vita
1416 274 1532 306 futura
1553 279 1659 313 esset,
1687 272 1808 305 venire
1827 272 1863 304 in
1881 271 2088 305 concionem
2115 282 2220 304 ausus

1236 330 1286 357 est
1305 325 1348 356 ad
1365 324 1582 358 suadendam
1599 335 1729 357 novam
1746 324 1877 367 legem,
1904 328 1944 356 ut
1956 349 1965 363 ‚
1997 322 2025 356 si
2043 321 2121 367 quis
2139 333 2222 354 ocu-

1234 375 1306 407 lum
1324 375 1486 408 effoderit
1502 375 1606 408 alicui
1624 373 1769 408 habenti
1789 374 1931 408 unicum
1944 400 1954 414 ‚
1980 372 2132 407 vicissim
2156 371 2224 406 sihi

1234 432 1426 471 utrumque
1443 426 1583 459 oculum
1609 426 1684 466 erui
1706 426 1882 470 patiatur,
1910 430 1949 458 ut
1974 423 2225 469 aequalitatem

1235 477 1446 510 calamitatis
1462 489 1576 520 poena
1594 477 1732 511 efficiat.
1783 476 1883 509 Hanc
1899 476 1999 509 aiunt
2015 474 2120 508 Locri
2145 473 2224 508 uni-

1236 540 1311 560 cam
1333 529 1446 571 legem
1462 527 1544 560 inde
1558 540 1669 573 usque
1687 539 1706 560 a
1723 527 1883 561 ducentis
1900 526 2002 560 annis
2019 526 2128 559 latam
2138 537 2223 559 esse.

1236 579 1330 612 Haec
1345 577 1604 613 Demosthenes
1620 578 1663 626 ¹).

1273 764 1305 792 1)
1323 763 1398 787 Haec
1415 762 1600 787 Melanthonis
1617 761 1812 793 interpretatio
1830 762 1858 787 in
1880 762 1937 786 illis
1959 760 2047 786 tribus
2066 760 2149 785 Editt.
2174 759 2226 784 iis-

1308 798 1368 822 dem
1386 797 1481 821 verbis
1499 797 1560 821 sine
1577 797 1634 821 ulla
1651 797 1780 822 lectionis
1798 797 1934 822 varietate
1952 795 2098 820 invenitur.

484 888 529 916 Ad
551 883 782 916 Demosthenis
805 886 989 914 orationem
1020 883 1059 912 de
1090 892 1215 912 corona
1244 893 1261 911 a
1285 881 1477 910 Melanthone
1508 892 1695 919 conversam,
1724 893 1810 920 quam
1837 892 1868 920 p.
1890 881 1953 912 801
1976 897 2018 902 —
2039 879 2113 910 864.
2142 879 2227 908 exhi-

193 934 322 968 buimus,
344 938 464 970 praeter
487 940 540 969 ea,
570 939 644 968 quae
666 929 722 956 iam
752 938 840 965 supra
871 928 1013 964 diximus,
1043 927 1114 955 haec
1138 927 1192 954 tria
1216 927 1418 954 observamus:
1448 925 1620 953 Melanthon
1643 926 1717 954 hanc
1738 926 1899 954 orationem
1922 926 1951 953 in
1973 924 2072 953 schola
2093 932 2120 951 a.
2143 919 2229 952 153⁷

192 976 354 1012 enarravit,
386 974 443 1003 vid.
467 975 528 1002 eius
560 974 644 1010 epist.
675 972 703 998 in
727 970 813 998 huius
836 970 923 1008 Corp.
946 970 1014 998 Res.
1038 970 1105 997 Vol.
1130 969 1180 998 111.
1211 979 1241 1007 p.
1265 967 1339 997 378.
1363 983 1407 988 —
1452 968 1485 995 In
1509 968 1580 996 Mel.
1614 968 1856 1006 interpretatione
1885 967 2083 1006 praecedente
2112 975 2141 1003 p.
2163 962 2229 995 830

191 1019 243 1048 lin.
265 1017 318 1047 26.
342 1027 394 1055 pro
417 1015 538 1054 templo
562 1012 726 1054 Delphico
756 1013 856 1051 legas:
887 1011 1009 1050 templo
1038 1013 1075 1039 in
1097 1010 1192 1041 Delo.
1216 1027 1260 1032 ——-
1307 1010 1495 1047 Epigramma
1523 1017 1711 1039 monumento
1742 1012 1844 1039 civium
1871 1012 2029 1040 Atticorum
2058 1009 2228 1046 inscriptum

192 1062 221 1088 in
245 1061 298 1088 hac
321 1061 451 1088 oratione
480 1070 510 1097 p.
534 1057 605 1088 859.
637 1058 687 1085 lin.
712 1055 753 1086 16
775 1072 817 1076 —
839 1054 891 1084 29.
919 1056 1038 1083 citatum
1069 1055 1170 1083 iisdem
1201 1053 1299 1082 verbis
1331 1054 1417 1080 etiam
1447 1054 1476 1080 in
1506 1053 1580 1082 Mel.
1609 1054 1823 1092 epigrammatis
1852 1054 1900 1082 ed.
1930 1053 2070 1081 Vincent.
2101 1050 2228 1090 (Witeb.

193 1102 287 1133 1563.
310 1103 357 1138 8.)
380 1102 430 1130 fol.
454 1103 476 1130 P
495 1101 525 1131 ¹2.
551 1108 580 1130 et
602 1102 630 1128 in
654 1100 739 1127 huius
760 1099 850 1136 Corp.
875 1098 944 1127 Res.
983 1098 1050 1126 Vol.
1073 1096 1111 1127 Χ.
1142 1107 1171 1135 p.
1194 1096 1268 1126 501.
1296 1105 1342 1125 nr.
1367 1093 1438 1124 141.
1468 1096 1586 1134 legitur.
1630 1097 1712 1124 Idem
1734 1096 1921 1134 Epigramma
1942 1095 2113 1124 Melanthon
2144 1094 2232 1123 etiam

193 1147 280 1175 aliter
303 1146 394 1174 latine
417 1145 545 1174 reddidit
567 1144 612 1172 his
635 1143 748 1171 verbis:

654 1201 699 1235 Hi
728 1200 788 1245 pia
817 1200 901 1233 dum
929 1198 1055 1244 patriis
1082 1204 1203 1231 arcent
1230 1210 1248 1230 a
1273 1196 1402 1230 finibus
1431 1195 1570 1231 hostem

702 1252 776 1285 Pro
804 1251 903 1285 tectis
927 1251 1019 1284 cives
1047 1262 1147 1282 arma
1170 1249 1283 1282 tulere
1311 1249 1393 1282 suis.

658 1303 872 1349 Invictisque
901 1302 1030 1335 animis
1058 1301 1134 1334 ausi
1161 1301 1350 1333 decernere
1377 1300 1472 1331 ferro

699 1354 744 1388 Et
772 1354 933 1387 conferre
961 1354 1108 1397 pedem,
1135 1364 1200 1384 nec
1228 1351 1384 1384 timuere
1413 1349 1521 1382 mori.

664 1405 817 1440 Servitio
844 1405 999 1450 patriam
1029 1409 1206 1448 premeret
1233 1415 1277 1435 ne
1305 1401 1458 1445 turpiter
1484 1398 1608 1434 hostis.

715 1457 866 1501 Cogeret
900 1462 933 1488 et
960 1455 1133 1488 domitam
1161 1453 1275 1486 tristia
1302 1453 1414 1486 multa
1442 1452 1529 1496 pati.

660 1508 793 1541 Felices
820 1519 915 1540 nunc
943 1506 980 1539 in
1008 1506 1123 1550 patria
1153 1517 1307 1550 quorum
1336 1515 1413 1537 ossa
1442 1509 1609 1546 teguntur

711 1560 908 1604 Postquam
936 1559 1031 1602 ipsos
1059 1556 1131 1589 divi
1159 1556 1208 1589 sic
1234 1555 1379 1588 voluere
1407 1554 1513 1587 mori.

660 1610 765 1644 Nulla
795 1611 943 1643 adversa
972 1608 1066 1653 pati,
1099 1619 1276 1653 nusquam
1303 1617 1448 1651 peccare
1475 1605 1636 1638 Deorum
1666 1611 1715 1639 est

712 1661 826 1696 Nemo
852 1659 1040 1693 hominnm
1068 1659 1132 1692 fati
1159 1659 1230 1691 vim
1258 1664 1365 1705 queat
1394 1657 1559 1701 effugere.

201 1732 250 1760 Sic
271 1733 298 1760 in
323 1732 392 1760 Mel.
416 1731 640 1769 Epigrammatis
664 1729 710 1757 ed.
732 1728 871 1757 Vincent.
895 1728 946 1755 sol.
969 1727 996 1755 O
1019 1726 1057 1755 5³
1080 1730 1111 1754 et
1133 1727 1161 1754 in
1187 1726 1239 1753 hoc
1261 1726 1348 1762 Corp.
1373 1724 1442 1753 Ref.
1467 1724 1521 1753 1.1.
1545 1733 1575 1761 p.
1591 1721 1663 1753 552.
1687 1733 1733 1752 nr.
1750 1721 1822 1752 142.
1844 1722 1977 1758 affertur,
2001 1721 2087 1751 etiam
2110 1721 2138 1748 in
2163 1719 2231 1749 Me-

204 1776 295 1805 lanth.
319 1775 396 1813 Opp.
420 1775 506 1802 Basil.
529 1775 612 1802 Tom.
635 1774 671 1801 V.
695 1782 724 1810 p.
748 1769 838 1808 334„
863 1772 910 1799 ubi
932 1776 1028 1798 autem
1052 1780 1081 1800 v.
1105 1768 1134 1798 7.
1158 1778 1211 1806 pro
1235 1766 1361 1797 Felices
1382 1777 1473 1796 nunc
1495 1767 1615 1805 legitur:
1646 1764 1791 1801 Felices,
1815 1770 1895 1796 tum.
