2351 2990
90 105 164 141 453

87 191 161 237 pho
187 193 357 233 Patroni,
391 194 561 227 concedat
583 193 778 238 parietinas
801 192 960 238 Epicuri.
1027 192 1081 227 De

86 242 157 277 hoc
176 251 252 278 toto
270 244 413 289 negotio
438 244 559 278 scribit
583 246 628 278 ad
650 244 808 279 Atticum
831 245 926 279 libro
945 243 979 280 5.
1009 244 1082 289 epi-

88 296 179 328 stola
200 297 256 329 11.
300 295 497 329 Exordium
520 296 710 338 figuratum
729 302 780 330 est
798 296 1021 330 dubitatione
1039 297 1081 330 de

88 358 152 379 suo
178 346 353 380 desiderio
377 346 521 379 videndi
545 346 770 381 Memmium.
830 347 999 393 Sequitur
1024 360 1081 391 ge-

87 397 219 431 neralis
242 397 388 442 petitio,
411 404 466 442 3ut
492 398 820 433 commendationes
847 411 913 443 pro
939 398 1016 432 aliis
1040 398 1081 431 li-

86 448 212 481 benter
230 448 391 493 accipiat.
444 448 583 482 Deinde
606 449 755 493 ponitur
777 450 958 490 narratio,
989 461 1080 494 quae

87 505 226 532 constat
242 499 552 533 commendatione
564 500 731 534 Patronis
746 499 963 546 philosophi.
989 500 1080 535 Nar-

84 549 218 582 rationi
245 550 388 583 additur
411 551 558 594 petitio,
591 558 631 584 ut
656 552 839 595 permittat
864 549 1078 596 philosopho

83 600 279 643 parietinas
296 600 454 645 Epicuri.
516 602 688 636 Rationes
711 603 945 648 ducuntur¹¹)
972 615 990 636 a
1012 603 1079 635 Pa-

84 651 198 685 tronis
215 663 367 695 persona
386 658 420 685 et
437 652 481 685 ab
498 652 877 688 intercessioneAttici.
928 654 1078 688 Conclu-

89 701 144 735 sio
162 700 270 736 habet
283 703 533 748 repetitionem
552 704 746 748 petitionis.

330 787 467 821 Aliud
498 795 822 833 argumentum.

170 852 332 898 Epistola
349 861 401 888 est
418 856 725 890 commendaticia.
768 854 964 888 Exordium
983 866 1077 887 sum-

82 910 185 948 ptum
204 911 256 938 est
272 917 291 938 a
310 905 552 945 dubitatione,
591 912 712 951 estque
738 906 895 950 captatio
921 906 1076 939 benevo-

81 954 225 989 lentiae.
259 955 441 1000 Significat
458 963 576 990 autem
593 969 627 990 se
646 957 810 1002 inprimis
825 957 957 997 dolere,
980 957 1077 1002 quod

80 1005 295 1040 Memmium
309 1005 459 1041 Athenis
474 1020 549 1040 non
566 1008 706 1042 viderit.
758 1008 889 1042 Addita
906 1013 957 1041 est
973 1007 1077 1051 polli-

80 1055 222 1096 citatio,
248 1069 285 1091 se
302 1058 469 1092 daturum
488 1071 655 1103 operam,
679 1065 718 1092 ut
734 1059 927 1104 aliquando
946 1058 1076 1098 videat,

79 1106 223 1139 interim
242 1108 510 1152 diligentissime
526 1121 561 1142 se
580 1110 795 1154 scripturum
815 1122 899 1144 esse.
952 1109 1076 1155 Sequi-

79 1164 139 1191 tur
161 1158 305 1204 obliqua
331 1159 476 1203 petitio,
520 1172 627 1206 quam
652 1160 850 1205 praemittit
874 1160 1075 1193 narrationi

78 1208 236 1243 invitans
259 1209 491 1250 Memmium,
533 1218 573 1244 ut
604 1211 640 1245 id
670 1211 821 1245 libenter
842 1218 942 1255 agat,
977 1213 1073 1257 quod

79 1259 256 1303 petiturus
287 1267 350 1295 est.
414 1261 584 1295 Narratio
617 1274 756 1296 causam
788 1263 946 1295 continet
979 1274 1074 1295 corn-

80 1311 277 1343 mendandi
297 1312 477 1346 Patronis.
546 1313 633 1346 Post
661 1314 905 1346 narrationem
927 1313 1073 1357 ponitur

79 1362 279 1405 propositio
296 1362 489 1407 petitionis.
542 1364 649 1396 Ratio
668 1370 807 1408 sumpta
827 1371 879 1398 est
901 1376 941 1397 ex
964 1363 1073 1397 hone-

78 1418 193 1445 nesto.
244 1413 432 1447 Praedicat
448 1421 565 1447 autem
583 1415 769 1448 sollicitam
789 1427 910 1448 curam
940 1422 973 1448 et
997 1416 1071 1448 offi-

79 1462 172 1495 cium
191 1463 370 1498 Patronis.
423 1465 668 1509 Propositioni
687 1466 828 1499 subiicit
842 1478 974 1499 novam
992 1479 1071 1500 cau-

78 1524 176 1553 sam,
203 1526 273 1559 qua
289 1515 443 1548 maxime
466 1523 585 1551 motus
607 1517 652 1550 sit
676 1518 722 1550 ad
746 1518 1070 1551 commendandum

76 1563 273 1598 Patronem
307 1578 326 1598 a
355 1578 507 1610 persona
533 1567 660 1608 Attici,
701 1569 757 1602 cui
782 1567 873 1602 nihil
896 1570 1070 1612 denegare

76 1614 206 1658 potuit.
258 1615 446 1650 Postremo
464 1618 542 1651 loco
558 1619 705 1662 ponitur
721 1620 839 1653 brevis
856 1620 1048 1654 conclusio,

294 1699 432 1734 Aliud
461 1709 780 1745 argumentum
796 1703 853 1750 ¹²).

181 1766 246 1801 Est
278 1768 446 1812 petitoria
478 1769 623 1813 epistola
637 1796 646 1809 ‚
692 1770 797 1814 longe
827 1771 958 1816 scripta
989 1779 1070 1805 ante

78 1818 210 1852 bellum
230 1818 344 1853 civile.
396 1820 513 1853 Porro
534 1819 589 1853 hic
604 1820 796 1855 Memmius
814 1824 1070 1856 condemnatus

79 1876 157 1903 erat
175 1870 213 1902 in
229 1870 333 1903 tertio
352 1872 536 1904 consulatu
554 1872 717 1916 Pompeii
735 1879 883 1916 propter
903 1880 1068 1917 corrupta

77 1919 228 1960 iudicia,
255 1922 351 1966 quod
370 1922 503 1955 crimen
521 1921 710 1966 δεκασμὸν
720 1922 763 1969 13)
783 1931 923 1958 vocant.
976 1924 1070 1957 Male

80 1978 200 2005 autem
223 1973 267 2005 ab
294 1972 452 2016 Appiani
474 1973 668 2018 interprete
697 1974 898 2018 decuplatio
919 1981 969 2008 est
994 1987 1070 2008 ver·

78 2035 157 2056 sum
167 2021 249 2068 13ἃ).
302 2023 398 2057 Petit
415 2030 534 2058 autem
553 2025 589 2057 in
608 2023 674 2058 hac
693 2025 861 2069 epistola,
895 2032 935 2059 ut
954 2026 1068 2059 amico

78 2074 251 2107 concedat
265 2074 457 2118 parietinas
471 2075 630 2121 Epicuri.
681 2075 737 2109 Sic
752 2083 870 2109 autem
887 2077 1068 2121 appellan-

79 2130 139 2157 tur
155 2131 289 2158 veteres
305 2125 481 2169 parietum
498 2127 624 2161 ruinae
641 2127 715 2161 sine
731 2133 835 2161 tecto.
871 2127 1068 2161 Exordium

78 2172 187 2208 habet
212 2181 355 2209 votum:
398 2177 545 2211 Utinam
571 2179 738 2212 vidissem
769 2185 813 2212 te.
880 2177 920 2211 Id
951 2186 1068 2212 autem

79 2225 273 2269 amplificat
295 2227 533 2269 dubitatione,
566 2230 665 2264 cuius
689 2228 775 2263 haec
800 2236 851 2264 est
876 2230 1067 2263 sententia:

80 2276 240 2310 Omnino
258 2278 383 2311 vellem
400 2292 456 2313 me
472 2278 622 2315 Athenis
638 2288 671 2314 te
688 2281 828 2315 vidisse.
880 2281 955 2315 Etsi
974 2281 1068 2314 enim

78 2327 255 2361 incertum
275 2328 340 2369 sit,
366 2330 490 2374 plusne
507 2332 639 2366 doloris
656 2344 702 2365 an
717 2332 872 2365 laetitiae
889 2339 968 2366 tuus
987 2345 1069 2365 con-

79 2385 218 2422 spectus
252 2380 422 2415 allaturus
451 2382 574 2423 fuerit,
615 2384 712 2428 quod
736 2390 769 2417 et
793 2384 896 2417 doleo
920 2385 962 2417 de
988 2396 1068 2417 casu

116 2503 331 2561 llgiducpntur]
350 2503 390 2527 sie
408 2505 484 2528 recte
503 2505 586 2530 Editt.
606 2506 692 2536 1556..
712 2507 798 2539 1565.‚
820 2507 910 2539 1596.;
930 2508 978 2531 Ed.
994 2508 1067 2532 1571.

180 2544 229 2561 cun
245 2543 287 2561 ur.

119 2580 165 2608 12)
184 2581 242 2604 Hoc
259 2582 449 2610 argumentum
468 2581 566 2605 hahent
585 2582 667 2606 Editt.
688 2583 882 2608 1565—1596.

119 2621 164 2652 13)
185 2622 262 2646 conf.
282 2622 308 2646 J.
327 2623 438 2647 Potter:
465 2624 572 2648 GrIech.
594 2626 719 2650 Archaol.
740 2627 829 2651 iibers.
848 2634 872 2651 v.
895 2628 920 2651 J.
940 2628 966 2651 J.
985 2629 1069 2652 Ram-
1094 2632 1097 2647 ¹

153 2657 231 2686 bach„
251 2656 279 2679 P.
295 2656 314 2681 1.
334 2664 358 2686 p.
371 2657 430 2681 255.

121 2697 186 2729 13³)
205 2698 318 2728 Appiani.
337 2699 403 2723 Bell.
424 2699 482 2723 Civ.
502 2700 534 2730 11,
553 2700 595 2724 24.

227 106 349 142 XXIII.
400 106 709 143 ARGUMENTA
733 106 798 142 ET
818 106 1022 143 SCHOLIA
1045 105 1094 142 IN
1118 104 1266 143 EPIST.
1289 105 1402 143 FAM.
1427 106 1511 145 CIC.
1534 109 1623 146 LIB.
1640 111 1728 149 XIII.
1754 114 1826 151 EP.
1846 118 1878 153 1.
1894 121 1928 154 2.
1946 120 1981 155 3.

2053 120 2127 158 454

1134 199 1218 233 tuo,
1261 199 1295 226 et
1320 194 1457 238 gaudeo
1481 201 1515 229 te
1537 199 1735 232 constantia
1760 201 1870 235 animi
1895 205 1965 245 tui,
2007 213 2126 241 tamen

1135 244 1219 289 quia
1238 244 1345 278 etiam
1364 246 1490 281 absens
1506 248 1689 282 fortunam
1707 256 1805 284 tuam
1823 255 1940 296 doleo,
1963 257 2126 302 volupta-

1134 300 1205 328 tem
1222 301 1315 328 certe
1333 297 1508 331 maiorem
1524 312 1691 344 praesens
1707 303 1913 347 coepissem,
1937 320 2044 352 quam
2065 310 2125 341 al»-

1133 357 1212 379 sens
1227 358 1352 391 capere
1369 361 1508 394 queam.
1562 351 1682 396 Quare
1698 355 1850 395 curabo,
1878 363 1917 389 ut
1940 360 1983 390 ad
2010 365 2042 392 te
2069 373 2125 393 xe-

1133 396 1252 437 niam,
1296 404 1360 432 etc.
1429 399 1566 434 Deinde
1598 402 1663 436 sibi
1687 405 1822 438 aditum
1848 408 1891 439 ad
1915 409 2123 451 petitionem

1132 447 1234 480 facit:
1275 448 1364 482 Peto
1388 462 1407 482 a
1431 457 1464 484 te
1487 452 1643 497 aliquid,
1678 454 1724 487 ita
1750 462 1889 496 tamen,
1925 471 1969 492 ne
1994 460 2124 495 imitus

1132 498 1251 532 facias.
1304 499 1432 534 Postea
1448 509 1571 535 narrat
1590 516 1751 545 causam,
1781 519 1820 540 ac
1841 508 2123 546 circumstantias

1133 550 1322 593 adspergit,
1352 552 1479 596 quibus
1499 565 1707 596 permovere
1727 569 1807 590 eum
1828 567 1987 594 conatur.
2020 562 2122 596 Post—

1132 612 1171 633 ea
1199 601 1381 644 proponit.
1449 603 1540 637 Usus
1572 611 1690 639 autem
1723 614 1773 641 est
1809 610 1946 645 duabus
1969 613 2117 645 rationi-

1131 651 1208 684 bus.
1274 651 1396 685 Prima
1423 660 1563 698 sumpta
1590 662 1641 689 est
1664 669 1683 690 a
1708 658 1819 692 facili:
1858 661 1927 695 Res
1951 663 2036 697 levis
2060 672 2122 703 est,

1131 701 1240 745 igitur
1255 713 1328 735 non
1349 704 1449 736 decet
1468 711 1500 737 te
1518 706 1732 749 pertinacius
1761 722 1836 743 eam
1859 724 2001 756 negare.
2063 716 2121 747 Se-

1132 754 1247 785 cunda
1267 754 1311 786 ab
1329 754 1436 787 Attici
1455 768 1629 799 persona,
1658 771 1676 790 a
1696 772 1766 804 quo
1785 769 1928 805 rogatus
1946 772 2032 799 erat.

1284 851 1469 888 Scholia
1506 856 1548 889 in
1578 857 1824 902 epistolam
1853 860 1968 909 ll.¹⁷).

1234 926 1263 972 ἓ.
1283 930 1315 963 1.
1346 932 1424 964 Caio
1448 930 1600 979 Ariana]
1629 932 1797 968 Narratio
1809 935 1865 981 1ὅ),

1950 942 2031 974 Peto
2056 944 2121 986 {yi-

1129 977 1205 1026 lur]
1232 979 1375 1014 Petitio.

1428 984 1596 1025 Impedior
1614 985 1831 1034 verecundia]
1859 988 2050 1026 Praecisio.

1424 1065 1588 1109 Argum
1601 1073 1750 1101 entum
1767 1068 1824 1115 16).

1229 1131 1507 1166 Narratiuncula
1542 1141 1593 1167 est
1627 1136 1670 1168 de
1703 1137 1945 1174 familiaritate
1976 1143 2118 1180 Aviani.

1127 1181 1295 1227 Sequitur
1310 1183 1447 1226 petitio,
1465 1191 1504 1217 ut
1522 1185 1553 1217 ei
1570 1185 1701 1220 diutius
1719 1185 1975 1226 habitationem
1997 1207 2119 1230 conce-

1127 1234 1198 1266 dat.
1250 1233 1421 1266 Petitioni
1441 1235 1584 1268 additur
1599 1237 1794 1280 praecisio,
1820 1239 1909 1274 nihil
1934 1256 2005 1278 esse
2030 1259 2117 1291 opus

1126 1283 1280 1327 longiori
1298 1285 1469 1328 petitione
1482 1285 1525 1329 ¹⁷)
1546 1289 1640 1331 apud
1659 1289 1765 1323 talem
1785 1292 1952 1329 amicum.

1376 1369 1509 1403 Aliud
1541 1381 1866 1416 argumentum.

1227 1439 1521 1480 Commendatio,
1551 1441 1587 1474 in
1607 1456 1676 1488 qua
1702 1445 1810 1488 petit,
1840 1454 1876 1480 ut
1893 1450 2052 1488 Avianus
2079 1456 2114 1488 iu

1125 1502 1188 1523 suo
1207 1492 1385 1524 conductu
1404 1491 1536 1526 diutius
1553 1494 1665 1537 possit
1679 1492 1852 1532 habitare.

1365 1574 1500 1608 Aliud
1539 1586 1870 1620 argumentum.

1227 1641 1421 1687 Sequentes
1444 1644 1534 1676 duae
1561 1644 1730 1688 epistolae
1747 1649 1782 1682 2.
1807 1654 1838 1680 et
1861 1648 1894 1682 3.
1920 1650 2115 1686 admodum

1124 1692 1247 1726 breves
1282 1693 1433 1737 simplici
1470 1696 1781 1731 commendatione
1824 1711 1863 1732 ac
1904 1702 2115 1744 repetitione

1125 1750 1300 1777 constant.
1353 1743 1392 1776 In
1410 1745 1524 1788 prima
1544 1753 1668 1790 rogat,
1697 1754 1735 1781 ut
1748 1749 1889 1783 Aviano
1914 1752 1955 1784 de
1977 1750 2116 1788 habita-

1124 1794 1220 1826 tione
1240 1796 1502 1833 accommodet;
1534 1796 1572 1829 in
1597 1797 1727 1838 altera,
1763 1807 1801 1833 ut
1817 1800 1949 1834 Aulum
1966 1803 2112 1838 Fusium

1123 1842 1377 1878 humanissime
1397 1852 1533 1880 tractet.
1585 1847 1727 1882 Habent
1745 1857 1862 1884 autem
1885 1853 2010 1887 ambae
2036 1857 2113 1888 bre-

1124 1908 1201 1928 vem
1220 1896 1465 1929 narrationem
1481 1904 1515 1930 et
1531 1898 1755 1942 petitionem.

1313 1995 1501 2031 Scholia
1531 1998 1575 2032 in
1603 2000 1842 2044 epistolam
1870 2002 1928 2038 III.

1226 2070 1256 2116 {-
1269 2073 1301 2106 1.
1328 2074 1453 2107 Aulum
1465 2076 1601 2109 Fusium
1611 2074 1676 2123 18)]
1692 2076 1896 2122 Propositio
1908 2079 1963 2126 ¹9).

1122 2136 1183 2169 que
1198 2125 1351 2158 amicitia
1360 2124 1406 2169 2⁰)
1417 2151 1426 2164 ‚
1454 2123 1538 2172 etc.]
1566 2125 1687 2160 Ratio.

2022 2086 2112 2117 Tna—

1157 2242 1202 2269 14)
1222 2240 1405 2264 Melanthonis
1429 2241 1602 2271 argumentis
1624 2242 1766 2266 Editiones
1786 2243 1995 2273 1537-1554..
2024 2248 2108 2274 1557,

1192 2276 1282 2305 1560..
1309 2275 1382 2299 1601.
1409 2274 1436 2297 in
1461 2276 1513 2298 hae
1537 2276 1692 2306 ceterisque
1714 2277 1793 2300 huius
1812 2278 1876 2301 libri
1894 2279 1966 2304 XIII.
1986 2282 2110 2310 epistolis

1190 2309 1416 2338 (Il-LXXIX.)
1436 2311 1539 2334 carent.

1157 2353 1202 2380 15)
1223 2352 1296 2375 Haec
1315 2352 1380 2375 nota
1396 2353 1423 2375 et
1438 2351 1507 2375 duae
1521 2354 1666 2382 sequentes
1681 2352 1708 2376 in
1724 2353 1807 2378 Editt.
1825 2354 1910 2387 1544„
1931 2356 2016 2387 1554..
2038 2359 2109 2384 1557.

1190 2387 1297 2409 desunt.

1156 2429 1201 2457 16)
1221 2429 1486 2486 [liopearguntientum
1505 2429 1531 2452 et
1551 2429 1602 2453 (luo
1622 2430 1768 2459 sequentia
1785 2430 1813 2454 in
1831 2431 1916 2457 Editt.
1936 2434 2021 2466 1556„
2043 2437 2109 2460 1565

1188 2476 1222 2480 -
1247 2463 1278 2486 ὃ.)
1301 2481 1306 2486 .
1327 2468 1376 2485 exs
1393 2465 1447 2485 aut.

1157 2505 1204 2533 17)
1223 2505 1367 2535 petitione]
1385 2505 1434 2528 Ed.
1455 2505 1530 2530 1596.
1550 2511 1647 2528 errore
1666 2507 1793 2536 typogn:
1819 2509 1952 2538 pennoni.

1157 2550 1203 2577 18)
1219 2549 1355 2577 Fusium]
1375 2547 1414 2571 sic
1436 2547 1500 2571 illae
1518 2548 1600 2571 Editt·
1620 2549 1647 2571 et
1665 2549 1718 2579 al.;
1745 2550 1795 2576 Ed.
1818 2551 1902 2576 Orell.
1922 2553 2046 2584 Fufium.

1157 2592 1201 2620 19)
1221 2592 1294 2615 Haec
1311 2592 1377 2615 nota
1397 2592 1423 2614 et
1445 2597 1563 2620 sequeus
1583 2590 1611 2614 in
1628 2591 1712 2614 Editt.
1730 2593 1823 2625 1544„
1845 2595 1935 2618 1554..
1958 2596 2031 2620 1557.
2057 2598 2105 2621 de-

1188 2628 1262 2650 sunt.

1154 2669 1202 2696 20)
1222 2668 1275 2692 Pro
1295 2668 1336 2691 his
1356 2667 1411 2693 Cic.
1429 2667 1521 2690 verbis
1540 2667 1663 2693 quditt.
1680 2668 1766 2694 1545..
1787 2670 1861 2695 1560.
1881 2671 1940 2696 que
1960 2674 2038 2697 notae
2056 2676 2106 2698 ad-

1192 2702 1296 2733 scripta
1314 2704 1379 2726 sunt
1396 2701 1551 2732 sequentia:
1578 2702 1645 2727 Tam
1663 2705 1790 2735 yratum.

1452 2735 1542 2771 292*
