2351 2990
139 109 214 145 349

138 195 207 228 iter
230 207 310 228 cum
336 194 491 229 exercitu
513 199 637 227 contra
661 193 873 229 Antonium.
929 194 1026 229 Loco
1053 208 1136 230 con-

142 246 310 280 clusionis
341 251 526 291 ponuntur
548 245 673 279 breves
699 246 895 280 sententiae
921 247 963 280 de
989 259 1052 282 sua
1075 260 1135 292 spe

140 304 255 331 certae
274 297 462 335 victoriae;
498 296 583 329 item
607 297 649 329 de
673 309 735 331 sua
757 304 790 331 et
813 305 982 343 prompta
1008 300 1134 334 volun-

140 355 210 382 tate
230 348 267 382 in
287 348 522 394 opprimendo
540 347 713 383 Antonio.

375 432 511 467 Aliud
539 440 871 478 argumentum.

242 500 412 535 Narratio
446 508 498 534 est
525 501 669 545 longior
703 503 746 535 de
782 501 1033 536 coniunctione
1068 513 1131 535 sua

138 564 217 585 cum
238 551 398 596 Lepido,
437 553 499 597 qui
528 553 650 587 multis
680 560 861 598 suspectus
895 560 990 594 erat,
1034 554 1131 599 quod

136 603 215 647 plus
230 603 342 636 nimio
357 603 485 636 faverit
500 603 661 647 partibus
676 604 838 639 Antonii.
897 604 986 638 Item
1002 605 1046 637 de
1063 604 1131 638 illis

137 654 322 695 omnibus,
351 666 442 700 quae
458 655 587 698 egerit,
616 661 651 688 et
676 662 818 690 acturus
844 668 955 700 porro
978 655 1023 689 sit
1047 667 1130 688 con-

136 711 190 738 tra
205 705 404 739 Antonium
422 706 611 751 capitalem
629 704 769 740 hostem
788 707 1015 752 reipublicae.

355 789 494 823 Aliud
522 797 837 835 argumentum
854 790 913 837 93).

233 857 297 891 Est
328 858 488 891 narratio
522 859 564 891 de
592 858 663 892 suis
688 858 862 899 consiliis,
897 857 1025 903 quibus
1045 869 1128 891 usus

133 908 178 941 sit
200 909 245 941 ad
272 910 534 942 conciliandum
560 915 594 941 et
618 909 834 953 reipublicae
860 909 1127 953 adiungendum

131 958 327 1004 Lepidum,
356 967 389 993 et
406 960 692 1005 persequendum
714 967 821 1006 atque
846 961 1036 994 delendum
1055 960 1127 992 An-

131 1011 283 1044 tonium.
335 1010 422 1043 Item
440 1011 525 1056 quid
541 1008 711 1045 hactenus
727 1012 873 1056 gesserit
888 1012 1126 1057 effeceritque,

130 1067 164 1093 et
183 1074 289 1106 quem
307 1059 473 1095 habuerit
488 1074 698 1096 successum.
760 1063 912 1097 Orditur
937 1069 1057 1097 autem
1081 1063 1125 1096 ab

131 1112 247 1145 officio
266 1113 322 1145 vel
338 1125 357 1145 a
376 1125 500 1153 causa,
527 1124 588 1146 cur
604 1113 746 1148 scribat.

181 1214 510 1258 Argumentum
546 1221 588 1247 et
621 1212 802 1249 scholia
830 1215 874 1248 in
903 1215 1072 1260 episto-

527 1265 612 1298 lam
640 1264 732 1300 XVI.

230 1342 399 1376 Narratio
410 1342 456 1388 9²)
474 1342 516 1375 de
534 1341 683 1386 publicis
700 1342 845 1383 litteris,
873 1343 969 1389 quod
991 1343 1124 1377 fuerint

129 1393 348 1437 gratissimae
361 1421 369 1433 ,
398 1400 432 1426 et
449 1395 546 1439 quod
561 1393 644 1426 inde
661 1406 829 1439 magnam
849 1401 1056 1430 consecutus
1078 1395 1123 1428 sit

129 1444 404 1488 dignitatemffl).

229 1494 309 1538 §.2
341 1498 408 1535 Tu,
438 1493 656 1542 qecamquam]
683 1492 919 1536 Adhortatio,
946 1502 985 1529 ut
999 1502 1121 1530 utatur

128 1546 372 1580 occasionibus
393 1546 496 1586 belli,
532 1553 566 1579 et
597 1553 722 1591 pergat
754 1547 943 1579 defendere
978 1559 1121 1592 rempu-

125 1597 266 1632 blicam.
366 1600 489 1638 Cures,
524 1595 649 1645 211⁹⁶)]
687 1597 857 1631 Confutat
883 1598 1119 1632 obiectionem

125 1648 260 1682 Planci.

339 1731 476 1766 Aliud
512 1734 898 1779 argumentumffi).

230 1801 407 1834 Convenit
447 1799 534 1834 haec
574 1801 724 1846 epistola
765 1813 844 1834 cum
870 1801 943 1836 XII.
976 1815 1119 1846 praece-

125 1853 250 1893 dente,
299 1852 337 1884 in
366 1864 436 1898 qua
469 1858 617 1897 propter
649 1852 923 1896 gratulationem
957 1856 1119 1898 exposuit

124 1916 226 1938 suurn
251 1904 408 1938 studium
434 1903 472 1936 in
496 1910 620 1937 senatu
645 1916 710 1947 pro
726 1903 860 1936 Planco
883 1905 1117 1940 defendendo.

123 1954 179 1988 Ad
212 1956 364 1989 eundem
396 1956 544 1988 modum
576 1961 611 1988 et
642 1955 679 1987 in
710 1952 776 1987 hac
809 1954 957 1998 epistola
981 1964 1117 1997 narrat,

123 2018 233 2052 quare
257 2007 367 2051 ipsius
391 2018 532 2040 causam
563 2006 601 2039 in
631 2012 756 2039 senatu
785 2007 906 2049 egerit.
967 2007 1117 2042 Orditur

123 2064 241 2091 autem
268 2070 286 2090 a
311 2058 539 2097 narratione,
576 2069 667 2103 quae
693 2063 830 2090 constat
850 2059 1116 2101 praedicatione

122 2121 183 2142 scu
203 2109 409 2142 laudatione
439 2109 661 2154 publicarum
686 2109 888 2142 litterarum
913 2108 1040 2154 Lepidi
1069 2112 1114 2144 ad

122 2167 284 2194 senatum
317 2160 437 2193 addita
473 2160 693 2204 expositione
731 2159 854 2193 iudicii
893 2167 1035 2196 senatus
1071 2163 1113 2195 de

120 2211 305 2256 utriusque
324 2211 449 2244 litteris
466 2217 499 2243 et
515 2223 597 2244 suae
620 2210 836 2251 sententiae,
873 2212 929 2244 cui
953 2219 1035 2246 sunt
1060 2225 1115 2247 re-

122 2261 213 2307 liqui
235 2261 377 2296 assensi.
438 2261 647 2296 Narrationi
664 2262 806 2297 subiicit
824 2260 1113 2299 adhortationem

156 2397 205 2425 93)
225 2397 282 2420 Hoc
305 2396 494 2426 argumentum
513 2398 647 2426 praebent
666 2397 749 2422 Editt.
767 2397 959 2423 1565—1596.

155 2440 204 2467 94)
223 2439 291 2462 Huic
314 2438 375 2462 voci
395 2438 421 2461 in
440 2439 523 2464 Editt.
544 2440 634 2465 1540..
660 2441 752 2469 1544.,
779 2441 870 2472 1554„
897 2442 972 2466 1557.
991 2442 1113 2472 praefixa

189 2476 254 2497 sunt
273 2473 329 2498 Cic.
350 2474 435 2496 verba
454 2472 493 2504 (ξ.
510 2473 564 2503 1.);
589 2474 674 2498 Nihil
692 2476 757 2505 post
776 2475 931 2500 hominum.

155 2518 204 2545 95)
222 2517 280 2540 Hoc
293 2517 481 2546 argumentum
496 2516 594 2540 habent
601 2518 685 2542 Editt.
698 2518 902 2550 1537—1545„
919 2520 1003 2551 1551„
1025 2520 1110 2552 1557„

192 2551 266 2575 1560.

153 2596 200 2623 ⁹6)
220 2595 272 2619 Pro
296 2594 338 2618 his
364 2594 419 2619 Cic,
445 2594 537 2618 verbis
561 2594 589 2618 in
612 2595 696 2620 Editt.
717 2596 806 2628 1545,
840 2597 914 2621 1560.
941 2597 1004 2622 huic
1027 2601 1109 2623 notae

188 2630 328 2659 adscripta
347 2631 412 2652 suut
431 2629 589 2659 sequentia:
614 2629 695 2654 Illud
712 2631 765 2655 tihi
783 2634 932 2662 promitto.

151 2671 198 2699 97]
219 2673 275 2695 Hoc
292 2674 483 2702 argumentum
502 2674 529 2696 et
547 2671 599 2696 duo
617 2673 759 2703 sequentia
777 2673 804 2698 in
822 2674 907 2700 Editt.
928 2674 1020 2708 1556.,
1041 2676 1108 2700 1565

187 2717 220 2723 —
231 2706 306 2731 1596.
326 2708 444 2731 exstant.

288 106 410 146 XXIII,
445 106 755 144 ARGUMENTA
780 107 845 143 ET
872 107 1075 143 SCHOLIA
1100 108 1150 144 IN
1175 107 1322 146 EPIST.
1345 110 1459 148 ΒΑΜ.
1487 111 1570 150 CIC.
1597 113 1686 151 LIB.
1702 115 1744 152 X.
1769 115 1841 152 ΕΡ.
1861 117 2035 154 13-17.

2106 116 2180 153 350

1189 209 1251 230 seu
1269 198 1550 233 confutationem
1566 200 1706 234 consilii
1722 203 1866 246 petendi
1882 215 1901 235 a
1918 210 2042 238 senatu
2053 229 2062 244 ‚
2090 209 2129 237 ut
2145 203 2182 235 in

1189 260 1312 284 omnes
1331 250 1532 285 occasiones
1550 251 1633 284 belli
1650 253 1796 297 gerendi
1814 254 1858 287 sit
1875 254 2043 289 intentus.

1440 326 1576 361 Aliud
1604 336 1931 374 argumentum.

1291 393 1388 427 Sicut
1412 393 1449 426 in
1477 393 1548 429 XII.
1571 394 1676 431 huius
1701 398 1783 431 libri
1808 399 1974 443 epistola,
2008 398 2057 430 ita
2086 403 2119 430 et
2145 396 2180 428 in

1185 439 1251 475 hac
1269 445 1566 479 ostenditPlanco
1584 448 1763 492 publicam
1781 450 2070 493 gratulationem,
2088 459 2178 492 quae

1185 493 1374 528 lectionem
1405 496 1605 531 litterarum
1639 499 1712 533 eius
1743 501 1780 532 in
1813 507 1938 534 senatu
1969 506 2086 534 secuta
2105 498 2177 543 ⁹⁷³)

1184 544 1246 585 sit,
1275 552 1308 579 et
1324 558 1391 592 qua
1408 547 1476 580 fide
1495 560 1534 580 ac
1559 549 1739 593 diligentia
1765 563 1846 585 eum
1870 551 2057 585 adiuverit.
2109 548 2178 582 Ex-

1185 596 1326 630 ordium
1355 597 1460 644 est⁹⁸)
1491 600 1764 642 gratulatorium
1789 615 1853 646 per
1875 599 2087 642 ἀδύνατον,
2123 599 2178 632 cui

1183 647 1324 680 subiicit
1355 649 1601 683 narrationem
1633 652 1675 684 de
1706 653 1860 687 recitatis
1895 653 2032 686 litteris.
2092 650 2177 683 Vice

1183 697 1314 742 epilogi
1330 699 1443 742 posita
1464 706 1515 733 est
1530 699 1729 735 exhortatio
1739 703 1785 749 9⁰)
1798 731 1807 743 ,
1835 717 1878 737 ne
1896 705 2006 737 ullam
2024 702 2177 736 occasio-

1181 760 1265 782 nem
1281 755 1423 783 strenue
1442 751 1569 794 agendi
1590 765 1655 796 pro
1675 755 1856 798 republica
1872 755 2039 799 negligat.

1432 825 1569 860 Aliud
1598 837 1925 873 argumentum.

1282 893 1488 938 Propositio
1505 903 1556 930 est
1571 897 1614 930 de
1639 898 1840 932 litterarum
1862 899 2053 942 dignitate,
2090 909 2177 942 quas

1180 942 1327 977 miserat
1364 947 1410 978 ad
1451 954 1615 981 senatum
1644 949 1808 984 Plancus.
1883 949 2052 995 Sequitur
2082 948 2174 980 ratio

1180 995 1366 1030 continens
1388 997 1588 1041 longiorem
1613 1001 1892 1044 expositionem,
1916 1001 2013 1046 quod
2030 1005 2173 1033 senatus

1179 1043 1242 1079 has
1257 1046 1393 1080 litteras
1407 1050 1680 1092 approbaverit,
1712 1059 1745 1085 et
1769 1053 1866 1097 quod
1890 1052 2028 1085 litterae
2045 1049 2174 1094 Lepidi

1180 1097 1342 1131 omnium
1379 1098 1510 1132 iudicio
1540 1101 1644 1140 visae,
1662 1109 1744 1136 sunt
1765 1103 2027 1147 frigidissimae.
2081 1102 2175 1135 Con-

1179 1148 1288 1182 clusio
1321 1150 1481 1182 continet
1510 1149 1881 1194 adhortatiunculam‚
1915 1167 1990 1187 non
2016 1165 2088 1187 esse
2113 1164 2174 1185 ne-

1179 1211 1271 1232 cesse
1288 1201 1387 1244 prius
1405 1207 1524 1245 petere
1541 1205 1729 1238 consilium
1747 1217 1765 1237 a
1781 1212 1918 1246 senatu,
1946 1216 2055 1251 quam
2075 1203 2173 1249 quic-

1179 1262 1286 1294 quam
1310 1263 1414 1295 agere
1438 1252 1606 1297 incipiat,
1649 1256 1710 1289 sed
1736 1262 1924 1290 contentus
1949 1268 2012 1290 suo
2037 1254 2169 1288 iudicio

1177 1301 1319 1343 onmia,
1346 1313 1437 1348 quae
1455 1306 1591 1348 agenda
1608 1313 1691 1340 sunt
1710 1319 1775 1350 pro
1802 1308 1913 1342 salute
1940 1306 2171 1352 reipublicae,

1177 1358 1269 1395 agat.

1378 1429 1514 1465 Aliud
1548 1441 1868 1477 argumentum
1886 1435 1958 1482 ¹⁰⁰).

1277 1497 1402 1531 Primo
1420 1506 1471 1532 est
1488 1501 1678 1543 gratulatio
1703 1503 1745 1535 de
1769 1503 1895 1537 litteris
1911 1504 2046 1539 Planci.
2099 1504 2169 1538 De-

1174 1546 1257 1580 inde
1283 1550 1463 1591 narratio,
1490 1554 1673 1596 quomodo
1697 1553 1777 1587 illae
1802 1567 1820 1587 a
1846 1562 1970 1589 senatu
1993 1563 2170 1600 acceptae,

1175 1604 1208 1631 et
1228 1599 1315 1644 quid
1333 1607 1450 1634 actum
1470 1602 1526 1636 sit.
1579 1603 1766 1638 Postremo
1784 1604 2008 1646 adhortatur,
2035 1613 2072 1640 ut
2090 1619 2169 1651 per-

1173 1656 1231 1694 gat
1250 1652 1508 1695 rempublicam
1525 1653 1678 1688 liberare
1695 1668 1713 1688 a
1729 1657 1927 1691 latronibus
1945 1665 1978 1691 et
1995 1659 2168 1703 tyrannis.

1409 1726 1550 1762 Aliud
1577 1739 1911 1774 argumentum.

1273 1792 1424 1827 Videtur
1443 1796 1485 1828 de
1505 1796 1628 1830 iisdem
1649 1798 1773 1832 Planci
1790 1801 1916 1835 litteris
1932 1803 1976 1834 ad
2003 1810 2165 1837 senatum

1172 1842 1308 1883 dicere,
1341 1845 1383 1877 de
1409 1847 1537 1890 quibus
1568 1861 1675 1893 supra
1708 1851 1795 1884 dixit
1824 1852 1884 1887 lib.
1911 1854 1969 1887 10.
2003 1855 2101 1898 epist.
2132 1857 2164 1889 1.

1171 1893 1303 1926 Narrat
1319 1901 1459 1937 autem,
1487 1898 1578 1932 sicut
1593 1912 1721 1944 supra,
1754 1915 1843 1947 quae
1871 1916 1890 1936 a
1915 1917 1949 1937 se
1980 1904 2017 1937 in
2041 1913 2165 1939 senatu

1170 1944 1207 1976 in
1222 1944 1347 1978 Planci
1362 1959 1466 1981 causa
1485 1955 1567 1982 sunt
1584 1957 1672 1984 acta.
1727 1952 1877 1987 Orditur
1901 1961 2019 1988 autem
2037 1968 2054 1989 a
2071 1957 2163 1989 litte-

1169 1995 1218 2028 ris
1236 1995 1362 2029 Planci
1381 2004 1415 2031 et
1435 2011 1475 2032 ex
1494 2001 1774 2044 opportunitate.

1311 2088 1494 2125 Scholia
1522 2093 1567 2126 in
1595 2095 1840 2139 epistolam
1868 2099 2028 2147 XVII.¹).

1272 2164 1302 2210 ἓ.
1322 2168 1355 2202 1.
1381 2171 1554 2204 Antonius
1569 2171 1705 2220 Idibus]
1732 2173 1900 2210 Narratio
1924 2179 1965 2211 de
1990 2184 2082 2213 statu
2107 2192 2160 2214 re-

1167 2228 1269 2258 rum,
1297 2224 1331 2251 et
1349 2231 1411 2252 sua
1430 2220 1625 2265 diligentia.

1271 2267 1301 2313 ἓ.
1317 2271 1353 2305 2.
1382 2272 1539 2306 Fratrem
1564 2272 1692 2321 meum]
1725 2275 1935 2319 Excusatio‚
1969 2282 2066 2326 quod
2089 2284 2160 2316 sra-

1166 2325 1220 2352 ter
1236 2320 1450 2357 valetudinis
1466 2336 1569 2358 causa
1588 2325 1625 2357 in
1642 2327 1765 2359 urbem
1792 2340 1833 2361 ex
1857 2331 1978 2366 castris
2001 2333 2159 2370 redierit.

1199 2438 1267 2467 97⁸)
1287 2441 1397 2469 secuta]
1418 2440 1466 2464 Ed.
1489 2441 1564 2465 1556.
1585 2447 1682 2465 errore
1701 2444 1829 2474 typogm
1855 2449 1979 2472 secutae.

1198 2480 1247 2508 98)
1268 2482 1326 2509 est]
1347 2482 1373 2505 iu
1392 2482 1477 2507 Editt.
1500 2483 1592 2513 1571.,
1614 2483 1687 2507 1596.
1708 2486 1802 2509 omiss.

1197 2522 1243 2550 99)
1264 2524 1434 2553 exhortatio]
1460 2525 1501 2548 sic
1524 2525 1574 2551 Ed.
1595 2526 1694 2557 1556.;
1737 2528 1821 2553 Editt.
1842 2530 1934 2563 1565.,
1965 2534 2056 2561 1571..
2084 2536 2156 2560 1596.

1231 2557 1394 2583 cohortatio.

1196 2600 1259 2627 100)
1279 2601 1343 2658 ῌοοἴ
1355 2603 1545 2632 argumentum
1563 2603 1591 2626 et
1609 2609 1727 2633 sequens
1747 2604 1775 2629 in
1794 2606 1878 2633 Editt.
1900 2609 2089 2635 1565—1596.
2110 2612 2154 2636 iu-

1229 2640 1330 2658 veinun
1345 2641 1385 2660 ur.

1194 2677 1224 2705 1)
1242 2677 1304 2701 Mel.
1324 2678 1485 2706 argumento
1500 2678 1580 2703 huius
1597 2679 1730 2711 epistolae
1745 2683 1829 2707 Editt.
1846 2684 2047 2719 1537—155{.,
2068 2689 2153 2721 1557„

1230 2711 1320 2743 1560.‚
1342 2712 1416 2735 1601.
1435 2713 1541 2738 carent.
