2351 2990
194 147 268 182 745

198 232 263 264 viri
275 229 526 269 Athenienses,
549 241 676 273 nempe
694 235 731 261 ut
748 227 950 272 quicunque
969 226 1184 270 reipublicae

197 289 332 326 partem
352 281 507 327 aliquam
520 280 658 324 accipit,
676 279 703 312 si
720 290 787 323 qua
806 278 889 310 urbs
908 276 1077 320 indigeat,
1097 277 1183 309 inea

199 339 365 378 prompte
391 332 468 366 usui
497 344 531 365 se
549 329 764 374 reipublicae
780 327 977 372 expositum
1004 327 1184 372 praebeat.

201 385 310 429 Atqui
335 384 415 417 lIcet
438 381 525 416 mihi
550 381 704 427 quietem
733 378 862 423 agere?
906 378 1014 411 Domi
1037 390 1186 411 manens

199 436 326 469 melior
349 447 402 474 es,
430 434 510 478 quia
529 432 638 470 liber,
666 430 818 463 faciendi
840 430 971 464 scilicet
996 436 1098 474 turpe
1123 429 1186 462 ali-

200 487 286 533 quid
305 484 500 518 necessario
517 488 665 527 propter
682 481 854 526 inopiam.
906 481 1044 513 Accidit
1067 487 1185 514 autem

206 537 338 582 aliquid
366 537 452 573 tale,
481 534 585 579 quale
610 533 730 566 nunc?
774 532 902 565 melior
924 544 1051 576 nempe
1076 545 1131 571 es,
1158 531 1187 565 si

203 589 275 633 ipse
298 587 423 619 milites
438 613 446 623 ,
476 597 540 629 pro
563 584 687 617 iisdem
710 583 779 617 illis
803 583 1029 623 muneribus,
1065 595 1188 629 queni-

203 638 395 672 admodum
423 643 474 670 est
499 648 652 681 aequum
676 647 740 679 pro
759 635 886 679 patria.
940 634 1004 667 Est
1028 647 1113 667 vero
1129 646 1188 666 ve-

202 695 313 724 strum
333 688 460 734 aliquis
475 693 572 720 extra
595 693 745 719 aetatem
766 686 862 718 illam
885 686 1034 718 militiae
1056 691 1189 730 aptam,

204 751 437 785 quaecunque
455 739 483 772 is
507 744 603 771 extra
630 737 792 770 ordinem
817 749 912 770 nunc
940 737 1087 781 accipit,
1115 748 1190 769 non

204 792 434 824 commodans
451 789 667 834 reipublicae
690 801 729 822 ea
754 788 802 821 ita
821 787 990 832 accipiat,
1016 795 1055 821 ut
1079 799 1190 833 aeque

205 841 324 874 onmia
349 841 565 886 reipublicae
599 852 708 873 onera
732 839 901 873 sustineat
926 852 1004 872 cuin
1031 838 1191 872 caeteris.

205 894 338 926 Urbem
358 893 465 936 igitur
482 892 552 924 iam
568 891 687 935 redegi
708 891 745 923 in
763 891 924 923 ordinem
937 917 945 930 ‚
973 891 1109 924 sublata
1132 890 1189 922 illa

204 943 448 977 conditionum
468 956 508 976 ac
529 949 683 976 statuum
703 941 929 981 confusione,
956 941 1192 986 inspectisque

204 995 370 1029 omnihus
386 1007 425 1028 ac
442 993 620 1038 dispositis
643 1005 734 1039 quae
757 992 834 1025 fieri
854 998 1011 1036 oportet;
1047 1004 1193 1036 prorsus

206 1053 323 1079 autem
346 1044 436 1078 nihil
463 1046 643 1083 auferens,
676 1056 791 1089 neque
816 1055 1017 1088 apponens,
1052 1049 1193 1087 praeter

204 1109 336 1142 pauca,
365 1097 514 1130 eundem
532 1095 695 1128 ordinem
714 1095 944 1135 constituens,
968 1101 1001 1127 et
1020 1094 1194 1139 accipien-

206 1148 261 1187 di,
296 1155 330 1181 et
361 1147 558 1187 militandi,
598 1153 632 1179 et
659 1146 860 1186 iudicandi,
901 1152 935 1179 et
961 1145 1115 1179 faciendi
1144 1145 1192 1185 id,

206 1200 301 1244 qnod
320 1212 385 1244 pro
405 1211 465 1233 sua
491 1198 639 1244 quisque
664 1203 777 1230 aetate
793 1204 827 1231 et
844 1197 1048 1230 conditione
1067 1203 1194 1241 potest,

205 1257 239 1283 et
265 1251 363 1284 cuius
386 1262 459 1284 sese
491 1250 595 1282 offert
620 1248 769 1282 occasio.
834 1248 906 1282 Nec
932 1254 1001 1287 est,
1037 1261 1099 1282 cur
1129 1261 1193 1292 ego

205 1301 331 1336 dixisse
357 1301 462 1334 alicui
490 1301 633 1339 videar,
669 1301 765 1345 quod
791 1306 956 1344 oporteat
982 1299 1193 1333 distribuere

204 1352 265 1393 iis,
294 1353 355 1399 qui
378 1350 468 1385 nihil
491 1358 620 1396 agunt,
653 1363 713 1391 ea,
748 1363 838 1396 quae
865 1351 1050 1395 agentibus
1077 1350 1194 1384 distri-

204 1404 345 1437 buenda
370 1409 470 1441 sunt;
504 1414 620 1448 neque
649 1402 744 1445 ipsos
761 1402 886 1439 otiari,
924 1408 958 1433 et
981 1413 1125 1439 vacare,
1154 1412 1193 1431 ac

203 1453 390 1489 haesitare.
444 1455 553 1498 Quod
578 1464 663 1484 vero
683 1451 801 1484 nescio
819 1451 880 1496 qui
905 1450 1084 1495 peregrini
1101 1450 1193 1483 mili-

205 1513 256 1539 tes
276 1506 447 1545 x‘icerint‚
483 1516 522 1536 ea
549 1502 697 1540 auditis;
739 1500 827 1534 haec
851 1502 944 1534 euim
972 1502 1061 1534 fiunt
1086 1514 1192 1535 nunc.

206 1557 330 1603 Neque
362 1569 425 1601 ego
458 1552 681 1599 reprehendo
701 1580 710 1593 ‚
753 1553 957 1598 quicunque
993 1565 1058 1597 pro
1094 1552 1193 1586 vobis

208 1609 344 1654 aliquid
361 1607 500 1646 fecerit,
529 1606 625 1650 quod
643 1610 823 1648 oporteat;
852 1605 912 1638 sed
928 1602 1054 1637 hortor
1070 1605 1192 1637 eadem

208 1660 322 1692 facere
341 1672 403 1692 vos
421 1670 486 1703 pro
504 1656 604 1689 vobis
622 1655 724 1699 ipsis,
751 1661 899 1699 propter
916 1667 1007 1700 quae
1025 1655 1112 1688 alios
1130 1653 1194 1688 ho-

208 1711 389 1743 norandos
417 1708 517 1742 vobis
543 1719 614 1741 esse
641 1706 785 1743 ducitis;
813 1718 929 1752 neque
945 1706 1124 1739 discedere
1149 1707 1193 1739 ab

208 1774 247 1796 ea
274 1760 496 1796 institutione
520 1757 681 1797 virtutis,
716 1756 783 1790 viri
807 1755 1060 1797 Athenienses,
1085 1770 1192 1804 quam

207 1814 308 1847 vobis
333 1812 486 1845 maiores
509 1809 629 1843 multis
652 1815 686 1841 et
710 1808 901 1853 praeclaris
924 1809 1088 1854 periculis
1113 1821 1194 1853 par-

211 1872 280 1898 tam
308 1864 541 1909 reliquerunt.
610 1859 693 1893 Dixi
724 1861 818 1900 fere,
853 1873 944 1906 quae
974 1862 1193 1894 conductura

209 1917 375 1948 arbitror.
428 1913 500 1947 Vos
517 1924 601 1945 vero
619 1911 779 1955 deligite,
810 1913 1049 1957 quodcunque
1066 1918 1098 1945 ct
1114 1912 1194 1945 urbi

209 1968 308 2001 vobis
328 1965 492 1999 omnibus
509 1964 735 2009 profuturum
751 1962 806 1996 sit.

209 2069 310 2105 Alia
340 2065 673 2111 interpretatio
703 2064 891 2097 eiusdem
911 2064 1195 2110 orationis³¹)

310 2138 393 2173 Non
416 2135 581 2168 videntur
613 2130 702 2166 mihi
730 2131 822 2164 inter
855 2144 891 2165 se
919 2133 1107 2167 conciones
1132 2146 1195 2166 no-

210 2197 323 2230 strae,
366 2188 477 2226 cives,
521 2191 556 2218 et
584 2184 674 2217 sacta
708 2183 898 2216 convenire
923 2183 988 2229 32);
1037 2184 1195 2228 intelligo

210 2242 304 2275 enim
323 2239 430 2272 verba
448 2236 524 2270 fieri
540 2235 704 2268 ferociter
724 2235 765 2266 de
792 2234 997 2267 mult-tando
1015 2233 1195 2280 Philippo.

208 2295 255 2327 At
270 2304 343 2325 rem
361 2290 474 2334 ipsam
493 2300 534 2321 eo
552 2287 681 2318 vadere
700 2285 822 2324 video,
849 2291 888 2318 ut
906 2286 1195 2329 prospiciendum

208 2345 333 2375 ducam
345 2368 354 2382 ‚
380 2353 424 2373 ne
439 2339 523 2385 quid
543 2344 624 2370 ante
641 2336 744 2369 nobis
761 2336 900 2369 adversi
918 2337 1065 2371 accidat.
1107 2338 1195 2371 Pro-

210 2395 291 2427 inde
310 2399 469 2425 oratores
491 2389 603 2423 nostri
627 2388 701 2421 salli
720 2387 904 2427 videntur,
933 2400 1010 2420 cum
1039 2389 1193 2422 alienum

210 2449 456 2488 argumentum
484 2445 703 2486 proponunt.
756 2437 832 2482 Ego
858 2450 942 2471 vero
971 2451 1045 2472 non
1067 2440 1194 2483 ignoro

243 2572 291 2600 ³¹)
311 2572 384 2595 Haec
402 2566 594 2596 interpretatio
612 2565 639 2589 in
656 2565 738 2588 Editt.
753 2564 859 2593 nagan.
873 2571 895 2588 s.
912 2569 936 2588 a.
953 2565 980 2587 et
997 2563 1071 2587 ¹56².
1087 2564 1195 2588 inveni-

277 2610 332 2635 tur,
351 2605 378 2628 in
393 2603 487 2633 quibus
503 2602 663 2630 argumento
678 2598 852 2629 praecedenti
867 2604 953 2628 supra
965 2598 1051 2628 p.732
1059 2605 1098 2629 sq.
1109 2599 1195 2623 aliato

280 2641 341 2664 sine
358 2638 415 2662 ulla
433 2634 611 2664 inscriptione
629 2636 672 2657 est
690 2638 806 2657 annexa.

243 2684 291 2712 32]
311 2682 379 2707 Huic
397 2678 508 2703 exordio
523 2677 548 2700 in
564 2676 612 2700 Ed.
627 2677 732 2706 nagan.
750 2682 773 2699 s,
787 2680 812 2699 a.
832 2675 972 2705 adscripta
985 2676 1028 2699 est
1045 2677 1108 2698 nota
1121 2682 1195 2699 mar-

281 2717 395 2747 ginatis:
415 2712 581 2739 Exordium,
606 2709 768 2740 perstringit
786 2710 929 2739 rhaetea,
950 2709 993 2739 qui
1015 2711 1143 2733 voiebant
1162 2711 1194 2733 ab

281 2751 401 2781 Olyntho
419 2746 514 2772 abduci
532 2745 633 2775 copias.

771 141 892 176 PHIL.
927 139 1041 174 MEL.
1075 138 1277 174 SCRIPTA
1313 138 1648 174 PHILOLOGICA.

2153 135 2229 174 744

1236 225 1340 258 fuisse
1357 225 1441 258 olim
1460 225 1702 265 occasionem,
1730 237 1807 258 cum
1828 224 1913 257 citra
1938 223 2136 268 periculum
2161 235 2225 256 no-

1237 281 1348 310 strum
1367 276 1649 309 animadvertere
1668 277 1705 309 in
1721 274 1928 320 Philippum
1946 275 2056 308 licuit.
2100 274 2224 320 anue

1237 327 1305 360 suit
1322 339 1397 360 non
1416 327 1463 359 ita
1481 328 1593 360 multo
1614 334 1713 367 ante,
1749 340 1789 360 ex
1814 339 1884 373 quo
1901 326 1937 359 in
1953 325 2132 371 republica
2148 337 2226 359 ver-

1238 390 1308 412 sor.
1361 377 1454 412 Nam
1482 390 1560 411 cum
1583 377 1818 423 Amphipolin
1842 383 2066 422 oppugnaret
2090 376 2227 421 Philip-

1240 441 1328 473 pus,
1362 428 1469 462 simul
1494 435 1615 463 nostra
1640 430 1736 464 salva
1759 436 1860 462 erant
1875 430 2014 468 sutura,
2041 435 2075 461 et
2091 429 2149 463 ille
2165 440 2228 473 op-

1239 479 1348 524 primi
1374 485 1533 524 poterat;
1567 492 1662 513 nunc
1687 480 1733 513 ita
1757 487 1894 521 statuo,
1930 478 2018 513 nihil
2042 480 2141 524 prius
2167 485 2229 512 aut

1241 530 1422 576 antiquius
1438 528 1642 564 habendum
1662 543 1734 565 esse
1748 557 1758 571 ,
1785 544 1892 577 quam
1909 537 1949 565 ut
1970 531 2084 565 socios
2108 531 2229 564 defen-

1241 582 1378 615 damus.
1446 581 1553 626 Quod
1583 582 1612 615 si
1646 583 1867 623 successerit,
1908 584 1950 615 de
1974 580 2143 628 Philippo
2168 594 2230 627 op-

1241 633 1430 677 primendo
1460 638 1583 676 postea
1608 633 1898 667 consultabimus.
1950 634 1997 666 At
2020 635 2230 680 priusquam

1242 684 1383 717 initium
1413 690 1506 716 recte
1537 683 1782 724 constitueris,
1816 685 1964 719 stultum
1992 691 2044 718 est
2068 687 2111 720 de
2135 684 2231 718 exitu

1243 735 1430 769 consilium
1447 747 1583 779 capere.

1344 786 1460 819 Porro
1483 785 1513 819 si
1538 787 1683 831 quando
1705 797 1862 831 unquam
1877 812 1886 826 ‚
1912 784 2160 831 hoc'tempore
2178 787 2231 820 in-

1244 837 1369 882 primis
1394 849 1522 881 magna
1557 849 1639 870 cura
1677 837 1896 883 consilioque
1929 850 2018 882 opus
2049 835 2232 878 habemus,

1244 901 1318 921 non
1343 890 1440 921 deest
1463 897 1582 921 autem
1612 888 1797 922 consilium
1829 886 1917 921 mihi
1946 889 1984 921 in
2017 887 2085 922 hac
2116 901 2233 923 causa.

1244 939 1378 972 Verum
1396 937 1463 972 hoc
1479 950 1611 983 angor,
1639 940 1822 984 quomodo
1841 940 1935 983 apud
1951 952 2014 973 vos
2032 940 2233 973 orationem

1246 990 1449 1028 instituam3
1493 1001 1617 1024 censeo
1641 989 1735 1023 enim
1759 991 1970 1036 plerumque
1993 1003 2068 1024 non
2095 991 2233 1025 inscitia

1247 1053 1266 1074 a
1282 1041 1382 1075 vobis
1401 1040 1558 1085 peccari,
1585 1041 1646 1074 sed
1662 1042 1758 1086 quod
1775 1054 1847 1074 non
1872 1042 1980 1075 libeat
2004 1042 2158 1076 officium
2182 1043 2234 1076 fa-

1247 1104 1345 1132 cere,
1374 1104 1504 1138 quaeso
1522 1098 1659 1131 autem,
1683 1098 1723 1125 ut
1746 1092 1947 1126 libertatem
1971 1105 2088 1127 meam
2110 1093 2140 1127 si
2163 1106 2234 1139 qua

1247 1143 1444 1184 videbitur,
1471 1143 1558 1176 boni
1581 1143 1773 1177 consulatis
1797 1150 1831 1177 et
1854 1144 2040 1178 veritatem
2059 1145 2233 1178 orationis

1246 1195 1428 1240 spectetis,
1464 1194 1492 1228 si
1519 1196 1615 1240 quod
1648 1196 1796 1229 fortasse
1820 1195 2017 1229 remedium
2043 1197 2232 1230 ostendero

1246 1247 1283 1279 in
1300 1244 1354 1280 his
1374 1246 1495 1283 malis;
1524 1245 1650 1280 videtis
1667 1245 1761 1278 enim
1781 1258 1855 1278 non
1873 1247 1979 1279 aliam
2003 1259 2076 1281 esse
2101 1253 2156 1281 tot.
2177 1259 2233 1280 ca—

1246 1297 1445 1330 lamitatum
1473 1309 1637 1336 causam,
1665 1309 1771 1342 quam
1797 1298 1893 1342 quod
1918 1299 1961 1330 ad
1987 1298 2137 1342 gratiam
2153 1295 2234 1331 rhe-

1246 1355 1340 1381 tores
1359 1348 1630 1380 concionantur.
1682 1348 1765 1382 Non
1782 1348 1922 1381 videtur
1947 1349 2103 1383 alienum
2129 1349 2235 1383 altius

1246 1410 1320 1430 rem
1339 1403 1521 1442 repetere,
1549 1403 1583 1430 et
1599 1398 1793 1430 admonere
1813 1411 1874 1431 vos
1893 1410 2038 1439 eorum,
2065 1411 2156 1444 quae
2175 1411 2237 1432 an-

1246 1456 1300 1482 tea
1322 1449 1526 1481 acciderunt
1542 1447 1608 1493 33);
1636 1448 1847 1482 meministis
1872 1448 1966 1482 enim
1990 1449 2237 1485 renuntiatum

1247 1499 1314 1533 huc
1337 1511 1408 1533 esse
1435 1498 1539 1531 tertio
1558 1505 1619 1532 aut
1637 1505 1765 1544 quarto
1790 1497 1920 1533 abhinc
1943 1513 2038 1534 anno
2054 1501 2234 1535 Heraeum

1246 1563 1390 1584 murum
1416 1550 1618 1594 oppugnari
1643 1550 1680 1582 in
1698 1548 1853 1583 Thracia
1879 1563 1897 1584 a
1914 1550 2102 1597 Philippo;
2137 1565 2237 1586 men-

1246 1603 1292 1637 sis
1309 1608 1397 1642 erat,
1413 1601 1555 1645 opinor,
1573 1601 1792 1646 September.
1831 1602 1878 1635 Et
1894 1615 1973 1636 cum
1992 1604 2088 1637 varie
2104 1606 2235 1638 tumul-

1246 1660 1384 1688 tuatum
1410 1650 1466 1685 hic
1498 1659 1604 1693 esset,
1649 1653 1782 1698 diuque
1818 1654 2030 1688 consultatio
2054 1654 2234 1700 tenuisset,

1247 1707 1427 1739 decretum
1453 1709 1523 1744 est,
1555 1710 1595 1737 ut
1624 1705 1859 1749 quadraginta
1892 1705 2054 1740 triremes
2085 1707 2237 1742 instrue-

1246 1763 1391 1795 rentur,
1425 1755 1692 1800 militarentque
1723 1755 1815 1790 cives
1844 1768 1985 1798 omnes,
2026 1758 2155 1802 quibus
2186 1767 2237 1795 est

1246 1807 1411 1842 militaris
1437 1812 1553 1846 aetas,
1586 1806 1903 1853 conferrenturque
1920 1807 1967 1854 ³⁴)
1990 1809 2170 1853 sexaginta
2187 1818 2237 1845 ta-

1247 1861 1354 1894 lenta.
1404 1857 1531 1891 Postea
1549 1863 1670 1890 exacto
1690 1870 1731 1891 eo
1748 1870 1842 1891 anno
1861 1859 1977 1903 agitur
1992 1858 2132 1902 Iunius,
2164 1863 2236 1907 agi-

1247 1918 1305 1945 tur
1330 1909 1459 1948 Iulius,
1502 1908 1619 1952 agitur
1643 1909 1840 1953 Augustus,
1876 1922 1918 1942 eo
1946 1910 2089 1944 demum
2115 1923 2235 1949 mense

1248 1963 1306 1995 vix
1322 1966 1403 2006 post
1417 1959 1524 1993 ferias
1545 1959 1671 1994 missus
1698 1967 1748 1993 est
1766 1958 2000 1994 Charidemus
2025 1973 2105 1995 cum
2128 1965 2235 2000 classe

1247 2015 1368 2047 decem
1392 2011 1558 2051 navium,
1592 2011 1653 2044 sed
1675 2023 1766 2056 quae
1795 2023 1926 2045 vacuae
1956 2019 2058 2046 erant
2090 2013 2236 2058 civibus,

1249 2072 1283 2099 et
1300 2064 1427 2097 collata
1445 2068 1528 2096 sunt
1543 2061 1681 2106 argenti
1703 2062 1861 2107 quinque
1885 2063 2031 2098 talenta.
2081 2064 2173 2100 Nam
2198 2075 2238 2102 ut

1248 2115 1451 2150 nuntiatum
1477 2119 1527 2147 est
1551 2111 1759 2157 Philippum
1781 2114 1928 2148 adversa
1946 2115 2149 2152 valetudine
2173 2120 2237 2160 uti,

1249 2167 1377 2201 deinde
1410 2176 1482 2198 esse
1514 2170 1716 2204 mortuum,
1760 2176 1842 2197 nam
1871 2172 2065 2212 utrumque
2090 2167 2238 2204 allatum

1250 2225 1319 2258 est,
1347 2216 1482 2250 nullam
1508 2227 1579 2248 esse
1605 2227 1747 2248 causam
1772 2216 2045 2250 arbitrabamini
2073 2219 2238 2255 mittendi

1251 2271 1286 2303 in
1322 2267 1512 2301 Thraciam
1550 2266 1739 2306 exercitus,
1775 2273 1810 2299 et
1849 2268 1993 2301 classem
2031 2270 2235 2317 reliquistis.

1248 2319 1358 2366 Atqui
1377 2326 1451 2352 tum
1469 2316 1633 2361 inprimis
1651 2317 1788 2351 occasio
1806 2325 1882 2351 erat
1905 2319 2132 2364 opprimendi
2150 2322 2235 2357 Phi-

1248 2371 1354 2416 lippi;
1383 2370 1411 2404 si
1436 2368 1530 2401 enim
1553 2374 1627 2401 turn
1646 2368 1775 2402 auxilia
1799 2369 2030 2412 misissemus,
2065 2376 2234 2418 quemad-

1248 2421 1600 2465 modumdecretum
1625 2426 1700 2453 erat
1723 2420 1761 2453 in
1787 2427 1965 2466 tempore,
1992 2420 2083 2456 nihil
2099 2426 2231 2470 negotii

1281 2565 1328 2593 33)
1354 2563 1423 2587 nuic
1447 2564 1507 2588 loco
1528 2564 1553 2588 in
1573 2565 1623 2590 Ed.
1643 2565 1748 2595 nagan.
1775 2572 1798 2591 s,
1818 2571 1843 2591 a.
1868 2565 1994 2596 apposita
2012 2567 2055 2590 est
2074 2568 2140 2592 nota
2157 2575 2231 2594 mar·

1317 2598 1388 2629 gum:
1415 2598 1560 2628 Narratio,
1587 2606 1619 2623 ex
1647 2606 1699 2629 qua
1722 2600 1828 2631 colligit
1853 2602 1881 2624 et
1898 2603 1979 2624 antea
1998 2601 2120 2625 obruisse
2137 2603 2232 2634 reipu-

1316 2633 1403 2656 blicae
1422 2633 1575 2661 opinionem
1595 2635 1628 2657 de
1646 2640 1778 2664 represso
1797 2634 1936 2665 Philippo,
1963 2636 2163 2666 contempsisse
2179 2639 2231 2663 ho-

1317 2669 1386 2690 stem
1408 2672 1542 2696 nnnquam
1563 2673 1616 2691 non
1636 2669 1731 2692 obfuit.

1280 2711 1330 2767 ³43
1360 2710 1619 2740 conseri-emurque]
1650 2711 1699 2736 Ed.
1723 2711 1790 2736 1562
1816 2716 1911 2737 errore
1942 2714 2055 2745 typogr.
2087 2714 2232 2740 conferen-

1329 2750 1421 2774 urque.
