2351 2990
105 109 175 143 681

104 195 228 241 nis92).
300 195 472 242 Polli093)
507 195 595 228 dixit
617 208 652 228 se
676 208 780 241 saepe
806 196 957 231 dicendo
985 211 1107 232 conse-

109 253 227 280 cutum
251 259 344 287 esse,
371 253 410 280 ut
427 247 518 279 male
539 246 683 280 diceret.

210 297 296 342 Cap.
313 297 371 331 Vl.
402 296 431 342 ξ.
452 299 485 331 1.
513 300 682 332 Proxima
702 300 804 343 stylo]
838 298 877 332 In
905 300 1029 333 studiis
1053 300 1106 332 ni-

107 346 157 382 hil
175 350 311 382 efficere
330 362 517 394 possumus
534 349 609 382 sine
628 350 864 393 cogitatione,
900 349 989 383 nibil
1014 359 1107 384 recte

107 400 325 444 intelligere,
361 401 496 433 nullam
523 413 644 433 veram
671 401 878 445 opinionem
908 402 1107 447 concipere,

107 453 167 485 sed
188 453 332 496 prodest
350 452 456 484 etiam
480 452 517 484 in
541 452 701 486 moribus
727 453 927 487 cicurandis
953 460 985 486 et
1013 454 1107 486 miti-

108 503 253 547 gandis,
295 516 373 536 cum
406 515 597 537 ax'ocamus
620 516 686 537 nos
710 517 727 536 a
756 505 853 548 x‘ulgi
878 505 1106 544 clamoribus,

108 560 142 587 et
160 553 290 587 nostris
308 554 584 598 cogitationibus
608 555 802 589 insistimus
816 582 824 595 ‚
860 568 926 589 nos
952 556 1047 600 ipsos
1069 556 1104 588 in

107 605 293 638 consilium
332 603 554 640 adhibemus.
628 607 847 640 Matutinum
884 613 1023 651 tempus
1055 613 1106 640 est

106 656 328 701 aptissimum
349 657 644 701 cogitationibus,
680 658 763 703 quia
789 670 888 691 mens
915 665 966 692 est
990 659 1103 691 otiosa

106 714 140 741 et
156 708 369 753 tranquilla,
399 709 511 752 magis
527 709 594 742 sibi
611 716 769 748 constat,
802 709 914 753 magis
938 715 988 743 est
1010 710 1103 752 apud

107 772 162 799 se,
190 771 264 791 non
289 759 484 804 impeditur
510 767 655 793 externo
680 760 851 805 strepitu,
885 773 1005 794 sensus
1031 772 1105 792 non

104 817 187 845 sunt
203 811 377 855 occupati.
433 811 528 844 Haec
547 818 735 855 praecepta
754 818 836 844 sunt
855 818 950 844 extra
978 818 1104 844 artem.

104 862 262 895 Tantum
281 861 348 896 boc
365 863 547 896 sciendum
564 869 613 896 est
631 861 836 907 phantasias
852 862 1104 906 concipiendas

106 926 178 948 esse
196 914 336 954 animo,
364 921 403 947 ut
421 914 449 947 si
467 914 544 959 quis
562 915 635 959 ipse
653 914 759 947 saciat
777 914 1042 954 adversarium,
1071 920 1104 947 et

105 965 261 1009 disputet
285 978 401 998 secum
428 965 465 997 in
498 966 646 999 obscura
680 971 713 998 et
743 965 878 998 difficili
909 972 942 998 et
974 978 1102 1009 magna

105 1016 269 1049 materia.

208 1067 294 1111 Cap.
312 1066 387 1101 Vll.
417 1065 446 1111 ἓ.
464 1068 496 1101 1.
531 1069 716 1102 DIaxz‘mus
738 1068 832 1111 vero]
868 1067 903 1100 Si
928 1067 1101 1100 memoria

103 1131 178 1153 non
198 1125 248 1152 est
265 1119 353 1158 fida,
380 1119 490 1152 satius
511 1125 561 1152 est
579 1132 619 1151 ex
637 1126 797 1163 tempore
815 1118 943 1152 dicere.
1004 1119 1102 1151 Alio-

103 1171 164 1218 qui
182 1170 275 1202 enim
295 1170 435 1203 animus
452 1171 701 1213 perturbatur,
729 1172 813 1203 dum
838 1170 962 1203 anxins
990 1177 1041 1203 est
1066 1170 1101 1202 in

104 1221 316 1269 quaerendis
334 1221 526 1265 prioribus.
585 1219 828 1267 Renuntiabz't]
853 1221 887 1253 id
906 1228 969 1261 est,
998 1222 1102 1253 omit-

104 1281 155 1308 tet
169 1279 230 1307 aut
246 1274 401 1317 deponet
419 1273 546 1306 officia.

207 1323 236 1368 ἓ,
252 1327 287 1360 2.
314 1321 607 1371 Repraesentatis]
638 1323 673 1356 id
694 1329 764 1363 est,
794 1323 1101 1357 extraordinariis.

207 1375 236 1419 {-
254 1376 288 1409 3.
317 1373 485 1423 Quarum]
514 1376 645 1409 scilicet
666 1375 927 1408 necessitatum.
1010 1373 1099 1422 Qua]

104 1427 235 1462 scilicet
253 1427 454 1460 necessitas.

208 1476 236 1522 ξ,
257 1477 292 1512 4.
320 1480 435 1524 Neque
453 1490 510 1522 eqo
526 1477 599 1522 hoc]
627 1476 854 1510 AdmInicula
877 1483 1101 1521 extempora-

101 1530 143 1564 lis
160 1529 350 1563 facultatis.

204 1580 234 1626 ἓ.
253 1582 286 1615 8.
313 1583 381 1615 Sed
406 1577 531 1627 ipsum]
566 1580 698 1614 scilicet
726 1592 866 1625 corpus.
950 1578 1101 1626 Goit⁹4)]

98 1633 135 1667 id
161 1640 232 1674 est,
268 1633 456 1666 evanescit.
533 1634 740 1678 Quamquam
764 1629 870 1678 enim]
904 1630 1011 1664 Aliud
1037 1633 1099 1663 ad-

100 1685 311 1718 miniculum
331 1684 582 1728 extemporalis
599 1683 787 1717 facultatis.
842 1684 1001 1727 Provisa]
1027 1682 1099 1716 Alii

101 1738 224 1781 legunt
244 1739 401 1780 praevisa
412 1736 470 1781 95).

204 1787 234 1833 §-
256 1790 313 1823 lO.
344 1790 458 1831 Lonye
481 1789 571 1820 em’m
592 1783 787 1833 praecedat]
823 1785 924 1830 quasi
948 1784 1098 1818 diceret:

99 1841 225 1874 melius
248 1847 299 1874 est
323 1852 395 1873 esse
418 1840 595 1871 intentum
622 1838 658 1870 in
682 1836 890 1876 materiam,
928 1849 1034 1881 quam
1063 1837 1100 1868 in

139 1961 187 1987 92]
208 1960 257 1984 Hic
276 1961 354 1983 locus
374 1959 520 1988 corruptus
540 1958 584 1980 vel
604 1962 716 1980 mancus
737 1962 800 1978 esse
819 1954 944 1979 videtur.
977 1953 1100 1977 sortasse

170 1995 297 2019 addenda
318 1995 382 2017 sunt
401 1995 499 2016 verba:
526 1991 635 2016 Cestius
655 1990 853 2014 declamatione
874 1988 1013 2012 refutavit.

137 2039 186 2066 93)
205 2039 245 2061 De
265 2039 315 2061 hoc
334 2037 363 2062 C.
382 2037 478 2060 Asinio
499 2036 624 2059 Pollione
643 2035 713 2058 cons.
736 2033 833 2058 Orellii
853 2034 879 2056 et
899 2031 1002 2056 Baiter-i
1023 2032 1099 2055 Ono-

171 2074 251 2096 mast.
271 2072 386 2095 Tullian.
407 2071 435 2094 P.
457 2071 486 2095 11.
508 2079 531 2100 p.
548 2070 581 2094 76
599 2077 640 2100 sq.
668 2071 695 2092 et
716 2068 894 2097 Bernhardy:
929 2066 1048 2090 Grundr.
1074 2066 1098 2090 d.

174 2108 252 2131 Rom.
272 2106 337 2130 Litt.
359 2106 406 2129 Ed.
420 2106 445 2129 2.
465 2105 564 2135 1›.227.
584 2105 633 2128 231
652 2111 692 2134 sq.

137 2152 186 2179 94)
207 2151 286 2178 Coit]
307 2149 347 2172 sic
365 2150 415 2174 Ed.
436 2149 526 2177 1570.;
554 2149 638 2172 Editt.
659 2146 768 2177 Spald,
794 2145 920 2168 Frotsch.
940 2145 967 2167 et
988 2144 1099 2169 Herbst.

173 2185 299 2217 (Quintil.
318 2184 416 2207 iustitt.
438 2185 507 2207 orat.
527 2184 571 2208 lib.
587 2183 622 2206 X.
642 2182 720 2205 Halis
736 2183 798 2205 Sax.
817 2180 891 2204 183⁴.
910 2177 950 2209 8.)
971 2184 1019 2208 pro
1040 2179 1099 2202 coit

171 2222 259 2251 atque
277 2219 428 2242 concurrit
448 2218 523 2241 illius
537 2218 707 2247 aliarumque
721 2216 803 2239 Editt.
816 2232 822 2240 .
843 2215 956 2237 habent:
983 2220 1014 2236 os
1028 2220 1099 2243 quo·
1124 2205 1127 2251 l

168 2261 221 2286 qne
240 2254 390 2278 concurrit
410 2252 487 2281 [vide
506 2254 597 2276 notam
618 2252 680 2276 crit.
700 2252 795 2274 harum
812 2249 894 2273 Etlitt.
915 2248 948 2272 ad
969 2249 992 2271 h.
1008 2248 1051 2275 l.).

136 2299 185 2325 95)
206 2299 227 2321 Α
249 2296 426 2326 δμεῑῐιῖίιιμῑο,
445 2295 613 2319 Frotscliero
628 2296 655 2318 et
670 2293 799 2318 Herbstio
815 2294 881 2316 haee
902 2291 1028 2315 lectionis
1048 2296 1098 2313 va-

172 2332 258 2355 rietas
277 2338 330 2354 non
349 2331 474 2355 affertur.

240 109 362 143 XXXI.
408 109 692 144 ENARRATlo
720 109 849 143 LIBRI
874 111 915 145 Χ.
943 111 1334 147 INSTITUTIONUM
1364 114 1663 149 ORATORIAR.
1692 115 2003 160 QUINTUJAM.

2071 118 2147 153 682

1162 200 1425 243 praecogitata,
1454 200 1536 246 quia
1556 201 1669 233 multo
1697 201 1797 244 plura
1822 209 1959 235 restant
1984 203 2021 235 in
2048 210 2160 236 mate-

1160 250 1232 290 ria,
1259 264 1366 296 quam
1386 258 1422 284 tu
1439 259 1519 284 ante
1536 249 1692 285 habebas
1718 253 1752 284 in
1780 253 1965 286 memoria.
2045 257 2160 289 Inter—

1159 300 1330 349 sistentes]
1360 302 1513 335 Intentio
1534 304 1637 336 debet
1656 304 1760 347 longe
1779 306 2001 347 praecedere.
2078 308 2160 339 Eie-

1160 352 1304 399 ctur0'96)
1322 352 1453 401 sumus]
1484 355 1515 386 id
1542 361 1611 393 est,
1647 354 1856 399 priusquam
1885 355 2053 396 dicimus,
2087 357 2159 389 iam

1161 404 1375 447 cogitatione
1402 405 1561 438 inventio
1588 412 1621 438 et
1646 406 1831 449 dispositio
1855 419 1974 439 rerum
2000 409 2160 451 praefor-

1161 462 1256 487 mata
1274 468 1347 488 esse
1364 457 1487 495 debet,
1515 463 1553 489 ut
1577 457 1670 489 inter
1691 458 1881 491 dicendum
1907 470 2034 490 vacare
2061 471 2160 492 mens

1161 507 1332 550 eligendis
1353 507 1468 540 verbis
1486 508 1608 551 possit.

1265 556 1294 600 ἓ.
1317 558 1374 591 11.
1403 559 1629 603 Ρὶῖανῖονιιηι]
1655 559 1843 593 Keuckler.

1264 607 1294 650 ξ.
1314 609 1372 643 12.
1405 612 1492 642 Usus
1510 612 1557 643 ita
1576 608 1746 657 proderit]
1777 611 1810 643 id
1837 618 1905 651 est,
1942 611 2000 644 illa
2026 611 2161 660 ἄλογος

1159 656 1282 705 τριβή.

1265 708 1294 752 ᾗ.
1316 710 1374 742 13.
1406 712 1487 744 Cum
1503 724 1560 750 eo,
1588 708 1689 757 quod]
1718 710 2025 757 Pl1il.Mel.legit:
2056 716 2160 756 Quem

1158 763 1189 794 si
1205 761 1309 800 calor,
1337 761 1461 794 deletis
1478 762 1625 806 reliquis
1642 763 1876 796 dictionibus:
1906 777 1979 799 cum
1993 778 2042 806 eo,
2062 768 2158 811 quod.

1158 814 1364 857 Frequenter
1386 815 1509 846 accidit
1520 813 1591 857 97)]
1619 814 1751 846 scilicet
1779 821 1817 848 ut
1841 818 2092 860 extemporalis
2115 817 2160 851 sit

1158 864 1305 902 melior,
1332 876 1439 908 quam
1461 864 1671 907 excogitata.

1266 912 1295 957 ξ.
1316 914 1374 948 14.
1402 917 1504 949 Rauo
1520 916 1701 959 manifesta
1716 914 1782 964 est]
1813 917 1847 949 id
1874 924 1946 957 est,
1974 930 2048 951 non
2073 918 2159 953 ἄλο-

1157 978 1222 1013 7⁰3
1237 964 1365 1011 τριβή,
1394 968 1453 1000 sed
1473 979 1589 1000 causa.
1671 970 1791 1013 Utique
1807 970 1898 1013 vero]
1922 969 1957 1001 id
1976 976 2046 1010 est,
2074 976 2159 1003 tunc

1159 1018 1263 1060 plane
1288 1017 1391 1060 friget
1415 1019 1566 1052 animus.
1647 1018 1844 1067 Cat-illatio]
1883 1021 1917 1054 id
1942 1027 2010 1061 est,
2046 1021 2158 1054 nimia

1158 1080 1241 1101 cura
1266 1070 1540 1104 emendationis.
1617 1072 1693 1103 Non
1716 1077 1823 1113 potest
1840 1072 1997 1119 fieri⁹⁸)]
2032 1072 2068 1106 id
2096 1079 2159 1113 est,

1158 1132 1230 1152 non
1249 1126 1365 1163 potest
1383 1134 1455 1155 esse
1474 1134 1624 1164 magnus
1642 1121 1806 1165 impetus.

1262 1169 1291 1213 ξ.
1315 1171 1372 1204 19.
1412 1174 1591 1217 Cogitatio]
1625 1172 1659 1205 id
1686 1179 1755 1213 est,
1793 1174 1991 1209 meditatio.
2071 1177 2160 1209 Pro-

1156 1220 1279 1269 babile]
1309 1222 1440 1256 scilicet
1462 1225 1496 1256 in
1516 1224 1688 1257 versibus.

1261 1276 1290 1316 ᾗ.
1307 1274 1367 1308 21.
1399 1276 1580 1319 Exposita]
1608 1275 1642 1307 id
1663 1282 1732 1314 est,
1760 1288 1778 1307 a
1805 1275 1996 1319 litigatore.
2066 1280 2158 1311 Pro-

1155 1327 1249 1358 tinus
1263 1323 1391 1372 dicere]
1418 1327 1549 1359 scilicet
1566 1326 1640 1359 sine
1658 1327 1728 1359 ulla
1749 1327 1976 1369 cogitatione.

1261 1374 1290 1419 {-
1308 1376 1368 1410 23.
1398 1379 1439 1410 ld
1452 1375 1581 1425 potius]
1611 1378 1742 1411 scilicet
1759 1383 1821 1411 est.

1259 1426 1289 1470 ᾗ.
1307 1426 1368 1462 24.
1394 1430 1463 1462 Sed
1480 1442 1545 1463 non
1563 1427 1709 1476 minore]
1728 1429 1780 1462 De
1797 1429 2014 1463 assiduitate.
2069 1430 2156 1474 Ars]

1156 1478 1278 1517 idest,
1310 1486 1513 1524 praecepta.

1156 1531 1408 1574 extemporalis
1422 1532 1582 1565 facultas.

1260 1580 1289 1625 §-
1308 1582 1369 1616 26.
1413 1585 1517 1617 Prior
1535 1584 1611 1626 plus
1627 1582 1674 1629 99)
1702 1579 1847 1628 confert]
1883 1582 1918 1615 id
1945 1589 2018 1623 est,
2062 1582 2154 1616 actio

1155 1634 1418 1676 extemporalis.

1259 1682 1287 1728 ἓ.
1307 1684 1368 1719 29.
1396 1686 1650 1730 Deprehensus]
1680 1685 1801 1726 idest,
1831 1684 2104 1731 oppressus¹⁰⁰).

1593 1482 1635 1514 ln
1659 1483 1816 1524 expedito
1839 1481 2001 1525 positum]
2029 1480 2065 1513 id
2093 1486 2156 1520 est,

1188 1843 1236 1867 96>
1259 1842 1410 1869 Eiectum]
1431 1841 1471 1863 sic
1491 1840 1538 1863 Ed.
1559 1840 1630 1863 1570.
1653 1841 1680 1863 et
1700 1840 1784 1864 Editt.
1807 1841 1916 1870 Spald.,
1938 1841 2066 1870 Herbst.;
2103 1841 2154 1865 Ed.

1224 1877 1350 1900 Frotseli.
1368 1876 1529 1900 eluctatum*
1551 1874 1621 1902 (vid.
1642 1881 1734 1897 eorum
1755 1875 1811 1899 not.
1832 1875 1892 1899 crit.
1913 1875 1946 1898 ad
1966 1876 1991 1899 h.
2012 1875 2055 1903 l.).

1187 1920 1235 1946 97)
1258 1920 1437 1949 Frequenter
1464 1918 1587 1945 accidit]
1615 1923 1663 1947 pro
1690 1918 1733 1940 his
1761 1918 1785 1940 in
1812 1918 1861 1942 Ed.
1883 1918 1957 1942 1570.
1983 1918 2045 1942 huic
2070 1919 2153 1942 notae

1223 1954 1344 1984 praefixa
1363 1954 1427 1976 sunt
1448 1954 1545 1976 verba:
1574 1953 1653 1976 'sulit
1672 1952 1851 1983 frequenter.

1187 1998 1235 2025 93)
1256 1996 1334 2027 fieri]
1364 1997 1402 2019 sic.
1427 1996 1476 2019 Ed.
1500 1996 1590 2024 1570.;
1627 1995 1710 2019 Edltt.
1738 1996 1848 2025 Spald..
1872 1997 2015 2027 F1·otseh.‚
2042 1997 2152 2021 uei-hst.

1222 2033 1299 2064 ferri
1319 2032 1405 2059 (conf.
1428 2030 1581 2060 §pannagii
1602 2031 1666 2053 nota
1686 2030 1747 2053 crit.
1767 2031 1801 2053 ad
1819 2031 1844 2056 ln,
1864 2031 1908 2055 1,),

1188 2077 1235 2103 99)
1258 2076 1346 2100 Prior
1363 2076 1445 2106 plus]
1466 2075 1506 2097 sic
1526 2074 1573 2097 Ed.
1597 2073 1670 2097 ¹570.
1698 2073 1722 2096 in
1745 2074 1858 2103 Quintil.
1879 2075 1971 2098 verbis
1992 2075 2053 2098 huic
2072 2076 2154 2098 notae

1224 2110 1355 2140 praefixis
1375 2111 1402 2132 et
1421 2109 1446 2132 in
1467 2110 1597 2132 contextu
1618 2108 1787 2138 praemisso,
1814 2109 1855 2132 cui
1873 2111 1962 2133 autem
1983 2110 2008 2133 iu
2027 2110 2153 2138 margine

1221 2145 1362 2173 adscripta
1376 2145 1420 2167 est
1432 2144 1511 2167 varia.
1527 2144 1626 2166 lectio:
1653 2144 1719 2173 plus
1737 2144 1838 2174 prior,
1859 2150 1937 2173 quam
1950 2144 2033 2167 Editt.
2046 2144 2152 2173 Spald„

1221 2179 1364 2207 Frotsch.,
1385 2179 1495 2202 Herbst.
1515 2178 1541 2201 in
1563 2179 1664 2201 textum
1686 2179 1858 2207 receperunt.

1189 2223 1252 2249 100)
1276 2222 1343 2245 Huic
1362 2223 1502 2245 extremae
1522 2221 1581 2244 voci
1602 2221 1627 2243 in
1648 2221 1696 2244 Ed.
1719 2221 1791 2245 1570.
1811 2221 1952 2251 adscripta
1979 2222 2044 2244 sunt
2071 2222 2151 2245 haec:

1224 2257 1327 2283 „Finis
1346 2257 1553 2279 annotationum
1574 2256 1606 2278 1).
1626 2255 1694 2278 Phil.
1715 2256 1777 2278 Mel.
1801 2254 1912 2281 1534.'',
1939 2262 1973 2279 ex
1992 2256 2087 2285 quibus
2108 2256 2151 2278 in-

1222 2291 1372 2318 telligitur.
1392 2291 1462 2313 hune
1477 2290 1638 2319 Quintiliani
1653 2290 1750 2312 librum
1765 2295 1780 2312 a
1794 2291 1971 2313 Melanthone
1989 2296 2061 2314 anno
2078 2290 2151 2313 1534.

1222 2332 1284 2348 csse
1303 2328 1470 2349 enarratum.
