2351 2990
188 147 258 180 731
764 146 885 180 PHlL.
920 145 1033 180 MEL.
1075 145 1277 180 SCRIPTA
1310 146 1647 183 PHILOLOGICA.
2153 150 2230 187 732

1226 229 1285 264 hic
1307 239 1369 265 aut
1393 233 1451 267 ille
1478 234 1575 269 dicit.
1628 233 1724 267 Haec
1747 233 1777 267 si
1802 233 1972 274 feceritis,
2006 246 2081 267 non
2107 234 2224 269 solum

1227 282 1265 315 in
1282 285 1482 327 praesentia
1500 291 1679 318 oratorem
1696 285 1908 325 laudabitis,
1940 285 2001 319 sed
2022 285 2123 319 vobis
2138 285 2224 330 ipsis

1228 333 1336 366 etiam
1354 341 1476 379 postea
1495 336 1782 380 gratulabimini,
1818 335 2077 381 rempublicam
2098 336 2224 371 melio-

1200 353 1205 426 Ι
1228 396 1305 417 rem
1321 391 1453 420 statum
1468 387 1670 421 restitutam
1689 399 1773 421 esse.

187 232 235 266 sic
261 243 404 269 censeo,
440 232 600 264 conferre
628 243 751 264 omnes
779 237 964 275 oportere,
1000 243 1177 277 quemque

185 295 251 326 pro
287 282 358 315 suis
392 283 636 320 facultatibus,
692 281 846 314 militare
881 294 1004 316 omnes
1040 283 1179 322 ordine,

187 332 352 366 omnibus
374 334 479 365 etiam
502 331 557 365 hic
583 331 721 364 dicendi
746 338 958 376 potestatem
979 333 1178 366 faciendam

185 395 277 422 esse,
311 390 344 416 et
369 384 546 428 eligendas
570 382 763 417 sententias
790 383 963 427 optimas,
989 396 1064 417 non
1082 385 1179 430 quod

586 585 623 622 3.
676 584 1118 623 DEMOSTHENIS
1153 584 1557 623 OLYNTHIACA
1590 584 1824 624 TERTIA

736 660 963 691 Pfflmrro
994 662 1331 692 MELANTHONE
1358 661 1682 693 lNTERPRETE.

311 762 357 790 Ex
373 761 594 798 Prolegomenis
618 762 814 801 intelligitur,
837 763 927 801 huius·
938 764 1074 792 orationis
1089 765 1366 803 interpretationem
1383 763 1582 793 Melanthonis
1599 763 1744 792 tredecies
1762 763 1919 802 prodiisse:
1943 762 1975 801 1)
1993 761 2152 792 Basileae
2165 763 2230 791 sine

183 814 276 841 anno,
307 804 343 843 2)
366 801 558 842 Haganoae
580 805 642 833 sine
664 814 758 841 anun,
780 804 814 842 3)
842 804 1066 843 Francoforti
1088 806 1199 846 1547„
1220 806 1359 846 4—11)
1383 808 1413 834 in
1435 806 1653 835 praefationum
1676 812 1707 835 et
1729 806 1903 835 Orationum
1920 805 2118 834 Melanthonis
2132 806 2226 833 Tomo

186 847 314 876 secundo
338 856 354 874 a
378 846 518 875 Gerbelio
543 848 653 884 septies
676 846 910 885 Argentorate
933 847 1045 886 1544„
1069 848 1179 888 1546„
1202 848 1302 887 1555,
1325 848 1436 889 1558„
1461 848 1571 885 1559„
1597 847 1709 886 1564„
1740 848 1850 886 1569„
1879 854 1909 877 et
1931 849 2025 878 semel
2046 845 2226 877 Serve-'tae

184 889 280 919 1587.
303 889 400 925 edito,
436 887 491 928 12)
515 890 544 916 in
566 889 816 918 Declamationum
840 891 1038 919 Melanthonis
1060 892 1154 920 Tomo
1177 894 1272 931 primo
1295 902 1312 920 a
1335 892 1496 920 Richardio
1510 890 1734 929 Argentorati
1748 891 1843 921 1570.
1859 891 1953 928 edito,
1984 889 2040 928 13)
2063 891 2140 919 inter
2154 889 2233 919 Ora-

183 932 278 960 tiones
298 941 336 960 ex
359 931 479 959 historia
500 931 681 968 Thucydidis
705 938 735 960 et
759 933 931 971 insigniores
954 933 1065 972 aliquot
1086 934 1295 964 Demosthenis
1326 941 1356 963 et
1383 935 1507 963 aliorum
1529 934 1687 963 oratorum
1709 934 1891 963 Graecorum
1920 934 1950 962 in
1973 934 2095 962 latinum
2115 941 2231 961 sermo-

182 983 252 1003 nem
274 984 292 1002 a
313 973 505 1002 Melanthone
528 983 701 1012 conversas,
730 984 747 1002 a
769 976 903 1004 Peucero
932 973 1140 1014 Witebergae
1164 977 1257 1007 1562.
1280 977 1386 1005 editas.

312 1017 420 1044 Harum
450 1016 610 1044 editionum
639 1018 669 1044 in
698 1018 831 1045 manibus
861 1025 995 1047 tenemus
1022 1019 1110 1048 hasce
1141 1027 1221 1049 octo:
1259 1018 1291 1057 1)
1315 1019 1371 1048 Ed.
1400 1016 1511 1048 Basil.
1533 1019 1596 1047 sine
1618 1029 1712 1056 anno,
1746 1018 1783 1057 2)
1805 1018 1863 1047 Ed.
1883 1015 2026 1056 Hagen.
2048 1018 2111 1046 sine
2140 1026 2229 1054 anno,

182 1056 221 1098 3)
244 1059 297 1086 Ed.
315 1057 427 1092 1547„
464 1057 499 1098 4)
524 1059 579 1087 Ed.
607 1057 722 1096 1559„
758 1058 794 1099 5)
816 1060 872 1089 Ed.
893 1060 1004 1098 1562,
1033 1061 1069 1101 6)
1093 1062 1148 1091 Ed.
1165 1062 1278 1099 1564„
1307 1060 1342 1100 7)
1366 1061 1422 1089 Ed.
1445 1060 1556 1098 1570„
1591 1061 1627 1101 8)
1649 1062 1705 1090 Ed.
1723 1060 1835 1098 1587„
1863 1071 1986 1099 quarum
2015 1060 2088 1088 duas
2115 1061 2230 1098 priores

182 1102 347 1129 nominibus
370 1099 501 1136 Basil„
529 1098 670 1139 Hagan.
694 1112 721 1131 s.
743 1111 794 1139 a.,
824 1110 937 1133 ceteras
960 1104 1028 1132 solis
1050 1114 1194 1134 annorum
1224 1105 1354 1133 numeris
1377 1103 1611 1141 significabimus.
1631 1119 1676 1126 —·
1717 1103 1781 1131 Hae
1800 1103 1892 1132 Editt.
1915 1103 1996 1131 varie
2017 1103 2095 1131 inter
2115 1111 2148 1131 se
2170 1101 2232 1130 dit-

180 1143 298 1172 serunt:
329 1142 362 1181 a)
384 1144 629 1181 interpretatione
651 1145 730 1182 ipsa,
758 1154 816 1183 qua
839 1152 993 1184 tantopere
1016 1147 1204 1184 discrepant,
1232 1152 1265 1174 ut
1287 1147 1377 1174 etiam
1400 1146 1485 1173 huius
1507 1147 1645 1174 orationis
1666 1155 1725 1174 non
1748 1155 1826 1182 una,
1855 1145 1908 1174 sed
1929 1151 1990 1174 tres
2007 1145 2232 1183 interpretatio-

182 1194 237 1214 nes
259 1185 402 1223 deinceps
424 1185 595 1215 afferendae
618 1188 695 1223 sint,
717 1196 840 1224 quarum
863 1189 958 1225 prima
980 1189 1016 1216 ab
1039 1188 1131 1217 Editt.
1154 1189 1262 1226 Basil„
1285 1187 1399 1226 1559„
1422 1187 1537 1226 1564„
1559 1187 1671 1225 1570„
1696 1187 1805 1225 1582,
1829 1188 1924 1216 altera
1944 1189 1980 1216 ab
2001 1187 2093 1216 Editt·
2115 1188 2229 1226 flagan-

180 1238 204 1256 s.
227 1237 272 1264 a.‚
297 1226 409 1263 1562,
439 1229 526 1255 tertia
548 1229 584 1256 ab
606 1228 662 1257 Ed.
687 1227 779 1258 1547.
806 1229 981 1265 exhibetur;
1017 1228 1052 1270 b)
1075 1231 1190 1260 scholiis
1214 1232 1439 1269 marginalibuS,
1469 1241 1592 1269 quorum
1624 1231 1679 1260 Ed.
1701 1231 1791 1261 Basil.
1814 1231 2035 1270 undetriginta,
2054 1231 2112 1261 Ed.
2133 1231 2228 1264 1547.

179 1269 333 1305 tredecim,
354 1270 444 1297 Editt.
461 1268 567 1307 1559„
595 1269 701 1307 1564„
726 1270 831 1309 1570„
855 1271 948 1303 1587.
971 1273 1074 1301 decem
1098 1275 1247 1311 continet,
1268 1274 1298 1301 in
1321 1274 1375 1302 Ed.
1390 1272 1482 1302 1562.
1507 1274 1620 1301 nullum
1643 1274 1811 1307 invenitur3
1833 1271 1870 1311 3)
1887 1278 2069 1312 argumento,
2093 1276 2172 1313 quod
2194 1277 2227 1304 in

183 1312 251 1340 solis
274 1312 364 1340 Editt.
387 1311 495 1348 nasu„
524 1313 638 1351 Hagan.
661 1323 684 1342 s.
707 1323 754 1351 a.,
777 1313 872 1344 1547.
894 1320 924 1343 et
949 1314 1042 1344 1562.
1066 1316 1299 1354 interpretationi
1322 1315 1506 1353 praefixum,
1535 1316 1565 1343 in
1588 1316 1693 1344 ceteris
1715 1315 1807 1344 Editt.
1831 1315 1931 1352 deest3
1955 1323 1986 1345 et
2000 1315 2084 1344 huius
2107 1327 2226 1356 quoque

180 1355 210 1381 in
233 1354 290 1382 illis
321 1354 342 1383 4
363 1354 455 1383 Editt.
486 1361 567 1383 tanta
595 1361 641 1383 est
664 1355 836 1393 diversitas,
867 1363 899 1385 ut
922 1366 975 1394 pro
1006 1367 1064 1385 uno
1095 1359 1149 1385 tria
1171 1358 1364 1396 proponenda
1386 1358 1458 1394 sint,
1495 1367 1618 1396 quorum
1649 1367 1739 1386 unum
1762 1359 1799 1386 ab
1820 1357 1877 1387 Ed.
1900 1359 2005 1396 Basil.,
2039 1358 2166 1388 alterum
2187 1361 2226 1389 ab

180 1395 272 1424 Editt.
296 1396 409 1434 Hagan.
432 1406 456 1426 s.
478 1406 505 1424 a.
529 1403 559 1426 et
584 1396 695 1435 1562„
716 1399 838 1427 tertium
860 1399 896 1427 ab
918 1399 975 1429 Ed.
993 1399 1088 1430 1547.
1109 1401 1278 1439 praebetur.

179 1497 343 1542 Argum
355 1510 372 1532 e
383 1504 506 1532 ntum
543 1497 767 1544 Olynthia
779 1512 855 1534 cae
899 1501 1007 1535 terti
1018 1514 1064 1536 ae
1075 1529 1085 1543 ‚
1126 1515 1144 1536 e
1156 1515 1178 1536 x
1230 1493 1293 1526 ‘1²¹⁵
1315 1499 1466 1537 rogant,
1501 1506 1573 1539 ‘1¹¹⁰
1585 1521 1594 1534 2
1622 1504 1713 1538 quae
1736 1492 1953 1536 reiPUbliffle
1981 1492 2053 1527 Sint
2076 1495 2228 1539 Optima,

539 1549 618 1583 Lib
629 1562 647 1583 a
658 1563 683 1583 n
691 1551 703 1583 i
714 1563 746 1585 Ο,
769 1550 816 1599 ⁸4)
1231 1544 1432 1578 consultare
1445 1544 1562 1579 liceat.
1613 1542 1839 1577 Adhortatur
1855 1550 1975 1578 autem
1992 1545 2141 1580 omnino
2152 1573 2163 1588 ,
2186 1555 2227 1583 ut

1230 1595 1276 1627 ad
1298 1596 1579 1629 aemulationem
1601 1607 1675 1630 sese
1698 1595 1879 1629 maiorum
1901 1595 2059 1640 erigant,
2086 1609 2128 1631 ac
2153 1598 2225 1644 ipsi

1229 1646 1397 1679 militiam
1422 1647 1565 1682 obeant.
1624 1646 1710 1680 Acri
1743 1653 1862 1680 autem
1887 1646 2132 1692 increpatione
2155 1650 2227 1684 uti-

1230 1703 1289 1730 tur
1313 1698 1482 1733 adversus
1506 1698 1703 1743 populum,
1737 1698 1949 1732 dissolutum
1975 1696 2167 1742 hactenus,
2193 1708 2230 1736 et

1230 1755 1355 1781 contra
1377 1749 1531 1784 civitatis
1546 1762 1731 1795 proceres,
1758 1756 1799 1784 ut
1815 1749 1877 1796 qui
1893 1750 2111 1795 reipublicae
2127 1750 2227 1787 haud

1229 1800 1388 1844 praesint
1408 1808 1515 1837 recte.

282 1624 459 1659 Miserunt
495 1624 676 1672 Olynthiis
720 1628 892 1662 auxilium
929 1627 1177 1671 Athenienses,

181 1688 253 1722 quo
271 1688 346 1709 non
361 1688 489 1721 parum
506 1678 711 1712 successisse
731 1679 800 1713 illis
816 1679 1022 1720 videbatur;
1049 1694 1120 1727 qua
1138 1694 1176 1715 re

179 1724 329 1760 Athenis
363 1729 547 1768 nuntiata,
593 1729 801 1773 gestientem
837 1731 968 1775 gaudio
999 1733 1176 1777 populum

181 1784 342 1812 oratores
365 1777 481 1812 adhuc
506 1780 619 1823 magis
644 1781 746 1826 quasi
769 1783 814 1815 ad
844 1794 999 1825 poenam
1024 1784 1067 1816 de
1091 1782 1176 1817 Phi-

179 1828 279 1873 lippo
305 1830 515 1863 sumendam
547 1831 760 1866 excitabant.
826 1832 970 1867 Veritus
995 1845 1080 1878 ergo
1105 1835 1176 1868 De-

179 1877 404 1921 mosthenes,
432 1893 476 1914 ne
498 1893 539 1914 ea
561 1882 691 1915 sublati
714 1883 863 1924 fiducia,
890 1885 987 1918 velut
1010 1886 1176 1921 omnibus

180 1930 253 1963 iam
281 1932 450 1973 devictis,
492 1932 657 1978 iustoque
683 1932 865 1979 Olynthiis
893 1936 1026 1970 auxilio
1055 1937 1176 1979 misso,

180 1988 401 2016 caeterarum
420 1996 539 2017 rerum
556 1985 691 2018 nullam
710 1998 831 2019 curam
849 1994 1012 2031 agerent;
1038 1987 1075 2021 in
1092 2002 1175 2022 con·
1333 1986 1508 2021 Miserant
1525 1986 1706 2033 Olynthiis
1723 1987 1854 2021 auxilia
1868 1986 2124 2031 Athenienses,
2147 1991 2226 2037 qui-

181 2033 320 2066 cionem
344 2046 572 2079 progressus,
599 2036 729 2069 acriter
749 2037 911 2081 ipsorum
936 2040 1174 2074 temeritatem
1229 2037 1294 2071 bus
1312 2038 1431 2084 aliqua
1449 2051 1490 2072 ex
1505 2046 1606 2084 parte
1622 2052 1801 2085 repressus
1819 2046 1871 2074 est
1880 2038 2082 2086 Philippus.
2115 2041 2226 2087 Quod

179 2084 360 2129 increpat,
397 2098 437 2118 ac
462 2087 506 2119 ad
533 2087 787 2121 modestiorem
812 2101 871 2122 eos
895 2090 1097 2124 cautionem
1123 2098 1176 2125 at·
1229 2089 1397 2122 nuntium
1422 2102 1501 2124 cum
1524 2089 1683 2125 Athenas
1716 2091 1863 2124 allatum
1901 2099 2008 2134 esset,
2048 2093 2225 2128 immode-

181 2148 249 2181 que
275 2136 462 2170 consilium
489 2145 653 2178 revocat,
694 2151 769 2172 non
794 2140 836 2173 de
864 2153 925 2181 eo,
969 2154 1041 2187 quo
1068 2149 1174 2187 pacto
1229 2146 1305 2173 rate
1326 2141 1443 2176 ferens
1468 2142 1661 2176 multitudo
1686 2154 1741 2176 res
1771 2144 1966 2185 secundas,
1993 2156 2069 2177 non
2092 2157 2223 2190 parum

179 2187 386 2221 multandus
411 2188 456 2221 sit
470 2186 679 2233 Philippus,
706 2191 767 2224 sed
792 2192 834 2224 de
859 2192 1039 2226 sociorum
1056 2194 1175 2238 potius
1228 2191 1366 2226 remisit
1382 2193 1424 2226 de
1442 2206 1525 2227 cura
1542 2194 1731 2240 studioque
1749 2194 1957 2238 perficiendi
1979 2195 2084 2237 belli,
2111 2196 2225 2242 Olyn-

179 2237 292 2270 salute
323 2251 418 2271 nunc
450 2239 534 2283 ipsis
559 2240 812 2285 disputandum
840 2254 912 2276 esse
941 2246 1173 2280 contendens.
1229 2240 1291 2276 tho
1316 2243 1400 2278 satis
1426 2245 1627 2279 consultum
1655 2246 1851 2290 putabant,
1894 2246 2046 2291 pecunia
2080 2247 2223 2292 parcius

180 2287 340 2322 Noverat
365 2289 459 2322 enim
483 2297 517 2323 et
532 2289 787 2334 Athenienses,
822 2300 856 2326 et
883 2294 971 2329 alios
988 2298 1175 2341 quosdam,
1230 2295 1500 2337 conserebatur,
1526 2308 1601 2329 non
1624 2297 1863 2341 stipendium,
1895 2310 1971 2331 non
1997 2299 2224 2344 supplemen-

183 2339 295 2382 magis
313 2352 357 2373 ne
379 2353 446 2377 sua
468 2342 707 2386 negligerent,
735 2356 842 2390 quam
860 2351 900 2378 ut
914 2346 1096 2381 laederent
1111 2346 1175 2381 ho-
1229 2352 1305 2379 tum
1323 2347 1434 2391 copiis
1448 2347 1677 2389 mittebatur,
1705 2349 1855 2393 perinde
1881 2361 1922 2382 ac
1944 2350 2050 2394 plane
2068 2351 2223 2385 debella-

181 2395 290 2429 stem,
318 2403 454 2425 curare.
508 2393 584 2426 Hac
600 2401 716 2428 autem
737 2396 901 2429 oratione
925 2404 960 2430 et
985 2399 1172 2433 consilium
1230 2403 1305 2430 tum
1324 2404 1424 2432 esset·
1476 2398 1523 2432 Et
1541 2397 1703 2433 rhetores
1723 2400 1869 2445 quidam
1889 2401 2140 2443 consulebant,
2167 2414 2223 2436 re-

181 2439 269 2472 illud
287 2441 329 2473 de
345 2442 570 2478 facultatibus
587 2443 753 2480 theoricis
770 2447 990 2483 manifestius
1013 2451 1174 2495 attingit;
1229 2450 1431 2483 vocandum
1459 2462 1499 2483 ac
1523 2449 1778 2485 retrahendum
1797 2464 1870 2485 esse
1888 2453 1931 2485 ab
1949 2451 2109 2498 Olyntho
2127 2465 2224 2486 exer-

182 2496 216 2523 et
243 2490 351 2524 instat
376 2493 466 2525 solvi
489 2495 602 2539 leges,
631 2509 722 2542 quae
748 2497 911 2542 irrogant
928 2500 1098 2534 mulctam
1119 2502 1174 2543 iis,
1229 2500 1358 2541 citum,
1392 2508 1432 2534 ut
1459 2502 1495 2534 in
1520 2502 1772 2536 Macedoniam
1799 2510 2121 2548 transportaretur,
2160 2505 2223 2538 uhi

181 2541 385 2587 quicunque
411 2556 468 2577 eas
493 2547 537 2579 ad
559 2560 661 2581 usum
690 2548 880 2583 militarem
900 2563 972 2584 esse
990 2553 1174 2586 conseren-
1230 2558 1417 2585 vexaretur
1440 2551 1641 2598 Philippus.
1693 2552 1952 2589 Demosthenes
1976 2567 2054 2588 cum
2075 2555 2222 2598 videret,

1228 2609 1403 2648 quantum
1427 2611 1579 2638 restaret
1604 2605 1775 2650 periculi,
1802 2607 2018 2652 sentiretque
2046 2607 2219 2649 futurum,

1445 1910 1585 1944 Aliud
1612 1918 1928 1955 argumentum
1955 1911 2015 1959 85).

215 2677 264 2705 84)
290 2678 347 2701 Hoc
371 2682 562 2709 argumentum
593 2682 619 2705 in
639 2683 689 2708 Ed.
710 2685 795 2710 Basil.
826 2688 918 2709 exstat
937 2686 977 2710 sic
997 2686 1172 2718 inscriptum:

250 2712 448 2749 Argumentum
475 2715 657 2745 Olynthiacae
684 2719 799 2751 tertiae,
826 2727 859 2744 ex
877 2721 992 2746 Libanio
1005 2738 1013 2752 ‚
1039 2728 1087 2752 per
1107 2729 1172 2746 cru·
1261 2723 1309 2751 85)
1337 2724 1427 2747 Hocce
1448 2725 1639 2754 argumentum
1667 2724 1695 2748 in
1716 2723 1800 2748 Editt.
1821 2724 1925 2755 nagan.
1946 2731 1969 2747 s.
1987 2729 2012 2748 a.
2033 2725 2061 2748 et
2080 2724 2154 2749 1562.
2173 2731 2221 2750 re-

249 2745 334 2770 dltssffl
352 2748 494 2777 ‘luendam-
1195 2738 1202 2788 Ι
1298 2758 1404 2788 peritur
1424 2758 1465 2783 sic
1483 2758 1661 2789 inscriptum:
1685 2760 1883 2790 Argumentum
1901 2757 2010 2782 Tertiae
2029 2759 2179 2785 Orationis.
