2351 2990
185 136 258 170 385

185 232 244 253 cus
266 225 297 251 et
322 217 365 250 D.
381 216 532 253 Brutus.
569 214 696 260 quibus
724 215 868 247 dederat
891 208 1168 243 administratio-

185 283 264 303 nem
282 268 491 302 Galliarum.
545 266 632 300 Cum
656 272 772 298 autem
799 263 912 296 occiso
931 262 1080 295 Caesare
1098 261 1170 293 An-

187 321 304 354 tonius
327 319 486 352 Caesaris
519 317 677 361 exemplo
705 313 918 358 reipublicae
944 311 1170 355 occupandae

187 384 283 416 spem
303 370 537 413 concepisset,
564 367 700 412 putavit
716 365 780 398 sibi
805 365 848 397 ad
872 376 950 397 eam
977 375 1052 396 rem
1078 374 1173 395 com-

188 423 331 456 modam
349 422 424 453 fore
449 419 666 464 provinciam
689 416 862 455 Galliam,
895 415 931 447 in
959 425 1026 460 qua
1046 413 1174 447 Caesar

193 485 335 519 quoquc
365 473 407 503 ad
442 476 575 502 tantam
605 480 678 499 rein
705 466 963 510 suscipiendam
988 477 1023 498 se
1048 465 1175 497 confir-

191 530 317 557 marat.
371 522 457 554 Cum
484 520 589 562 igitur
605 518 653 552 M.
672 518 784 551 Bruto
810 516 993 561 eripuisset
1011 515 1176 548 Macedo-

193 575 310 611 niam,
335 578 367 604 et
393 570 605 608 exercitum,
632 581 737 614 quem
762 569 809 600 ibi
835 569 964 602 Caesar
993 565 1178 604 habuerat,

193 625 315 658 fraude
333 623 376 654 ad
391 634 426 655 se
450 620 702 659 transtulisset,
731 620 857 653 omissa
876 618 1085 651 Macedonia
1103 617 1178 649 Cel-

194 683 266 712 tas,
295 672 361 706 hoc
380 679 450 711 est,
477 672 630 705 Galliam
649 670 864 715 Cisalpinam
878 697 886 710 ‚
914 682 1004 715 quae
1020 667 1179 703 D.Bruti

194 724 376 771 provincia
393 729 487 762 erat,
514 722 679 766 postulat.
729 721 767 754 Id
786 734 862 755 cum
883 734 900 753 a
919 727 1044 754 senatu
1070 719 1179 762 impe-

195 785 287 809 trare
320 786 392 807 non
425 780 559 818 posset,
600 773 802 806 subornatis
831 772 981 805 tribunis
1003 784 1021 804 a
1045 770 1178 815 populo

196 828 372 870 impetrat.
443 824 591 857 Senatus
616 830 689 857 tum
716 824 871 867 primum
896 823 1180 855 animadvertens

197 877 342 910 consilia
360 875 525 915 Antonii,
561 875 780 918 provinciam
797 874 949 908 Galliam
976 872 1098 918 populi
1122 884 1182 904 au-

197 928 338 962 toritate
365 938 565 959 concessam
589 925 768 965 Antonio,
802 937 819 958 a
843 925 955 957 Bruto
980 923 1125 957 retineri
1149 928 1182 955 et

197 978 338 1012 defendi
368 978 474 1021 petit,
517 989 666 1021 cumque
699 976 876 1009 Antonius
909 976 1079 1013 Brutum,
1122 972 1181 1018 qui

198 1029 425 1064 simulaverat
449 1027 582 1060 abitum
611 1039 651 1060 ex
673 1027 875 1070 provincia,
902 1027 1182 1059 circumventum

198 1081 356 1114 Mutinae
373 1078 583 1117 obsedisset,
619 1090 638 1110 a
661 1084 786 1111 senatu
802 1077 970 1111 Cicerone
994 1076 1183 1119 instigante

198 1130 308 1165 hostis
323 1130 519 1162 declaratus
537 1135 597 1161 est.
648 1128 806 1161 Fuerant
821 1139 969 1171 magnae
986 1127 1057 1159 iam
1080 1132 1182 1158 antea

200 1180 403 1214 inimicitiae
437 1179 528 1211 iuter
555 1179 752 1212 Antonium
786 1185 820 1212 et
853 1178 1040 1212 Octavium
1071 1175 1184 1210 adhuc

201 1232 469 1265 adolescentem.
538 1230 657 1274 Quare
689 1242 768 1262 cum
798 1230 939 1262 firmum
968 1228 1182 1272 praesidium

201 1282 344 1316 liaberet
356 1280 535 1320 Octavius,
564 1287 597 1312 et
616 1280 836 1313 coufluerant
854 1281 898 1312 ad
916 1292 994 1312 enin
1015 1277 1186 1315 veterani,

200 1334 261 1378 qui
279 1333 342 1366 sub
359 1332 506 1365 Caesare
524 1331 784 1369 militaverant,
816 1342 887 1363 una
913 1342 991 1362 cum
1011 1329 1127 1361 Hirtio
1154 1334 1187 1360 et

200 1385 316 1417 Pansa
336 1382 535 1415 consulibus
551 1381 729 1414 Mutinam
755 1382 799 1413 ad
824 1380 1097 1424 opprimendum
1115 1379 1187 1412 An-

202 1435 337 1468 tonium
354 1434 530 1478 profectus
548 1439 608 1466 est.
645 1432 739 1465 Haec
758 1431 840 1464 belli
859 1443 960 1464 causa
980 1430 1056 1463 suit.
1099 1430 1187 1463 Por-

201 1499 240 1518 ro
261 1483 345 1518 haec
367 1484 512 1528 epistola
529 1484 673 1515 brevem
690 1481 797 1515 habet
813 1482 1068 1514 narrationem.

386 1592 571 1627 Scholia
608 1594 651 1625 in
680 1592 924 1636 epistolam
954 1591 996 1625 V.

309 1668 338 1713 ξ.
362 1670 393 1702 1.
435 1671 548 1711 Lupus
570 1667 776 1715 familiaris]
811 1668 989 1702 Narratio.

205 1718 410 1766 hortatione]
437 1717 662 1752 Adhortatio.

312 1778 341 1822 ξ.
361 1782 395 1813 2.
428 1781 495 1819 Tu,
523 1781 553 1812 si
574 1777 664 1825 dies]
692 1778 723 1811 A
742 1778 919 1822 prioribus
936 1777 1046 1811 sactIs.
1149 1778 1190 1811 Si

207 1832 295 1863 enim
314 1827 394 1875 isle]
423 1831 452 1862 A
470 1829 639 1873 pericuIO.

1081 1669 1191 1709 Quare

310 1885 340 1931 ξ.
359 1888 392 1922 3.
421 1886 658 1935 Quamobrem]
685 1887 883 1921 Conclusio.

508 1980 830 2024 Argumentum
847 1980 904 2025 ²¹).

309 2057 448 2101 Duplex
473 2063 524 2090 est
549 2063 796 2099 argumentum
825 2056 1004 2100 epistolae.
1057 2055 1193 2088 Princi-

209 2108 267 2152 pio
301 2108 395 2140 enim
423 2107 566 2151 exponit
593 2119 731 2139 causam
758 2107 906 2150 neglecti
934 2106 1037 2139 officii
1054 2106 1090 2139 in
1111 2106 1194 2140 scri-

208 2160 335 2192 bendo.
397 2158 534 2190 Deinde
558 2156 720 2191 hortatur
736 2157 905 2197 Brutum,
938 2164 977 2190 ut
996 2157 1194 2190 institutum

211 2210 414 2241 liberandae
446 2208 661 2252 reipublicae
691 2208 846 2241 studium
879 2214 1003 2252 urgeat
1030 2214 1063 2241 et
1083 2209 1195 2241 Anto-

210 2260 308 2292 nium
326 2259 515 2303 opprimat.
568 2259 690 2292 Prima
713 2258 804 2291 ratio
830 2259 873 2290 ab
897 2258 1057 2292 omnium
1067 2259 1113 2304 22)
1139 2271 1195 2292 ex-

211 2310 408 2353 pectatione
431 2316 571 2354 sumpta
595 2316 661 2347 est;
705 2309 856 2342 secunda
880 2321 898 2341 a
925 2310 1196 2343 circumstantiis

215 2366 248 2392 et
264 2361 505 2404 magnitudine
522 2361 584 2395 rei.
637 2360 699 2394 His
716 2360 856 2394 subiicit
874 2360 1051 2404 epilogum
1071 2361 1196 2405 ampli-

213 2411 353 2443 ficatum
371 2412 579 2455 repetitione
597 2417 900 2454 argumentorum,
918 2417 952 2444 et
967 2412 1196 2451 correctione,

214 2472 283 2505 qua
302 2462 344 2493 ad
362 2463 702 2495 commendationem
719 2462 772 2496 sui
789 2462 894 2495 officii
909 2463 1146 2506 progreditur.

249 2592 297 2620 21)
317 2592 373 2615 noe
390 2594 575 2621 argumentum
596 2596 621 2616 et
641 2594 691 2617 duo
711 2593 854 2624 sequeutia
877 2592 905 2617 in
924 2593 1008 2616 Editt.
1026 2592 1109 2619 1556..
1134 2592 1200 2616 1565

283 2626 399 2649 -1596,
419 2626 602 2650 continentur.

249 2678 296 2703 2²]
317 2676 444 2705 omnium]
478 2675 518 2700 sic
542 2676 624 2700 editt.
659 2678 743 2702 1565..

352 2711 356 2714 .
781 2679 872 2709 1571„
910 2678 983 2703 1596.
1000 2685 1007 2708 ;

287 2717 366 2734 Offlssl.

1049 2677 1098 2702 Ed.
1127 2677 1199 2701 1556.

749 127 870 162 PHlL.
905 123 1017 160 MEL.
1052 121 1252 157 SCRIPTA
1285 120 1624 158 PHILOLOGICA.

2137 126 2212 161 384

1464 208 1603 242 Aliud
1639 215 1961 254 argumentum.

1324 276 1465 311 Marcus
1491 276 1670 310 Antonius
1700 276 1884 310 interfecto
1917 276 2085 316 Caesare,
2130 277 2213 322 quia

1224 327 1442 372 intelligebat
1476 327 1731 372 imperatorem
1769 328 1961 361 admodum
1997 327 2144 361 crevisse
2178 327 2215 361 in

1226 378 1339 412 Gallia
1352 405 1362 419 ,
1388 391 1612 423 summopere
1631 390 1708 412 eam
1726 378 1948 423 provinciam
1963 378 2119 423 primum
2136 390 2216 423 pre·

1227 429 1344 469 cibus,
1371 429 1498 463 deinde
1515 431 1550 462 vi
1569 441 1744 475 occupare
1768 430 1974 464 conabatur.
2027 429 2150 463 Cicero
2170 430 2215 462 ob

1229 492 1306 514 eam
1339 492 1480 513 causam
1505 480 1657 514 Brutum
1681 480 1950 525 diligentissime
1976 487 2120 521 monet,
2161 479 2218 514 cui

1230 531 1358 564 tradita
1376 537 1450 564 erat
1465 529 1551 565 haec
1568 531 1751 576 provincia
1763 558 1772 571 ,
1798 538 1838 565 ut
1852 544 1887 566 se
1905 531 1987 565 totis
2004 531 2139 565 viribus
2155 543 2217 575 op-

1231 588 1341 627 ponat
1368 582 1547 623 Antonio,
1583 589 1617 615 et
1640 582 1856 627 reipublicae
1876 582 2074 616 libertatem
2102 582 2221 615 defen-

1231 635 1301 666 dat.
1355 632 1505 666 Orditur
1530 639 1647 667 autem
1668 646 1686 666 a
1704 634 1931 673 narratione,
1966 646 2056 679 quae
2079 638 2217 666 constat

1232 684 1472 723 excusatione,
1507 696 1616 729 quare
1638 683 1728 718 nihil
1752 684 1971 730 rescripserit
1995 684 2145 728 acceptis
2163 683 2220 716 lit-

1233 735 1326 769 teris.
1380 735 1517 768 Deinde
1533 735 1692 781 sequitur
1714 733 1939 775 adhortatio,
1974 746 2019 768 ne
2042 734 2132 768 desit
2152 733 2221 767 rei-

1233 786 1392 831 publicae
1418 787 1584 819 adversus
1599 786 1815 826 Antonium,
1852 786 1935 832 quia
1959 785 2030 818 iam
2052 786 2221 818 invadere

1234 837 1363 881 cogitet
1387 837 1620 881 provinciam.
1686 837 1857 870 Rationes
1879 837 1969 870 duae
1995 837 2175 869 adduntur
2201 847 2222 868 a

1233 888 1333 922 factis
1351 888 1641 932 praecedentibus
1658 888 1694 920 in
1710 888 1891 932 republica
1908 893 1942 920 et
1957 887 2000 920 de
2015 886 2223 920 imminente

1235 939 1403 983 periculo.
1471 939 1659 972 Conclusio
1683 936 1790 972 habet
1815 937 2063 982 repetitionem
2093 935 2223 971 adhor-

1236 989 1391 1023 tationis.
1442 987 1482 1021 In
1501 990 1569 1022 fine
1586 1002 1688 1023 suum
1705 990 1817 1023 defert
1835 988 2003 1022 officium.

1485 1070 1621 1104 Aliud
1652 1076 1978 1114 argumentum.

1338 1138 1535 1172 Exordium
1559 1144 1696 1171 constat
1719 1137 1963 1176 excusatione,
2005 1146 2116 1181 quare
2135 1133 2226 1169 nihil

1237 1190 1461 1233 responderit
1479 1190 1523 1222 ad
1540 1201 1597 1223 eas
1615 1189 1768 1228 litteras,
1803 1200 1890 1233 quas
1907 1186 2030 1231 Lupus
2047 1186 2226 1221 attulerat.

1238 1240 1374 1273 Deinde
1401 1241 1560 1285 sequitur
1583 1237 1786 1272 adhortatio
1812 1240 1981 1282 figurata,
2020 1243 2062 1271 ut
2086 1243 2227 1272 strenue

1238 1297 1361 1334 pergat
1378 1292 1564 1323 defendere
1581 1290 1835 1334 rempublicam
1852 1301 1870 1322 a
1888 1287 2090 1333 tyrannide,
2108 1294 2147 1321 ut
2163 1300 2227 1333 op-

1240 1353 1358 1385 presso
1375 1341 1497 1374 Marco
1508 1341 1666 1374 Antonio
1686 1340 1831 1372 omnino
1846 1340 2016 1373 liberetur
2029 1339 2228 1383 respublica

1240 1404 1258 1424 a
1275 1391 1461 1425 dominatu
1478 1391 1586 1435 regio.
1608 1391 1770 1424 Primum
1786 1396 2033 1434 argumentum
2047 1396 2230 1435 sumptum

1241 1449 1290 1475 est
1310 1443 1353 1474 ab
1371 1442 1612 1486 expectatione
1631 1441 1791 1474 omnium
1808 1442 1985 1475 bonorum
2001 1440 2150 1479 civium3
2177 1452 2229 1474 se-

1242 1494 1396 1526 cundum
1423 1499 1670 1536 argumentum
1691 1493 1734 1525 ab
1752 1492 1866 1525 officio
1882 1493 1968 1525 boni
1985 1491 2228 1536 imperatoris;

1243 1544 1386 1577 tertium
1408 1544 1450 1576 ab
1474 1542 1728 1589 imminenti²³)
1753 1542 1923 1586 periculo.
1974 1542 2144 1586 Epilogus
2167 1540 2229 1575 ha-

1242 1595 1300 1627 bet
1335 1595 1478 1627 brevem
1508 1593 1812 1627 enumerationem
1844 1599 2137 1637 argumentorum
2170 1593 2230 1625 ad-

1242 1643 1475 1685 hortationis,
1518 1644 1638 1677 addita
1662 1643 1872 1684 reiectione,
1912 1655 1982 1688 qua
2008 1643 2140 1687 incepit
2169 1644 2230 1676 ad-

1243 1694 1495 1729 hortationem.
1549 1694 1589 1727 In
1605 1695 1672 1727 fine
1690 1695 1802 1727 defert
1817 1706 1920 1728 suum
1939 1694 2106 1728 officium.

1422 1776 1606 1812 Scholia
1643 1779 1687 1811 in
1721 1778 1962 1823 epistolam
1990 1777 2048 1812 VI.

1348 1853 1377 1899 ξ.
1398 1856 1429 1890 1.
1458 1858 1574 1898 Lupus
1589 1853 1720 1902 noster]
1748 1855 1872 1889 Brevis
1889 1855 2060 1890 narratio.

1245 1907 1327 1940 mihi
1341 1904 1451 1953 tuam]
1479 1906 1683 1950 Propositio
1701 1908 1743 1940 de
1759 1919 1822 1940 suo
1841 1906 1955 1939 officio
1966 1906 2026 1953 Ἡ).
2139 1857 2230 1898 Qum

1538 1991 1855 2035 Argumentum
1869 1990 1928 2035 2Ιῖ).

1348 2057 1587 2102 Responsoria
1621 2064 1671 2092 est
1700 2058 1744 2090 ad
1775 2056 1994 2101 superiorem
2032 2054 2231 2100 proximam

1246 2109 1349 2141 Bruti
1373 2109 1577 2153 epistolam,
1617 2121 1685 2154 qua
1711 2109 1834 2152 petivit
1859 2107 2028 2141 auxilium
2052 2106 2235 2140 Ciceronis

1249 2160 1284 2192 in
1303 2172 1363 2193 sua
1383 2160 1551 2203 dignitate
1571 2160 1830 2203 amplificanda.
1881 2158 1973 2192 Nam
1991 2158 2114 2192 Cicero
2137 2169 2231 2191 nunc

1248 2211 1298 2243 illi
1315 2211 1500 2255 pollicetur
1517 2223 1617 2244 suum
1638 2210 1790 2243 officium
1809 2210 1846 2242 in
1870 2222 1908 2242 ea
1937 2221 1995 2250 re,
2028 2215 2063 2242 et
2086 2220 2121 2242 se
2144 2220 2233 2242 nun-

1249 2274 1355 2307 quam
1382 2262 1454 2295 eius
1477 2261 1639 2304 dignitati
1656 2261 1857 2294 defuturum
1877 2260 2040 2294 affirmat.
2090 2258 2234 2293 Initium

1249 2319 1386 2347 constat
1401 2312 1605 2345 narratione
1617 2338 1625 2351 ‚
1660 2324 1727 2357 qua
1746 2312 1881 2345 occasio
1897 2311 2073 2345 scribendi
2089 2310 2233 2354 exponi-

1250 2370 1317 2397 tur.
1370 2363 1505 2396 Deinde
1531 2369 1581 2396 est
1606 2363 1821 2407 propositio,
1849 2374 1956 2408 quam
1976 2361 2134 2407 sequitur
2152 2373 2233 2394 nar-

1250 2415 1340 2447 ratio
1359 2415 1399 2447 de
1416 2426 1476 2447 sua
1495 2414 1675 2457 diligentia
1700 2415 1735 2446 in
1751 2414 1855 2447 Bruti
1877 2413 2047 2457 dignitate
2073 2411 2234 2445 ornanda

1284 2531 1333 2558 23)
1349 2527 1520 2585 ¹immtinenti]
1540 2528 1580 2552 sic
1600 2529 1648 2552 Ed.
1666 2529 1756 2560 1556.;
1783 2528 1966 2559 Editt.1565.‚
1988 2527 2070 2556 tan,
2092 2527 2163 2551 1596.
2184 2527 2234 2551 im-

1319 2570 1406 2587 minen
1423 2569 1446 2586 e.

1286 2598 1334 2626 24)
1354 2598 1386 2620 de
1406 2602 1455 2620 suo
1475 2596 1578 2625 officio]
1598 2596 1638 2620 sic
1652 2597 1735 2622 Editt.
1751 2596 1951 2621 1537-1545..
1972 2595 2056 2621 1554..
2077 2594 2167 2621 1552:
2185 2596 2235 2618 Ed.

1321 2631 1394 2655 1560.
1414 2631 1446 2654 de
1466 2631 1554 2654 officio
1575 2636 1634 2655 suo.

1284 2674 1331 2705 25)
1352 2675 1613 2732 liltggssarguuzenssum
1633 2675 1660 2698 et
1679 2674 1730 2698 duo
1749 2672 1891 2704 sequentia
1909 2671 1936 2696 in
1955 2671 2038 2695 Editt.
2059 2672 2149 2704 ¹556.,
2171 2672 2237 2697 1565

1321 2720 1354 2727 —
1434 2727 1440 2732 .
1460 2714 1508 2732 exs
1523 2713 1555 2731 an
1571 2727 1577 2732 .

2332 1345 2351 2230 ——fflss—
2333 1314 2351 1341 Τ,
2334 1281 2351 1309 ᾼ,
2334 1237 2337 1250 '
2334 1222 2335 1227 Α
2334 1185 2336 1201 “
2346 838 2347 844 e
