2294 2975
120 134 192 170 259

125 232 213 265 apiae
247 217 401 251 continet
434 215 744 262 reprehensionem
781 215 1037 249 inconstantiae.
1072 220 1105 247 et

125 270 390 304 imlwcillitatis,
433 270 529 302 mlius
563 268 735 312 principio
754 266 799 311 91)
834 266 1106 308 significationes

125 322 294 365 quasdam
329 320 463 351 dederit
493 319 678 351 Trebatius
695 316 777 360 ⁰¹³).
848 317 983 349 Deinde
1009 316 1108 349 addit

127 371 416 415 occupationem,
445 369 504 402 cur
528 382 604 401 eum
631 381 647 399 a
666 380 700 400 se
727 366 899 400 dimiserit
914 368 972 413 ²³²).

241 418 270 457 ξ.
292 421 321 453 l.
351 423 406 453 Ea·
424 423 489 453 tuis
503 416 644 464 litteris]
664 418 829 451 Narratio
839 418 896 463 Μ).

240 474 269 513 ᾗ.
297 473 330 505 52.
363 472 446 512 1390,
473 472 503 501 si
535 470 598 501 mei
629 471 786 502 commodi
802 467 867 515 ⁰²)]
900 466 1109 511 Occupatio,

128 532 236 565 quare
265 520 398 561 cnmffi)
427 532 445 550 a
470 531 504 551 se
522 518 704 552 dimiserit.
756 521 906 555 Huncin
925 515 1108 564 i·ii·mn⁹⁶)]

128 569 357 607 Adhortatio,
386 582 428 600 nc
448 569 666 602 occasionem
684 572 865 613 augendae
886 571 936 603 rei
959 568 1109 602 familia-

129 620 229 659 risffi)
252 620 400 651 amittat.

231 668 260 712 ξ.
279 671 311 703 3.
338 670 497 703 Pluribus
511 675 543 703 {e
553 668 627 716 os)]
656 669 837 714 Epilogus.

344 760 479 794 Aliud
508 770 819 806 argumentum
838 763 896 808 99).

231 827 473 872 Reprehendit
497 830 672 873 eleganter
691 837 724 863 et
735 830 888 863 suaviter
914 829 1115 862 inconstan-

131 878 215 910 tiam
235 879 414 918 Trebatii,
442 886 475 912 et
498 880 601 913 simul
623 879 805 920 hortatur,
830 887 869 913 ut
887 881 1040 913 oblatam
1058 891 1115 911 oc-

133 929 310 962 casionem
329 942 401 962 non
425 936 554 963 temere
570 932 723 975 negligat
741 938 774 964 et
801 931 951 964 amittat.
1003 930 1115 962 lixor-

133 979 183 1012 dii
208 980 286 1013 loco
311 980 456 1024 ponitur
482 982 659 1021 narratio,
695 994 784 1027 quae
816 982 972 1014 continet
998 992 1116 1023 repre—

133 1028 340 1064 hensionem
361 1032 616 1065 inconstantiae
636 1039 669 1065 et
688 1031 935 1065 imbecillitatis
945 1029 1117 1063 Trebatii.

134 1080 270 1114 Deinde
298 1081 503 1126 priusquam
536 1083 720 1126 perveniat
746 1084 789 1115 ad
817 1081 1118 1120 adhortationem,

134 1132 245 1164 utitur
271 1132 520 1175 occupatione,
548 1145 655 1178 quare
673 1133 880 1166 Trebatium
912 1145 929 1165 a
956 1145 990 1166 se
1017 1131 1120 1164 dimi—

135 1182 228 1216 serit.
288 1183 453 1227 Sequitur
481 1181 705 1223 adhortatio,
740 1196 782 1217 ne
815 1184 1033 1217 occasionem
1059 1194 1120 1215 au-

136 1233 269 1275 gendae
296 1233 347 1265 rei
373 1234 557 1267 familiaris
581 1235 745 1278 negligat.
807 1235 907 1267 Hanc
930 1233 1121 1277 amplificat

139 1296 156 1315 a
185 1296 246 1315 sua
271 1284 450 1316 voluntate
469 1297 549 1328 erga
568 1285 774 1318 Trebatium
788 1312 796 1325 ,
825 1293 857 1318 et
874 1298 892 1318 a
910 1284 1120 1317 liberalitate

139 1334 315 1373 Caesaris,
344 1334 426 1366 item
446 1335 489 1367 ab
512 1342 624 1368 aetate
643 1336 813 1370 Trebatii.
866 1335 903 1368 ln
922 1337 989 1367 fine
1006 1334 1121 1367 brevis

138 1384 283 1428 ponitur
301 1383 500 1417 adhortatio
518 1387 560 1418 ad
584 1387 819 1419 scribendum.
879 1387 1036 1429 Apparet
1063 1397 1122 1417 au-

140 1441 210 1466 tem
236 1432 324 1467 hanc
351 1435 536 1478 epistolam
566 1437 731 1480 scriptam
768 1448 840 1470 esse
874 1443 954 1469 ante
987 1436 1123 1479 aliquot

140 1485 350 1528 superiores.
410 1486 558 1518 Videtur
583 1488 676 1519 cnim
703 1499 741 1519 ea
768 1499 859 1526 esse,
888 1488 929 1519 de
952 1499 1020 1532 qua
1041 1485 1123 1517 dicit

141 1547 245 1579 supra
263 1535 299 1567 in
316 1536 462 1579 epistola
482 1535 571 1572 XIII.

394 1619 530 1652 Aliud
559 1627 879 1664 argumentum.

246 1685 391 1719 Erudita
415 1693 449 1720 et
466 1687 603 1730 elegans
621 1694 669 1720 est
685 1689 844 1732 epistola,
868 1688 903 1720 in
921 1700 989 1733 qua
1008 1693 1126 1731 aperte

145 1736 317 1779 significat
339 1737 404 1771 sibi
435 1750 573 1782 semper
590 1739 805 1782 displicuisse
823 1738 983 1771 Trebatii
1007 1739 1128 1770 incon-

146 1787 330 1827 stantiam,
366 1788 462 1822 cuius
486 1789 612 1822 multas
645 1790 914 1833 significationes
946 1789 981 1821 in
1004 1788 1128 1821 litteris

148 1839 295 1876 dederit,
324 1839 441 1870 addita
460 1838 721 1879 adhortatione,
749 1847 786 1873 ut
804 1842 958 1873 oblatam
977 1839 1129 1872 occasio-

147 1900 228 1920 nem
250 1889 346 1921 nullo
363 1890 470 1921 niodo
496 1891 659 1933 negligat.
713 1891 861 1924 Orditur
877 1897 993 1924 autem
1013 1902 1030 1922 a
1048 1902 1130 1922 nar-

148 1939 305 1978 ratione,
329 1952 419 1984 quae
437 1941 593 1973 continet
616 1953 735 1974 causas
754 1942 863 1974 iustae
889 1940 1130 1985 reprehensio-

149 1989 203 2022 nis
221 1989 416 2023 litterarum
435 1990 611 2031 Trebatii,
639 2004 728 2037 quae
746 1992 1000 2027 inconstantiae
1018 1998 1051 2025 et
1069 1992 1132 2024 im-

187 2119 234 2151 91)
253 2121 398 2151 principio]
416 2123 463 2147 Ed.
485 2124 557 2147 1560.
576 2123 603 2147 in
622 2124 761 2155 principio.

189 2161 254 2193 9¹⁵³)
275 2164 431 2194 Trebatius]
451 2165 476 2189 in
496 2166 577 2190 Editt.
594 2167 677 2198 1565,
698 2168 783 2199 1569.,
803 2169 877 2193 1592.
896 2169 981 2194 deest.

192 2206 238 2233 92)
260 2207 405 2236 dimiserit]
425 2209 472 2231 Ed.
494 2210 567 2234 1601.
588 2210 735 2235 demiserit.
754 2224 787 2229 —
807 2213 863 2236 Hoc
881 2214 1068 2241 argumentum
1086 2213 1136 2236 ha-

230 2241 290 2263 hent
309 2242 390 2265 Editt.
407 2243 604 2272 1537-1554.,
625 2245 715 2276 1557.,
736 2247 820 2277 1560,,
843 2242 1041 2278 1565Σ-1596.,
1063 2248 1136 2271 1601.

194 2282 240 2312 93)
261 2284 333 2307 Haec
351 2287 415 2308 nota
433 2286 461 2309 in
478 2287 560 2310 Editt.
579 2288 652 2312 1545.
664 2304 671 2318 ,
695 2289 767 2312 1560.
787 2290 872 2313 deest.

197 2324 243 2353 94)
264 2325 315 2348 Pro
340 2327 381 2349 his
407 2328 461 2353 Cic.
488 2330 579 2352 verbis
605 2330 630 2353 in
655 2331 738 2355 Editt.
760 2332 849 2361 1545„
876 2333 949 2356 1560.
973 2332 1033 2357 huic
1057 2334 1138 2357 notae

230 2359 367 2389 adscripta
385 2364 447 2385 sum
466 2364 620 2393 sequentia:
640 2364 703 2389 Non
722 2366 795 2390 enim
809 2367 955 2392 mediocri.

198 2400 245 2427 95)
264 2404 336 2429 eum]
358 2403 383 2426 in
403 2405 449 2429 Ed.
472 2407 544 2430 1560.
565 2407 657 2431 omiss.

200 2443 253 2480 96).
266 2443 394 2482 Ιιιβάἰῑῐ.
416 2448 504 2473 1545..
526 2450 596 2473 1560.
617 2450 676 2474 hnic
694 2453 775 2474 notae.
799 2453 920 2482 praefixa
938 2453 1002 2476 sunt
1021 2459 1139 2482 sequen-

236 2478 273 2499 tia
291 2476 345 2501 (ie.
365 2481 462 2504 verba:
485 2482 619 2507 Pluribus
639 2487 666 2509 le
684 2486 807 2511 hortari.

203 2516 405 2556 &tangendae
424 2522 463 2544 rei
483 2524 639 2554 familiaris]
659 2527 699 2550 sie
721 2528 805 2552 Editt.
826 2527 917 2559 1537.‚
939 2528 1030 2557 1545..
1050 2529 1139 2556 1560.;

239 2553 320 2575 hditt.
342 2554 424 2577 1540..
445 2555 527 2581 1544..
551 2559 638 2590 1554.,
661 2561 732 2585 1557.
753 2562 791 2584 rei
810 2562 952 2585 familiaris
969 2563 1118 2593 augendae.

203 2594 250 2620 9³)
270 2595 297 2617 tn
324 2596 404 2620 Ediat,
427 2599 515 2635 1545..
542 2602 614 2624 1560.
642 2603 700 2627 huie
729 2606 809 2628 notae
833 2604 972 2635 appositae
997 2607 1061 2628 suut
1085 2604 1141 2629 Cic.

241 2630 324 2651 verba
342 2635 496 2659 sequentia:
517 2635 576 2658 Hoc
589 2638 829 2665 quemadmodum.

201 2670 248 2698 99)
269 2671 324 2713 Hoc
340 2676 525 2702 argumentum
545 2678 571 2699 et
590 2678 641 2703 duo
659 2682 801 2711 sequentia
823 2682 851 2706 in
869 2682 953 2707 Editt.
970 2682 1054 2713 l556.,
1078 2681 1143 2706 15⁶5

236 2708 351 2733 -—L:9G.
369 2710 550 2739 reperiuntur.

692 132 813 167 PHIL.
847 130 959 166 MEL.
991 126 1192 165 SCRIPTA
1224 127 1559 163 PfflLOLOGlCA.

2071 129 2146 164 260

1157 213 1356 247 bet-illimus
1374 214 1495 258 plenae
1514 214 1667 247 suerunt.
1701 212 1910 248 Narrationi
1926 213 2023 246 addit
2042 225 2143 247 occu-

1160 265 1361 309 pationem,
1389 276 1498 309 quare
1516 277 1594 297 eum
1613 276 1631 296 a
1657 276 1691 297 se
1719 264 1911 303 dimiserit,
1938 264 2144 308 praedicans

1159 327 1260 348 suum
1280 327 1359 358 erga
1377 315 1585 347 Trebatium
1604 327 1760 348 amorem
1787 321 1820 347 et
1841 314 1994 348 studium
2020 327 2144 359 perpe-

1161 372 1272 399 tuum.
1307 365 1433 399 Postea
1455 366 1600 409 ponitur
1618 364 1840 405 adhortatio,
1867 377 1911 397 ne
1936 371 2070 398 tantam
2088 377 2144 398 oc-

1161 415 1338 449 casionem
1355 417 1535 459 augendae
1561 416 1611 449 rei
1634 416 1816 449 familiaris
1840 422 1970 448 temere
1994 416 2146 460 negligat

1162 473 1194 499 et
1220 467 1369 500 amittat.
1423 467 1608 500 Conclusio
1626 465 1731 499 babet
1753 467 2000 511 repetitionem
2019 465 2146 500 adhor-

1162 517 1327 557 tationis,
1368 518 1487 550 addita
1522 518 1854 561 ampliticatiuncula
1886 530 1904 550 a
1937 518 2147 550 liberalitate

1164 568 1343 607 Caesaris,
1383 574 1416 601 et
1439 568 1482 600 ab
1510 574 1622 600 aetate
1647 568 1754 612 ipsius
1777 568 1949 602 Trebatii.
2016 568 2054 601 In
2080 569 2147 601 fine

1163 619 1309 662 ponitur
1326 618 1422 651 iocus
1438 619 1480 651 de
1497 619 1714 662 profectione.
1731 619 1766 650 in
1778 619 2014 657 Britanniam,
2042 632 2060 650 a
2078 631 2147 663 qua

1166 669 1313 702 omnino
1333 668 1553 702 abstinuerit.
1604 667 1690 701 Item
1708 676 1848 710 monet,
1877 675 1915 702 ut
1936 670 1978 702 de
2001 669 2071 703 suis
2096 680 2148 701 re-

1165 720 1229 753 bus
1256 732 1362 765 quam
1387 719 1542 764 primum
1563 719 1704 752 scribat.

1414 803 1547 836 Aliud
1581 809 1911 847 argumentum.

1265 870 1460 903 Exordium
1489 868 1596 903 habet
1627 870 1953 913 comprobationem
1986 876 2149 904 constan-

1168 920 1234 953 tiae
1253 921 1431 961 Trebatii,
1459 921 1554 965 quod
1580 921 1662 952 velit
1687 922 1780 964 apud
1806 921 1990 954 Caesarem
2016 921 2052 953 in
2068 921 2151 954 Gal-

1170 972 1224 1004 liis
1248 984 1404 1005 manere.
1458 971 1572 1003 Habet
1594 977 1625 1003 et
1650 971 1904 1014 expositionem
1937 972 2077 1005 illarum
2101 983 2155 1004 re-

1170 1034 1271 1061 rum,
1300 1022 1426 1066 quibus
1452 1022 1604 1055 offensus
1629 1022 1745 1055 suerit.
1807 1023 1974 1055 Narratio
1998 1022 2154 1055 continet

1172 1072 1315 1105 consilia
1335 1078 1368 1104 et
1391 1072 1507 1105 studia
1525 1072 1704 1104 Ciceronis
1722 1072 1756 1104 in
1782 1074 1955 1105 servando
1973 1072 2155 1105 Trebatio.

1172 1123 1421 1156 Narrationem
1440 1122 1599 1167 sequitur
1615 1121 1731 1154 brevis
1750 1120 1971 1163 adhortatio,
2000 1134 2090 1168 quae
2107 1127 2159 1155 est

1175 1173 1370 1217 propositio
1403 1172 1607 1217 principalis
1639 1170 1743 1205 huius
1781 1173 1961 1217 epistolae.
2026 1172 2158 1217 Estque

1174 1222 1259 1256 haec
1292 1235 1429 1256 summa
1463 1221 1740 1256 adhortationis:
1775 1223 1883 1264 Vide,
1911 1230 1950 1257 ut
1973 1223 2158 1257 Caesarem

1174 1280 1374 1307 reverenter
1393 1274 1497 1313 colas,
1514 1285 1579 1306 nec
1596 1285 1753 1318 unquam
1770 1275 1906 1308 dubites
1923 1276 1965 1307 de
1982 1274 2076 1307 illius
2097 1286 2158 1306 vo-

1174 1325 1320 1357 luntate.
1372 1324 1455 1357 Vice
1476 1323 1605 1368 epilogi
1622 1324 1768 1367 ponitur
1780 1325 1949 1368 praecisio
1966 1336 2046 1358 cum
2060 1324 2160 1357 brevi

1174 1374 1383 1419 repetitione
1402 1375 1581 1408 institutae
1608 1371 1879 1409 adhortationis.
1939 1374 1979 1407 In
2004 1376 2073 1407 fine
2101 1376 2162 1407 ad-

1176 1426 1246 1458 dita
1274 1431 1324 1458 est
1347 1425 1555 1469 significatio
1584 1425 1703 1468 gaudii
1727 1426 1781 1458 sui
1801 1438 1879 1458 cum
1906 1425 2095 1470 petitione,
2121 1432 2161 1458 ut

1176 1476 1316 1509 scribat.

1285 1556 1467 1591 Scholia
1498 1556 1541 1588 in
1569 1557 1817 1601 epistolam
1845 1558 2047 1604 XthI.¹⁰⁰).

1280 1632 1309 1676 §-
1330 1633 1361 1666 1.
1388 1633 1510 1674 Accepi
1536 1644 1557 1664 a
1588 1637 1619 1665 ie
1642 1633 1784 1677 aliquot,
1816 1631 1900 1680 etc.]
1927 1633 2058 1667 Breves
2083 1646 2163 1667 nar-

1180 1683 1335 1717 rationes
1353 1682 1393 1727 ¹).

1281 1733 1311 1778 §-
1329 1736 1363 1768 2.
1393 1734 1481 1765 Nam
1503 1733 1539 1765 in
1551 1733 1765 1775 palimpsesto
1775 1731 1832 1779 2)]
1860 1731 1960 1768 Iocus
1975 1733 2041 1780 ²³).

1282 1785 1312 1829 {-
1328 1785 1362 1818 3.
1388 1785 1456 1826 Eyo
1470 1787 1500 1815 te
1517 1780 1641 1829 Balbo]
1667 1782 1850 1827 Epilogus.

1486 1873 1805 1918 Argumentum
1820 1874 1864 1920 3).

1283 1951 1389 1985 Initio
1414 1956 1596 1995 ponuntur
1619 1950 1742 1983 breves
1758 1950 1992 1986 narrationes.
2034 1952 2167 1999 Estque

1185 2003 1303 2037 addita
1321 2000 1543 2040 adhortatio,
1571 2006 1609 2033 ut
1633 2006 1833 2034 constanter
1859 2002 1977 2035 omnia
2001 2005 2168 2047 perferat,

1186 2066 1275 2101 qnae
1290 2059 1372 2088 sunt
1387 2052 1529 2085 serenda
1556 2052 1649 2095 apud
1667 2050 1864 2086 Caesarem.
1915 2052 2052 2088 Deinde
2077 2055 2170 2089 ioca-

1223 2169 1284 2201 100)
1304 2167 1485 2192 Metantnonis
1502 2168 1688 2198 argumentum
1707 2168 1785 2191 huius
1806 2168 1939 2198 epistolae
1958 2169 1985 2193 in
2004 2170 2086 2194 Editt.
2102 2172 2167 2196 15³7

1258 2217 1292 2222 —
1307 2204 1392 2231 1554.,
1413 2203 1496 2232 1557.,
1518 2202 1602 2233 1560,
1623 2202 1696 2227 1601.
1714 2208 1769 2226 non
1788 2204 1895 2234 exstat5
1913 2203 1941 2226 id
1958 2205 2027 2233 quod
2046 2205 2071 2228 iu
2086 2206 2169 2232 Editt.

1258 2238 1343 2268 1546„
1364 2237 1448 2265 1601.,
1472 2236 1531 2259 sine
1549 2236 1669 2259 auctoris
1690 2236 1814 2266 nomine,
1838 2237 1898 2260 huic
1917 2238 2049 2267 epistotae
2067 2245 2166 2268 super-

1255 2272 1372 2303 positum
1392 2271 1448 2300 est,
1472 2270 1598 2301 Longolii
1622 2276 1685 2293 esse
1708 2276 1742 2294 ex
1759 2271 1841 2294 Editt.
1863 2271 1954 2302 1544.,
1981 2273 2072 2303 1554.,
2094 2273 2167 2298 1557.

1257 2305 1438 2336 cognoscitur.

1226 2358 1253 2386 1)
1272 2357 1374 2380 Breves
1391 2353 1590 2382 narrationes]
1610 2353 1648 2376 sic
1665 2353 1747 2377 Editt.
1766 2353 1850 2383 1537„
1870 2354 1956 2385 1545„
1976 2356 2067 2387 ¹560.;
2085 2356 2167 2382 Editt.

1261 2390 1345 2420 1540„
1366 2389 1450 2419 1544,
1471 2388 1554 2417 1554.,
1581 2387 1654 2411 1557.
1675 2389 1776 2411 Breves
1796 2390 1859 2411 sunt
1877 2390 2060 2416 narrationes.

1227 2442 1257 2475 2)
1278 2442 1353 2466 Nam
1371 2440 1400 2463 in
1423 2439 1623 2469 palimpsesto]
1649 2438 1687 2461 sic
1707 2439 1789 2464 Editt.
1818 2439 1907 2468 1537..
1935 2440 2025 2471 1545,
2052 2441 2172 2466 1560.1·n

1260 2477 1350 2503 textu3
1370 2473 1451 2497 Editt.
1473 2474 1556 2501 1544..
1580 2473 1663 2497 1546..
1685 2473 1767 2501 1554..
1790 2473 1872 2503 1557.,
1890 2474 1963 2496 1601.
1982 2475 2009 2497 et
2025 2475 2074 2497 Ed.
2085 2476 2169 2501 Oren,

1260 2510 1286 2533 in
1307 2510 1396 2532 textu:
1416 2507 1494 2530 Nam
1512 2507 1587 2537 quod
1605 2507 1633 2529 in
1651 2508 1851 2537 palimpsesto,
1878 2507 1904 2530 in
1924 2507 1978 2532 Cic.
1996 2510 2086 2532 autem
2104 2516 2170 2533 ver-

1260 2544 1300 2567 bis
1324 2542 1384 2565 huic
1407 2543 1488 2564 notae
1510 2540 1656 2569 adscriptis
1682 2540 1708 2564 in
1734 2541 1815 2566 Editt.
1842 2541 1932 2572 1540„
1962 2542 2054 2573 1544„
2084 2543 2169 2575 1554„

1262 2577 1335 2601 1557.
1355 2576 1428 2607 (1μοιί
1445 2575 1536 2598 itidem
1555 2574 1641 2599 deest.

1225 2628 1276 2656 2³]
1295 2627 1387 2655 locus]
1407 2625 1455 2649 Ed.
1476 2626 1548 2649 1560.
1568 2631 1663 2649 errore
1682 2626 1810 2656 typogr.:
1828 2624 1915 2648 locus.

1225 2678 1256 2708 3)
1275 2679 1332 2702 Ηοο
1355 2676 1541 2706 argumentum
1566 2676 1593 2699 et
1611 2675 1663 2700 duo
1688 2674 1829 2706 sequentia.
1847 2675 1874 2700 iu
1892 2675 1973 2700 Editt.
1994 2677 2086 2710 1556„
2107 2679 2171 2703 1565

1261 2712 1377 2737 -1596,
1395 2710 1579 2735 inveniuntur.
