2351 2990
220 111 291 145 911

220 196 346 239 legati,
381 194 440 239 qui
467 199 639 238 perpetuo
663 194 704 225 ad
735 193 921 225 concilium
940 190 1213 237 Amphictyoni-

219 260 298 281 cum
318 246 527 283 mittuntur,
555 245 757 278 societatem
778 244 885 276 ullam
904 244 1133 276 consiliorum
1153 250 1213 277 aut

221 299 401 331 actionum
420 303 479 329 aut
496 297 718 329 decretorum
739 307 818 327 cum
845 292 899 327 bis
925 292 1117 335 haberent,
1151 295 1212 340 qui

843 344 979 378 Videtis
1005 346 1097 377 clare
1133 358 1211 390 per-

220 400 390 444 scriptum
421 411 512 437 esse,
547 410 590 430 ne
623 409 730 442 quam
766 394 978 429 haberemus
1007 396 1211 429 societatem

221 349 268 381 ibi
297 348 486 380 convenire
515 347 782 380 constituerant.

221 464 299 485 cum
322 451 400 483 illis.

324 502 451 534 Utrum
474 510 554 530 xera
574 498 672 536 diro,
700 509 745 529 an
766 498 810 530 ad
827 497 1045 541 voluptatem
1067 496 1213 529 audien-

222 554 309 586 tium
329 553 451 583 videor
471 551 532 583 ista
553 548 708 593 fingere?
732 548 823 581 Vera
842 549 1000 581 dicturus
1016 560 1112 585 sum3
1129 560 1211 579 nam

222 606 322 637 fictae
355 602 534 634 orationes
564 602 607 633 ad
639 600 779 633 aurium
806 600 1044 643 voluptatem,
1079 605 1213 631 everte-

222 661 305 688 runt
326 653 596 697 rempublicam.
649 651 730 685 Non
757 651 896 684 sinebat
921 663 983 684 vos
1000 647 1213 683 Demosthe-

222 719 282 739 nes
300 705 501 738 meminisse
520 703 771 741 iurisiurandi,
807 703 903 747 quod
928 701 1082 734 maiores
1107 701 1213 734 xestri

222 759 416 795 dederunt,
450 766 524 787 non
548 754 800 793 execrationis,
837 766 910 786 non
935 751 1082 785 oraculi.
1140 752 1214 786 Bos

221 809 329 852 igitur
346 807 458 840 coacti
476 806 537 838 illo
556 806 696 838 decreto
720 804 818 837 domi
842 804 1058 843 mansimus,
1085 803 1213 848 reliqui

222 872 306 893 vero
331 856 611 902 Amphictyones
636 862 881 889 convenerunt
905 856 949 888 ad
971 855 1094 900 Pylas;
1136 861 1214 887 tan-

222 918 298 945 tum
323 910 420 943 urbis
446 909 552 942 unius
576 907 681 951 legati
707 908 915 947 abfuerunt,
958 907 1056 939 cuius
1081 917 1215 938 nomen

221 962 337 995 dicere
360 961 465 1000 nolo,
499 966 532 992 et
558 971 702 1004 precor,
736 971 778 991 ne
805 971 873 1004 qua
902 958 986 991 urbs
1010 957 1047 990 in
1063 956 1214 990 Graecia

222 1013 260 1046 in
277 1011 407 1046 similes
425 1011 641 1044 calamitates
659 1009 802 1042 incidat.
855 1009 1018 1053 Denique
1035 1009 1215 1041 decretum

221 1066 354 1097 sactum
374 1069 423 1097 est
443 1063 485 1095 de
502 1062 594 1095 bello
617 1061 841 1105 suscipiendo
867 1062 1034 1094 adversus
1049 1057 1216 1104 Amphis-

222 1128 351 1149 senses.
412 1113 493 1146 Dux
528 1113 668 1157 eligitur
697 1109 917 1156 Cottyphus,
953 1111 1015 1156 qui
1038 1122 1214 1145 summam

224 1167 259 1200 in
275 1166 423 1199 consilio
448 1164 676 1197 autoritatem
699 1161 864 1196 babebat.
919 1162 1011 1196 Nam
1028 1160 1216 1206 Philippus

224 1231 299 1251 non
319 1224 395 1250 erat
412 1217 448 1248 in
466 1216 677 1248 Macedonia
690 1242 698 1254 ,
721 1227 785 1247 nec
803 1215 839 1246 in
858 1214 1008 1247 Graecia
1022 1241 1031 1254 ,
1056 1214 1116 1247 sed
1134 1225 1216 1257 pro-

223 1270 279 1303 cul
297 1270 333 1301 in
351 1265 493 1313 Scythia
512 1268 654 1306 aberat,
682 1278 787 1311 quem
811 1272 931 1298 tamen
959 1266 1103 1298 audebit
1123 1276 1217 1297 nunc

222 1318 480 1354 Demosthenes
498 1319 613 1351 dicere
631 1330 649 1350 a
668 1330 724 1350 me
741 1317 775 1349 in
794 1316 979 1349 Graeciam
998 1321 1216 1361 pertractum

224 1384 309 1406 esse.

326 1421 372 1454 Et
400 1421 437 1453 in
467 1420 582 1464 prima
614 1419 837 1463 expeditione
870 1429 998 1461 magna
1031 1416 1216 1450 clementia

225 1486 304 1517 erga
323 1469 595 1516 Amphissenses
611 1471 665 1503 usi
683 1476 784 1506 sunt;
813 1481 896 1501 nam
915 1481 981 1513 pro
1002 1467 1218 1511 grax‘issimis

224 1524 359 1558 delictis
374 1523 636 1556 mulctaverunt
654 1534 713 1554 eos
730 1520 892 1565 pecunia,
912 1526 945 1552 et
962 1519 1106 1564 quidem
1124 1519 1217 1551 diem

224 1577 400 1609 dederunt
427 1574 471 1606 ad
495 1573 701 1606 solvendam
724 1572 914 1611 mulctam,
943 1577 977 1603 et
1000 1571 1218 1603 conscelera-

225 1634 281 1660 tos
298 1632 511 1670 autoresque
529 1623 703 1667 sacrilegii
730 1623 871 1655 civitate
898 1622 1123 1666 expulernnt;
1158 1633 1218 1655 eos

226 1685 343 1711 autem
356 1704 364 1716 ,
394 1676 455 1721 qui
472 1676 638 1719 sugerunt
654 1680 801 1719 propter
818 1673 1027 1717 religionem
1039 1700 1048 1713 ,
1077 1685 1117 1706 ex
1130 1673 1217 1706 urbe

227 1726 417 1773 Amphissa
451 1728 682 1759 reduxerunt.
752 1725 947 1770 Postquam
987 1731 1104 1757 autem
1144 1736 1218 1757 non

225 1781 407 1814 solverunt
428 1778 615 1817 mulctam,
651 1783 685 1809 et
707 1777 925 1809 reduxerunt
949 1775 1218 1815 consceleratos,

226 1838 259 1864 et
283 1830 495 1874 expulerunt
520 1841 597 1867 eos,
631 1829 692 1873 qui
715 1825 1037 1872 Amphictyonibus
1066 1826 1219 1860 restituti

226 1888 345 1921 erant,
389 1881 517 1913 iterum
549 1885 628 1923 post
660 1880 805 1923 longum
838 1885 997 1923 tempus,
1039 1891 1117 1911 cum
1146 1878 1217 1910 iam

225 1931 412 1977 Philippus
431 1944 471 1964 ex
488 1928 629 1975 Scythia
647 1931 826 1969 rediisset,
852 1942 952 1963 arma
972 1936 1113 1974 sumpta
1137 1935 1220 1963 sunt

227 1986 395 2017 adversus
426 1980 706 2026 Amphissenses.
767 1981 833 2014 Hic
864 1993 942 2014 curn
976 1981 1217 2025 principatum

226 2036 276 2080 pii
291 2035 373 2067 belli
392 2033 450 2066 Dii
467 2033 569 2066 nobis
596 2034 785 2073 offerrent,
821 2030 1072 2066 Demosthenis
1098 2044 1219 2065 corru-

226 2087 342 2131 ptelae
375 2085 478 2118 nobis
504 2084 759 2128 impedimento
785 2084 945 2122 suerunt;
981 2090 1016 2116 at
1037 2083 1096 2115 Dii
1118 2095 1219 2128 prae-

227 2138 409 2176 dixerant,
439 2142 471 2168 et
489 2135 597 2179 signis
615 2142 848 2175 monuerant,
873 2141 1011 2168 tantum
1028 2147 1102 2167 non
1124 2135 1218 2167 clara

227 2201 313 2222 x‘oce
333 2187 460 2227 locuti,
486 2193 525 2219 nt
542 2198 759 2221 caveremus-

330 2239 475 2274 Nullam
509 2237 584 2270 vidi
615 2239 760 2277 urbem,
803 2249 912 2282 quam
944 2249 1023 2269 cum
1058 2233 1220 2270 rhetores

229 2297 385 2324 evertere
403 2290 605 2329 studerent,
631 2289 778 2333 perinde
796 2288 857 2321 Dii
876 2295 1052 2321 servatam
1077 2288 1220 2323 vellent.

229 2341 344 2386 Quem
364 2353 437 2374 non
461 2346 583 2373 movet
607 2340 830 2385 prodigium,
865 2340 960 2385 quod
985 2340 1022 2372 in
1043 2339 1220 2384 mysteriis

231 2393 376 2432 accidit,
417 2391 580 2425 interitus
605 2391 853 2437 sacerdotum?
898 2403 1017 2424 nonne
1045 2390 1221 2435 praedixit

231 2450 348 2482 vates,
366 2450 404 2476 ut
419 2455 640 2483 caveremus,
657 2449 691 2476 et
709 2443 893 2476 oraculum
910 2440 1123 2487 Delphicum
1138 2454 1220 2475 con-

229 2494 445 2533 suleremus,
479 2493 563 2538 quid
586 2495 762 2537 agendum
791 2493 903 2528 esset?
939 2495 986 2527 At
1010 2491 1221 2526 Demosthe-

229 2557 292 2579 nes
318 2545 471 2583 obstitit,
507 2545 625 2578 dicens
649 2544 815 2590 Pythiam
840 2543 1009 2590 Philippo
1036 2544 1221 2585 assentari,

230 2594 340 2630 homo
371 2596 505 2634 audax,
549 2602 582 2627 et
609 2596 798 2630 immodice
831 2603 933 2630 utens
969 2597 1033 2630 ista
1066 2596 1220 2635 licentia,

231 2659 338 2693 quam
357 2646 389 2679 ei
413 2645 614 2679 conceditis.
669 2648 796 2681 ‘Nonne
821 2654 1001 2692 postremo
1027 2647 1218 2680 exercitum

231 2700 400 2731 adversus
421 2695 538 2730 hostes
561 2709 675 2742 neque
700 2699 881 2743 auspicato
906 2711 1021 2744 neque
1046 2698 1146 2731 litato
1176 2699 1220 2731 ad

801 107 922 141 PHlL.
959 107 1070 140 MEL.
1105 106 1306 141 SCRIPTA
1343 107 1678 144 PHILOLOGICA.

2180 109 2254 145 912

1267 193 1492 227 manifestum
1510 195 1705 238 periculum
1724 194 1866 227 eduxit?
1894 194 2005 239 Atqui
2024 194 2117 227 idem
2141 207 2256 239 nuper

1266 256 1370 277 ausus
1394 251 1445 278 est
1468 245 1604 286 dicere,
1631 247 1728 291 quod
1744 243 1931 289 Philippus
1957 245 2038 278 ideo
2053 257 2126 278 non
2142 252 2256 280 trans-

1266 295 1346 328 isset
1369 295 1406 328 in
1423 296 1595 336 Atticam,
1624 297 1707 342 quia
1735 296 1906 340 religione
1931 294 2133 340 prohibitus
2155 303 2256 331 esset.

1266 346 1345 390 Qua
1363 347 1505 379 tandem
1524 360 1638 391 poena
1659 348 1786 391 dignus
1812 360 1846 381 es
1872 354 1910 379 tu
1926 347 2097 380 Graeciae
2122 347 2256 391 pestis?

1266 397 1357 428 Nam
1375 397 1403 428 si
1428 398 1541 428 victor
1565 399 1736 439 religione
1762 397 1963 439 prohibitus
1990 401 2060 435 est,
2094 408 2166 441 quo
2190 397 2256 429 mi-

1266 458 1332 479 nus
1366 446 1533 479 transiret
1560 446 1653 478 intra
1688 458 1811 479 eorum
1843 447 1949 486 fines,
1991 458 2080 491 quos
2113 447 2258 487 vicerat,

1267 509 1377 541 quare
1403 503 1441 530 tu
1467 498 1510 530 ad
1534 497 1681 530 dubium
1697 497 1824 531 Martis
1847 497 2039 530 discrimen
2063 498 2257 532 exercitum

1266 560 1340 580 non
1358 547 1459 580 litato
1477 549 1624 581 educere
1647 560 1751 581 ausus
1773 548 1832 582 es?
1868 549 1998 582 Utrum
2022 561 2196 582 coronare
2221 555 2256 582 te

1267 605 1410 643 oportet
1442 606 1588 643 propter
1619 599 1716 632 urbis
1748 599 1883 639 clades,
1919 612 1966 632 an
1995 599 2256 633 exterminare?

1267 650 1363 695 Quid
1383 650 1477 683 enim
1501 662 1646 689 eorum,
1681 662 1771 695 quae
1795 650 1998 683 acciderunt
2019 657 2143 684 nostro
2167 657 2257 684 tem-

1266 713 1375 745 pore,
1409 708 1469 734 aut
1492 701 1628 745 sperari
1651 707 1712 734 aut
1739 701 1887 733 omnino
1910 701 2048 745 concipi
2073 702 2110 734 in
2133 701 2254 735 animo

1267 752 1431 796 poterat?
1480 751 1563 786 Non
1596 752 1689 784 enim
1723 752 1905 785 communi
1935 750 2123 786 hominum
2155 764 2257 786 more

1268 804 1440 843 viximus,
1467 804 1527 836 sed
1544 803 1613 842 ita,
1639 809 1679 835 ut
1694 803 1750 836 vix
1775 804 1879 836 fidem
1903 804 1996 847 apud
2018 809 2179 847 posteros
2194 801 2259 836 ha-

1267 855 1385 888 bitura
1409 866 1466 887 res
1489 854 1545 888 sit.
1598 854 1726 888 Nonne
1743 854 1935 888 Persarum
1960 866 2039 895 rex,
2068 855 2132 900 qui
2155 866 2258 888 mon-

1268 912 1338 938 tem
1355 903 1450 939 Atho
1471 905 1614 945 effodit,
1643 905 1704 950 qui
1720 905 1988 950 Hellespontum
2006 912 2115 949 ponte
2132 905 2259 946 iunxit,

1269 957 1330 1002 qui
1346 963 1477 989 terram
1504 963 1538 989 et
1561 968 1692 1002 aquam
1717 968 1735 989 a
1756 957 1900 990 Graecis
1920 957 2102 1001 poposcit,
2137 957 2199 1002 qui
2220 956 2259 989 in

1270 1008 1426 1052 epistolis
1443 1020 1547 1041 ausus
1566 1014 1617 1041 est
1632 1020 1666 1041 se
1685 1008 1871 1041 dominum
1888 1008 2047 1041 omniurn
2058 1005 2260 1048 hominum,

1270 1060 1313 1092 ab
1331 1065 1412 1093 ortu
1432 1060 1475 1092 ad
1494 1071 1655 1092 occasum
1682 1071 1794 1104 usque
1819 1070 1967 1099 vocare,
2002 1071 2098 1093 nunc
2119 1071 2195 1092 non
2217 1059 2260 1092 de

1269 1123 1333 1144 suo
1351 1122 1460 1154 regno
1480 1110 1644 1149 dimicat,
1671 1111 1731 1143 sed
1749 1110 1791 1143 de
1806 1122 1868 1143 sua
1885 1110 1956 1142 vita
1982 1117 2016 1143 et
2037 1110 2161 1144 salute.
2212 1109 2260 1143 Et

1270 1162 1432 1195 videmus
1450 1168 1584 1194 tantam
1603 1161 1752 1205 gloriam
1772 1167 1804 1194 et
1821 1159 1915 1194 hunc
1934 1161 2175 1205 principatum
2193 1158 2259 1194 hos

1270 1214 1418 1257 adeptos
1436 1225 1528 1252 esse,
1560 1212 1621 1257 qui
1641 1213 1811 1256 templum
1833 1212 1869 1244 in
1884 1210 2032 1256 Delphis
2055 1224 2260 1256 propugna-

1270 1270 1410 1298 verunt.
1465 1262 1609 1296 Thebae
1628 1275 1712 1296 vero
1729 1264 1812 1296 urbs
1829 1262 1943 1295 vicina
1967 1276 2039 1296 uno
2063 1263 2120 1296 die
2142 1263 2260 1296 sundi-

1271 1321 1326 1348 tus
1344 1326 1463 1348 eversa
1476 1341 1484 1354 ‚
1513 1321 1546 1347 et
1561 1326 1578 1346 e
1596 1314 1745 1347 Graecia
1765 1314 1901 1347 sublata
1929 1320 1996 1351 est;
2024 1325 2089 1346 nec
2115 1313 2259 1348 iniuria.

1269 1364 1352 1398 Ideo
1371 1365 1465 1398 enim
1483 1365 1634 1398 retinere
1651 1365 1840 1409 imperium
1861 1376 1934 1397 non
1951 1370 2158 1408 potuerunt,
2177 1365 2262 1409 quia

1271 1417 1440 1450 divinitus
1459 1417 1496 1448 in
1511 1417 1684 1460 pudorem
1703 1415 1771 1448 acti
1789 1427 1923 1459 poenas
1944 1415 2097 1448 violatae
2119 1414 2262 1459 religio-

1270 1468 1325 1501 nis
1341 1469 1525 1501 dederunt.
1579 1466 1855 1499 Lacedaemonii
1874 1478 1958 1499 vero
1976 1466 2097 1499 miseri
2113 1472 2262 1510 propter

1272 1519 1521 1563 contagionem
1542 1517 1717 1561 sacrilegii
1736 1515 1921 1562 Delphici,
1946 1530 2025 1551 cum
2050 1517 2136 1550 olim
2151 1517 2263 1551 Grae-

1272 1570 1345 1602 ciae
1378 1569 1620 1614 principatum
1644 1567 1857 1608 habuerint,
1898 1581 1994 1602 nunc
2018 1568 2157 1602 obsides
2180 1569 2262 1602 mit-

1271 1627 1372 1662 tunt,
1400 1627 1434 1653 et
1454 1627 1493 1653 ut
1518 1620 1696 1664 specimen
1718 1632 1863 1653 suarum
1888 1619 2131 1653 calamitatum
2146 1626 2263 1654 osten-

1272 1673 1378 1713 dant,
1402 1672 1536 1716 legatos
1560 1672 1603 1704 ad
1620 1671 1863 1705 Alexandrum
1887 1671 2031 1705 missuri
2055 1676 2157 1711 sunt,
2183 1683 2263 1716 pas-

1271 1724 1365 1763 suri,
1401 1723 1571 1768 quicquid
1588 1722 1715 1756 victori
1738 1723 1931 1766 placuerit,
1966 1728 2000 1756 et
2024 1734 2091 1766 pro
2117 1722 2263 1757 victoris

1272 1775 1479 1814 clementia,
1515 1786 1620 1819 quem
1646 1773 1713 1818 ipsi
1738 1773 1841 1807 initio
1866 1774 1998 1807 iniusto
2022 1773 2115 1806 hello
2136 1785 2267 1818 provo-

1273 1832 1463 1866 caverunt,
1506 1826 1598 1869 leges
1640 1825 1825 1869 accipient.
1890 1825 2021 1859 Nostra
2053 1836 2138 1857 vero
2167 1825 2264 1865 urbs,

1273 1890 1364 1923 quae
1397 1889 1588 1910 commune
1622 1876 1821 1921 perfugium
1848 1876 2067 1910 Graecorum
2089 1875 2176 1916 fuit,
2217 1877 2262 1909 ad

1273 1941 1380 1975 quam
1398 1935 1501 1962 antea
1528 1940 1569 1961 ex
1595 1928 1693 1960 omni
1712 1927 1862 1962 Graecia
1886 1927 1990 1971 legati
2016 1926 2263 1969 mittebantur,

1273 1981 1310 2013 in
1344 1993 1450 2026 quam
1481 1992 1579 2024 spem
1610 1979 1731 2013 salutis
1762 1991 1847 2012 suae
1882 1990 2005 2012 omnes
2028 1978 2263 2019 collocabant,

1272 2044 1368 2065 nunc
1394 2044 1468 2064 non
1488 2032 1531 2063 de
1556 2031 1725 2064 Graeciae
1756 2029 1959 2074 principatu
1991 2030 2168 2071 decertat,
2202 2031 2263 2064 sed

1273 2085 1316 2116 de
1332 2083 1449 2128 patrio
1465 2083 1554 2116 solo.

1375 2158 1492 2204 Atque
1509 2156 1595 2191 haec
1611 2157 1814 2189 acciderunt
1830 2156 1910 2189 inde
1928 2168 2038 2203 usque
2058 2157 2101 2190 ab
2116 2169 2157 2190 eo
2177 2163 2264 2191 tem-

1274 2223 1379 2255 pore,
1416 2223 1457 2243 ex
1482 2222 1553 2255 quo
1578 2205 1835 2241 Demosthenes
1859 2209 1902 2240 ad
1924 2208 2182 2252 rempublicam
2208 2221 2264 2243 ac-

1275 2262 1387 2296 cessit.
1450 2261 1558 2294 l‘tecte
1590 2259 1685 2293 enim
1714 2259 1756 2292 de
1794 2259 1921 2293 talibus
1948 2259 2123 2293 Hesiodus
2158 2267 2264 2305 poeta

1274 2313 1432 2358 scripsit,
1468 2318 1507 2346 ut
1529 2312 1739 2344 admoneret
1762 2311 1914 2355 populos
1939 2323 1979 2344 ac
2004 2311 2183 2353 civitates,
2216 2324 2260 2346 ne

1274 2365 1458 2409 improbos
1494 2369 1654 2396 oratores
1678 2362 1886 2406 reciperent.
1946 2361 2118 2395 Recitabo
2144 2369 2261 2397 autem

1274 2429 1406 2450 versus.
1447 2415 1528 2448 Ideo
1548 2414 1641 2447 enim
1661 2414 1762 2458 pueri
1781 2413 1967 2447 ediscimus
1982 2420 2169 2458 poetarum
2185 2427 2263 2449 sen-

1274 2468 1423 2507 tentias,
1463 2472 1501 2499 ut
1523 2465 1591 2498 viri
1616 2465 1698 2498 sacti
1721 2471 1865 2498 utamur
1886 2464 1970 2509 ipsis
1992 2464 2029 2497 in
2051 2476 2262 2510 magnarum

1274 2532 1392 2553 rerum
1413 2516 1740 2550 deliberationibus.

1329 2597 1435 2630 Unius
1451 2595 1488 2628 ob
1503 2594 1633 2636 culpam
1647 2605 1744 2636 saepe
1760 2593 1839 2626 urbs
1854 2593 1947 2626 dabit
1973 2594 2104 2635 intem-a
2125 2604 2261 2636 poenas,

1323 2648 1494 2681 Iustitiam
1511 2647 1634 2688 spretis
1649 2645 1748 2678 violat
1766 2646 1822 2689 qui
1837 2645 1981 2687 Ieyibus,
2005 2645 2082 2677 inde

1323 2698 1531 2740 Supplicium
1550 2699 1660 2731 iratus
1675 2697 1714 2729 de
1729 2700 1796 2729 tota
1812 2697 1963 2737 Iuppiter
1979 2695 2060 2728 urbe
