2294 2975
451 108 762 146 ARGUMENTA
796 109 860 143 ET
896 108 1099 144 SCHOLIA

103 112 151 147 53
276 111 398 147 XXIII.

89 211 172 244 pua.
225 199 342 233 Porro
366 197 559 242 amplificat
582 195 761 240 epilogum
785 197 864 229 loco
889 197 1082 237 communi,

88 251 150 296 qui
176 249 283 284 habet
312 249 574 283 excusationem
597 248 875 288 inconstantiae,
911 249 1007 293 quod
1031 249 1082 281 vi-

87 302 214 335 delicet
243 302 288 335 sit
317 313 455 335 summa
489 300 664 345 quaedam
689 299 878 343 prudentIa
909 299 1080 333 inservire

86 353 258 397 tempori,
303 358 336 385 et
359 364 460 396 posse
487 351 686 390 interdum,
728 363 808 383 cum
832 363 886 384 res
912 351 1080 395 postulat,

89 405 213 437 cedere
230 405 271 437 de
288 402 483 443 sententia,
518 403 554 435 id
578 402 674 447 quod
694 401 817 435 Cicero
836 408 928 435 recte
945 402 982 435 in
1000 415 1079 436 ora-

86 455 183 488 tione
207 467 273 499 pro
297 453 337 488 L.
361 454 528 487 Cornelio
554 453 669 486 Balbo
694 454 866 494 affirmat,
902 466 980 487 cum
1009 454 1076 487 ait:

85 505 209 551 Neque
226 518 298 539 esse
315 505 549 538 inconstantis
565 511 651 549 puto
672 504 882 538 sententiam
906 506 1077 551 aliquam,

84 563 256 602 tanquam
273 557 419 602 aliquod
438 556 619 599 navigium
644 568 685 588 ex
708 556 923 600 reipublicae
943 563 1076 600 tempe-

81 614 170 642 state
199 608 391 641 moderari.
456 607 609 652 Epilogo
642 606 827 640 subiicitur
858 605 1075 652 apostrophe

82 660 126 692 ad
150 658 362 699 Lentulum,
405 659 442 692 in
469 672 536 704 qua
562 658 719 702 primum
747 659 880 702 colligit
904 672 924 692 a
946 665 1073 692 natura

81 709 243 750 Lentuli,
286 711 381 756 quod
414 722 580 754 praesens
611 711 732 742 eadem
762 710 883 744 fuisset
908 722 1074 744 suasurus

82 762 209 796 amico.
261 762 400 795 Deinde
418 762 530 794 desert
548 761 599 793 illi
617 773 678 794 sua
697 761 824 794 officia.

412 858 742 904 Paraphrasis,

83 925 173 959 quae
196 913 320 957 incipit
345 913 388 945 ab
415 925 455 945 eo
481 913 560 944 loco
585 910 642 944 IX.
667 911 855 955 epistolae,
900 911 961 944 ubi
988 911 1073 945 dicit

83 965 205 998 Cicero
237 962 285 1008 (ᾗ.
305 962 374 1008 4.):
421 964 513 1004 Quod
540 964 621 1002 tibi,
663 967 699 995 ul
725 963 861 1006 planias
891 975 1071 1006 arsionum,

128 1021 161 1048 et
184 1014 360 1059 finitur-⁷2)
388 1011 548 1059 (§.19.):
584 1015 677 1054 Quod
696 1016 854 1059 quoniam
869 1015 931 1048 tibi
954 1028 1019 1048 ea:-

467 1066 581 1107 posui,
617 1070 681 1098 etc.

180 1142 408 1187 Quamquam
436 1141 499 1174 tibi
518 1147 598 1185 post
621 1141 776 1175 reditum
796 1142 991 1186 plurimum
1012 1144 1070 1176 de-

78 1195 200 1226 beam:
232 1200 352 1226 tameu
368 1192 565 1236 respublica
582 1193 689 1225 etiam
706 1193 863 1237 postulat
880 1205 897 1226 a
916 1206 972 1226 me
991 1206 1069 1238 gra-

77 1244 184 1285 tiam,
215 1256 305 1290 quae
324 1250 356 1276 te
374 1244 410 1276 in
426 1256 482 1276 me
499 1243 719 1276 restituendo
739 1244 887 1285 adiuvit,
916 1245 952 1277 id
972 1247 1067 1290 quod

76 1307 180 1339 saepe
203 1295 343 1340 publice
365 1301 399 1327 et
421 1294 591 1339 privatim
617 1301 763 1328 testatus
792 1308 889 1335 sum,
922 1308 987 1329 nec
1010 1309 1067 1329 me

77 1347 121 1380 ab
139 1345 204 1380 hac
221 1346 394 1380 sententia
412 1347 637 1391 quorundam
656 1346 843 1379 manifesta
869 1346 948 1379 odia
961 1374 969 1387 ,
1007 1354 1068 1380 aut

77 1398 224 1432 obscura
250 1397 366 1431 studia
397 1398 638 1437 deduxerunt,
681 1397 742 1442 qui
775 1397 811 1430 in
840 1398 1067 1432 restituendis

77 1449 222 1483 aedibus
237 1456 271 1482 et
290 1449 366 1482 aliis
392 1448 551 1488 damnis,
587 1460 676 1494 quae
696 1448 813 1482 Clodii
835 1450 936 1482 furor
962 1451 1066 1484 rebus

76 1500 163 1534 meis
186 1501 373 1539 attulerat,
408 1506 441 1532 te
468 1512 541 1532 non
566 1500 801 1540 adiuverunt,
837 1501 924 1545 quin
948 1502 1067 1545 reipu-

73 1551 186 1584 blicae
213 1551 319 1584 etiam
345 1557 469 1583 contra
496 1562 620 1584 eorum
644 1551 888 1592 voluntatem,
931 1552 991 1597 qui
1023 1554 1065 1586 dc

74 1615 131 1636 me
148 1602 236 1635 bene
254 1608 355 1635 erant
374 1601 510 1641 meriti,
537 1602 705 1647 prodesse
723 1602 839 1643 volui,
868 1601 958 1635 nihil
977 1604 1065 1636 veri-

75 1660 128 1687 tus
152 1654 296 1687 illorum
316 1654 525 1698 potentiam.
586 1653 679 1687 Nam
695 1653 859 1688 Vatinius
884 1654 979 1688 testis
1005 1662 1066 1695 est,

75 1706 172 1750 quod
186 1705 335 1737 dixerim
348 1731 357 1744 ,
384 1717 440 1737 me
458 1704 579 1737 Bibuli
596 1705 778 1738 fortunam
805 1705 915 1749 pluris
938 1707 1065 1747 facere,

74 1768 183 1802 quam
201 1768 323 1789 omnes
341 1753 542 1799 triumphos
560 1754 732 1789 Caesaris.
785 1756 829 1789 Et
849 1757 886 1789 in
913 1757 971 1790 illa
993 1764 1063 1790 tota

75 1807 236 1840 oratione
261 1807 297 1839 in
312 1806 496 1840 Vatinium
519 1806 629 1839 multa
655 1813 755 1846 suut,
784 1808 912 1852 quibus
935 1810 1066 1842 multos

73 1859 229 1903 graviter
254 1858 464 1903 perstrinxi,
508 1857 677 1903 quicquid
703 1859 745 1890 de
771 1870 856 1902 agro
881 1860 1065 1903 Campano

72 1911 297 1943 referendum
317 1922 388 1943 esse
409 1909 492 1943 duxi
506 1908 626 1943 Idibus
645 1909 767 1949 Maiis,
795 1912 891 1955 quod
911 1917 943 1943 et
960 1911 1066 1943 Pom-

72 1962 153 2006 peio
171 1961 217 2008 73)
262 1968 295 1995 et
331 1961 475 1995 Caesari
510 1961 713 1994 absentibus
748 1962 904 2004 graviter
940 1962 1065 1996 doluit.

71 2013 164 2048 Nam
191 2013 320 2046 Caesar
346 2025 384 2045 ea
411 2014 454 2045 de
476 2025 513 2046 re
537 2012 712 2056 Pompeio
747 2019 888 2057 questus
922 2020 992 2051 est,
1033 2020 1066 2046 et

71 2065 265 2108 Pompeius
282 2064 384 2097 fratri
401 2077 493 2104 meo,
522 2076 600 2097 cum
619 2064 772 2109 quadam
792 2064 1066 2108 exprobratione

72 2116 345 2156 beneficiorum,
381 2128 471 2162 quae
497 2116 534 2148 in
556 2128 613 2148 me
639 2116 863 2156 contulisset,
893 2117 984 2149 idem
1005 2117 1066 2149 ob-

71 2175 163 2202 lecit.

176 2218 271 2251 Haec
300 2219 408 2262 igitur
437 2230 517 2251 cum
553 2218 597 2250 ad
623 2230 679 2250 me
704 2217 814 2251 frater
837 2219 1006 2251 scriberet
1033 2224 1066 2251 et

72 2270 268 2314 Pompeius
294 2282 437 2315 quoque
462 2276 641 2313 rogasset,
684 2276 723 2302 ut
744 2282 885 2304 causam
914 2270 1065 2314 Campa-

73 2333 157 2353 nam
176 2333 352 2354 servarem
372 2321 547 2364 integram
573 2322 618 2354 ad
638 2333 741 2354 suum
761 2323 972 2361 adventum,
1001 2333 1064 2365 ego

74 2371 272 2406 existimavi
289 2385 344 2406 me
360 2370 449 2405 nihil
463 2373 637 2406 facturum
655 2379 778 2405 contra
795 2373 1066 2418 rempublicam,

72 2424 121 2464 si,
148 2436 228 2457 cum
243 2435 381 2468 semper
396 2425 511 2458 bonus
528 2424 613 2458 civis
630 2424 773 2458 fuissem
784 2451 793 2465 ,
822 2425 938 2458 etiam·
950 2426 1065 2458 bonus

73 2475 129 2508 vir
161 2481 195 2508 et
222 2481 342 2519 gratus
376 2475 435 2516 iis,
479 2476 540 2521 qui
565 2488 621 2509 me
645 2476 900 2517 adiunxerant,
943 2489 1066 2517 essem,

74 2526 283 2570 praesertim
303 2537 382 2560 mm
400 2527 445 2568 ii,
473 2528 535 2573 qui
556 2528 670 2568 idem,
708 2528 804 2573 quod
830 2540 914 2572 ego,
949 2528 986 2561 in
1010 2540 1065 2561 re-

109 2643 158 2673 72)
176 2644 284 2673 finitur]
303 2644 351 2668 Ed.
373 2643 448 2668 1556.
467 2643 561 2668 finitur
580 2644 625 2670 ibi.

109 2687 158 2716 73)
177 2689 205 2711 et
222 2687 364 2717 Pompeio]
385 2687 426 2711 sic
443 2687 491 2710 Ed.
513 2687 604 2718 1556.3
628 2688 711 2712 Editt.
734 2689 825 2718 ¹565,
847 2689 920 2713 1569.
940 2689 967 2712 in
983 2688 1065 2712 Pom-

141 2722 219 2752 penu
245 2722 292 2747 Ed.
315 2722 390 2747 1577.
408 2721 546 2751 Pompeio.

1130 109 1179 145 IN
1211 109 1359 147 EPIST.
1392 110 1505 146 FAM.
1541 111 1624 148 CIC.
1660 113 1748 150 LIB.
1775 115 1801 151 Ι.
1835 116 1906 153 ΕΡ.
1929 120 1963 156 9.
2090 123 2140 162 54

1138 197 1277 240 publica
1296 197 1406 231 secuti
1420 204 1540 239 erant,
1568 200 1721 234 multum
1739 204 1935 246 gauderent
1945 206 2132 244 Caesarem

1136 255 1169 281 et
1190 249 1405 294 Pompeium
1431 262 1450 283 a
1477 262 1534 284 me
1560 251 1732 286 alienatos
1759 266 1850 295 esse,
1888 264 1940 298 et,
1979 265 2018 292 ut
2041 260 2131 295 mihi

1135 312 1277 345 quoque
1305 313 1408 345 aegre
1435 301 1571 347 aliquid
1594 304 1772 345 facerent,
1819 307 1983 343 Clodium
2008 324 2127 347 meum

1132 351 1317 386 inimicum
1343 365 1399 386 me
1423 353 1641 397 inspectante
1666 356 1829 390 soverent
1860 365 1893 392 et
1925 363 2127 397 oscularen-

1132 402 1256 450 tur7'4).
1311 404 1431 449 Quare
1447 417 1510 448 ego
1527 418 1606 439 cum
1624 406 1793 453 utrinque
1814 407 1902 442 mihi
1926 413 2125 455 periculum

1132 461 1238 495 esset,
1267 455 1374 488 aliani
1396 456 1573 489 rationem
1593 456 1846 493 instituendam
1864 474 1935 495 esse
1954 464 2056 505 duxi,
2085 478 2125 500 ac

1130 505 1159 538 si
1182 507 1437 550 rempublicam
1463 508 1506 540 ab
1537 508 1710 552 improbis
1733 510 1867 546 civibus
1890 515 2003 547 teneri
2027 516 2124 550 vide-

1130 568 1225 596 rem,
1253 558 1352 591 nullo
1379 559 1434 591 vel
1459 571 1537 592 meo
1562 559 1721 603 periculo
1747 562 1802 595 vel
1827 563 1970 598 illorum
1993 568 2121 601 merito

1130 608 1256 641 adduci
1274 621 1412 652 possem
1425 636 1433 649 ‚
1460 617 1499 643 ut
1516 623 1570 643 me
1591 612 1635 643 ad
1651 623 1774 645 eorum
1793 625 1933 648 causam
1952 618 2122 663 adiunge-

1128 670 1216 692 rem.
1269 660 1372 693 Nunc
1396 673 1475 693 cum
1494 660 1687 705 Pompeius
1706 664 1870 709 princeps
1888 674 1995 709 esset,
2023 671 2120 703 volui

1128 722 1245 742 meam
1271 711 1492 744 voluntatem
1518 713 1563 745 ad
1588 713 1661 746 eius
1685 714 1894 758 dignitatem
1916 730 2119 764 aggregare.

1126 759 1166 793 Id
1191 767 1308 794 autem
1334 762 1410 795 fieri
1436 775 1510 795 non
1536 764 1673 807 potuit,
1707 766 1775 799 nisi
1802 767 1906 801 etiam
1931 769 2118 805 Caesarem

1127 813 1392 856 complecterer.
1444 813 1527 847 Feci
1545 820 1662 847 autem
1680 815 1716 848 id
1740 830 1780 850 eo
1804 818 1990 861 libentius,
2020 825 2117 868 quod

1126 860 1215 896 mihi
1242 876 1320 897 cum
1348 877 1388 898 eo
1415 871 1514 898 vetus
1540 866 1713 907 amicitia,
1752 869 1864 903 multa
1890 871 1963 905 eius
1988 873 2024 905 in
2047 875 2117 907 fra-

1126 920 1214 947 trem
1232 928 1349 949 meum
1369 921 1402 949 et
1419 928 1475 949 me
1492 917 1617 950 merita
1638 925 1762 953 essent.
1807 920 1901 955 Tum
1919 924 2116 967 respubliCa

1126 965 1313 1000 videbatur
1345 968 1612 1001 contentionem
1648 981 1726 1002 cum
1763 968 1817 1005 his
1852 975 1999 1008 summis
2033 976 2116 1010 viris

1124 1017 1199 1049 fieri
1222 1019 1329 1053 nolle.
1390 1018 1579 1052 Praeterea
1603 1020 1797 1065 Pompeius
1821 1023 1856 1056 id
1883 1026 1925 1058 de
1950 1038 2006 1059 me
2030 1026 2116 1060 Cae-

1123 1069 1215 1109 sari,
1241 1069 1416 1114 Pompeio
1442 1077 1561 1104 autem
1579 1071 1689 1104 frater
1705 1072 1882 1117 pollicitus
1901 1083 1986 1111 erat.
2040 1077 2117 1111 Huc

1124 1120 1229 1153 etiam
1248 1121 1621 1166 impellebatPlatonis
1635 1125 1826 1158 sententia:
1853 1127 1983 1172 Quales
2000 1136 2114 1163 essent

1123 1171 1319 1216 principes,
1348 1174 1491 1206 eosdem
1510 1173 1602 1207 cives
1619 1186 1692 1208 esse
1712 1176 1838 1211 solere.

1225 1223 1318 1267 Quia
1350 1231 1467 1257 autem
1499 1225 1527 1257 si
1559 1226 1685 1269 optimi
1714 1234 1796 1260 sunt
1821 1228 1905 1269 viri,
1942 1231 2112 1274 putabam

1122 1286 1201 1306 curn
1219 1274 1433 1319 reipublicae
1450 1277 1639 1308 commodo
1658 1277 1751 1317 lieri,
1787 1279 1815 1312 si
1838 1292 1894 1311 me
1919 1282 1965 1312 ad
1987 1294 2112 1315 eorum

1121 1325 1278 1358 rationes
1310 1326 1563 1370 adIuligereln,
1604 1325 1709 1361 huius
1734 1331 1927 1364 sententiae
1953 1333 2112 1376 exempla

1120 1376 1296 1410 videbam.
1349 1376 1442 1410 Nam
1460 1390 1479 1410 a
1498 1389 1577 1410 meo
1597 1379 1783 1413 consulatu
1800 1394 1909 1427 usque
1926 1384 1970 1416 ad
1988 1384 2113 1417 Caesa-

1121 1440 1195 1460 rem
1216 1428 1336 1461 omuia
1356 1429 1549 1462 rectissime
1568 1429 1605 1461 in
1629 1437 1754 1464 senatu
1779 1439 1860 1465 sunt
1883 1440 1979 1474 acta,
2015 1435 2112 1480 quod

1120 1479 1205 1511 boni
1233 1479 1300 1511 viri
1325 1479 1363 1511 in
1389 1481 1569 1523 republica
1605 1481 1889 1518 dominarentur.
1955 1484 2113 1518 Econtra

1121 1531 1323 1564 consulibus
1340 1529 1495 1564 Gabinio
1521 1538 1554 1564 et
1577 1531 1708 1565 Pisone
1732 1534 1877 1568 nefariis
1901 1535 2035 1570 civibus
2062 1536 2112 1568 vi-

1120 1583 1199 1621 des,
1228 1588 1402 1627 quantum
1420 1582 1624 1615 detrimenti
1641 1584 1856 1628 reipublicae
1882 1592 1993 1621 status
2017 1600 2113 1620 acce-

1120 1633 1222 1677 perit.
1275 1633 1437 1667 Primum
1457 1646 1520 1678 ego
1538 1634 1679 1668 civitate
1697 1635 1825 1670 eiectus
1843 1649 1920 1671 sum
1933 1664 1942 1678 ,
1969 1638 2111 1671 nemine

1120 1691 1244 1728 agente
1262 1696 1404 1718 causam
1422 1698 1537 1718 meam
1550 1713 1558 1726 ‚
1588 1698 1807 1732 quamquam
1824 1694 1898 1722 tum
1917 1689 2111 1733 potuissem

1120 1736 1154 1768 vi
1170 1748 1226 1768 me
1243 1736 1451 1776 defendere,
1486 1737 1587 1770 nolui
1612 1744 1732 1771 tamen
1757 1739 1991 1774 seditionibus
2019 1753 2111 1774 rem-

1119 1787 1298 1832 publicam
1322 1789 1478 1821 turbare.
1532 1788 1637 1833 Quod
1662 1790 1690 1823 si
1715 1796 1789 1823 tum
1817 1804 1882 1835 pro
1905 1804 1961 1824 me
1991 1792 2113 1825 annixi

1120 1844 1235 1872 esseut
1265 1839 1442 1883 principes
1476 1838 1646 1880 civitatis,
1698 1841 1795 1875 cuius
1829 1843 2031 1877 consulatus
2063 1843 2111 1876 ita

1121 1889 1305 1923 muniisset
1328 1890 1606 1934 rempublicam,
1645 1904 1689 1925 ne
1714 1893 1799 1937 quid
1825 1894 1982 1938 improbi
2006 1896 2112 1927 aude-

1119 1947 1199 1974 rent
1215 1947 1350 1985 postea.
1402 1941 1534 1975 Verum
1555 1942 1637 1988 quia
1655 1943 1690 1976 id
1709 1956 1782 1977 nou
1800 1951 1850 1978 cst
1866 1946 2010 1985 factum,
2031 1952 2111 1989 post

1120 1992 1206 2025 illud
1234 1998 1334 2036 turpe
1362 1993 1553 2032 iudicium,
1587 2006 1657 2038 quo
1685 1995 1829 2028 Clodius
1855 1997 2035 2029 absolutus
2061 2003 2112 2029 est

1121 2057 1139 2076 a
1164 2043 1312 2076 crimine
1338 2044 1488 2076 violatae
1515 2043 1716 2088 religionis,
1759 2046 1856 2079 aliud
1887 2059 1960 2079 non
1992 2047 2110 2081 minus

1120 2102 1222 2139 turpe
1238 2093 1407 2127 iudicium
1433 2101 1483 2128 est
1506 2101 1684 2135 secutum,
1720 2103 1758 2129 ut
1782 2097 1875 2130 idem
1896 2098 2040 2131 Clodius
2067 2099 2109 2131 de

1119 2146 1292 2180 seditione
1318 2146 1355 2178 in
1377 2146 1456 2179 soro
1483 2146 1631 2179 excitata
1659 2160 1677 2180 a
1706 2148 1840 2181 Milone
1865 2155 1939 2181 tum
1966 2150 2108 2182 tribuno

1119 2198 1230 2242 plebis
1249 2203 1431 2231 accusatus
1448 2197 1701 2233 absolveretur.
1762 2199 1899 2232 Deinde
1924 2200 2029 2233 iidem
2058 2201 2110 2234 iu-

1119 2250 1212 2283 dices
1231 2249 1378 2282 domuin
1406 2261 1521 2282 meam
1549 2250 1704 2283 dedicari
1728 2258 1761 2283 et
1786 2251 1931 2284 inscribi
1953 2251 2110 2285 libertati

1119 2301 1212 2346 passi
1228 2307 1329 2345 sunt,
1358 2301 1458 2346 quasi
1480 2313 1543 2344 ego
1571 2314 1759 2345 oppressor
1782 2302 1954 2336 libertatis
1969 2304 2108 2337 fuerim.

1119 2353 1348 2398 Quamquam
1368 2359 1487 2385 autem
1514 2359 1652 2396 gratum
1680 2351 1769 2386 mihi
1792 2360 1842 2387 est
1870 2354 2011 2387 illorum
2036 2355 2110 2387 offi-

1120 2405 1232 2445 cium,
1278 2404 1339 2449 qui
1363 2416 1420 2436 me
1446 2404 1682 2444 restituerint,
1721 2411 1840 2438 tamen
1869 2405 2022 2450 optarim
2050 2419 2109 2439 eos

1120 2469 1262 2502 quoque
1282 2455 1319 2489 in
1337 2455 1482 2501 reliquis
1502 2455 1588 2489 meis
1606 2456 1711 2489 rebus
1730 2457 1981 2490 conservandis
1997 2469 2108 2502 aeque

1118 2508 1223 2542 fuisse
1241 2507 1437 2552 diligentes.
1492 2506 1594 2540 Nune
1616 2513 1733 2540 autem
1758 2515 1947 2553 postquam
1969 2509 2110 2542 restitu-

1118 2567 1173 2593 tus
1197 2572 1294 2599 sum,
1330 2558 1522 2602 sperabant
1545 2558 1690 2604 quidam
1718 2572 1775 2592 me
1800 2560 1960 2604 exemplo
1977 2559 2110 2593 Metelli

1119 2611 1270 2645 demisso
1288 2610 1410 2642 animo
1427 2609 1604 2649 futurum3
1632 2622 1755 2644 verum
1778 2611 1996 2656 respublica,
2019 2623 2109 2656 quae

1152 2720 1200 2748 74)
1221 2719 1426 2747 oscularentur]
1446 2717 1494 2741 Ed.
1516 2717 1592 2742 1577.
1611 2719 1698 2743 male:
1723 2719 1892 2744 osculentur.

1430 2750 1493 2787 4*
