2294 2975
87 113 157 148 119

84 206 158 231 tum
191 209 273 230 esse.
343 192 473 226 Similis
508 193 617 234 ligura
654 196 703 222 est
736 188 771 220 in
797 186 963 219 Caeliana
999 184 1071 229 epi-

85 249 172 283 stola
194 248 227 280 6.
258 247 314 279 lib.
335 245 386 283 8.,
422 244 481 277 ubi
508 255 570 287 pro
598 241 713 284 Appio
740 240 950 281 deprecatur
977 236 1072 280 apud

87 300 313 332 Ciceronem:
350 295 428 328 Scio
447 306 524 327 eum
544 292 605 324 tibi
626 302 698 323 non
717 302 787 322 esse
806 288 900 321 odio.
955 286 1072 332 Quam

87 349 170 383 velis
188 362 267 382 eum
288 347 443 390 obligare
462 343 593 386 (Ἥκω).

331 429 465 462 Aliud
501 429 822 468 argumentum.

188 499 344 543 Epistola
371 495 496 540 parlim
521 490 775 535 gratulatoria,
816 489 946 533 partim
975 499 1076 521 excu-

89 551 218 585 satoria
239 556 299 582 est.
353 546 560 580 Gratulatur
578 542 671 575 enim
696 541 851 586 primum
866 539 983 584 Appio
1003 539 1076 582 glo-

89 603 219 634 riosam
253 597 511 631 absolutionem
540 595 581 626 de
609 593 764 632 ambitu,
801 597 1011 636 excusatque
1042 602 1076 623 se

89 652 214 684 deinde
234 651 275 681 de
294 661 388 681 novo
410 644 641 679 matrimonio
667 644 757 677 tiliae
781 656 859 676 cum
878 641 1078 680 Dolabella,

89 716 106 735 a
127 714 196 747 quo
222 705 402 732 accusatus
428 704 502 730 erat
518 695 674 740 Appius,
709 695 798 728 sicut
817 706 924 738 supra
946 693 1077 725 dictum

90 760 137 786 est
155 751 300 796 epistola
321 751 378 784 10.
429 747 577 781 Exordii
596 747 673 779 loco
696 745 842 790 ponitur
869 743 1078 789 propositio,

91 815 179 849 quae
196 803 342 844 figurata
360 806 411 833 est
430 799 603 832 divisione
621 811 682 831 seu
699 797 913 841 partitione,
948 801 982 828 et
998 807 1079 827 con—

92 855 179 887 tinet
203 852 491 896 gratulationem.
553 848 648 881 Haec
670 848 842 892 repetitur
867 858 931 891 per
955 845 1080 889 ampli-

89 905 288 938 ficationem
302 930 311 943 ,
340 909 371 935 et
391 899 663 946 epiphonemate
680 898 867 932 clauditur.
913 898 1080 942 Sequitur

92 955 251 989 narratio
265 981 273 993 ,
305 966 394 998 quae
414 951 518 985 babet
535 951 795 984 excusationem
813 950 950 982 iunctae
969 947 1081 980 astini-

92 1007 172 1040 tatis
192 1019 269 1038 cum
288 1004 470 1037 Dolabella
498 1002 643 1034 inimico
658 1001 766 1045 Appii
794 1013 856 1044 per
880 999 1081 1032 translatio-

92 1071 185 1091 nem.
239 1056 381 1098 Colligit
399 1061 516 1087 autem
534 1053 632 1085 xaria
652 1058 880 1095 argumenta,
908 1063 998 1095 quae
1018 1050 1082 1081 im-

93 1110 244 1153 perfecta
266 1106 531 1152 quodammodo
558 1104 828 1148 relinquuntur,
863 1114 942 1133 cum
962 1114 1000 1133 ea
1022 1112 1082 1132 ne-

93 1173 160 1205 que
186 1158 268 1191 satis
294 1157 443 1201 explicet
464 1167 578 1200 neque
610 1155 804 1187 consu-met.
869 1152 1008 1185 Deinde
1038 1152 1082 1183 ad

92 1213 197 1243 tinem
217 1221 327 1253 usque
346 1209 457 1240 desert
473 1218 574 1239 suum
594 1204 748 1237 osticium
766 1215 902 1237 summa
922 1215 1000 1236 cum
1019 1200 1083 1235 bu-

93 1260 281 1299 manitate,
330 1266 451 1304 estque
482 1257 518 1289 in
555 1255 811 1300 pollicitatione
842 1254 947 1287 officii
981 1255 1082 1286 docta

94 1312 198 1345 simul
230 1317 262 1343 et
289 1316 389 1342 acuta
415 1307 566 1341 inversio
593 1308 634 1339 de
658 1318 719 1339 sua
746 1306 945 1344 voluntate,
988 1305 1083 1349 quod

94 1364 153 1395 illa
175 1361 342 1394 affinitate
360 1359 566 1393 Dolabellae
584 1355 674 1389 nihil
689 1357 860 1389 alienatus
876 1356 919 1389 sit
939 1367 1084 1399 prorsus

95 1414 138 1447 ab
155 1412 284 1457 Appio.

336 1492 472 1526 Aliud
507 1497 833 1535 argumentum.

196 1560 400 1605 Propositio
432 1566 483 1593 est
514 1561 662 1603 figurata
695 1558 795 1591 brevi
824 1556 1085 1597 distributione,

548 1610 648 1642 Ilanc
672 1610 831 1654 seqnitur
856 1608 1084 1652 amplificatio

96 1671 234 1709 sumpta
255 1676 295 1696 ex
313 1661 602 1700 circumstantiis,
631 1661 782 1693 maxime
804 1659 935 1692 mirum
960 1659 1085 1699 videri,

97 1717 192 1761 quod
221 1727 284 1747 nec
311 1713 454 1759 quidem
479 1712 522 1744 ab
548 1711 675 1744 invidis
700 1717 841 1744 notatus
869 1710 913 1743 sit
937 1709 1084 1754 Appius.

95 1767 233 1799 Deinde
256 1771 305 1798 cst
328 1776 419 1797 nova
445 1763 642 1807 propositio
668 1764 710 1794 de
734 1762 867 1806 nuptiis
891 1761 1030 1794 Tulliae
1052 1768 1085 1794 et

95 1817 312 1850 Dolabellae.
371 1814 523 1847 Excusat
542 1820 658 1846 autem
676 1814 806 1846 sactum
819 1840 828 1853 ‚
857 1819 890 1845 et
907 1812 1006 1845 addit
1023 1824 1084 1856 ap-

95 1868 343 1913 probationem
365 1866 583 1909 nuptiarum.
644 1863 833 1897 Interserta
860 1869 911 1896 est
936 1875 1084 1907 occupa-

95 1919 268 1957 tiuncula,
296 1930 331 1950 se
356 1916 453 1948 nullo
478 1916 606 1954 modo,
634 1916 661 1948 si
688 1916 862 1955 affuisset,
894 1914 1084 1958 permissu—

94 1983 172 2004 rum
189 1970 292 2003 fuisse
311 1967 478 2000 celebrari
498 1966 638 2010 nuptias
660 1978 701 1998 eo
722 1972 900 2010 tempore,
935 1978 1004 2010 quo
1032 1965 1084 1998 in-

94 2028 146 2054 ter
176 2020 331 2064 Appium
367 2024 400 2050 et
433 2017 655 2050 Dolabellam
687 2029 836 2060 magnae
875 2015 1082 2049 inimicitiae

94 2072 297 2105 extitissent.
358 2069 545 2102 Conclusio
571 2066 678 2101 habet
700 2068 950 2112 repetitionem
976 2068 1083 2101 totius

94 2123 164 2162 rei,
206 2123 249 2154 ad
282 2120 467 2154 consilium
492 2119 620 2164 Appii,
663 2124 696 2151 et
727 2118 1022 2163 pollicitationem
1046 2119 1083 2151 in

97 2173 260 2206 omnibus
277 2172 330 2206 sui
349 2171 465 2205 officii.

97 1620 216 1659 estque
243 1611 486 1656 gratulatoria.

145 2272 463 2316 Argumentum
501 2275 541 2301 et
576 2265 752 2301 scholia
786 2269 831 2300 in
859 2267 1032 2312 episto-

489 2320 526 2352 la
538 2333 571 2352 m
600 2317 690 2352 XIII.

194 2397 255 2432 Est
273 2396 527 2440 elegantissima
546 2395 711 2440 epistola;
746 2401 867 2440 estque
885 2394 1080 2437 gratiarum

95 2449 197 2483 actio.
251 2448 332 2491 Agit
347 2447 438 2479 enim
458 2447 605 2490 gratias,
635 2447 731 2491 quod
747 2445 884 2490 Appius
901 2457 1006 2478 ornax
1016 2446 1082 2478 erit

95 2502 301 2534 Ciceronem
321 2498 358 2529 in
374 2497 525 2530 ferendis
543 2496 724 2530 sententiis
734 2496 792 2542 ⁵¹).

127 2617 173 2642 50)
194 2615 247 2639 Cic.
267 2614 310 2638 ad.
329 2613 402 2637 Fam.
423 2612 495 2642 vm,
514 2612 540 2641 6,
562 2612 582 2636 1.

125 2659 249 2715 &pape
267 2656 455 2715 aii-effimentum
472 2654 610 2685 reperitur
628 2654 656 2679 in
668 2653 753 2680 Editt.
767 2655 972 2687 1537—1554.‚
993 2654 1079 2684 1557„

178 2700 193 2716 ο
230 2709 236 2715 .
246 2708 254 2723 ,
343 2707 349 2714 .

655 102 776 138 PHIL.
812 99 924 135 MEL.
958 97 1161 133 SCRIPTA
1195 95 1532 131 PlllLOLOGICA.

2041 94 2114 130 120

1229 180 1258 226 ἓ.
1282 183 1313 215 1.
1349 183 1453 223 Quasi
1472 179 1680 228 divinarem]
1715 179 1913 214 Exordium
1935 185 2117 224 sumptum

1126 245 1144 265 a
1163 233 1352 265 collatione
1371 232 1567 266 officiorum
1586 232 1767 266 Ciceronis
1790 239 1823 265 ct
1839 231 1966 276 Appii,
1999 231 2037 263 in
2059 241 2119 262 eo-

1457 286 1580 318 Dicam
1602 281 1732 330 tamen]
1766 283 1947 317 Narratio.
2035 283 2117 322 Quis

1126 337 1214 368 enim
1232 337 1275 368 ud
1291 332 1360 381 me]
1386 335 1591 379 Propositio
1609 334 1905 379 amplificationis.
1962 333 2120 376 Inse‘ym'u

1126 384 1235 432 enim]
1263 386 1369 418 Ratio
1389 398 1430 419 ex
1448 387 1525 418 loco
1543 386 1735 418 communi.

1232 435 1261 480 ξ’.
1285 439 1319 472 2.
1354 440 1445 471 Nam.
1472 438 1535 471 tibi
1557 435 1686 483 711e⁵²)]
1720 436 1883 470 VicIssim
1912 435 2023 468 desert
2045 433 2120 466 osti-

1129 488 1233 521 cium.
1340 490 1431 529 0110τί
1448 493 1559 521 {anien
1584 485 1711 534 ipsum]
1746 487 1840 520 Haec
1866 486 1950 519 dicit
1972 490 2120 529 propter

1129 539 1352 571 Dolabellam
1370 538 1428 584 5ιυῖ).
1538 541 1612 572 Hac
1635 551 1672 572 re
1696 536 1833 585 novata]
1870 538 1907 570 id
1932 542 2001 576 est,
2036 546 2120 567 con-

1131 596 1240 623 tracta
1261 603 1339 623 cum
1358 589 1557 623 Dolabella.
1610 587 1735 635 Istam)
1754 589 1875 622 omnia
1896 593 1983 621 tecte
1999 585 2096 620 dicit.

1126 285 1205 316 dem
1232 296 1370 327 genere.

1351 666 1492 700 A-liud
1519 665 1902 713 argumentumf’ff‘).

1234 735 1393 779 Epistola
1413 740 1463 767 est
1483 733 1646 778 inprimis
1665 733 1824 777 elegans,
1857 734 1894 765 in
1916 744 1985 778 qua
2003 730 2121 776 Appio

1133 786 1262 830 gratias
1281 787 1352 829 agit
1374 798 1439 829 pro
1458 785 1564 818 variis
1590 784 1711 818 officiis
1736 785 1772 816 in
1798 796 1832 817 se
1857 784 2056 822 absentem,
2090 787 2125 814 et

1133 838 1168 870 in
1188 850 1268 870 suos
1286 849 1408 870 omnes
1425 836 1572 870 collatis.
1625 835 1822 868 Exordium
1847 836 2036 878 figuratum
2060 838 2122 872 est,

1133 895 1313 932 sumptum
1343 901 1361 920 a
1395 887 1582 920 collatione
1613 887 1831 926 officiorum,
1866 885 2065 929 significans
2087 895 2122 917 se

1133 939 1287 972 maxima
1318 938 1489 983 accepisse
1519 938 1700 971 beneficia.
1760 937 1928 982 Sequitur
1949 935 2123 974 narratio,

1135 1003 1224 1035 quae
1258 996 1396 1023 constat
1424 989 1524 1021 brevi
1553 987 1821 1022 enumeratione
1857 986 2123 1021 beneficIOrum.

1134 1041 1342 1075 Nat-rationi
1373 1040 1557 1073 subiicitur
1586 1039 1784 1084 propositio
1815 1040 1857 1072 de
1880 1037 2124 1082 magnitudine

1134 1093 1385 1124 beneficiorum
1397 1117 1406 1130 ,
1435 1091 1552 1123 addita
1570 1091 1708 1122 ratione
1726 1102 1767 1122 cx
1782 1090 1860 1122 loco
1877 1087 2059 1122 communi
2081 1088 2124 1120 de

1135 1143 1260 1176 studiis
1291 1154 1513 1175 summorum
1544 1139 1817 1187 1101111111111156),
1867 1151 1958 1186 quae
1989 1139 2126 1183 praese-

1136 1195 1244 1226 reuda
1280 1199 1361 1226 sunt
1395 1192 1559 1225 omnibus
1596 1191 1836 1236 dignitatibus.
1912 1191 2041 1224 Postea
2075 1195 2127 1222 est

1136 1244 1346 1288 pollicitatio
1380 1249 1571 1287 perpetuae
1602 1242 1830 1286 gratitudinis
1861 1248 1895 1275 et
1926 1241 2126 1274 officiorum

1138 1295 1252 1328 omnis
1272 1295 1426 1338 generis,
1455 1294 1575 1326 addita
1601 1294 1903 1327 confutatiuncula
1920 1304 2034 1325 novae
2051 1291 2125 1323 asfi-

1136 1346 1258 1379 nitatis
1278 1358 1355 1378 cum
1373 1345 1569 1378 Dolabella.
1620 1344 1753 1392 11111110
1783 1345 1962 1389 eleganter
1985 1347 2127 1376 excusat

1136 1397 1345 1429 brevitatem
1368 1396 1580 1430 litterarum.

1385 1472 1520 1505 Aliud
1554 1478 1881 1516 argumentum.

1242 1540 1373 1572 Ultima
1401 1539 1548 1583 epistola
1576 1540 1672 1572 tertii
1697 1539 1778 1572 libri
1800 1537 1906 1572 habet
1930 1537 2126 1581 gratiarum

1139 1590 1326 1624 actionem.
1393 1591 1475 1634 Agit
1505 1590 1599 1623 enim
1623 1591 1772 1634 gratias,
1808 1591 1904 1636 quod
1930 1587 2125 1622 honorifice

1139 1648 1284 1675 ornatus
1301 1642 1345 1675 sit
1361 1643 1404 1674 ab
1419 1642 1537 1686 Appio
1549 1667 1557 1681 ,
1586 1642 1622 1674 in
1640 1641 1822 1675 sententiis
1840 1640 2005 1674 serendis.
2057 1638 2126 1672 Ex-

1140 1693 1279 1725 ordium
1324 1699 1505 1737 sumptum
1547 1699 1598 1725 est
1634 1704 1654 1725 a
1698 1692 1885 1725 collatione
1928 1691 2126 1725 officiorum

1138 1744 1321 1789 utriusque
1340 1744 1376 1776 in
1393 1745 1515 1776 eodem
1535 1756 1677 1787 genere:
1706 1743 1781 1787 Ego
1799 1744 1984 1787 diligenter
2004 1740 2125 1775 curavi

1138 1807 1192 1828 res
1209 1801 1307 1835 tuas,
1334 1801 1391 1834 ut,
1420 1808 1497 1827 cmn
1519 1801 1576 1827 tua
1595 1807 1702 1839 opera
1721 1792 1809 1827 1111111
1836 1800 1925 1828 esset
1950 1806 2058 1838 opus,
2086 1798 2126 1824 tu

1138 1845 1231 1878 idem
1255 1847 1406 1883 faceres;
1445 1858 1540 1878 nunc
1565 1853 1683 1878 autem
1706 1845 1864 1888 intelligo
1885 1852 1915 1878 te
1934 1845 2054 1878 omnia
2074 1843 2125 1876 of-

1136 1897 1212 1929 ficia
1244 1910 1321 1929 mea
1354 1909 1546 1941 superasse.
1615 1896 1781 1942 Sequitur
1804 1897 1921 1930 brevis
1951 1895 2124 1933 narratio,

1138 1947 1222 1992 quid
1242 1948 1351 1992 egerit
1368 1948 1504 1992 Appius
1521 1960 1586 1992 pro
1605 1947 1787 1982 Cicerone.
1837 1947 1924 1981 Post
1946 1947 2124 1980 narratio-

1136 2011 1218 2031 nem
1252 2005 1302 2032 est
1331 1999 1551 2043 propositio,
1602 2000 1697 2044 quod
1728 1996 1795 2031 boc
1826 1999 1982 2032 officium
2018 1997 2125 2032 fuerit

1136 2050 1240 2093 longe
1263 2050 1513 2094 gratissimum.
1572 2049 1679 2082 Ratio
1704 2050 1960 2094 propositionis
1984 2055 2126 2094 sumpta

1137 2107 1244 2134 estex
1266 2102 1343 2133 loco
1369 2100 1565 2134 comnmni:
1601 2101 1692 2145 Quia
1718 2101 1845 2133 iudicia
1872 2101 2049 2134 bonorum
2075 2100 2127 2132 vi-

1136 2164 1258 2184 rorum
1278 2152 1382 2195 longe
1398 2153 1509 2196 pluris
1527 2151 1685 2185 facienda
1702 2158 1803 2191 sunt,
1839 2164 1946 2196 quam
1973 2152 2035 2185 ulli
2061 2149 2126 2184 ho-

1136 2215 1252 2236 nores.
1306 2203 1443 2236 Deinde
1468 2203 1620 2236 x‘icissim
1642 2202 1806 2248 desei-tm)
1829 2215 1931 2236 suum
1959 2203 2125 2237 officium.

1169 2302 1216 2334 52)
1237 2303 1290 2326 Pro
1315 2303 1356 2326 luis
1381 2302 1437 2327 Cic.
1463 2302 1554 2326 verbis
1581 2302 1606 2325 in
1631 2301 1714 2326 Edltt.
1736 2302 1827 2334 15⁴5„
1860 2303 1934 2327 1560.
1958 2302 2018 2327 huic
2042 2305 2126 2328 notae

1204 2337 1327 2367 praefixa
1346 2338 1411 2360 sunt
1430 2338 1528 2360 verba:
1554 2336 1602 2360 Me
1618 2335 1767 2366 profiteor.

1168 2380 1218 2408 53)
1238 2380 1422 2407 Dolabellam]
1441 2379 1490 2404 Ed.
1512 2379 1586 2403 1540.
1612 2379 1790 2404 Dolabellam.

1167 2423 1215 2450 54]
1236 2422 1307 2450 lsta]
1327 2422 1366 2444 sie
1387 2422 1468 2444 Editt.
1490 2422 1575 2446 1537..
1600 2422 1685 2450 1545,
1707 2422 1800 2453 1560.;
1821 2423 1902 2447 Editt.
1924 2423 2014 2455 1540„
2036 2424 2122 2455 1544,

1204 2456 1277 2480 1554.
1289 2472 1297 2487 ‚
1317 2455 1391 2479 1557.
1410 2455 1467 2478 lsta
1485 2458 1583 2479 autem.

1168 2500 1216 2528 55)
1236 2500 1293 2522 Hoc
1314 2500 1504 2528 argumentum
1525 2500 1551 2522 et
1571 2499 1622 2523 (1110
1638 2500 1780 2530 sequentia
1798 2500 1826 2524 in
1846 2500 2034 2532 Editt.1556.,
2055 2501 2124 2526 1565

1201 2533 1318 2556 -1596.
1337 2533 1521 2562 reperiuntur.

1166 2575 1383 2634 56)0l;0mi11um]
1403 2575 1444 2599 sic
1467 2576 1543 2599 recte
1560 2576 1610 2600 Ed.
1630 2576 1723 2608 1556.;
1753 2576 1837 2601 Editt.
1857 2576 2045 2602 1565-1577.
2071 2578 2122 2602 bo-

1201 2616 1218 2633 n
1254 2616 1304 2634 11111.

1165 2652 1212 2680 57]
1231 2651 1349 2675 vicissim
1369 2651 1472 2681 desert]
1497 2651 1537 2677 sic
1556 2652 1606 2678 Ed.
1627 2652 1718 2685 1556.;
1748 2652 1831 2679 Editt.
1853 2653 2046 2679 1565—1577.
2070 2654 2119 2679 de-

1199 2687 1255 2710 sert
1273 2685 1404 2710 vicissim.

2266 2733 2275 2975 --——-
2271 2718 2276 2725 ,
2266 2463 2274 2587 ...ἢ
