<?xml version="1.0" encoding="UTF-8"?>
<!DOCTYPE html PUBLIC "-//W3C//DTD XHTML 1.0 Transitional//EN"
    "http://www.w3.org/TR/xhtml1/DTD/xhtml1-transitional.dtd">
<html xmlns="http://www.w3.org/1999/xhtml" xml:lang="en" lang="en">
 <head>
  <title>
</title>
<meta http-equiv="Content-Type" content="text/html;charset=utf-8" />
  <meta name='ocr-system' content='tesseract 3.04.00' />
  <meta name='ocr-capabilities' content='ocr_page ocr_carea ocr_par ocr_line ocrx_word'/>
</head>
<body>
  <div class='ocr_page' id='page_1' title='image "./operaquaesupersu17melauoft_0019.png"; bbox 0 0 2294 2975; ppageno 0'>
   <div class='ocr_carea' id='block_1_1' title="bbox 89 114 2121 164">
    <p class='ocr_par' dir='ltr' id='par_1_1' title="bbox 89 114 2121 164">
     <span class='ocr_line' id='line_1_1' title="bbox 89 114 2121 164; baseline -0.007 0"><span class='ocrx_word' id='word_1_1' title='bbox 89 129 136 164; x_wconf 79' lang='lat'>13</span> <span class='ocrx_word' id='word_1_2' title='bbox 196 125 318 162; x_wconf 85' lang='lat' dir='ltr'>XXIH.</span> <span class='ocrx_word' id='word_1_3' title='bbox 370 121 680 158; x_wconf 73' lang='lat' dir='ltr'><strong>ARGUMENTA</strong></span> <span class='ocrx_word' id='word_1_4' title='bbox 713 120 779 155; x_wconf 90' lang='lat' dir='ltr'>ET</span> <span class='ocrx_word' id='word_1_5' title='bbox 815 117 1020 156; x_wconf 83' lang='lat' dir='ltr'>SCHOLIA</span> <span class='ocrx_word' id='word_1_6' title='bbox 1051 116 1101 153; x_wconf 91' lang='lat' dir='ltr'>IN</span> <span class='ocrx_word' id='word_1_7' title='bbox 1138 116 1387 155; x_wconf 70' lang='lat' dir='ltr'>CICERONIS</span> <span class='ocrx_word' id='word_1_8' title='bbox 1422 114 1685 154; x_wconf 68' lang='lat' dir='ltr'><strong>EPISTOLAS</strong></span> <span class='ocrx_word' id='word_1_9' title='bbox 1716 114 2014 153; x_wconf 71' lang='lat' dir='ltr'><strong>FAMILIARES.</strong></span> <span class='ocrx_word' id='word_1_10' title='bbox 2075 114 2121 150; x_wconf 77' lang='lat'>14</span> 
     </span>
    </p>
   </div>
   <div class='ocr_carea' id='block_1_2' title="bbox 261 205 1875 246">
    <p class='ocr_par' dir='ltr' id='par_1_2' title="bbox 261 205 1875 246">
     <span class='ocr_line' id='line_1_2' title="bbox 261 205 1875 246; baseline -0.005 -5"><span class='ocrx_word' id='word_1_11' title='bbox 261 213 324 241; x_wconf 88' lang='lat' dir='ltr'>Hae</span> <span class='ocrx_word' id='word_1_12' title='bbox 347 210 505 245; x_wconf 79' lang='lat' dir='ltr'>editiones,</span> <span class='ocrx_word' id='word_1_13' title='bbox 536 208 612 246; x_wconf 84' lang='lat' dir='ltr'>quod</span> <span class='ocrx_word' id='word_1_14' title='bbox 636 207 673 237; x_wconf 87' lang='lat' dir='ltr'>ad</span> <span class='ocrx_word' id='word_1_15' title='bbox 696 207 894 236; x_wconf 86' lang='lat' dir='ltr'>Melanthonis</span> <span class='ocrx_word' id='word_1_16' title='bbox 918 207 1117 235; x_wconf 83' lang='lat' dir='ltr'>enarrationes</span> <span class='ocrx_word' id='word_1_17' title='bbox 1140 207 1262 243; x_wconf 76' lang='lat' dir='ltr'>attinet,</span> <span class='ocrx_word' id='word_1_18' title='bbox 1291 207 1344 235; x_wconf 89' lang='lat' dir='ltr'>hoc</span> <span class='ocrx_word' id='word_1_19' title='bbox 1367 206 1433 235; x_wconf 87' lang='lat' dir='ltr'>sere</span> <span class='ocrx_word' id='word_1_20' title='bbox 1456 207 1541 235; x_wconf 86' lang='lat' dir='ltr'>modo</span> <span class='ocrx_word' id='word_1_21' title='bbox 1565 207 1643 234; x_wconf 88' lang='lat' dir='ltr'>inter</span> <span class='ocrx_word' id='word_1_22' title='bbox 1665 214 1697 234; x_wconf 87' lang='lat' dir='ltr'>se</span> <span class='ocrx_word' id='word_1_23' title='bbox 1720 205 1875 233; x_wconf 80' lang='lat' dir='ltr'>differunt:</span> 
     </span>
    </p>
   </div>
   <div class='ocr_carea' id='block_1_3' title="bbox 134 246 2119 295">
    <p class='ocr_par' dir='ltr' id='par_1_3' title="bbox 134 246 2119 295">
     <span class='ocr_line' id='line_1_3' title="bbox 134 246 2119 295; baseline -0.006 -9"><span class='ocrx_word' id='word_1_24' title='bbox 134 255 169 295; x_wconf 90' lang='lat'>1)</span> <span class='ocrx_word' id='word_1_25' title='bbox 193 256 284 285; x_wconf 84' lang='lat' dir='ltr'>Editt.</span> <span class='ocrx_word' id='word_1_26' title='bbox 311 252 420 289; x_wconf 64' lang='lat'>1537„</span> <span class='ocrx_word' id='word_1_27' title='bbox 444 250 554 288; x_wconf 64' lang='lat'>1540„</span> <span class='ocrx_word' id='word_1_28' title='bbox 579 250 689 288; x_wconf 67' lang='grc'><strong>1544,</strong></span> <span class='ocrx_word' id='word_1_29' title='bbox 713 249 826 287; x_wconf 67' lang='grc'><strong>1545,</strong></span> <span class='ocrx_word' id='word_1_30' title='bbox 848 248 958 286; x_wconf 87' lang='grc'><strong>1546.,</strong></span> <span class='ocrx_word' id='word_1_31' title='bbox 982 248 1091 285; x_wconf 80' lang='grc'><strong>1554.,</strong></span> <span class='ocrx_word' id='word_1_32' title='bbox 1116 249 1228 287; x_wconf 85' lang='grc'><strong>1557.,</strong></span> <span class='ocrx_word' id='word_1_33' title='bbox 1252 248 1362 286; x_wconf 64' lang='grc'><strong>1560,</strong></span> <span class='ocrx_word' id='word_1_34' title='bbox 1387 248 1479 279; x_wconf 87' lang='grc'><strong>1601.</strong></span> <span class='ocrx_word' id='word_1_35' title='bbox 1511 250 1661 276; x_wconf 79' lang='lat' dir='ltr'>continent</span> <span class='ocrx_word' id='word_1_36' title='bbox 1685 249 1747 276; x_wconf 87' lang='lat' dir='ltr'>eius</span> <span class='ocrx_word' id='word_1_37' title='bbox 1767 253 1940 286; x_wconf 82' lang='lat' dir='ltr'>argumenta</span> <span class='ocrx_word' id='word_1_38' title='bbox 1963 246 1991 274; x_wconf 88' lang='lat' dir='ltr'>in</span> <span class='ocrx_word' id='word_1_39' title='bbox 2016 255 2119 284; x_wconf 85' lang='lat' dir='ltr'>quam-</span> 
     </span>
    </p>
   </div>
   <div class='ocr_carea' id='block_1_4' title="bbox 174 293 821 337">
    <p class='ocr_par' dir='ltr' id='par_1_4' title="bbox 174 293 821 337">
     <span class='ocr_line' id='line_1_4' title="bbox 174 293 821 337; baseline -0.008 -10"><span class='ocrx_word' id='word_1_40' title='bbox 174 307 233 337; x_wconf 86' lang='lat' dir='ltr'>que</span> <span class='ocrx_word' id='word_1_41' title='bbox 256 297 407 336; x_wconf 87' lang='lat' dir='ltr'>epistolam</span> <span class='ocrx_word' id='word_1_42' title='bbox 431 294 562 332; x_wconf 87' lang='lat' dir='ltr'>singula,</span> <span class='ocrx_word' id='word_1_43' title='bbox 590 299 679 332; x_wconf 87' lang='lat' dir='ltr'>atque</span> <span class='ocrx_word' id='word_1_44' title='bbox 702 293 821 322; x_wconf 87' lang='lat' dir='ltr'>scholia.</span> 
     </span>
    </p>
   </div>
   <div class='ocr_carea' id='block_1_5' title="bbox 866 292 1723 330">
    <p class='ocr_par' dir='ltr' id='par_1_5' title="bbox 866 292 1723 330">
     <span class='ocr_line' id='line_1_5' title="bbox 866 292 1723 330; baseline -0.004 -8"><span class='ocrx_word' id='word_1_45' title='bbox 866 293 999 330; x_wconf 86' lang='lat' dir='ltr'>Utraque</span> <span class='ocrx_word' id='word_1_46' title='bbox 1023 298 1118 320; x_wconf 86' lang='lat' dir='ltr'>autem</span> <span class='ocrx_word' id='word_1_47' title='bbox 1143 293 1171 319; x_wconf 91' lang='lat' dir='ltr'>in</span> <span class='ocrx_word' id='word_1_48' title='bbox 1196 292 1239 320; x_wconf 91' lang='lat' dir='ltr'>his</span> <span class='ocrx_word' id='word_1_49' title='bbox 1261 292 1352 321; x_wconf 88' lang='lat' dir='ltr'>Editt.</span> <span class='ocrx_word' id='word_1_50' title='bbox 1377 294 1457 320; x_wconf 86' lang='lat' dir='ltr'>varie</span> <span class='ocrx_word' id='word_1_51' title='bbox 1480 292 1619 330; x_wconf 85' lang='lat' dir='ltr'>disposita</span> <span class='ocrx_word' id='word_1_52' title='bbox 1642 298 1723 319; x_wconf 86' lang='lat' dir='ltr'>sunt:</span> 
     </span>
    </p>
   </div>
   <div class='ocr_carea' id='block_1_6' title="bbox 217 332 2118 417">
    <p class='ocr_par' dir='ltr' id='par_1_6' title="bbox 217 332 2118 417">
     <span class='ocr_line' id='line_1_6' title="bbox 217 332 2118 379; baseline -0.005 -11"><span class='ocrx_word' id='word_1_53' title='bbox 217 339 255 379; x_wconf 86' lang='grc' dir='ltr'>α)</span> <span class='ocrx_word' id='word_1_54' title='bbox 277 341 305 367; x_wconf 93' lang='lat' dir='ltr'>in</span> <span class='ocrx_word' id='word_1_55' title='bbox 328 339 384 367; x_wconf 91' lang='lat' dir='ltr'>Ed.</span> <span class='ocrx_word' id='word_1_56' title='bbox 411 335 501 366; x_wconf 80' lang='grc'><strong>1537.</strong></span> <span class='ocrx_word' id='word_1_57' title='bbox 523 342 697 374; x_wconf 78' lang='lat' dir='ltr'>argumenta</span> <span class='ocrx_word' id='word_1_58' title='bbox 722 336 865 374; x_wconf 81' lang='lat' dir='ltr'>pleraque</span> <span class='ocrx_word' id='word_1_59' title='bbox 889 334 1019 373; x_wconf 85' lang='lat' dir='ltr'>epistolis</span> <span class='ocrx_word' id='word_1_60' title='bbox 1042 335 1242 372; x_wconf 82' lang='lat' dir='ltr'>superposita,</span> <span class='ocrx_word' id='word_1_61' title='bbox 1279 335 1421 363; x_wconf 86' lang='lat' dir='ltr'>nonnulla</span> <span class='ocrx_word' id='word_1_62' title='bbox 1451 336 1531 363; x_wconf 87' lang='lat' dir='ltr'>initio</span> <span class='ocrx_word' id='word_1_63' title='bbox 1556 334 1744 371; x_wconf 87' lang='lat' dir='ltr'>epistolarum</span> <span class='ocrx_word' id='word_1_64' title='bbox 1767 333 1796 360; x_wconf 91' lang='lat' dir='ltr'>in</span> <span class='ocrx_word' id='word_1_65' title='bbox 1820 333 1953 370; x_wconf 79' lang='lat' dir='ltr'>margine</span> <span class='ocrx_word' id='word_1_66' title='bbox 1976 332 2118 369; x_wconf 82' lang='lat' dir='ltr'>apposita,</span> 
     </span>
     <span class='ocr_line' id='line_1_7' title="bbox 261 375 2116 417; baseline -0.004 -8"><span class='ocrx_word' id='word_1_67' title='bbox 261 382 370 410; x_wconf 85' lang='lat' dir='ltr'>scholia</span> <span class='ocrx_word' id='word_1_68' title='bbox 391 386 488 408; x_wconf 86' lang='lat' dir='ltr'>autem</span> <span class='ocrx_word' id='word_1_69' title='bbox 512 379 628 407; x_wconf 88' lang='lat' dir='ltr'>minima</span> <span class='ocrx_word' id='word_1_70' title='bbox 650 387 687 407; x_wconf 84' lang='lat' dir='ltr'>ex</span> <span class='ocrx_word' id='word_1_71' title='bbox 709 384 794 417; x_wconf 88' lang='lat' dir='ltr'>parte</span> <span class='ocrx_word' id='word_1_72' title='bbox 816 379 997 416; x_wconf 83' lang='lat' dir='ltr'>argumentis</span> <span class='ocrx_word' id='word_1_73' title='bbox 1019 378 1171 414; x_wconf 81' lang='lat' dir='ltr'>adiuncta,</span> <span class='ocrx_word' id='word_1_74' title='bbox 1209 378 1335 416; x_wconf 85' lang='lat' dir='ltr'>plurima</span> <span class='ocrx_word' id='word_1_75' title='bbox 1359 379 1387 406; x_wconf 91' lang='lat' dir='ltr'>in</span> <span class='ocrx_word' id='word_1_76' title='bbox 1411 378 1544 416; x_wconf 78' lang='lat' dir='ltr'>margine</span> <span class='ocrx_word' id='word_1_77' title='bbox 1567 377 1715 405; x_wconf 86' lang='lat' dir='ltr'>Ciceronis</span> <span class='ocrx_word' id='word_1_78' title='bbox 1739 376 1848 411; x_wconf 74' lang='lat' dir='ltr'>verbis,</span> <span class='ocrx_word' id='word_1_79' title='bbox 1885 375 1922 403; x_wconf 85' lang='lat' dir='ltr'>ad</span> <span class='ocrx_word' id='word_1_80' title='bbox 1947 384 2022 412; x_wconf 84' lang='lat' dir='ltr'>quae</span> <span class='ocrx_word' id='word_1_81' title='bbox 2047 383 2116 411; x_wconf 85' lang='lat' dir='ltr'>per-</span> 
     </span>
    </p>
   </div>
   <div class='ocr_carea' id='block_1_7' title="bbox 260 422 643 459">
    <p class='ocr_par' dir='ltr' id='par_1_7' title="bbox 260 422 643 459">
     <span class='ocr_line' id='line_1_8' title="bbox 260 422 643 459; baseline -0.008 -7"><span class='ocrx_word' id='word_1_82' title='bbox 260 425 373 458; x_wconf 81' lang='lat' dir='ltr'>tinent,</span> <span class='ocrx_word' id='word_1_83' title='bbox 398 422 543 459; x_wconf 85' lang='lat' dir='ltr'>adscripta</span> <span class='ocrx_word' id='word_1_84' title='bbox 567 428 643 450; x_wconf 83' lang='lat' dir='ltr'>sunt.</span> 
     </span>
    </p>
   </div>
   <div class='ocr_carea' id='block_1_8' title="bbox 217 459 2116 506">
    <p class='ocr_par' dir='ltr' id='par_1_8' title="bbox 217 459 2116 506">
     <span class='ocr_line' id='line_1_9' title="bbox 217 459 2116 506; baseline -0.005 -11"><span class='ocrx_word' id='word_1_85' title='bbox 217 465 252 506; x_wconf 80' lang='lat' dir='ltr'>b)</span> <span class='ocrx_word' id='word_1_86' title='bbox 275 468 304 495; x_wconf 92' lang='lat' dir='ltr'>in</span> <span class='ocrx_word' id='word_1_87' title='bbox 327 467 382 494; x_wconf 91' lang='lat' dir='ltr'>Ed.</span> <span class='ocrx_word' id='word_1_88' title='bbox 398 464 510 501; x_wconf 64' lang='lat'>1510„</span> <span class='ocrx_word' id='word_1_89' title='bbox 533 473 608 502; x_wconf 87' lang='lat' dir='ltr'>quae</span> <span class='ocrx_word' id='word_1_90' title='bbox 631 468 714 493; x_wconf 89' lang='lat' dir='ltr'>textu</span> <span class='ocrx_word' id='word_1_91' title='bbox 738 467 834 500; x_wconf 87' lang='lat' dir='ltr'>caret,</span> <span class='ocrx_word' id='word_1_92' title='bbox 856 464 952 492; x_wconf 85' lang='lat' dir='ltr'>omnia</span> <span class='ocrx_word' id='word_1_93' title='bbox 973 462 1083 492; x_wconf 89' lang='lat' dir='ltr'>scholia</span> <span class='ocrx_word' id='word_1_94' title='bbox 1105 463 1209 492; x_wconf 86' lang='lat' dir='ltr'>additis</span> <span class='ocrx_word' id='word_1_95' title='bbox 1224 463 1285 492; x_wconf 86' lang='lat' dir='ltr'>Cic.</span> <span class='ocrx_word' id='word_1_96' title='bbox 1310 463 1422 500; x_wconf 72' lang='lat' dir='ltr'>verbis,</span> <span class='ocrx_word' id='word_1_97' title='bbox 1445 462 1482 491; x_wconf 85' lang='lat' dir='ltr'>ad</span> <span class='ocrx_word' id='word_1_98' title='bbox 1505 470 1580 500; x_wconf 86' lang='lat' dir='ltr'>quae</span> <span class='ocrx_word' id='word_1_99' title='bbox 1603 461 1770 500; x_wconf 83' lang='lat' dir='ltr'>pertinent,</span> <span class='ocrx_word' id='word_1_100' title='bbox 1793 464 1995 499; x_wconf 80' lang='lat' dir='ltr'>argumentum</span> <span class='ocrx_word' id='word_1_101' title='bbox 2019 459 2116 487; x_wconf 88' lang='lat' dir='ltr'>cuius-</span> 
     </span>
    </p>
   </div>
   <div class='ocr_carea' id='block_1_9' title="bbox 257 507 892 547">
    <p class='ocr_par' dir='ltr' id='par_1_9' title="bbox 257 507 892 547">
     <span class='ocr_line' id='line_1_10' title="bbox 257 507 892 547; baseline -0.003 -10"><span class='ocrx_word' id='word_1_102' title='bbox 257 518 315 547; x_wconf 87' lang='lat' dir='ltr'>que</span> <span class='ocrx_word' id='word_1_103' title='bbox 338 509 479 546; x_wconf 86' lang='lat' dir='ltr'>epistolae</span> <span class='ocrx_word' id='word_1_104' title='bbox 504 508 643 544; x_wconf 81' lang='lat' dir='ltr'>deinceps</span> <span class='ocrx_word' id='word_1_105' title='bbox 666 507 892 543; x_wconf 86' lang='lat' dir='ltr'>subsequuntur.</span> 
     </span>
    </p>
   </div>
   <div class='ocr_carea' id='block_1_10' title="bbox 216 544 2116 843">
    <p class='ocr_par' dir='ltr' id='par_1_10' title="bbox 219 544 2116 630">
     <span class='ocr_line' id='line_1_11' title="bbox 219 544 2116 591; baseline -0.005 -11"><span class='ocrx_word' id='word_1_106' title='bbox 219 550 252 591; x_wconf 88' lang='lat' dir='ltr'>c)</span> <span class='ocrx_word' id='word_1_107' title='bbox 275 554 303 580; x_wconf 90' lang='lat' dir='ltr'>in</span> <span class='ocrx_word' id='word_1_108' title='bbox 318 551 410 579; x_wconf 84' lang='lat' dir='ltr'>Editt.</span> <span class='ocrx_word' id='word_1_109' title='bbox 429 549 539 588; x_wconf 54' lang='lat'>1544„</span> <span class='ocrx_word' id='word_1_110' title='bbox 565 549 671 587; x_wconf 61' lang='lat'>1554„</span> <span class='ocrx_word' id='word_1_111' title='bbox 695 547 787 578; x_wconf 77' lang='lat'>1557.</span> <span class='ocrx_word' id='word_1_112' title='bbox 810 553 981 587; x_wconf 80' lang='lat' dir='ltr'>argumenta</span> <span class='ocrx_word' id='word_1_113' title='bbox 1004 554 1035 576; x_wconf 88' lang='lat' dir='ltr'>et</span> <span class='ocrx_word' id='word_1_114' title='bbox 1056 547 1181 585; x_wconf 85' lang='lat' dir='ltr'>scholia,</span> <span class='ocrx_word' id='word_1_115' title='bbox 1206 548 1307 586; x_wconf 88' lang='lat' dir='ltr'>quibus</span> <span class='ocrx_word' id='word_1_116' title='bbox 1322 549 1382 577; x_wconf 85' lang='lat' dir='ltr'>Cic.</span> <span class='ocrx_word' id='word_1_117' title='bbox 1406 548 1512 585; x_wconf 71' lang='lat' dir='ltr'>verba,</span> <span class='ocrx_word' id='word_1_118' title='bbox 1535 547 1571 575; x_wconf 90' lang='lat' dir='ltr'>ad</span> <span class='ocrx_word' id='word_1_119' title='bbox 1595 556 1670 586; x_wconf 86' lang='lat' dir='ltr'>quae</span> <span class='ocrx_word' id='word_1_120' title='bbox 1693 547 1861 585; x_wconf 86' lang='lat' dir='ltr'>pertinent,</span> <span class='ocrx_word' id='word_1_121' title='bbox 1883 544 2016 583; x_wconf 79' lang='lat' dir='ltr'>praefixa</span> <span class='ocrx_word' id='word_1_122' title='bbox 2039 549 2116 579; x_wconf 85' lang='lat' dir='ltr'>sunt,</span> 
     </span>
     <span class='ocr_line' id='line_1_12' title="bbox 262 590 1696 630; baseline -0.002 -8"><span class='ocrx_word' id='word_1_123' title='bbox 262 600 311 623; x_wconf 81' lang='lat' dir='ltr'>aut</span> <span class='ocrx_word' id='word_1_124' title='bbox 336 599 421 630; x_wconf 88' lang='lat' dir='ltr'>ante,</span> <span class='ocrx_word' id='word_1_125' title='bbox 447 599 496 621; x_wconf 88' lang='lat' dir='ltr'>aut</span> <span class='ocrx_word' id='word_1_126' title='bbox 518 593 615 628; x_wconf 82' lang='lat' dir='ltr'>iuxta,</span> <span class='ocrx_word' id='word_1_127' title='bbox 644 598 693 620; x_wconf 89' lang='lat' dir='ltr'>aut</span> <span class='ocrx_word' id='word_1_128' title='bbox 719 597 783 629; x_wconf 88' lang='lat' dir='ltr'>post</span> <span class='ocrx_word' id='word_1_129' title='bbox 805 597 918 620; x_wconf 82' lang='lat' dir='ltr'>textum</span> <span class='ocrx_word' id='word_1_130' title='bbox 942 597 1009 619; x_wconf 90' lang='lat' dir='ltr'>sunt</span> <span class='ocrx_word' id='word_1_131' title='bbox 1032 591 1187 627; x_wconf 88' lang='lat' dir='ltr'>collocata,</span> <span class='ocrx_word' id='word_1_132' title='bbox 1216 592 1342 619; x_wconf 87' lang='lat' dir='ltr'>auctoris</span> <span class='ocrx_word' id='word_1_133' title='bbox 1364 591 1481 618; x_wconf 89' lang='lat' dir='ltr'>nomine</span> <span class='ocrx_word' id='word_1_134' title='bbox 1504 590 1696 628; x_wconf 88' lang='lat' dir='ltr'>superposito.</span> 
     </span>
    </p>

    <p class='ocr_par' dir='ltr' id='par_1_11' title="bbox 219 628 2115 715">
     <span class='ocr_line' id='line_1_13' title="bbox 219 628 2115 677; baseline -0.005 -12"><span class='ocrx_word' id='word_1_135' title='bbox 219 635 255 677; x_wconf 82' lang='lat' dir='ltr'>d)</span> <span class='ocrx_word' id='word_1_136' title='bbox 278 638 305 665; x_wconf 90' lang='lat' dir='ltr'>in</span> <span class='ocrx_word' id='word_1_137' title='bbox 329 636 420 664; x_wconf 87' lang='lat' dir='ltr'>Editt.</span> <span class='ocrx_word' id='word_1_138' title='bbox 443 634 554 671; x_wconf 63' lang='lat'>1545„</span> <span class='ocrx_word' id='word_1_139' title='bbox 576 634 667 664; x_wconf 80' lang='lat'>1560.</span> <span class='ocrx_word' id='word_1_140' title='bbox 692 632 721 662; x_wconf 89' lang='lat' dir='ltr'>in</span> <span class='ocrx_word' id='word_1_141' title='bbox 746 634 805 662; x_wconf 88' lang='lat' dir='ltr'>fine</span> <span class='ocrx_word' id='word_1_142' title='bbox 829 635 916 663; x_wconf 87' lang='lat' dir='ltr'>totius</span> <span class='ocrx_word' id='word_1_143' title='bbox 938 634 1127 671; x_wconf 83' lang='lat' dir='ltr'>epistolarum</span> <span class='ocrx_word' id='word_1_144' title='bbox 1156 633 1344 661; x_wconf 79' lang='lat' dir='ltr'>familiarium</span> <span class='ocrx_word' id='word_1_145' title='bbox 1367 633 1560 670; x_wconf 83' lang='lat' dir='ltr'>collectionis,</span> <span class='ocrx_word' id='word_1_146' title='bbox 1596 637 1772 670; x_wconf 82' lang='lat' dir='ltr'>argumenta</span> <span class='ocrx_word' id='word_1_147' title='bbox 1794 636 1824 660; x_wconf 92' lang='lat' dir='ltr'>et</span> <span class='ocrx_word' id='word_1_148' title='bbox 1846 630 1970 667; x_wconf 86' lang='lat' dir='ltr'>scholia,</span> <span class='ocrx_word' id='word_1_149' title='bbox 2008 628 2115 657; x_wconf 84' lang='lat' dir='ltr'>additis</span> 
     </span>
     <span class='ocr_line' id='line_1_14' title="bbox 259 676 1320 715; baseline -0.004 -8"><span class='ocrx_word' id='word_1_150' title='bbox 259 680 320 708; x_wconf 88' lang='lat' dir='ltr'>Cic.</span> <span class='ocrx_word' id='word_1_151' title='bbox 344 679 456 714; x_wconf 78' lang='lat' dir='ltr'>verbis,</span> <span class='ocrx_word' id='word_1_152' title='bbox 485 679 672 715; x_wconf 76' lang='lat' dir='ltr'>auctorisque</span> <span class='ocrx_word' id='word_1_153' title='bbox 695 677 811 705; x_wconf 91' lang='lat' dir='ltr'>nomine</span> <span class='ocrx_word' id='word_1_154' title='bbox 834 676 1050 714; x_wconf 86' lang='lat' dir='ltr'>superscript0‚</span> <span class='ocrx_word' id='word_1_155' title='bbox 1080 681 1147 703; x_wconf 86' lang='lat' dir='ltr'>sunt</span> <span class='ocrx_word' id='word_1_156' title='bbox 1170 676 1320 703; x_wconf 85' lang='lat' dir='ltr'>collocata.</span> 
     </span>
    </p>

    <p class='ocr_par' dir='ltr' id='par_1_12' title="bbox 216 712 2114 843">
     <span class='ocr_line' id='line_1_15' title="bbox 216 712 2113 762; baseline -0.005 -12"><span class='ocrx_word' id='word_1_157' title='bbox 216 721 249 762; x_wconf 81' lang='lat' dir='ltr'>c)</span> <span class='ocrx_word' id='word_1_158' title='bbox 274 723 301 750; x_wconf 90' lang='lat' dir='ltr'>in</span> <span class='ocrx_word' id='word_1_159' title='bbox 325 719 540 757; x_wconf 70' lang='lat' dir='ltr'>Ediu.1546.,</span> <span class='ocrx_word' id='word_1_160' title='bbox 564 719 657 749; x_wconf 86' lang='lat'>1601.</span> <span class='ocrx_word' id='word_1_161' title='bbox 680 724 853 757; x_wconf 87' lang='lat' dir='ltr'>argumenta</span> <span class='ocrx_word' id='word_1_162' title='bbox 876 719 992 757; x_wconf 89' lang='lat' dir='ltr'>quidem</span> <span class='ocrx_word' id='word_1_163' title='bbox 1006 717 1202 746; x_wconf 86' lang='lat' dir='ltr'>Melanthonis</span> <span class='ocrx_word' id='word_1_164' title='bbox 1226 719 1341 755; x_wconf 84' lang='lat' dir='ltr'>integra</span> <span class='ocrx_word' id='word_1_165' title='bbox 1363 718 1484 755; x_wconf 81' lang='lat' dir='ltr'>singulis</span> <span class='ocrx_word' id='word_1_166' title='bbox 1507 717 1639 755; x_wconf 88' lang='lat' dir='ltr'>epistolis</span> <span class='ocrx_word' id='word_1_167' title='bbox 1660 716 1828 754; x_wconf 86' lang='lat' dir='ltr'>praeposita</span> <span class='ocrx_word' id='word_1_168' title='bbox 1850 716 2006 753; x_wconf 80' lang='lat' dir='ltr'>leguntur,</span> <span class='ocrx_word' id='word_1_169' title='bbox 2028 712 2113 741; x_wconf 86' lang='lat' dir='ltr'>scho-</span> 
     </span>
     <span class='ocr_line' id='line_1_16' title="bbox 258 757 2114 801; baseline -0.004 -9"><span class='ocrx_word' id='word_1_170' title='bbox 258 766 361 793; x_wconf 85' lang='lat' dir='ltr'>liorum</span> <span class='ocrx_word' id='word_1_171' title='bbox 385 765 447 791; x_wconf 87' lang='lat' dir='ltr'>eius</span> <span class='ocrx_word' id='word_1_172' title='bbox 465 769 562 792; x_wconf 87' lang='lat' dir='ltr'>autem</span> <span class='ocrx_word' id='word_1_173' title='bbox 587 773 653 801; x_wconf 89' lang='lat' dir='ltr'>pars</span> <span class='ocrx_word' id='word_1_174' title='bbox 676 761 892 798; x_wconf 81' lang='lat' dir='ltr'>tantummodo,</span> <span class='ocrx_word' id='word_1_175' title='bbox 914 770 980 789; x_wconf 86' lang='lat' dir='ltr'>cum</span> <span class='ocrx_word' id='word_1_176' title='bbox 1004 761 1124 788; x_wconf 85' lang='lat' dir='ltr'>aliorum</span> <span class='ocrx_word' id='word_1_177' title='bbox 1147 760 1262 788; x_wconf 84' lang='lat' dir='ltr'>scholiis</span> <span class='ocrx_word' id='word_1_178' title='bbox 1285 761 1436 788; x_wconf 85' lang='lat' dir='ltr'>coniuncta</span> <span class='ocrx_word' id='word_1_179' title='bbox 1459 760 1598 797; x_wconf 76' lang='lat' dir='ltr'>varieque</span> <span class='ocrx_word' id='word_1_180' title='bbox 1620 764 1731 787; x_wconf 85' lang='lat' dir='ltr'>mutata</span> <span class='ocrx_word' id='word_1_181' title='bbox 1753 760 1782 786; x_wconf 90' lang='lat' dir='ltr'>in</span> <span class='ocrx_word' id='word_1_182' title='bbox 1799 759 1929 797; x_wconf 79' lang='lat' dir='ltr'>margine</span> <span class='ocrx_word' id='word_1_183' title='bbox 1946 757 2114 794; x_wconf 81' lang='lat' dir='ltr'>praebetur,</span> 
     </span>
     <span class='ocr_line' id='line_1_17' title="bbox 254 798 2114 843; baseline -0.005 -7"><span class='ocrx_word' id='word_1_184' title='bbox 254 813 403 836; x_wconf 86' lang='lat' dir='ltr'>auctorum</span> <span class='ocrx_word' id='word_1_185' title='bbox 428 806 590 834; x_wconf 87' lang='lat' dir='ltr'>nominibus</span> <span class='ocrx_word' id='word_1_186' title='bbox 613 815 670 833; x_wconf 90' lang='lat' dir='ltr'>non</span> <span class='ocrx_word' id='word_1_187' title='bbox 693 804 861 843; x_wconf 82' lang='lat' dir='ltr'>adscriptis,</span> <span class='ocrx_word' id='word_1_188' title='bbox 898 808 1079 841; x_wconf 86' lang='lat' dir='ltr'>quapropter</span> <span class='ocrx_word' id='word_1_189' title='bbox 1109 802 1212 830; x_wconf 87' lang='lat' dir='ltr'>harum</span> <span class='ocrx_word' id='word_1_190' title='bbox 1241 803 1365 831; x_wconf 88' lang='lat' dir='ltr'>duarum</span> <span class='ocrx_word' id='word_1_191' title='bbox 1387 803 1479 831; x_wconf 88' lang='lat' dir='ltr'>Editt.</span> <span class='ocrx_word' id='word_1_192' title='bbox 1510 803 1666 831; x_wconf 85' lang='lat' dir='ltr'>varietates</span> <span class='ocrx_word' id='word_1_193' title='bbox 1695 802 1724 829; x_wconf 91' lang='lat' dir='ltr'>in</span> <span class='ocrx_word' id='word_1_194' title='bbox 1747 801 1864 829; x_wconf 84' lang='lat' dir='ltr'>scholiis</span> <span class='ocrx_word' id='word_1_195' title='bbox 1885 801 1982 829; x_wconf 77' lang='lat' dir='ltr'>obvias</span> <span class='ocrx_word' id='word_1_196' title='bbox 2005 798 2114 827; x_wconf 82' lang='lat' dir='ltr'>afferre</span> 
     </span>
    </p>
   </div>
   <div class='ocr_carea' id='block_1_11' title="bbox 257 849 494 887">
    <p class='ocr_par' dir='ltr' id='par_1_13' title="bbox 257 849 494 887">
     <span class='ocr_line' id='line_1_18' title="bbox 257 849 494 887; baseline -0.013 -9"><span class='ocrx_word' id='word_1_197' title='bbox 257 849 494 887; x_wconf 78' lang='lat' dir='ltr'>supersedemus.</span> 
     </span>
    </p>
   </div>
   <div class='ocr_carea' id='block_1_12' title="bbox 85 883 2115 1269">
    <p class='ocr_par' dir='ltr' id='par_1_14' title="bbox 129 883 2114 970">
     <span class='ocr_line' id='line_1_19' title="bbox 129 883 2114 932; baseline -0.007 -10"><span class='ocrx_word' id='word_1_198' title='bbox 129 891 165 932; x_wconf 74' lang='lat'>2)</span> <span class='ocrx_word' id='word_1_199' title='bbox 190 892 245 921; x_wconf 84' lang='lat' dir='ltr'>Ed.</span> <span class='ocrx_word' id='word_1_200' title='bbox 269 890 364 921; x_wconf 84' lang='lat'>1556.</span> <span class='ocrx_word' id='word_1_201' title='bbox 387 889 581 918; x_wconf 85' lang='lat' dir='ltr'>Melanthonis</span> <span class='ocrx_word' id='word_1_202' title='bbox 603 895 662 917; x_wconf 85' lang='lat' dir='ltr'>tres</span> <span class='ocrx_word' id='word_1_203' title='bbox 685 887 882 926; x_wconf 83' lang='lat' dir='ltr'>praefationes</span> <span class='ocrx_word' id='word_1_204' title='bbox 903 888 932 916; x_wconf 89' lang='lat' dir='ltr'>in</span> <span class='ocrx_word' id='word_1_205' title='bbox 955 888 1030 916; x_wconf 90' lang='lat' dir='ltr'>hanc</span> <span class='ocrx_word' id='word_1_206' title='bbox 1053 885 1243 926; x_wconf 89' lang='lat' dir='ltr'>epistolarum</span> <span class='ocrx_word' id='word_1_207' title='bbox 1266 888 1487 925; x_wconf 85' lang='lat' dir='ltr'>collectionem,</span> <span class='ocrx_word' id='word_1_208' title='bbox 1522 892 1553 916; x_wconf 89' lang='lat' dir='ltr'>et</span> <span class='ocrx_word' id='word_1_209' title='bbox 1581 891 1754 925; x_wconf 80' lang='lat' dir='ltr'>argumenta</span> <span class='ocrx_word' id='word_1_210' title='bbox 1783 886 1813 914; x_wconf 89' lang='lat' dir='ltr'>in</span> <span class='ocrx_word' id='word_1_211' title='bbox 1837 892 1983 924; x_wconf 86' lang='lat' dir='ltr'>quamque</span> <span class='ocrx_word' id='word_1_212' title='bbox 2005 883 2114 920; x_wconf 78' lang='lat' dir='ltr'>episto-</span> 
     </span>
     <span class='ocr_line' id='line_1_20' title="bbox 174 931 1230 970; baseline -0.003 -8"><span class='ocrx_word' id='word_1_213' title='bbox 174 936 232 962; x_wconf 86' lang='lat' dir='ltr'>lam</span> <span class='ocrx_word' id='word_1_214' title='bbox 254 939 302 962; x_wconf 88' lang='lat' dir='ltr'>aut</span> <span class='ocrx_word' id='word_1_215' title='bbox 325 933 453 970; x_wconf 75' lang='lat' dir='ltr'>singula,</span> <span class='ocrx_word' id='word_1_216' title='bbox 483 937 533 960; x_wconf 88' lang='lat' dir='ltr'>aut</span> <span class='ocrx_word' id='word_1_217' title='bbox 556 931 627 967; x_wconf 90' lang='lat' dir='ltr'>duo,</span> <span class='ocrx_word' id='word_1_218' title='bbox 656 936 705 958; x_wconf 90' lang='lat' dir='ltr'>aut</span> <span class='ocrx_word' id='word_1_219' title='bbox 727 931 783 958; x_wconf 86' lang='lat' dir='ltr'>tria</span> <span class='ocrx_word' id='word_1_220' title='bbox 804 932 944 969; x_wconf 84' lang='lat' dir='ltr'>praebet,</span> <span class='ocrx_word' id='word_1_221' title='bbox 974 931 1089 960; x_wconf 86' lang='lat' dir='ltr'>scholiis</span> <span class='ocrx_word' id='word_1_222' title='bbox 1111 931 1230 959; x_wconf 85' lang='lat' dir='ltr'>omissis.</span> 
     </span>
    </p>

    <p class='ocr_par' dir='ltr' id='par_1_15' title="bbox 129 966 2114 1142">
     <span class='ocr_line' id='line_1_21' title="bbox 129 966 2114 1015; baseline -0.007 -9"><span class='ocrx_word' id='word_1_223' title='bbox 129 975 167 1015; x_wconf 88' lang='grc'>3)</span> <span class='ocrx_word' id='word_1_224' title='bbox 189 977 279 1004; x_wconf 85' lang='lat' dir='ltr'>Editt.</span> <span class='ocrx_word' id='word_1_225' title='bbox 305 974 414 1010; x_wconf 88' lang='grc'><strong>1565.,</strong></span> <span class='ocrx_word' id='word_1_226' title='bbox 439 973 550 1010; x_wconf 85' lang='grc'><strong>1569.,</strong></span> <span class='ocrx_word' id='word_1_227' title='bbox 575 972 685 1010; x_wconf 80' lang='grc'><strong>1577.,</strong></span> <span class='ocrx_word' id='word_1_228' title='bbox 708 971 819 1010; x_wconf 68' lang='lat'>1592,</span> <span class='ocrx_word' id='word_1_229' title='bbox 843 971 937 1003; x_wconf 84' lang='lat'>1596.</span> <span class='ocrx_word' id='word_1_230' title='bbox 968 974 1086 1002; x_wconf 85' lang='lat' dir='ltr'>easdem</span> <span class='ocrx_word' id='word_1_231' title='bbox 1115 973 1313 1010; x_wconf 80' lang='lat' dir='ltr'>praefationes</span> <span class='ocrx_word' id='word_1_232' title='bbox 1342 973 1494 1001; x_wconf 87' lang='lat' dir='ltr'>continent</span> <span class='ocrx_word' id='word_1_233' title='bbox 1517 978 1547 1001; x_wconf 92' lang='lat' dir='ltr'>et</span> <span class='ocrx_word' id='word_1_234' title='bbox 1569 973 1746 1010; x_wconf 87' lang='lat' dir='ltr'>plerumque</span> <span class='ocrx_word' id='word_1_235' title='bbox 1768 970 1823 999; x_wconf 86' lang='lat' dir='ltr'>tria</span> <span class='ocrx_word' id='word_1_236' title='bbox 1845 970 1874 997; x_wconf 89' lang='lat' dir='ltr'>in</span> <span class='ocrx_word' id='word_1_237' title='bbox 1898 968 2024 1006; x_wconf 78' lang='lat' dir='ltr'>singulas</span> <span class='ocrx_word' id='word_1_238' title='bbox 2048 966 2114 1004; x_wconf 86' lang='lat' dir='ltr'>epi-</span> 
     </span>
     <span class='ocr_line' id='line_1_22' title="bbox 171 1014 2114 1055; baseline -0.005 -9"><span class='ocrx_word' id='word_1_239' title='bbox 171 1019 260 1046; x_wconf 85' lang='lat' dir='ltr'>stolas</span> <span class='ocrx_word' id='word_1_240' title='bbox 284 1021 471 1055; x_wconf 87' lang='lat' dir='ltr'>argumenta,</span> <span class='ocrx_word' id='word_1_241' title='bbox 507 1017 608 1055; x_wconf 89' lang='lat' dir='ltr'>quibus</span> <span class='ocrx_word' id='word_1_242' title='bbox 639 1017 667 1044; x_wconf 91' lang='lat' dir='ltr'>in</span> <span class='ocrx_word' id='word_1_243' title='bbox 697 1024 812 1053; x_wconf 85' lang='lat' dir='ltr'>quaque</span> <span class='ocrx_word' id='word_1_244' title='bbox 841 1017 966 1054; x_wconf 87' lang='lat' dir='ltr'>epistola</span> <span class='ocrx_word' id='word_1_245' title='bbox 988 1017 1091 1044; x_wconf 86' lang='lat' dir='ltr'>Miseni</span> <span class='ocrx_word' id='word_1_246' title='bbox 1119 1017 1322 1044; x_wconf 84' lang='lat' dir='ltr'>annotationes</span> <span class='ocrx_word' id='word_1_247' title='bbox 1350 1016 1555 1053; x_wconf 80' lang='lat' dir='ltr'>grammaticae</span> <span class='ocrx_word' id='word_1_248' title='bbox 1585 1015 1721 1052; x_wconf 80' lang='lat' dir='ltr'>proxime</span> <span class='ocrx_word' id='word_1_249' title='bbox 1750 1014 1906 1041; x_wconf 86' lang='lat' dir='ltr'>adiunctae</span> <span class='ocrx_word' id='word_1_250' title='bbox 1927 1016 2008 1046; x_wconf 88' lang='lat' dir='ltr'>sunt,</span> <span class='ocrx_word' id='word_1_251' title='bbox 2043 1017 2114 1046; x_wconf 83' lang='lat' dir='ltr'>quas</span> 
     </span>
     <span class='ocr_line' id='line_1_23' title="bbox 171 1054 2114 1098; baseline -0.005 -9"><span class='ocrx_word' id='word_1_252' title='bbox 171 1061 312 1097; x_wconf 89' lang='lat' dir='ltr'>deinceps</span> <span class='ocrx_word' id='word_1_253' title='bbox 335 1059 443 1088; x_wconf 86' lang='lat' dir='ltr'>scholia</span> <span class='ocrx_word' id='word_1_254' title='bbox 466 1064 580 1088; x_wconf 76' lang='lat' dir='ltr'>textum</span> <span class='ocrx_word' id='word_1_255' title='bbox 603 1059 796 1096; x_wconf 81' lang='lat' dir='ltr'>explicantia,</span> <span class='ocrx_word' id='word_1_256' title='bbox 832 1067 870 1087; x_wconf 87' lang='lat' dir='ltr'>ex</span> <span class='ocrx_word' id='word_1_257' title='bbox 898 1059 1144 1098; x_wconf 86' lang='lat' dir='ltr'>praelectionibus</span> <span class='ocrx_word' id='word_1_258' title='bbox 1167 1059 1289 1096; x_wconf 87' lang='lat' dir='ltr'>publicis</span> <span class='ocrx_word' id='word_1_259' title='bbox 1313 1058 1541 1087; x_wconf 80' lang='lat' dir='ltr'>doctissimorum</span> <span class='ocrx_word' id='word_1_260' title='bbox 1565 1058 1690 1085; x_wconf 86' lang='lat' dir='ltr'>virorum</span> <span class='ocrx_word' id='word_1_261' title='bbox 1717 1054 1856 1095; x_wconf 84' lang='lat' dir='ltr'>(quorum</span> <span class='ocrx_word' id='word_1_262' title='bbox 1879 1055 1994 1083; x_wconf 84' lang='lat' dir='ltr'>nomina</span> <span class='ocrx_word' id='word_1_263' title='bbox 2016 1059 2114 1080; x_wconf 79' lang='lat' dir='ltr'>autem</span> 
     </span>
     <span class='ocr_line' id='line_1_24' title="bbox 169 1100 1751 1142; baseline -0.003 -11"><span class='ocrx_word' id='word_1_264' title='bbox 169 1113 226 1131; x_wconf 88' lang='lat' dir='ltr'>non</span> <span class='ocrx_word' id='word_1_265' title='bbox 250 1100 413 1140; x_wconf 86' lang='lat' dir='ltr'>adduntur)</span> <span class='ocrx_word' id='word_1_266' title='bbox 436 1102 558 1130; x_wconf 84' lang='lat' dir='ltr'>collecta</span> <span class='ocrx_word' id='word_1_267' title='bbox 575 1106 761 1142; x_wconf 78' lang='lat' dir='ltr'>sequuntur,</span> <span class='ocrx_word' id='word_1_268' title='bbox 782 1102 859 1129; x_wconf 91' lang='lat' dir='ltr'>inter</span> <span class='ocrx_word' id='word_1_269' title='bbox 882 1112 956 1140; x_wconf 90' lang='lat' dir='ltr'>quae</span> <span class='ocrx_word' id='word_1_270' title='bbox 979 1110 1069 1140; x_wconf 86' lang='lat' dir='ltr'>saepe</span> <span class='ocrx_word' id='word_1_271' title='bbox 1091 1102 1177 1130; x_wconf 87' lang='lat' dir='ltr'>etiam</span> <span class='ocrx_word' id='word_1_272' title='bbox 1201 1101 1399 1130; x_wconf 85' lang='lat' dir='ltr'>Melanthonis</span> <span class='ocrx_word' id='word_1_273' title='bbox 1421 1100 1531 1130; x_wconf 89' lang='lat' dir='ltr'>scholia</span> <span class='ocrx_word' id='word_1_274' title='bbox 1553 1101 1751 1128; x_wconf 80' lang='lat' dir='ltr'>inveniuntur.</span> 
     </span>
    </p>

    <p class='ocr_par' dir='ltr' id='par_1_16' title="bbox 85 1135 2115 1269">
     <span class='ocr_line' id='line_1_25' title="bbox 255 1135 2115 1181; baseline -0.005 -8"><span class='ocrx_word' id='word_1_275' title='bbox 255 1145 316 1173; x_wconf 83' lang='lat' dir='ltr'>Has</span> <span class='ocrx_word' id='word_1_276' title='bbox 335 1144 533 1172; x_wconf 86' lang='lat' dir='ltr'>Melanthonis</span> <span class='ocrx_word' id='word_1_277' title='bbox 556 1144 757 1172; x_wconf 85' lang='lat' dir='ltr'>enarrationes</span> <span class='ocrx_word' id='word_1_278' title='bbox 779 1143 834 1171; x_wconf 89' lang='lat' dir='ltr'>hoc</span> <span class='ocrx_word' id='word_1_279' title='bbox 856 1144 930 1172; x_wconf 90' lang='lat' dir='ltr'>libro</span> <span class='ocrx_word' id='word_1_280' title='bbox 952 1146 992 1173; x_wconf 90' lang='lat' dir='ltr'>ita</span> <span class='ocrx_word' id='word_1_281' title='bbox 1016 1145 1152 1181; x_wconf 90' lang='lat' dir='ltr'>edemus,</span> <span class='ocrx_word' id='word_1_282' title='bbox 1176 1149 1207 1172; x_wconf 90' lang='lat' dir='ltr'>ut</span> <span class='ocrx_word' id='word_1_283' title='bbox 1229 1145 1321 1181; x_wconf 86' lang='lat' dir='ltr'>primo</span> <span class='ocrx_word' id='word_1_284' title='bbox 1346 1144 1409 1171; x_wconf 90' lang='lat' dir='ltr'>loco</span> <span class='ocrx_word' id='word_1_285' title='bbox 1432 1144 1548 1171; x_wconf 89' lang='lat' dir='ltr'>illarum</span> <span class='ocrx_word' id='word_1_286' title='bbox 1573 1144 1731 1172; x_wconf 83' lang='lat' dir='ltr'>editionum</span> <span class='ocrx_word' id='word_1_287' title='bbox 1755 1138 1861 1177; x_wconf 63' lang='lat'>1537„</span> <span class='ocrx_word' id='word_1_288' title='bbox 1882 1137 1987 1175; x_wconf 60' lang='lat'>1540„</span> <span class='ocrx_word' id='word_1_289' title='bbox 2010 1135 2115 1171; x_wconf 64' lang='lat'>1544,</span> 
     </span>
     <span class='ocr_line' id='line_1_26' title="bbox 86 1178 2112 1224; baseline -0.006 -7"><span class='ocrx_word' id='word_1_290' title='bbox 86 1186 191 1223; x_wconf 64' lang='lat'>1545„</span> <span class='ocrx_word' id='word_1_291' title='bbox 214 1185 318 1224; x_wconf 64' lang='lat'>1546„</span> <span class='ocrx_word' id='word_1_292' title='bbox 342 1185 450 1221; x_wconf 72' lang='lat'>1554„</span> <span class='ocrx_word' id='word_1_293' title='bbox 475 1185 579 1222; x_wconf 59' lang='lat'>1557„</span> <span class='ocrx_word' id='word_1_294' title='bbox 606 1185 710 1222; x_wconf 69' lang='lat'>1560,</span> <span class='ocrx_word' id='word_1_295' title='bbox 734 1184 831 1216; x_wconf 85' lang='grc'><strong>1601.</strong></span> <span class='ocrx_word' id='word_1_296' title='bbox 854 1192 1027 1224; x_wconf 85' lang='lat' dir='ltr'>argumenta</span> <span class='ocrx_word' id='word_1_297' title='bbox 1049 1196 1114 1215; x_wconf 80' lang='lat' dir='ltr'>cuin</span> <span class='ocrx_word' id='word_1_298' title='bbox 1138 1195 1239 1214; x_wconf 79' lang='lat' dir='ltr'>earum</span> <span class='ocrx_word' id='word_1_299' title='bbox 1263 1187 1377 1215; x_wconf 91' lang='lat' dir='ltr'>scholiis</span> <span class='ocrx_word' id='word_1_300' title='bbox 1400 1186 1572 1222; x_wconf 86' lang='lat' dir='ltr'>afferamus,</span> <span class='ocrx_word' id='word_1_301' title='bbox 1595 1190 1683 1223; x_wconf 83' lang='lat' dir='ltr'>atque</span> <span class='ocrx_word' id='word_1_302' title='bbox 1707 1185 1750 1212; x_wconf 88' lang='lat' dir='ltr'>his</span> <span class='ocrx_word' id='word_1_303' title='bbox 1773 1184 1830 1212; x_wconf 83' lang='lat' dir='ltr'>alia</span> <span class='ocrx_word' id='word_1_304' title='bbox 1852 1185 2024 1220; x_wconf 79' lang='lat' dir='ltr'>argumenta</span> <span class='ocrx_word' id='word_1_305' title='bbox 2048 1178 2112 1206; x_wconf 82' lang='lat' dir='ltr'>edi-</span> 
     </span>
     <span class='ocr_line' id='line_1_27' title="bbox 85 1221 2112 1269; baseline -0.005 -11"><span class='ocrx_word' id='word_1_306' title='bbox 85 1231 194 1259; x_wconf 88' lang='lat' dir='ltr'>tionum</span> <span class='ocrx_word' id='word_1_307' title='bbox 218 1228 329 1265; x_wconf 60' lang='lat'>1556„</span> <span class='ocrx_word' id='word_1_308' title='bbox 352 1227 463 1265; x_wconf 86' lang='grc'><strong>1565.,</strong></span> <span class='ocrx_word' id='word_1_309' title='bbox 486 1227 601 1264; x_wconf 84' lang='grc'><strong>1569.,</strong></span> <span class='ocrx_word' id='word_1_310' title='bbox 625 1227 738 1264; x_wconf 82' lang='grc'><strong>1577.,</strong></span> <span class='ocrx_word' id='word_1_311' title='bbox 762 1227 876 1269; x_wconf 65' lang='lat'>1592,</span> <span class='ocrx_word' id='word_1_312' title='bbox 898 1228 1011 1265; x_wconf 62' lang='lat'>1596„</span> <span class='ocrx_word' id='word_1_313' title='bbox 1034 1230 1146 1268; x_wconf 88' lang='lat' dir='ltr'>quippe</span> <span class='ocrx_word' id='word_1_314' title='bbox 1169 1238 1245 1267; x_wconf 86' lang='lat' dir='ltr'>quae</span> <span class='ocrx_word' id='word_1_315' title='bbox 1266 1229 1370 1258; x_wconf 89' lang='lat' dir='ltr'>itidem</span> <span class='ocrx_word' id='word_1_316' title='bbox 1392 1228 1589 1258; x_wconf 88' lang='lat' dir='ltr'>Melanthonis</span> <span class='ocrx_word' id='word_1_317' title='bbox 1613 1236 1677 1257; x_wconf 87' lang='lat' dir='ltr'>esse</span> <span class='ocrx_word' id='word_1_318' title='bbox 1699 1227 1813 1256; x_wconf 86' lang='lat' dir='ltr'>Riecius</span> <span class='ocrx_word' id='word_1_319' title='bbox 1839 1226 1868 1254; x_wconf 88' lang='lat' dir='ltr'>in</span> <span class='ocrx_word' id='word_1_320' title='bbox 1893 1233 1994 1253; x_wconf 85' lang='lat' dir='ltr'>earum</span> <span class='ocrx_word' id='word_1_321' title='bbox 2016 1221 2112 1249; x_wconf 86' lang='lat' dir='ltr'>indice</span> 
     </span>
    </p>
   </div>
   <div class='ocr_carea' id='block_1_13' title="bbox 86 1272 473 1310">
    <p class='ocr_par' dir='ltr' id='par_1_17' title="bbox 86 1272 473 1310">
     <span class='ocr_line' id='line_1_28' title="bbox 86 1272 473 1310; baseline -0.008 -8"><span class='ocrx_word' id='word_1_322' title='bbox 86 1278 208 1302; x_wconf 84' lang='lat' dir='ltr'>testatur</span> <span class='ocrx_word' id='word_1_323' title='bbox 216 1292 225 1308; x_wconf 91' lang='lat'>,</span> <span class='ocrx_word' id='word_1_324' title='bbox 256 1272 473 1310; x_wconf 86' lang='lat' dir='ltr'>subiungamus.</span> 
     </span>
    </p>
   </div>
   <div class='ocr_carea' id='block_1_14' title="bbox 313 1443 1898 1486">
    <p class='ocr_par' dir='ltr' id='par_1_18' title="bbox 313 1443 1898 1486">
     <span class='ocr_line' id='line_1_29' title="bbox 313 1443 1898 1486; baseline -0.003 -2"><span class='ocrx_word' id='word_1_325' title='bbox 313 1449 384 1486; x_wconf 92' lang='lat' dir='ltr'>IN</span> <span class='ocrx_word' id='word_1_326' title='bbox 430 1445 809 1486; x_wconf 85' lang='lat' dir='ltr'>CICERONIS</span> <span class='ocrx_word' id='word_1_327' title='bbox 858 1446 1265 1486; x_wconf 81' lang='lat' dir='ltr'>EPISTOLAS</span> <span class='ocrx_word' id='word_1_328' title='bbox 1311 1448 1400 1484; x_wconf 92' lang='lat' dir='ltr'>AD</span> <span class='ocrx_word' id='word_1_329' title='bbox 1451 1443 1898 1485; x_wconf 83' lang='lat' dir='ltr'><strong>FAMILIARES</strong></span> 
     </span>
    </p>
   </div>
   <div class='ocr_carea' id='block_1_15' title="bbox 458 1515 1335 1548">
    <p class='ocr_par' dir='ltr' id='par_1_19' title="bbox 458 1515 1335 1548">
     <span class='ocr_line' id='line_1_30' title="bbox 458 1515 1335 1548; baseline 0 -3"><span class='ocrx_word' id='word_1_330' title='bbox 458 1517 762 1547; x_wconf 86' lang='lat' dir='ltr'><strong>ARGUMENTA</strong></span> <span class='ocrx_word' id='word_1_331' title='bbox 795 1517 855 1547; x_wconf 90' lang='lat' dir='ltr'>ET</span> <span class='ocrx_word' id='word_1_332' title='bbox 887 1517 1094 1548; x_wconf 84' lang='lat' dir='ltr'>SCHOLIA</span> <span class='ocrx_word' id='word_1_333' title='bbox 1127 1515 1335 1546; x_wconf 81' lang='lat' dir='ltr'>PHILIPPI</span> 
     </span>
    </p>
   </div>
   <div class='ocr_carea' id='block_1_16' title="bbox 1369 1516 1734 1546">
    <p class='ocr_par' dir='ltr' id='par_1_20' title="bbox 1369 1516 1734 1546">
     <span class='ocr_line' id='line_1_31' title="bbox 1369 1516 1734 1546; baseline -0.005 0"><span class='ocrx_word' id='word_1_334' title='bbox 1369 1516 1734 1546; x_wconf 74' lang='lat' dir='ltr'>MELANTHONIS.</span> 
     </span>
    </p>
   </div>
   <div class='ocr_carea' id='block_1_17' title="bbox 674 1619 1512 1667">
    <p class='ocr_par' dir='ltr' id='par_1_21' title="bbox 674 1619 1512 1667">
     <span class='ocr_line' id='line_1_32' title="bbox 674 1619 1512 1667; baseline 0 -11"><span class='ocrx_word' id='word_1_335' title='bbox 674 1621 708 1657; x_wconf 87' lang='lat'>1.</span> <span class='ocrx_word' id='word_1_336' title='bbox 774 1619 1512 1667; x_wconf 76' lang='lat' dir='ltr'>PRAEFATIONE81).</span> 
     </span>
    </p>
   </div>
   <div class='ocr_carea' id='block_1_18' title="bbox 142 1719 1006 1816">
    <p class='ocr_par' dir='ltr' id='par_1_22' title="bbox 142 1719 1006 1816">
     <span class='ocr_line' id='line_1_33' title="bbox 142 1719 1006 1765; baseline 0.005 -11"><span class='ocrx_word' id='word_1_337' title='bbox 142 1719 384 1754; x_wconf 88' lang='lat' dir='ltr'>Praefatio</span> <span class='ocrx_word' id='word_1_338' title='bbox 420 1720 465 1753; x_wconf 89' lang='lat' dir='ltr'>in</span> <span class='ocrx_word' id='word_1_339' title='bbox 493 1721 718 1765; x_wconf 86' lang='lat' dir='ltr'>epistolas</span> <span class='ocrx_word' id='word_1_340' title='bbox 750 1723 1006 1758; x_wconf 83' lang='lat' dir='ltr'>familiares</span> 
     </span>
     <span class='ocr_line' id='line_1_34' title="bbox 447 1779 702 1816; baseline 0.016 -4"><span class='ocrx_word' id='word_1_341' title='bbox 447 1779 702 1816; x_wconf 84' lang='lat' dir='ltr'>Ciceronis.</span> 
     </span>
    </p>
   </div>
   <div class='ocr_carea' id='block_1_19' title="bbox 76 1843 1072 2575">
    <p class='ocr_par' dir='ltr' id='par_1_23' title="bbox 76 1843 1072 2575">
     <span class='ocr_line' id='line_1_35' title="bbox 76 1843 1070 1911; baseline 0.004 -16"><span class='ocrx_word' id='word_1_342' title='bbox 76 1843 196 1899; x_wconf 68' lang='lat' dir='ltr'>slent</span> <span class='ocrx_word' id='word_1_343' title='bbox 218 1861 279 1894; x_wconf 84' lang='lat' dir='ltr'>aiii</span> <span class='ocrx_word' id='word_1_344' title='bbox 302 1860 484 1896; x_wconf 87' lang='lat' dir='ltr'>Ciceronis</span> <span class='ocrx_word' id='word_1_345' title='bbox 512 1863 612 1903; x_wconf 86' lang='lat' dir='ltr'>libri,</span> <span class='ocrx_word' id='word_1_346' title='bbox 644 1865 692 1898; x_wconf 85' lang='lat' dir='ltr'>ita</span> <span class='ocrx_word' id='word_1_347' title='bbox 721 1877 864 1911; x_wconf 89' lang='lat' dir='ltr'>quoque</span> <span class='ocrx_word' id='word_1_348' title='bbox 889 1864 965 1906; x_wconf 88' lang='lat' dir='ltr'>hic,</span> <span class='ocrx_word' id='word_1_349' title='bbox 1008 1865 1070 1911; x_wconf 88' lang='lat' dir='ltr'>qui</span> 
     </span>
     <span class='ocr_line' id='line_1_36' title="bbox 78 1913 1070 1960; baseline 0.001 -12"><span class='ocrx_word' id='word_1_350' title='bbox 78 1913 272 1948; x_wconf 85' lang='lat' dir='ltr'>familiares</span> <span class='ocrx_word' id='word_1_351' title='bbox 295 1913 462 1958; x_wconf 86' lang='lat' dir='ltr'>epistolas</span> <span class='ocrx_word' id='word_1_352' title='bbox 485 1915 662 1956; x_wconf 84' lang='lat' dir='ltr'>continet,</span> <span class='ocrx_word' id='word_1_353' title='bbox 704 1916 866 1960; x_wconf 86' lang='lat' dir='ltr'>longiore</span> <span class='ocrx_word' id='word_1_354' title='bbox 890 1928 1070 1950; x_wconf 86' lang='lat' dir='ltr'>commen-</span> 
     </span>
     <span class='ocr_line' id='line_1_37' title="bbox 78 1964 1069 2009; baseline 0.001 -10"><span class='ocrx_word' id='word_1_355' title='bbox 78 1966 222 2000; x_wconf 79' lang='lat' dir='ltr'>datione</span> <span class='ocrx_word' id='word_1_356' title='bbox 239 1977 314 1997; x_wconf 86' lang='lat' dir='ltr'>non</span> <span class='ocrx_word' id='word_1_357' title='bbox 329 1964 474 2009; x_wconf 81' lang='lat' dir='ltr'>indiget.</span> <span class='ocrx_word' id='word_1_358' title='bbox 528 1965 604 1999; x_wconf 92' lang='lat' dir='ltr'>Hoc</span> <span class='ocrx_word' id='word_1_359' title='bbox 637 1967 731 2000; x_wconf 87' lang='lat' dir='ltr'>enim</span> <span class='ocrx_word' id='word_1_360' title='bbox 758 1974 895 2002; x_wconf 87' lang='lat' dir='ltr'>constat</span> <span class='ocrx_word' id='word_1_361' title='bbox 919 1967 1069 2001; x_wconf 86' lang='lat' dir='ltr'>latinam</span> 
     </span>
     <span class='ocr_line' id='line_1_38' title="bbox 77 2016 1071 2063; baseline 0.001 -13"><span class='ocrx_word' id='word_1_362' title='bbox 77 2017 236 2062; x_wconf 82' lang='lat' dir='ltr'>linguam</span> <span class='ocrx_word' id='word_1_363' title='bbox 253 2016 352 2049; x_wconf 87' lang='lat' dir='ltr'>nullo</span> <span class='ocrx_word' id='word_1_364' title='bbox 370 2016 487 2050; x_wconf 89' lang='lat' dir='ltr'>seculo</span> <span class='ocrx_word' id='word_1_365' title='bbox 506 2017 561 2050; x_wconf 91' lang='lat' dir='ltr'>vel</span> <span class='ocrx_word' id='word_1_366' title='bbox 576 2018 772 2052; x_wconf 83' lang='lat' dir='ltr'>auctiorem</span> <span class='ocrx_word' id='word_1_367' title='bbox 798 2020 855 2053; x_wconf 86' lang='lat' dir='ltr'>vel</span> <span class='ocrx_word' id='word_1_368' title='bbox 877 2019 1071 2063; x_wconf 85' lang='lat' dir='ltr'>elegantio-</span> 
     </span>
     <span class='ocr_line' id='line_1_39' title="bbox 76 2067 1068 2113; baseline 0.001 -11"><span class='ocrx_word' id='word_1_369' title='bbox 76 2081 152 2102; x_wconf 85' lang='lat' dir='ltr'>rem</span> <span class='ocrx_word' id='word_1_370' title='bbox 176 2067 302 2107; x_wconf 87' lang='lat' dir='ltr'>fuisse,</span> <span class='ocrx_word' id='word_1_371' title='bbox 337 2080 444 2113; x_wconf 86' lang='lat' dir='ltr'>quam</span> <span class='ocrx_word' id='word_1_372' title='bbox 471 2081 542 2113; x_wconf 88' lang='lat' dir='ltr'>quo</span> <span class='ocrx_word' id='word_1_373' title='bbox 561 2069 684 2103; x_wconf 85' lang='lat' dir='ltr'>Cicero</span> <span class='ocrx_word' id='word_1_374' title='bbox 709 2070 806 2105; x_wconf 82' lang='lat' dir='ltr'>vixit.</span> <span class='ocrx_word' id='word_1_375' title='bbox 860 2071 1068 2105; x_wconf 87' lang='lat' dir='ltr'>Ciceronem</span> 
     </span>
     <span class='ocr_line' id='line_1_40' title="bbox 79 2119 1070 2166; baseline 0.002 -13"><span class='ocrx_word' id='word_1_376' title='bbox 79 2125 198 2153; x_wconf 85' lang='lat' dir='ltr'>autem</span> <span class='ocrx_word' id='word_1_377' title='bbox 214 2131 300 2163; x_wconf 88' lang='lat' dir='ltr'>prae</span> <span class='ocrx_word' id='word_1_378' title='bbox 320 2119 504 2160; x_wconf 80' lang='lat' dir='ltr'>omnibus,</span> <span class='ocrx_word' id='word_1_379' title='bbox 528 2120 590 2166; x_wconf 87' lang='lat' dir='ltr'>qui</span> <span class='ocrx_word' id='word_1_380' title='bbox 608 2133 649 2154; x_wconf 91' lang='lat' dir='ltr'>eo</span> <span class='ocrx_word' id='word_1_381' title='bbox 667 2128 828 2166; x_wconf 86' lang='lat' dir='ltr'>tempore</span> <span class='ocrx_word' id='word_1_382' title='bbox 853 2123 1070 2163; x_wconf 87' lang='lat' dir='ltr'>claruerunt,</span> 
     </span>
     <span class='ocr_line' id='line_1_41' title="bbox 78 2170 1069 2216; baseline 0.002 -12"><span class='ocrx_word' id='word_1_383' title='bbox 78 2170 272 2204; x_wconf 83' lang='lat' dir='ltr'>maximam</span> <span class='ocrx_word' id='word_1_384' title='bbox 304 2171 528 2216; x_wconf 86' lang='lat' dir='ltr'>eloquentiae</span> <span class='ocrx_word' id='word_1_385' title='bbox 555 2172 697 2206; x_wconf 88' lang='lat' dir='ltr'>laudem</span> <span class='ocrx_word' id='word_1_386' title='bbox 731 2173 871 2214; x_wconf 86' lang='lat' dir='ltr'>tulisse,</span> <span class='ocrx_word' id='word_1_387' title='bbox 908 2173 1069 2207; x_wconf 86' lang='lat' dir='ltr'>omnium</span> 
     </span>
     <span class='ocr_line' id='line_1_42' title="bbox 80 2218 1070 2271; baseline 0.002 -15"><span class='ocrx_word' id='word_1_388' title='bbox 80 2218 302 2256; x_wconf 88' lang='lat' dir='ltr'>eruditorum</span> <span class='ocrx_word' id='word_1_389' title='bbox 328 2221 466 2256; x_wconf 87' lang='lat' dir='ltr'>iudiciis</span> <span class='ocrx_word' id='word_1_390' title='bbox 495 2224 761 2268; x_wconf 85' lang='lat' dir='ltr'>comprobatur.</span> <span class='ocrx_word' id='word_1_391' title='bbox 829 2225 949 2271; x_wconf 84' lang='lat' dir='ltr'>Quare</span> <span class='ocrx_word' id='word_1_392' title='bbox 975 2237 1070 2258; x_wconf 91' lang='lat' dir='ltr'>com-</span> 
     </span>
     <span class='ocr_line' id='line_1_43' title="bbox 79 2272 1069 2320; baseline 0.003 -14"><span class='ocrx_word' id='word_1_393' title='bbox 79 2272 317 2307; x_wconf 87' lang='lat' dir='ltr'>mendationis</span> <span class='ocrx_word' id='word_1_394' title='bbox 349 2273 432 2307; x_wconf 87' lang='lat' dir='ltr'>satis</span> <span class='ocrx_word' id='word_1_395' title='bbox 461 2273 523 2314; x_wconf 88' lang='lat' dir='ltr'>sit,</span> <span class='ocrx_word' id='word_1_396' title='bbox 564 2272 659 2309; x_wconf 88' lang='lat' dir='ltr'>hunc</span> <span class='ocrx_word' id='word_1_397' title='bbox 683 2276 915 2320; x_wconf 87' lang='lat' dir='ltr'>epistolarum</span> <span class='ocrx_word' id='word_1_398' title='bbox 938 2276 1069 2310; x_wconf 88' lang='lat' dir='ltr'>librum</span> 
     </span>
     <span class='ocr_line' id='line_1_44' title="bbox 81 2323 1070 2373; baseline 0.005 -16"><span class='ocrx_word' id='word_1_399' title='bbox 81 2323 261 2358; x_wconf 86' lang='lat' dir='ltr'>Ciceronis</span> <span class='ocrx_word' id='word_1_400' title='bbox 286 2336 379 2365; x_wconf 84' lang='lat' dir='ltr'>esse,</span> <span class='ocrx_word' id='word_1_401' title='bbox 410 2336 516 2370; x_wconf 89' lang='lat' dir='ltr'>quem</span> <span class='ocrx_word' id='word_1_402' title='bbox 539 2337 600 2359; x_wconf 90' lang='lat' dir='ltr'>sua</span> <span class='ocrx_word' id='word_1_403' title='bbox 625 2328 740 2361; x_wconf 85' lang='lat' dir='ltr'>secula</span> <span class='ocrx_word' id='word_1_404' title='bbox 757 2326 908 2362; x_wconf 86' lang='lat' dir='ltr'>Latinae</span> <span class='ocrx_word' id='word_1_405' title='bbox 928 2328 1070 2373; x_wconf 82' lang='lat' dir='ltr'>linguae</span> 
     </span>
     <span class='ocr_line' id='line_1_45' title="bbox 79 2375 1070 2425; baseline 0.006 -17"><span class='ocrx_word' id='word_1_406' title='bbox 79 2380 265 2420; x_wconf 88' lang='lat' dir='ltr'>parentem</span> <span class='ocrx_word' id='word_1_407' title='bbox 291 2375 527 2420; x_wconf 83' lang='lat' dir='ltr'>appellarunt.</span> <span class='ocrx_word' id='word_1_408' title='bbox 596 2377 828 2425; x_wconf 81' lang='lat' dir='ltr'>Quamquam</span> <span class='ocrx_word' id='word_1_409' title='bbox 852 2380 961 2413; x_wconf 87' lang='lat' dir='ltr'>ctiam</span> <span class='ocrx_word' id='word_1_410' title='bbox 989 2391 1070 2414; x_wconf 84' lang='lat' dir='ltr'>suas</span> 
     </span>
     <span class='ocr_line' id='line_1_46' title="bbox 79 2425 1071 2478; baseline 0.006 -20"><span class='ocrx_word' id='word_1_411' title='bbox 79 2425 276 2470; x_wconf 82' lang='lat' dir='ltr'>singulares</span> <span class='ocrx_word' id='word_1_412' title='bbox 291 2427 618 2463; x_wconf 83' lang='lat' dir='ltr'>commendationes</span> <span class='ocrx_word' id='word_1_413' title='bbox 633 2427 782 2471; x_wconf 88' lang='lat' dir='ltr'>habeat,</span> <span class='ocrx_word' id='word_1_414' title='bbox 810 2432 908 2478; x_wconf 88' lang='lat' dir='ltr'>quod</span> <span class='ocrx_word' id='word_1_415' title='bbox 923 2443 999 2465; x_wconf 89' lang='lat' dir='ltr'>non</span> <span class='ocrx_word' id='word_1_416' title='bbox 1015 2443 1071 2465; x_wconf 89' lang='lat' dir='ltr'>so-</span> 
     </span>
     <span class='ocr_line' id='line_1_47' title="bbox 79 2476 1072 2529; baseline 0.003 -18"><span class='ocrx_word' id='word_1_417' title='bbox 79 2477 154 2511; x_wconf 90' lang='lat' dir='ltr'>lum</span> <span class='ocrx_word' id='word_1_418' title='bbox 168 2476 340 2510; x_wconf 87' lang='lat' dir='ltr'>varietate</span> <span class='ocrx_word' id='word_1_419' title='bbox 359 2485 650 2521; x_wconf 87' lang='lat' dir='ltr'>argumentorum</span> <span class='ocrx_word' id='word_1_420' title='bbox 667 2482 834 2524; x_wconf 87' lang='lat' dir='ltr'>delectat,</span> <span class='ocrx_word' id='word_1_421' title='bbox 862 2495 953 2529; x_wconf 86' lang='lat' dir='ltr'>quae</span> <span class='ocrx_word' id='word_1_422' title='bbox 971 2482 1072 2529; x_wconf 86' lang='lat' dir='ltr'>quasi</span> 
     </span>
     <span class='ocr_line' id='line_1_48' title="bbox 79 2525 1070 2575; baseline 0.005 -13"><span class='ocrx_word' id='word_1_423' title='bbox 79 2525 268 2563; x_wconf 84' lang='lat' dir='ltr'>historiam</span> <span class='ocrx_word' id='word_1_424' title='bbox 283 2539 407 2561; x_wconf 85' lang='lat' dir='ltr'>eorum</span> <span class='ocrx_word' id='word_1_425' title='bbox 424 2534 626 2574; x_wconf 81' lang='lat' dir='ltr'>temporum</span> <span class='ocrx_word' id='word_1_426' title='bbox 645 2533 845 2575; x_wconf 88' lang='lat' dir='ltr'>contineat,</span> <span class='ocrx_word' id='word_1_427' title='bbox 880 2535 941 2569; x_wconf 86' lang='lat' dir='ltr'>sed</span> <span class='ocrx_word' id='word_1_428' title='bbox 963 2534 1070 2568; x_wconf 85' lang='lat' dir='ltr'>etiam</span> 
     </span>
    </p>
   </div>
   <div class='ocr_carea' id='block_1_20' title="bbox 118 2665 1070 2701">
    <p class='ocr_par' dir='ltr' id='par_1_24' title="bbox 118 2665 1070 2701">
     <span class='ocr_line' id='line_1_49' title="bbox 118 2665 1070 2701; baseline 0.008 -13"><span class='ocrx_word' id='word_1_429' title='bbox 118 2665 147 2694; x_wconf 86' lang='lat'>1)</span> <span class='ocrx_word' id='word_1_430' title='bbox 166 2666 350 2689; x_wconf 81' lang='lat' dir='ltr'>Melantlionis</span> <span class='ocrx_word' id='word_1_431' title='bbox 370 2666 396 2690; x_wconf 89' lang='lat' dir='ltr'>in</span> <span class='ocrx_word' id='word_1_432' title='bbox 415 2668 463 2690; x_wconf 82' lang='lat' dir='ltr'>lias</span> <span class='ocrx_word' id='word_1_433' title='bbox 482 2668 613 2697; x_wconf 84' lang='lat' dir='ltr'>epistolas</span> <span class='ocrx_word' id='word_1_434' title='bbox 634 2673 819 2701; x_wconf 75' lang='lat' dir='ltr'>praefationes</span> <span class='ocrx_word' id='word_1_435' title='bbox 844 2675 949 2698; x_wconf 85' lang='lat' dir='ltr'>tantum</span> <span class='ocrx_word' id='word_1_436' title='bbox 976 2675 1002 2697; x_wconf 89' lang='lat' dir='ltr'>iu</span> <span class='ocrx_word' id='word_1_437' title='bbox 1022 2673 1070 2697; x_wconf 83' lang='lat' dir='ltr'>Ed.</span> 
     </span>
    </p>
   </div>
   <div class='ocr_carea' id='block_1_21' title="bbox 152 2699 1070 2761">
    <p class='ocr_par' dir='ltr' id='par_1_25' title="bbox 152 2699 1070 2761">
     <span class='ocr_line' id='line_1_50' title="bbox 152 2699 1070 2740; baseline 0.011 -18"><span class='ocrx_word' id='word_1_438' title='bbox 152 2699 226 2723; x_wconf 82' lang='lat'>1556.</span> <span class='ocrx_word' id='word_1_439' title='bbox 246 2701 273 2738; x_wconf 76' lang='lat' dir='ltr'>et</span> <span class='ocrx_word' id='word_1_440' title='bbox 292 2700 318 2723; x_wconf 90' lang='lat' dir='ltr'>in</span> <span class='ocrx_word' id='word_1_441' title='bbox 333 2702 421 2739; x_wconf 32' lang='lat' dir='ltr'>‘Tamo</span> <span class='ocrx_word' id='word_1_442' title='bbox 440 2703 459 2727; x_wconf 86' lang='lat'>1.</span> <span class='ocrx_word' id='word_1_443' title='bbox 485 2703 642 2730; x_wconf 74' lang='lat' dir='ltr'>Editionum</span> <span class='ocrx_word' id='word_1_444' title='bbox 662 2707 749 2739; x_wconf 79' lang='grc'><strong>1565.,</strong></span> <span class='ocrx_word' id='word_1_445' title='bbox 770 2709 855 2740; x_wconf 81' lang='grc'><strong>1569,,</strong></span> <span class='ocrx_word' id='word_1_446' title='bbox 878 2709 963 2740; x_wconf 75' lang='grc' dir='ltr'><strong>Ῑόῒ7.,</strong></span> <span class='ocrx_word' id='word_1_447' title='bbox 985 2708 1070 2739; x_wconf 63' lang='lat'>1552,</span> 
     </span>
     <span class='ocr_line' id='line_1_51' title="bbox 153 2734 430 2761; baseline 0.011 -4"><span class='ocrx_word' id='word_1_448' title='bbox 153 2734 226 2758; x_wconf 81' lang='lat'>1596.</span> <span class='ocrx_word' id='word_1_449' title='bbox 246 2736 430 2761; x_wconf 80' lang='lat' dir='ltr'>uiveniuntur.</span> 
     </span>
    </p>
   </div>
   <div class='ocr_carea' id='block_1_22' title="bbox 1121 1715 2116 2639">
    <p class='ocr_par' dir='ltr' id='par_1_26' title="bbox 1121 1715 2116 2639">
     <span class='ocr_line' id='line_1_52' title="bbox 1124 1715 2114 1768; baseline -0.01 -11"><span class='ocrx_word' id='word_1_450' title='bbox 1124 1735 1251 1768; x_wconf 87' lang='lat' dir='ltr'>genere</span> <span class='ocrx_word' id='word_1_451' title='bbox 1275 1723 1441 1757; x_wconf 84' lang='lat' dir='ltr'>dictionis</span> <span class='ocrx_word' id='word_1_452' title='bbox 1465 1722 1619 1756; x_wconf 84' lang='lat' dir='ltr'>maxime</span> <span class='ocrx_word' id='word_1_453' title='bbox 1642 1720 1809 1755; x_wconf 84' lang='lat' dir='ltr'>convenit</span> <span class='ocrx_word' id='word_1_454' title='bbox 1833 1719 1970 1764; x_wconf 82' lang='lat' dir='ltr'>primae</span> <span class='ocrx_word' id='word_1_455' title='bbox 1994 1715 2114 1755; x_wconf 82' lang='lat' dir='ltr'>aetati,</span> 
     </span>
     <span class='ocr_line' id='line_1_53' title="bbox 1124 1767 2113 1821; baseline -0.01 -12"><span class='ocrx_word' id='word_1_456' title='bbox 1124 1787 1214 1821; x_wconf 88' lang='lat' dir='ltr'>quae</span> <span class='ocrx_word' id='word_1_457' title='bbox 1238 1776 1283 1809; x_wconf 90' lang='lat' dir='ltr'>ad</span> <span class='ocrx_word' id='word_1_458' title='bbox 1303 1775 1439 1808; x_wconf 87' lang='lat' dir='ltr'>litteras</span> <span class='ocrx_word' id='word_1_459' title='bbox 1464 1773 1673 1808; x_wconf 87' lang='lat' dir='ltr'>instituitur.</span> <span class='ocrx_word' id='word_1_460' title='bbox 1725 1772 1788 1806; x_wconf 86' lang='lat' dir='ltr'>Est</span> <span class='ocrx_word' id='word_1_461' title='bbox 1809 1772 1903 1804; x_wconf 85' lang='lat' dir='ltr'>enim</span> <span class='ocrx_word' id='word_1_462' title='bbox 1933 1767 2113 1811; x_wconf 68' lang='lat' dir='ltr'>dicenili‘2)</span> 
     </span>
     <span class='ocr_line' id='line_1_54' title="bbox 1123 1819 2113 1871; baseline -0.01 -11"><span class='ocrx_word' id='word_1_463' title='bbox 1123 1839 1232 1871; x_wconf 88' lang='lat' dir='ltr'>genus</span> <span class='ocrx_word' id='word_1_464' title='bbox 1259 1826 1467 1871; x_wconf 86' lang='lat' dir='ltr'>proprium,</span> <span class='ocrx_word' id='word_1_465' title='bbox 1510 1832 1643 1859; x_wconf 85' lang='lat' dir='ltr'>castum</span> <span class='ocrx_word' id='word_1_466' title='bbox 1676 1830 1710 1857; x_wconf 85' lang='lat' dir='ltr'>et</span> <span class='ocrx_word' id='word_1_467' title='bbox 1740 1823 1845 1868; x_wconf 90' lang='lat' dir='ltr'>plane</span> <span class='ocrx_word' id='word_1_468' title='bbox 1877 1822 1967 1861; x_wconf 80' lang='lat' dir='ltr'>tale,</span> <span class='ocrx_word' id='word_1_469' title='bbox 2009 1819 2113 1864; x_wconf 86' lang='lat' dir='ltr'>quale.</span> 
     </span>
     <span class='ocr_line' id='line_1_55' title="bbox 1123 1870 2114 1923; baseline -0.009 -12"><span class='ocrx_word' id='word_1_470' title='bbox 1123 1878 1354 1923; x_wconf 86' lang='lat' dir='ltr'>quotidianus</span> <span class='ocrx_word' id='word_1_471' title='bbox 1370 1890 1454 1911; x_wconf 88' lang='lat' dir='ltr'>usus</span> <span class='ocrx_word' id='word_1_472' title='bbox 1471 1877 1658 1911; x_wconf 81' lang='lat' dir='ltr'>desiderat.</span> <span class='ocrx_word' id='word_1_473' title='bbox 1719 1875 1840 1920; x_wconf 87' lang='lat' dir='ltr'>Quare</span> <span class='ocrx_word' id='word_1_474' title='bbox 1857 1872 1914 1907; x_wconf 86' lang='lat' dir='ltr'>hic</span> <span class='ocrx_word' id='word_1_475' title='bbox 1930 1872 2020 1905; x_wconf 87' lang='lat' dir='ltr'>liber</span> <span class='ocrx_word' id='word_1_476' title='bbox 2035 1870 2114 1903; x_wconf 91' lang='lat' dir='ltr'>dili-</span> 
     </span>
     <span class='ocr_line' id='line_1_56' title="bbox 1123 1923 2114 1972; baseline -0.009 -10"><span class='ocrx_word' id='word_1_477' title='bbox 1123 1929 1325 1972; x_wconf 86' lang='lat' dir='ltr'>gentissime</span> <span class='ocrx_word' id='word_1_478' title='bbox 1356 1929 1400 1962; x_wconf 91' lang='lat' dir='ltr'>ab</span> <span class='ocrx_word' id='word_1_479' title='bbox 1435 1929 1477 1964; x_wconf 85' lang='lat' dir='ltr'>iis</span> <span class='ocrx_word' id='word_1_480' title='bbox 1501 1927 1765 1972; x_wconf 85' lang='lat' dir='ltr'>cognoscendus</span> <span class='ocrx_word' id='word_1_481' title='bbox 1788 1932 1856 1966; x_wconf 84' lang='lat' dir='ltr'>est,</span> <span class='ocrx_word' id='word_1_482' title='bbox 1891 1923 1953 1969; x_wconf 85' lang='lat' dir='ltr'>qui</span> <span class='ocrx_word' id='word_1_483' title='bbox 1981 1928 2114 1955; x_wconf 87' lang='lat' dir='ltr'>rectam</span> 
     </span>
     <span class='ocr_line' id='line_1_57' title="bbox 1121 1976 1963 2025; baseline -0.007 -12"><span class='ocrx_word' id='word_1_484' title='bbox 1121 1979 1248 2013; x_wconf 85' lang='lat' dir='ltr'>Latine</span> <span class='ocrx_word' id='word_1_485' title='bbox 1266 1980 1437 2025; x_wconf 88' lang='lat' dir='ltr'>loquendi</span> <span class='ocrx_word' id='word_1_486' title='bbox 1454 1980 1630 2013; x_wconf 89' lang='lat' dir='ltr'>rationem</span> <span class='ocrx_word' id='word_1_487' title='bbox 1649 1978 1782 2011; x_wconf 85' lang='lat' dir='ltr'>discere</span> <span class='ocrx_word' id='word_1_488' title='bbox 1804 1976 1963 2020; x_wconf 85' lang='lat' dir='ltr'>cupiunt.</span> 
     </span>
     <span class='ocr_line' id='line_1_58' title="bbox 1223 2023 2114 2072; baseline -0.01 -8"><span class='ocrx_word' id='word_1_489' title='bbox 1223 2031 1480 2065; x_wconf 85' lang='lat' dir='ltr'>Admonendus</span> <span class='ocrx_word' id='word_1_490' title='bbox 1499 2036 1616 2063; x_wconf 85' lang='lat' dir='ltr'>autem</span> <span class='ocrx_word' id='word_1_491' title='bbox 1636 2035 1687 2062; x_wconf 87' lang='lat' dir='ltr'>est</span> <span class='ocrx_word' id='word_1_492' title='bbox 1703 2029 1833 2069; x_wconf 84' lang='lat' dir='ltr'>lector,</span> <span class='ocrx_word' id='word_1_493' title='bbox 1861 2026 1947 2072; x_wconf 83' lang='lat' dir='ltr'>quid</span> <span class='ocrx_word' id='word_1_494' title='bbox 1961 2023 2114 2057; x_wconf 82' lang='lat' dir='ltr'>maxime</span> 
     </span>
     <span class='ocr_line' id='line_1_59' title="bbox 1123 2076 2115 2126; baseline -0.008 -11"><span class='ocrx_word' id='word_1_495' title='bbox 1123 2087 1302 2126; x_wconf 86' lang='lat' dir='ltr'>spectare,</span> <span class='ocrx_word' id='word_1_496' title='bbox 1348 2088 1382 2115; x_wconf 82' lang='lat' dir='ltr'>et</span> <span class='ocrx_word' id='word_1_497' title='bbox 1404 2082 1448 2115; x_wconf 89' lang='lat' dir='ltr'>ad</span> <span class='ocrx_word' id='word_1_498' title='bbox 1471 2094 1573 2115; x_wconf 87' lang='lat' dir='ltr'>suum</span> <span class='ocrx_word' id='word_1_499' title='bbox 1599 2092 1703 2114; x_wconf 89' lang='lat' dir='ltr'>usum</span> <span class='ocrx_word' id='word_1_500' title='bbox 1724 2079 1806 2112; x_wconf 88' lang='lat' dir='ltr'>inde</span> <span class='ocrx_word' id='word_1_501' title='bbox 1834 2077 2024 2111; x_wconf 85' lang='lat' dir='ltr'>transferre</span> <span class='ocrx_word' id='word_1_502' title='bbox 2056 2076 2115 2107; x_wconf 87' lang='lat' dir='ltr'>de-</span> 
     </span>
     <span class='ocr_line' id='line_1_60' title="bbox 1122 2128 2114 2179; baseline -0.009 -12"><span class='ocrx_word' id='word_1_503' title='bbox 1122 2134 1214 2167; x_wconf 85' lang='lat' dir='ltr'>beat.</span> <span class='ocrx_word' id='word_1_504' title='bbox 1267 2131 1306 2167; x_wconf 92' lang='lat' dir='ltr'>Id</span> <span class='ocrx_word' id='word_1_505' title='bbox 1323 2144 1540 2179; x_wconf 86' lang='lat' dir='ltr'>quamquam</span> <span class='ocrx_word' id='word_1_506' title='bbox 1567 2132 1638 2165; x_wconf 88' lang='lat' dir='ltr'>iam</span> <span class='ocrx_word' id='word_1_507' title='bbox 1665 2136 1768 2164; x_wconf 90' lang='lat' dir='ltr'>antea</span> <span class='ocrx_word' id='word_1_508' title='bbox 1791 2128 2026 2174; x_wconf 85' lang='lat' dir='ltr'>significatum</span> <span class='ocrx_word' id='word_1_509' title='bbox 2052 2132 2114 2165; x_wconf 88' lang='lat' dir='ltr'>est,</span> 
     </span>
     <span class='ocr_line' id='line_1_61' title="bbox 1123 2178 2114 2229; baseline -0.008 -12"><span class='ocrx_word' id='word_1_510' title='bbox 1123 2191 1243 2218; x_wconf 86' lang='lat' dir='ltr'>tamen</span> <span class='ocrx_word' id='word_1_511' title='bbox 1272 2185 1381 2229; x_wconf 89' lang='lat' dir='ltr'>paulo</span> <span class='ocrx_word' id='word_1_512' title='bbox 1414 2184 1591 2229; x_wconf 87' lang='lat' dir='ltr'>copiosius</span> <span class='ocrx_word' id='word_1_513' title='bbox 1624 2182 1817 2228; x_wconf 85' lang='lat' dir='ltr'>explicabo.</span> <span class='ocrx_word' id='word_1_514' title='bbox 1875 2178 1926 2212; x_wconf 80' lang='lat' dir='ltr'>Ac</span> <span class='ocrx_word' id='word_1_515' title='bbox 1957 2178 2114 2223; x_wconf 87' lang='lat' dir='ltr'>primum</span> 
     </span>
     <span class='ocr_line' id='line_1_62' title="bbox 1122 2229 2114 2279; baseline -0.008 -10"><span class='ocrx_word' id='word_1_516' title='bbox 1122 2234 1190 2269; x_wconf 92' lang='lat' dir='ltr'>hoc</span> <span class='ocrx_word' id='word_1_517' title='bbox 1208 2235 1389 2270; x_wconf 83' lang='lat' dir='ltr'>sciendum</span> <span class='ocrx_word' id='word_1_518' title='bbox 1410 2242 1479 2276; x_wconf 87' lang='lat' dir='ltr'>est,</span> <span class='ocrx_word' id='word_1_519' title='bbox 1506 2235 1660 2269; x_wconf 86' lang='lat' dir='ltr'>maxime</span> <span class='ocrx_word' id='word_1_520' title='bbox 1675 2234 1842 2279; x_wconf 87' lang='lat' dir='ltr'>prodesse</span> <span class='ocrx_word' id='word_1_521' title='bbox 1861 2229 1957 2265; x_wconf 89' lang='lat' dir='ltr'>hunc</span> <span class='ocrx_word' id='word_1_522' title='bbox 1982 2229 2114 2263; x_wconf 83' lang='lat' dir='ltr'>librum</span> 
     </span>
     <span class='ocr_line' id='line_1_63' title="bbox 1124 2279 2116 2332; baseline -0.008 -12"><span class='ocrx_word' id='word_1_523' title='bbox 1124 2288 1168 2321; x_wconf 91' lang='lat' dir='ltr'>ad</span> <span class='ocrx_word' id='word_1_524' title='bbox 1184 2286 1352 2321; x_wconf 89' lang='lat' dir='ltr'>Latinam</span> <span class='ocrx_word' id='word_1_525' title='bbox 1368 2288 1528 2332; x_wconf 87' lang='lat' dir='ltr'>linguam</span> <span class='ocrx_word' id='word_1_526' title='bbox 1552 2286 1767 2321; x_wconf 85' lang='lat' dir='ltr'>discendam.</span> <span class='ocrx_word' id='word_1_527' title='bbox 1820 2282 1910 2317; x_wconf 91' lang='lat' dir='ltr'>Cum</span> <span class='ocrx_word' id='word_1_528' title='bbox 1937 2281 2032 2315; x_wconf 89' lang='lat' dir='ltr'>enim</span> <span class='ocrx_word' id='word_1_529' title='bbox 2046 2279 2116 2313; x_wconf 89' lang='lat' dir='ltr'>La-</span> 
     </span>
     <span class='ocr_line' id='line_1_64' title="bbox 1124 2332 2115 2384; baseline -0.009 -11"><span class='ocrx_word' id='word_1_530' title='bbox 1124 2339 1220 2373; x_wconf 89' lang='lat' dir='ltr'>tinae</span> <span class='ocrx_word' id='word_1_531' title='bbox 1248 2339 1390 2384; x_wconf 84' lang='lat' dir='ltr'>linguae</span> <span class='ocrx_word' id='word_1_532' title='bbox 1419 2338 1630 2372; x_wconf 88' lang='lat' dir='ltr'>vernaculus</span> <span class='ocrx_word' id='word_1_533' title='bbox 1659 2349 1742 2371; x_wconf 88' lang='lat' dir='ltr'>usus</span> <span class='ocrx_word' id='word_1_534' title='bbox 1764 2346 1941 2380; x_wconf 85' lang='lat' dir='ltr'>nusquam</span> <span class='ocrx_word' id='word_1_535' title='bbox 1964 2333 2035 2366; x_wconf 89' lang='lat' dir='ltr'>iam</span> <span class='ocrx_word' id='word_1_536' title='bbox 2060 2332 2115 2369; x_wconf 77' lang='lat' dir='ltr'>sit,</span> 
     </span>
     <span class='ocr_line' id='line_1_65' title="bbox 1123 2384 2115 2425; baseline -0.01 -1"><span class='ocrx_word' id='word_1_537' title='bbox 1123 2390 1317 2425; x_wconf 89' lang='lat' dir='ltr'>rectissime</span> <span class='ocrx_word' id='word_1_538' title='bbox 1336 2403 1377 2425; x_wconf 88' lang='lat' dir='ltr'>ex</span> <span class='ocrx_word' id='word_1_539' title='bbox 1394 2389 1574 2424; x_wconf 89' lang='lat' dir='ltr'>Ciceronis</span> <span class='ocrx_word' id='word_1_540' title='bbox 1591 2395 1624 2422; x_wconf 86' lang='lat' dir='ltr'>et</span> <span class='ocrx_word' id='word_1_541' title='bbox 1641 2388 1795 2421; x_wconf 87' lang='lat' dir='ltr'>aliorum</span> <span class='ocrx_word' id='word_1_542' title='bbox 1819 2386 1893 2420; x_wconf 88' lang='lat' dir='ltr'>eius</span> <span class='ocrx_word' id='word_1_543' title='bbox 1917 2384 2035 2418; x_wconf 88' lang='lat' dir='ltr'>classis</span> <span class='ocrx_word' id='word_1_544' title='bbox 2054 2395 2115 2415; x_wconf 86' lang='lat' dir='ltr'>au-</span> 
     </span>
     <span class='ocr_line' id='line_1_66' title="bbox 1125 2437 2111 2487; baseline -0.01 -11"><span class='ocrx_word' id='word_1_545' title='bbox 1125 2448 1262 2476; x_wconf 87' lang='lat' dir='ltr'>ctorum</span> <span class='ocrx_word' id='word_1_546' title='bbox 1280 2442 1419 2487; x_wconf 89' lang='lat' dir='ltr'>scriptis</span> <span class='ocrx_word' id='word_1_547' title='bbox 1437 2453 1513 2475; x_wconf 90' lang='lat' dir='ltr'>eam</span> <span class='ocrx_word' id='word_1_548' title='bbox 1536 2441 1720 2474; x_wconf 82' lang='lat' dir='ltr'>discemus.</span> <span class='ocrx_word' id='word_1_549' title='bbox 1771 2437 1892 2471; x_wconf 89' lang='lat' dir='ltr'>Posita</span> <span class='ocrx_word' id='word_1_550' title='bbox 1920 2442 1971 2470; x_wconf 86' lang='lat' dir='ltr'>cst</span> <span class='ocrx_word' id='word_1_551' title='bbox 1995 2442 2111 2468; x_wconf 69' lang='lat' dir='ltr'>autein</span> 
     </span>
     <span class='ocr_line' id='line_1_67' title="bbox 1125 2486 2114 2538; baseline -0.009 -10"><span class='ocrx_word' id='word_1_552' title='bbox 1125 2494 1280 2538; x_wconf 86' lang='lat' dir='ltr'>cognitio</span> <span class='ocrx_word' id='word_1_553' title='bbox 1301 2493 1453 2527; x_wconf 86' lang='lat' dir='ltr'>Latinae</span> <span class='ocrx_word' id='word_1_554' title='bbox 1482 2493 1623 2536; x_wconf 86' lang='lat' dir='ltr'>linguae</span> <span class='ocrx_word' id='word_1_555' title='bbox 1654 2503 1729 2524; x_wconf 90' lang='lat' dir='ltr'>non</span> <span class='ocrx_word' id='word_1_556' title='bbox 1760 2489 1875 2524; x_wconf 87' lang='lat' dir='ltr'>solum</span> <span class='ocrx_word' id='word_1_557' title='bbox 1905 2488 1943 2521; x_wconf 91' lang='lat' dir='ltr'>in</span> <span class='ocrx_word' id='word_1_558' title='bbox 1968 2486 2114 2531; x_wconf 77' lang='lat' dir='ltr'>singulis</span> 
     </span>
     <span class='ocr_line' id='line_1_68' title="bbox 1123 2539 2115 2590; baseline -0.009 -11"><span class='ocrx_word' id='word_1_559' title='bbox 1123 2546 1324 2585; x_wconf 82' lang='lat' dir='ltr'>vocabulis,</span> <span class='ocrx_word' id='word_1_560' title='bbox 1353 2557 1394 2578; x_wconf 83' lang='lat' dir='ltr'>ex</span> <span class='ocrx_word' id='word_1_561' title='bbox 1414 2543 1540 2590; x_wconf 86' lang='lat' dir='ltr'>quibus</span> <span class='ocrx_word' id='word_1_562' title='bbox 1556 2542 1722 2587; x_wconf 89' lang='lat' dir='ltr'>proprius</span> <span class='ocrx_word' id='word_1_563' title='bbox 1738 2553 1854 2574; x_wconf 86' lang='lat' dir='ltr'>sermo</span> <span class='ocrx_word' id='word_1_564' title='bbox 1871 2545 2027 2579; x_wconf 88' lang='lat' dir='ltr'>constat,</span> <span class='ocrx_word' id='word_1_565' title='bbox 2055 2539 2115 2571; x_wconf 84' lang='lat' dir='ltr'>sed</span> 
     </span>
     <span class='ocr_line' id='line_1_69' title="bbox 1124 2588 2114 2639; baseline -0.008 -9"><span class='ocrx_word' id='word_1_566' title='bbox 1124 2597 1230 2630; x_wconf 88' lang='lat' dir='ltr'>etiam</span> <span class='ocrx_word' id='word_1_567' title='bbox 1259 2597 1296 2629; x_wconf 88' lang='lat' dir='ltr'>in</span> <span class='ocrx_word' id='word_1_568' title='bbox 1321 2609 1447 2629; x_wconf 69' lang='lat' dir='ltr'>vocum</span> <span class='ocrx_word' id='word_1_569' title='bbox 1472 2594 1748 2639; x_wconf 77' lang='lat' dir='ltr'>compositione,</span> <span class='ocrx_word' id='word_1_570' title='bbox 1792 2599 1898 2638; x_wconf 80' lang='lat' dir='ltr'>atque</span> <span class='ocrx_word' id='word_1_571' title='bbox 1926 2592 1961 2623; x_wconf 87' lang='lat' dir='ltr'>in</span> <span class='ocrx_word' id='word_1_572' title='bbox 1986 2588 2053 2623; x_wconf 78' lang='lat' dir='ltr'>hac</span> <span class='ocrx_word' id='word_1_573' title='bbox 2076 2602 2114 2623; x_wconf 66' lang='lat' dir='ltr'>re·</span> 
     </span>
    </p>
   </div>
   <div class='ocr_carea' id='block_1_23' title="bbox 1157 2699 2110 2764">
    <p class='ocr_par' dir='ltr' id='par_1_27' title="bbox 1157 2699 2110 2764">
     <span class='ocr_line' id='line_1_70' title="bbox 1157 2699 2110 2764; baseline -0.005 -37"><span class='ocrx_word' id='word_1_574' title='bbox 1157 2703 1326 2764; x_wconf 55' lang='lat' dir='ltr'>martinengi]</span> <span class='ocrx_word' id='word_1_575' title='bbox 1354 2702 1395 2727; x_wconf 83' lang='lat' dir='ltr'>sic</span> <span class='ocrx_word' id='word_1_576' title='bbox 1419 2704 1494 2727; x_wconf 84' lang='lat' dir='ltr'>recte</span> <span class='ocrx_word' id='word_1_577' title='bbox 1514 2702 1705 2733; x_wconf 65' lang='lat' dir='ltr'>Editt.15‹55.,</span> <span class='ocrx_word' id='word_1_578' title='bbox 1729 2701 1817 2731; x_wconf 67' lang='grc' dir='ltr'><strong>Ιόδθ.,</strong></span> <span class='ocrx_word' id='word_1_579' title='bbox 1840 2699 1932 2731; x_wconf 83' lang='lat'>1577.;</span> <span class='ocrx_word' id='word_1_580' title='bbox 1967 2699 2016 2724; x_wconf 84' lang='lat' dir='ltr'>Ed.</span> <span class='ocrx_word' id='word_1_581' title='bbox 2040 2700 2110 2723; x_wconf 64' lang='lat'>1556.</span> 
     </span>
     <span class='ocr_line' id='line_1_71' title="bbox 1210 2744 1323 2764; baseline -0.009 -2"><span class='ocrx_word' id='word_1_582' title='bbox 1210 2744 1285 2762; x_wconf 81' lang='lat' dir='ltr'>iscen</span> <span class='ocrx_word' id='word_1_583' title='bbox 1306 2745 1323 2764; x_wconf 90' lang='lat'>1.</span> 
     </span>
    </p>
   </div>
  </div>
 </body>
</html>
