2294 2975
191 138 312 175 XXIII.

166 224 196 270 ξ.
213 225 248 260 4.
277 224 471 271 Quandoffl)
497 228 578 272 quid
601 229 763 261 sentirem
772 225 844 275 20)]
859 227 982 262 Defert
999 227 1059 261 Li-

63 276 163 322 gario
181 289 285 311 suum
311 276 478 310 officium.

166 326 196 373 ξ.
213 326 247 362 5.
279 330 330 363 Tu
342 327 401 372 fae
416 324 557 375 habeas]
585 327 710 362 Brevis
731 329 941 364 consolatio.

65 137 140 178 225

353 420 686 466 Argumentum
702 422 760 468 ²¹).

164 487 303 532 Scripta
326 494 378 521 est
400 486 487 521 haec
510 488 658 533 epistola
686 496 766 534 post
791 490 922 524 bellum
941 489 1055 530 civile,

61 552 141 573 cum
166 539 296 572 Caesar
320 539 441 572 omnia
466 552 529 573 suo
555 540 744 575 dominatu
767 554 934 586 oppressa
960 548 1056 574 teue-

58 596 130 630 ret,
160 596 282 635 estque
306 591 444 634 generis
467 591 710 633 deliberativi,
736 593 995 633 consolatoria,
1018 592 1055 625 in

58 652 128 687 qua
145 640 291 685 Ligario
314 641 397 674 facit
420 654 520 687 spem
536 644 578 677 de
595 644 722 678 reditu.
776 644 941 689 Ligarius
959 644 1055 677 enim

58 705 138 727 cum
155 699 244 727 esset
260 692 298 725 in
314 692 433 726 Africa
448 700 528 738 post
543 695 659 729 fusum
677 696 888 740 Pompeium
901 723 910 736 ,
939 695 1056 729 existi-

57 744 224 778 mabatur
247 750 371 778 auctor
395 751 428 778 et
452 746 596 779 adiutor
623 747 728 791 fuis-se
759 747 842 780 belli
864 746 1055 780 restaurati

57 796 225 830 adversus
251 795 452 830 Caesarem.
511 797 710 832 Exordium
744 804 926 842 sumptum
957 803 1008 830 est
1034 808 1053 829 a

57 858 161 880 causa
195 847 401 887 scribendi,
445 854 566 894 estque
599 847 686 882 haec
726 861 864 882 summa
897 848 1051 882 exordii:

55 896 138 931 Ideo
157 896 225 932 hoc
241 904 403 943 tempore
427 899 562 940 scribo,
591 900 675 945 quia
692 900 782 933 bene
800 912 904 945 spero
922 901 964 933 de
991 906 1052 933 tuo

54 949 184 984 reditu.
236 949 404 995 Sequitur
430 951 629 995 propositio
656 951 928 985 consolationis:
965 950 1053 984 Cae-

54 1012 113 1034 sar
128 1013 203 1034 non
220 1001 287 1033 erit
305 1001 429 1034 durior
455 1001 493 1033 in
517 1008 561 1035 tc.
612 1003 904 1047 Propositionem
925 1003 1052 1035 confir-

53 1058 129 1084 mat
153 1064 172 1084 a
201 1052 385 1085 voluntate
411 1052 583 1087 Caesaris.
648 1053 787 1087 Deinde
812 1067 876 1099 per
902 1066 1051 1098 occupa-

52 1103 190 1135 tionem
209 1114 313 1136 causa
331 1116 454 1137 morae
473 1104 676 1144 subiicitur,
704 1117 766 1138 cur
789 1106 924 1139 tardius
950 1105 1052 1139 resti-

52 1160 185 1187 tuatur.
239 1153 411 1199 Epilogus
439 1156 597 1189 continet
614 1156 911 1201 pollicitationem
932 1157 1050 1197 officii,

54 1211 89 1238 et
117 1206 262 1238 brevem
288 1204 579 1240 adhortationem
606 1208 652 1240 ad
676 1209 914 1242 constantiam
940 1208 1051 1241 animi

54 1256 292 1290 retinendam.

302 1350 440 1383 Aliud
475 1358 807 1395 argumentum.

156 1417 321 1462 LigarIus
333 1418 479 1462 punitus
498 1425 573 1451 erat
590 1419 694 1452 exilio
706 1446 715 1460 ,
744 1420 840 1465 quod
866 1420 1000 1463 legatus
1015 1420 1050 1452 in

55 1469 213 1503 Africam
240 1470 439 1513 profectus,
477 1475 511 1501 et
536 1470 663 1503 deinde
688 1478 830 1515 accepta
853 1471 1052 1514 provincia,

55 1522 224 1554 adversus
244 1520 432 1553 Caesarem
458 1519 570 1552 multa
587 1521 708 1554 fecisse
730 1522 933 1561 dicebatur,
962 1522 1052 1555 sicut

53 1572 216 1617 pluribus
232 1569 325 1604 hanc
340 1583 415 1604 rem
434 1571 579 1615 exponit
595 1572 719 1606 Cicero
748 1573 784 1605 in
802 1573 966 1606 oratione
984 1586 1049 1618 pro

52 1623 269 1669 Ligario2‘2).
324 1622 444 1667 Quare
468 1624 605 1657 duabus
632 1624 789 1668 epistolis
816 1637 897 1658 eum
927 1637 1052 1658 conso-

52 1676 149 1708 latur
175 1680 307 1708 certam
331 1686 428 1718 spem
445 1674 577 1707 faciens
603 1676 646 1708 de
670 1676 797 1709 reditu.
851 1676 1050 1709 Exordium

52 1727 192 1771 primae
218 1725 387 1769 epistolae
408 1723 517 1758 habet
542 1727 804 1760 excusationem
829 1727 1050 1761 intermissae

54 1776 321 1817 consolationis,
340 1777 459 1809 addita
478 1788 581 1810 causa
596 1775 665 1810 hoc
683 1785 844 1822 tempore
861 1779 1050 1813 scribendi.

52 1828 222 1874 Sequitur
245 1828 445 1872 propositio
472 1829 514 1861 de
533 1828 683 1861 Caesare
696 1856 705 1869 ,
734 1830 831 1874 quod
847 1842 921 1863 non
939 1831 983 1864 sit
997 1832 1051 1863 su-

51 1887 152 1914 turus
177 1880 213 1912 in
237 1879 422 1924 Ligarium
454 1880 590 1913 durior.
658 1880 830 1914 Rationes
861 1888 1051 1915 sumuntur

51 1933 95 1965 ab
118 1931 228 1976 ipsius
254 1938 383 1964 natura
413 1943 475 1964 seu
502 1931 666 1974 ingenio,
695 1944 713 1964 a
731 1938 910 1976 tempore,
946 1939 980 1965 et
1007 1933 1051 1966 ab

52 1984 129 2029 ipsa
154 1983 414 2027 supplicatione
442 1995 507 2027 pro
522 1982 681 2027 Ligario.
736 1983 797 2017 His
827 1984 970 2017 additur
995 1997 1051 2017 oc—

52 2034 196 2079 cupatio
222 2036 263 2067 de
287 2046 388 2068 mora
419 2034 674 2073 restitutionis,
717 2035 871 2079 allegans
897 2047 1051 2076 causam,

53 2098 164 2132 quare
184 2086 321 2119 tardius
348 2086 566 2119 restituatur.
620 2085 760 2119 Deinde
784 2098 847 2130 per
871 2086 1052 2120 transitio-

53 2150 137 2171 nem
162 2136 317 2181 primum
343 2137 530 2181 pollicetur
554 2137 675 2181 ‘amico
706 2150 808 2171 suum
834 2138 990 2171 studium
1019 2145 1053 2171 et

54 2189 221 2222 officium.
275 2188 412 2221 Deinde
435 2201 515 2222 eum
543 2186 757 2221 adhortatur
772 2190 816 2221 ad
836 2190 947 2222 animi
966 2202 1050 2222 con-

54 2240 221 2274 stantiam
241 2240 464 2273 retinendam
483 2240 521 2273 in
535 2241 640 2274 rebus
658 2240 826 2274 adversis.

306 2324 440 2357 Aliud
478 2332 802 2369 argumentum.

156 2393 354 2426 Exordium
381 2392 539 2426 continet
563 2393 786 2427 occasionem
816 2392 993 2426 scribendi
1020 2398 1054 2425 et

53 2444 186 2480 silentii
214 2444 488 2478 excusationem.
556 2444 784 2489 Propositio,
821 2457 912 2490 quac
938 2443 1053 2489 sequi-

88 2565 135 2593 19)
154 2563 289 2595 Quando]
310 2561 350 2585 sic
370 2561 434 2584 illae
447 2560 531 2585 Editt.
550 2562 576 2584 et
596 2561 652 2591 al.';
672 2561 819 2586 Ed.0re11.
839 2561 984 2592 Quoniam

92 2608 140 2636 20]
159 2608 190 2630 In
209 2606 292 2630 Editt.
316 2604 408 2630 1545..
431 2603 503 2626 1560.
523 2603 584 2627 huic
602 2605 684 2628 notae
701 2605 842 2636 adscripta
860 2605 924 2628 suut
941 2605 1054 2627 antece-

126 2641 221 2665 dentia
239 2640 340 2664 verba:
361 2640 461 2669 Quare
479 2637 551 2662 mihi
568 2639 660 2663 erede.

89 2685 140 2714 21)
159 2685 218 2708 Hoc
235 2684 427 2714 argumentum
447 2682 473 2705 et
493 2681 544 2704 duo
564 2681 706 2711 sequeutia
724 2683 757 2706 ab
775 2681 859 2706 Editt.
876 2682 968 2713 1556„
990 2680 1057 2705 1565

129 2719 249 2743 -1596,
269 2718 438 2741 exhibentur.

90 2761 138 2788 22)
159 2760 237 2785 conf.
255 2760 335 2783 huius
353 2759 435 2789 Corp.
455 2758 579 2783 Reform.
596 2759 661 2783 Vol.
676 2759 750 2784 XVI.
772 2767 795 2789 p.
813 2760 950 2792 1195<sqq.

58 2803 242 2835 MELANTH.
266 2803 372 2833 Omen.
396 2802 480 2832 Von.
503 2801 611 2831 XVII.

364 138 674 175 ARGUMENTA
700 138 764 173 ET
793 138 997 174 SCHOLIA
1022 139 1072 176 IN
1096 139 1245 177 EPIST.
1272 140 1385 177 FAM.
1403 140 1487 178 CIC.
1515 142 1671 179 LIB.VI.
1699 144 1911 183 EP.12.13.
1928 148 1984 182 14.
2038 149 2113 185 226

1113 235 1188 269 tur,
1216 226 1324 262 habet
1339 230 1633 271 consolationem,
1660 230 1848 266 Caesarem
1866 233 1939 267 iam
1958 246 2030 269 esse
2047 235 2111 268 ali-

1113 293 1183 325 quo
1203 281 1311 314 modo
1335 281 1526 325 placatum.
1578 282 1750 317 Rationes
1771 291 1933 328 sumptae
1958 292 2041 320 sunt
2065 287 2109 320 ab

1111 329 1333 364 humanitate
1357 332 1535 373 Caesaris,
1573 340 1606 367 et
1635 347 1699 367 suo
1726 336 1843 368 studio
1874 336 1909 368 in
1937 337 2105 380 rogandis

1112 382 1250 417 assidue
1268 383 1429 418 Caesaris
1446 384 1580 419 amicis.
1632 384 1773 419 Deinde
1798 387 1979 420 adduntur
1996 388 2107 421 ratio-

1109 446 1170 467 nes
1185 447 1249 479 per
1259 436 1535 476 excusationem,-
1546 448 1662 483 ,quare
1678 450 1798 482 preces
1808 450 1875 482 pro
1888 437 2032 483 Ligario
2042 439 2106 485 ²⁴³³)

1108 486 1221 519 factae
1233 513 1241 526 ,
1269 486 1404 520 tardius
1420 486 1551 520 suerint
1567 489 1764 523 exauditae.
1801 489 1956 522 Additur
1978 496 2013 521 ct
2028 491 2107 534 pol-

1108 537 1257 570 licitatio
1284 537 1338 571 sui
1367 538 1492 577 officii,
1521 539 1708 573 interserta
1733 541 1897 585 querela,
1926 540 2023 586 quod
2043 552 2105 585 pa—

1108 600 1188 621 rum
1206 589 1401 622 admodum
1428 589 1539 632 possit
1563 587 1629 623 hoc
1657 597 1817 635 tempore
1846 592 1884 624 in
1910 592 2104 636 republica.

1107 638 1148 672 In
1170 639 1310 684 epilogo
1335 646 1385 673 est
1412 637 1635 680 adhortatio,
1663 648 1702 674 ut
1727 642 1811 675 sorti
1839 642 1980 684 animo,
2009 643 2106 688 quic-

1109 691 1194 735 quid
1222 697 1272 724 est
1301 691 1576 732 adversitatum,
1604 692 1704 726 ferat.

1239 788 1425 823 Scholia
1454 791 1499 823 in
1527 792 1774 836 epistolam
1803 791 1891 826 XIV.
1909 792 1966 838 2⁸).

1213 865 1242 910 ἓ.
1263 867 1294 900 1.
1324 867 1384 901 Me
1397 868 1479 899 scito
1501 865 1649 913 omnem]
1669 866 1866 900 Exordium
1883 870 1925 901 de
1941 870 2012 902 suis
2030 869 2105 901 ossi-

1233 920 1324 952 Nam
1339 919 1370 951 si
1386 919 1562 962 quisquam
1571 917 1644 964 ⁴²³)]
1672 918 1856 952 Narratio.

1210 975 1240 1021 ἓ.
1258 977 1293 1011 3.
1323 976 1543 1019 Quamobrem
1557 974 1632 1024 fac]
1654 977 1780 1011 Brevis
1798 975 2016 1012 adhortatio.

1107 917 1180 952 ciis.

1414 1070 1820 1117 Argumentumss).

1207 1146 1469 1191 Argumentum
1488 1147 1593 1191 plane
1611 1147 1705 1180 idem
1723 1153 1774 1181 est
1794 1159 1872 1180 cum
1891 1148 2105 1191 praeceden-

1106 1197 1210 1231 tibus.
1265 1198 1423 1242 Exponit
1443 1199 1537 1231 enim
1555 1211 1654 1243 spem
1674 1210 1787 1238 suam,
1814 1199 1911 1244 quod
1928 1198 2029 1231 brevi
2046 1198 2105 1231 Li-

1106 1249 1225 1293 garius
1242 1249 1359 1282 redire
1379 1250 1491 1294 possit
1506 1250 1543 1282 in
1557 1251 1695 1284 urbem.
1749 1249 1901 1283 Orditur
1917 1261 1936 1282 a
1951 1262 2106 1283 comme-

1105 1300 1309 1333 moratione
1326 1313 1475 1334 suorum
1497 1301 1535 1333 in
1550 1300 1735 1345 Ligarium
1750 1300 1961 1335 officiorum.
1996 1300 2106 1334 Dein·

1106 1352 1149 1384 de
1167 1358 1310 1391 narrat,
1340 1363 1431 1397 quae
1446 1364 1501 1385 res
1520 1352 1551 1384 ei
1570 1359 1701 1385 certam
1727 1364 1825 1396 spem
1841 1352 1976 1385 reditus
1990 1352 2105 1386 facere

1106 1403 1243 1436 debeat.
1305 1401 1345 1435 In
1369 1403 1596 1436 conclusione
1621 1402 1778 1437 breviter
1808 1401 2038 1443 adhortatur,
2074 1410 2107 1436 et

1106 1454 1220 1486 defert
1245 1466 1348 1487 suum
1378 1454 1545 1488 officium.

1357 1546 1495 1579 Aliud
1525 1552 1852 1590 argumentum.

1208 1620 1249 1655 In
1265 1620 1331 1656 hac
1348 1623 1496 1668 epistola
1521 1623 1674 1657 sumitur
1697 1623 1884 1657 exordium
1907 1635 1926 1656 a
1951 1635 2106 1657 comme-

1105 1674 1307 1707 moratione
1325 1675 1379 1708 sui
1394 1674 1502 1708 studii
1519 1681 1553 1708 et
1569 1674 1675 1708 officii
1687 1701 1695 1714 ,
1725 1674 1844 1707 addita
1869 1675 2102 1709 correctione.

1105 1725 1274 1759 Narratio
1291 1727 1450 1759 continet
1467 1732 1677 1770 argumenta
1698 1732 1731 1758 et
1746 1725 1858 1770 signa,
1877 1726 2004 1772 quibus
2023 1739 2105 1771 pro-

1104 1777 1166 1810 bat
1182 1778 1322 1811 nullum
1340 1790 1412 1812 esse
1431 1778 1579 1811 dubium
1596 1779 1638 1811 de
1663 1777 1789 1810 reditu.
1845 1776 1885 1810 Iu
1907 1778 2104 1812 conclusio-

1104 1840 1148 1861 ne
1181 1836 1232 1862 est
1263 1830 1380 1863 brevis
1413 1827 1638 1869 adhortatio,
1667 1835 1700 1861 et
1731 1828 1940 1872 pollicitatio
1974 1829 2106 1862 officio-

1105 1892 1198 1913 rum.

1352 1963 1487 1996 Aliud
1522 1969 1854 2007 argumentum.

1206 2039 1405 2073 Exordium
1434 2046 1617 2084 sumptum
1650 2046 1702 2073 est
1737 2051 1755 2072 3
1790 2037 2102 2072 commemoratio-

1106 2102 1149 2122 ne
1167 2090 1213 2136 26)
1248 2091 1448 2124 officiorum
1478 2103 1545 2135 pro
1579 2090 1736 2134 Ligario.
1796 2089 1965 2123 Narratio
1995 2086 2103 2122 habet

1105 2142 1250 2174 brevem
1284 2141 1548 2175 excusationem
1580 2143 1622 2175 de
1653 2154 1736 2186 spe,
1772 2153 1878 2186 quam
1910 2138 2039 2173 habeat
2066 2140 2103 2173 in

1107 2205 1212 2226 causa
1236 2192 1384 2237 Ligarii.
1445 2193 1616 2237 Epilogus
1642 2194 1786 2225 brevem
1811 2190 2101 2225 adhortationem

1105 2242 1214 2277 habet
1232 2256 1311 2277 cum
1326 2244 1585 2289 pollicitatione
1603 2245 1659 2278 sui
1677 2243 1794 2278 officii.

1139 2380 1208 2409 22³)
1229 2380 1355 2411 Ligario]
1375 2379 1423 2402 Ed.
1444 2378 1518 2402 1569.
1538 2383 1634 2401 errore
1653 2378 1780 2408 typogr.:
1798 2375 1921 2407 Ligaria.

1140 2431 1189 2460 23)
1210 2432 1296 2456 Huius
1323 2432 1405 2455 etiam
1429 2429 1563 2459 epistolae
1587 2429 1779 2458 argumentum
1805 2427 1989 2451 Melanthonis
2015 2428 2100 2455 Editt.

1180 2466 1293 2490 1537—
1310 2467 1399 2492 1551..
1422 2464 1512 2491 1552,
1535 2463 1624 2492 1560.,
1647 2463 1719 2486 1601.
1741 2462 1844 2485 nullum
1864 2463 1979 2493 nabent;
2016 2463 2102 2487 Editt.

1178 2501 1264 2532 1546„
1284 2501 1358 2525 1601.
1379 2498 1506 2529 Lougolii
1526 2498 1624 2520 lemma
1643 2497 1701 2520 eius
1720 2497 1781 2520 loco
1802 2497 1935 2520 exhibent.

1141 2551 1190 2581 24)
1211 2552 1264 2576 Pro
1288 2552 1332 2574 his
1357 2551 1411 2575 Cic.
1438 2549 1529 2573 verbis
1554 2548 1581 2571 in
1608 2548 1689 2572 Editt.
1712 2548 1803 2578 1545„
1832 2548 1906 2572 1563.
1933 2548 1995 2572 huic
2018 2549 2102 2573 notae

1174 2586 1318 2617 sequentia
1337 2586 1399 2616 Eyo
1420 2585 1491 2609 idem
1510 2584 1606 2608 tamen
1625 2583 1746 2612 praefixa
1765 2584 1837 2606 suut.

1140 2638 1190 2667 25)
1211 2638 1268 2661 Hoc
1286 2637 1477 2668 argumentum
1496 2637 1523 2658 et
1541 2635 1594 2658 duo
1614 2634 1757 2665 sequentia
1775 2634 1802 2657 in
1818 2634 1901 2659 Editt.
1919 2634 2010 2666 1556„
2035 2634 2101 2658 ¹565

1177 2673 1295 2696 -1596,
1314 2671 1498 2695 inveniuntur.

1142 2723 1192 2752 26)
1221 2721 1491 2749 commemoratione]
1518 2721 1557 2744 sic
1582 2721 1631 2744 Ed.
1655 2721 1745 2750 1556.;
1785 2721 1868 2744 Editt.
1897 2720 1988 2750 1565„
2018 2719 2104 2751 mea,

1178 2757 1255 2781 1592.
1275 2756 1517 2781 commendatione.
1550 2789 1598 2824 15
