2294 2975
99 131 163 165 151
665 121 787 157 min..
821 118 933 154 MEL.
968 115 1170 153 SCRIPTA
1208 117 1543 156 PHILOLOGICA.

95 218 186 248 limi.
241 213 438 257 Ampliticat
469 218 587 244 autem
615 208 823 243 sententiam
848 203 939 238 lianc
964 202 1081 237 distri-

95 267 257 299 lvutione:
287 264 391 296 Laeta
411 263 563 296 scrihere
581 274 651 294 non
671 270 812 304 possum
839 257 884 289 ol)
909 254 1081 299 tempori5

95 324 124 349 ct
156 318 317 348 fortunae
343 315 502 359 publicae
528 312 781 345 conditionem.
842 307 949 352 Quod
973 306 1081 350 igitur

95 367 326 411 relinquitur,
370 372 406 398 ut
441 365 500 397 tilii
534 370 591 396 aut
618 363 706 394 liene
731 359 918 404 pollicear,
963 363 1024 391 aut
1048 362 1081 389 te

96 419 269 453 consoler,
289 430 326 449 ea
346 428 486 462 quoqne
505 420 682 457 praestare
702 423 774 444 non
793 421 948 454 possum.
1002 407 1082 441 Pri-

96 482 192 501 mum
229 469 425 500 membrum
459 466 582 509 proluit
619 461 959 496 commemoratione
996 470 1080 493 suae

96 522 276 552 fortunae:
313 518 404 562 Quid
427 517 487 549 tibi
507 515 692 559 pollicear,
720 526 798 547 cum
822 524 886 555 ego
902 512 976 555 ipse
995 509 1081 543 alio-

97 584 173 603 rum
193 582 259 613 ope
284 567 483 609 indigeam?
526 568 641 611 Atque
663 564 719 598 hic
745 564 852 608 paulo
880 562 1080 606 longiorem

97 621 274 665 querelam
292 618 451 655 instituit,
472 630 561 663 quae
579 624 702 650 estccu
712 614 882 659 digressio
894 613 1080 659 quaed-'mn

94 673 218 704 Postea
246 671 394 701 alterum
422 669 620 701 membrum
647 668 776 712 probat
801 678 819 698 a
845 676 997 710 persona
1022 663 1081 696 Fi-

93 722 181 765 guli:
212 720 396 754 (Jonsolari
414 726 445 752 te
462 732 533 752 non
550 731 706 763 possum,
724 717 805 763 quia
825 717 880 749 vir
898 729 932 750 es
943 727 1079 750 summa

96 772 294 816 prudentia.
348 771 484 804 Deinde
508 771 695 815 proponit:
729 770 874 802 Sumam
900 768 945 814 ¹⁰)
974 766 1081 810 igitur

95 823 400 861 consolationem,
444 834 549 867 quam
584 834 638 854 res
669 821 742 865 ipsa
775 819 949 858 ostendit,
986 818 1081 862 quod

94 875 193 907 brevi
216 873 409 907 restitueris
432 873 659 917 reipublicae,
711 871 871 904 Primum
896 881 1082 912 argumen-

95 932 170 958 tum
199 925 305 959 sumit
336 936 353 957 a
387 925 568 957 voluntate
595 922 754 957 Caesaris
787 928 821 954 et
850 920 1081 953 familiarium

95 976 179 1010 eius.
240 976 439 1009 Secundum
470 987 487 1007 a
514 975 638 1007 studiis
661 972 802 1018 populi,
845 978 879 1005 et
909 984 928 1004 a
961 969 1082 1003 condi-

95 1027 190 1060 tione
214 1026 447 1071 reipublicae,
491 1032 596 1071 atque
624 1026 673 1057 ibi
698 1024 883 1057 commode.
906 1021 1083 1066 promittit

95 1091 194 1111 suam
223 1090 381 1121 operam.
450 1077 604 1114 Ultimo,
640 1083 810 1120 tanquam
838 1074 967 1117 epilogi
996 1073 1083 1111 vice,

94 1130 206 1161 desert
224 1129 374 1161 ollii-ium
387 1154 395 1165 ,
421 1134 452 1159 et
478 1125 662 1166 hortatur,
687 1132 724 1159 ut
742 1125 825 1158 sorti
844 1125 964 1157 animo
983 1135 1082 1168 prae-

95 1186 227 1213 sentem
246 1180 425 1212 fortunam
445 1179 545 1211 serat.

347 1279 480 1313 Aliud
516 1282 839 1322 argumentum.

195 1356 357 1400 Rigitlins
383 1368 461 1388 cum
487 1354 606 1387 multis
632 1353 709 1385 aliis
733 1356 870 1385 secutus
887 1355 962 1381 crat
976 1349 1083 1382 Pom-

96 1409 236 1453 peium,
272 1420 341 1452 quo
365 1412 530 1450 superato
558 1410 704 1448 propter
732 1402 918 1435 Caesarem
943 1406 1082 1433 coactus

95 1461 160 1493 suit
185 1460 233 1491 ire
251 1459 286 1490 in
305 1457 465 1496 exilium,
495 1457 589 1501 quod
612 1455 806 1487 admodum
834 1452 979 1484 moleste
1004 1451 1082 1483 tulit

98 1517 218 1555 captus
241 1508 412 1552 singulari
436 1508 533 1540 urbis
559 1505 746 1539 desiderio.
816 1503 935 1548 Quare
960 1502 1081 1534 Cicero

98 1560 164 1595 liae
198 1560 365 1605 epistola,
402 1570 492 1603 quae
529 1564 580 1590 est
614 1555 795 1600 splendide
831 1560 864 1586 et
898 1553 1082 1596 magnifice

97 1613 247 1656 scripta,
280 1623 358 1643 eum
382 1609 585 1641 consolatur
617 1607 816 1650 significans
845 1604 948 1637 certis
979 1616 1082 1647 argu—

98 1663 225 1696 mentis
242 1662 277 1694 in
293 1660 393 1693 brevi
411 1657 477 1692 lioe
495 1660 652 1691 futurum
666 1684 674 1698 ,
699 1664 737 1690 ut
752 1655 966 1699 reipublicae
982 1655 1082 1688 resti-

98 1720 230 1747 tuatur.
283 1711 476 1745 Exordium
495 1710 633 1753 longius
651 1715 720 1748 cst,
748 1707 843 1752 quod
865 1712 1001 1738 constat
1020 1707 1082 1738 du-

98 1765 290 1802 bitatione,
322 1762 439 1794 addita
459 1760 727 1794 enumeratione
747 1759 789 1790 de
806 1769 932 1801 genere
949 1757 1082 1789 littera-

98 1828 189 1849 rum.
242 1814 424 1851 Primum,
451 1813 545 1857 quod
562 1823 634 1843 non
653 1809 762 1854 possit
778 1814 924 1852 propter
948 1814 1082 1851 tempo-

98 1867 145 1900 ris
169 1873 202 1899 et
225 1865 385 1910 publicae
412 1864 574 1896 fortunae
599 1860 839 1894 conditionem
873 1859 964 1891 laeta
997 1858 1081 1891 scri-

95 1919 196 1958 bere,
224 1928 337 1961 neque
359 1914 566 1959 promittere
590 1912 704 1945 arnico
730 1911 875 1956 aliquod
899 1909 1080 1943 auxssium.

95 1968 204 2014 quue
222 1968 351 2012 probat
374 1966 479 2009 longa
502 1961 841 1998 connnemoratione
864 1973 946 1994 suae
969 1961 1081 1993 sortu-

98 2033 184 2059 nae,
224 2025 257 2051 et
281 2016 490 2050 miserabilis
512 2021 622 2049 status
648 2012 874 2057 reipublicae.
942 2010 1079 2044 Deinde

98 2071 193 2117 quod
215 2080 329 2114 neque
357 2067 532 2100 consolari
555 2065 737 2108 Nigidium
764 2063 875 2108 possit
896 2060 1078 2095 hominem

95 2133 232 2157 summa
249 2119 436 2164 prudentia
454 2124 487 2150 et
503 2116 700 2150 eruditione
719 2114 933 2159 praeditum.
975 2114 1080 2147 Post-

96 2185 135 2207 ea
159 2172 315 2217 sequitur
340 2168 538 2214 propositio
566 2168 608 2200 de
630 2166 758 2200 reditu.
826 2165 987 2198 Primum
1024 2177 1080 2198 ar-

95 2230 299 2269 gumentum
324 2220 475 2255 sumitur
499 2232 519 2252 a
541 2219 722 2252 voluntate
739 2216 897 2251 Caesaris
914 2222 948 2249 et
964 2216 1078 2249 omni—

95 2288 154 2308 um
194 2272 421 2307 familiarium
463 2270 633 2304 Caesaris.
706 2268 906 2302 Secundum
946 2280 965 2300 a
1007 2273 1078 2301 stu-

96 2326 162 2359 diis
178 2324 299 2368 popnli
315 2330 348 2356 et
365 2336 384 2356 a
403 2322 607 2355 conditione
624 2320 850 2364 reipublicae.
902 2318 1076 2352 Ultimum

99 2383 149 2410 est
174 2376 215 2407 de
238 2387 299 2408 suo
323 2374 437 2407 studio
462 2386 501 2407 ac
523 2375 565 2406 de
584 2377 749 2417 prompta
770 2370 951 2403 voluntate
969 2369 1005 2402 in
1022 2381 1077 2402 re-

95 2429 159 2461 bus
178 2425 351 2459 omnibus.
397 2425 582 2458 Conclusio
601 2423 758 2456 continet
774 2419 1076 2461 adhortationem,

94 2485 132 2511 nt
148 2477 284 2510 sortiter
303 2476 392 2508 serat
408 2482 626 2519 praesentem
646 2480 776 2508 statum
798 2472 917 2506 addita
941 2471 1075 2516 pollici-

93 2528 224 2561 tatione
241 2526 295 2560 sui
312 2526 427 2560 officii.

124 2685 169 2711 10)
203 2682 325 2710 suniam]
357 2679 396 2704 sie
427 2680 502 2703 recte
533 2679 582 2703 Ed.
612 2678 703 2709 1556.;
748 2677 832 2703 Editt.
868 2675 1068 2701 1565—1577

157 2723 294 2741 sumniam.

2051 117 2123 155 152

1383 205 1515 239 Aliud
1548 211 1873 250 argumentum.

1235 273 1394 319 Epistola
1414 282 1466 309 est
1483 275 1733 310 consolatoria.
1771 275 1986 309 Consolatur
2004 280 2122 308 autem

1134 323 1334 368 Nigidium,
1371 327 1432 372 qui
1448 333 1594 371 propter
1611 327 1823 371 Pompeium
1851 326 2034 366 exulabat,
2069 326 2123 359 fu·

1135 382 1254 409 turum
1282 377 1463 417 videlicet,
1486 384 1524 411 ut
1548 378 1584 410 in
1610 378 1709 411 brevi
1727 378 1944 412 restituatur.
1997 377 2122 421 Singu-

1134 427 1200 459 lari
1227 434 1344 461 autem
1371 428 1518 462 consilio
1551 430 1716 473 deplorat
1748 429 1926 473 copiosius
1951 428 2121 462 miserum

1134 483 1264 511 statum
1284 479 1510 523 reipublicae,
1531 486 1570 513 ut
1588 480 1749 526 aequiori
1768 481 1888 514 animo
1906 478 2122 513 desiderium

1133 528 1230 562 urbis
1253 531 1353 564 serat.
1404 530 1600 564 Exordium
1623 538 1804 576 sumptum
1829 538 1879 565 est
1909 531 1953 564 ab
1979 541 2122 564 enume-

1134 580 1292 621 ratione,
1320 581 1357 614 in
1381 594 1449 626 qua
1474 583 1637 626 repudiat
1659 585 1730 616 duo
1757 588 1964 626 argumenta
1985 581 2029 628 ¹¹)
2050 580 2121 625 epi-

1134 632 1305 665 stolarum
1317 659 1326 672 ,
1351 632 1514 666 videlicet
1528 634 1570 666 de
1587 635 1748 667 secundis
1764 635 1869 667 rebus
1880 660 1889 673 ,
1917 639 1951 666 et
1967 634 2009 666 de
2025 637 2121 665 certo

1134 682 1265 715 auxilio
1283 684 1538 727 promittendo.
1590 685 1706 730 Atque
1722 684 1812 718 hanc
1828 691 1965 729 partem
1983 684 2122 727 elegan-

1137 740 1189 766 ter
1214 735 1406 779 amplificat
1428 736 1768 769 commemoratione
1792 747 1875 770 suae
1899 733 2121 768 calamitatis.

1136 785 1272 819 Deinde
1296 787 1455 832 sequitur
1481 787 1663 827 transitio,
1691 788 1747 820 cui
1771 788 1913 820 additur
1928 786 2044 820 brevis
2064 796 2122 817 oc-

1135 838 1276 880 cupatio
1299 839 1342 870 (le
1367 839 1604 872 consolando:
1647 836 1745 871 Nihil
1770 850 1858 882 opus
1885 844 1936 871 est
1961 836 2121 871 consola-

1136 888 1231 920 tione
1255 901 1353 929 mea,
1379 902 1457 922 cum
1485 890 1558 934 ipse
1587 890 1749 922 doctrina
1768 895 1800 922 te
1817 895 1917 933 potes
1932 886 2121 923 consolari.

1135 938 1261 972 Postea
1285 946 1335 973 est
1358 940 1556 984 propositio
1577 940 1829 974 consolationis
1846 952 1887 973 ex
1910 940 2063 973 utilitate
2088 943 2123 970 et

1136 989 1229 1023 exitu
1242 991 1463 1027 calamitatis.
1516 992 1637 1025 Prima
1654 992 1745 1024 ratio
1774 998 1913 1035 sumpta
1939 997 1990 1025 est
2014 1002 2034 1023 a
2061 1000 2123 1021 vo-

1135 1041 1270 1074 luntate
1293 1042 1470 1080 Caesaris;
1505 1043 1614 1076 altera
1643 1043 1735 1076 ratio
1771 1054 1789 1074 a
1819 1042 2023 1075 conditione
2053 1039 2122 1073 rei—

1136 1092 1307 1135 publicae..
1362 1093 1658 1126 Confirmationes
1683 1092 1938 1137 propositionis
1961 1090 2122 1138 sequitur

1136 1144 1306 1176 correctio
1318 1169 1327 1183 ‚
1355 1145 1451 1189 qnod
1468 1143 1602 1189 aliquid
1620 1150 1739 1177 tamen
1755 1144 1951 1188 promittat.
1997 1142 2037 1177 In
2052 1142 2121 1175 fine

1136 1200 1187 1227 est
1202 1195 1418 1235 consolatio,
1446 1201 1586 1240 sumpta
1609 1207 1650 1228 ex
1665 1194 1751 1229 loeis
1770 1192 1977 1230 honestatis.

1382 1279 1518 1313 Aliud
1551 1285 1879 1323 argumentum.

1236 1346 1431 1380 Exordium
1449 1353 1629 1392 sumptum
1647 1354 1698 1381 est
1721 1360 1739 1381 a
1764 1347 2005 1388 dubitatione,
2033 1359 2123 1394 quae

1135 1396 1242 1431 habet
1257 1398 1555 1432 distributionem.
1583 1398 1751 1444 Sequitur
1765 1399 1968 1443 occupatio:
1989 1399 2122 1433 Verum

1137 1450 1278 1494 quidem
1298 1455 1367 1488 est,
1395 1450 1490 1494 qnod
1508 1449 1636 1483 Caesar
1656 1462 1737 1493 erga
1760 1462 1817 1483 me
1842 1450 1887 1484 sit
1909 1447 2121 1484 humanissi-

1136 1513 1234 1540 mus,
1272 1507 1410 1539 tamen,
1451 1513 1541 1545 quae
1575 1512 1653 1533 mea
1678 1507 1728 1534 est
1759 1507 1907 1541 natura,
1948 1508 2121 1546 perpetuo

1135 1564 1212 1585 sinn
1242 1551 1278 1583 in
1308 1562 1473 1584 moerore
1491 1577 1500 1590 ,
1548 1552 1644 1596 quod
1675 1551 1892 1586 suavissimis
1923 1553 2120 1586 amicorum

1135 1602 1320 1647 colloquiis
1336 1603 1388 1636 nti
1405 1602 1591 1642 nonlicet,
1618 1614 1702 1642 nec,
1728 1609 1768 1636 ut
1790 1609 1892 1636 antea
1908 1629 1917 1643 ‚
1948 1603 2120 1638 inservire

1134 1666 1277 1698 possum
1295 1653 1427 1687 amicis.
1465 1652 1602 1686 Deinde
1618 1653 1764 1697 ponitur
1780 1653 1997 1697 propositio:
2027 1655 2120 1689 Con-

1135 1705 1278 1738 solabor
1306 1711 1351 1738 te.
1408 1704 1499 1737 Huic
1525 1704 1680 1737 subiecta
1702 1710 1753 1738 est
1778 1704 1942 1738 reiectio:
1983 1705 2118 1741 Verum

1134 1768 1207 1789 non
1225 1762 1306 1789 utar
1323 1753 1578 1800 philosophicis
1593 1754 1698 1795 locis,
1723 1756 1820 1800 quod
1834 1753 1889 1789 his
1906 1762 2008 1789 antea
2027 1758 2119 1793 hene

1133 1807 1179 1841 sis
1201 1807 1393 1840 institutus.
1465 1805 1618 1839 Additur
1649 1812 1897 1849 argumentum
1929 1807 2073 1842 ductum
2098 1822 2118 1843 a

1134 1857 1406 1892 circumstantiis
1423 1869 1596 1901 personae
1614 1856 1773 1890 Caesaris
1797 1863 1831 1890 et
1855 1857 2028 1900 aliorum,
2056 1860 2118 1906 qui

1133 1916 1215 1943 sunt
1242 1910 1337 1954 apud
1364 1908 1571 1948 Caesarem,
1600 1907 1704 1947 item,
1747 1908 1856 1942 totius
1888 1909 2117 1954 reipublicae,

1133 1973 1177 1994 ne
1198 1961 1345 1993 omnino
1363 1961 1542 2004 desperet,
1569 1959 1629 1992 sed
1652 1958 1800 1992 firmiter
1816 1959 1883 1993 sibi
1906 1963 2118 2005 persuadeat

1133 2012 1289 2057 aliquem
1321 2012 1479 2045 futurum
1510 2010 1656 2043 modurn
1692 2010 1935 2045 molestiarum
1955 2038 1965 2053 ,
2015 2019 2049 2047 et
2078 2013 2117 2047 in

1132 2063 1232 2096 brevi
1251 2076 1286 2097 se
1305 2062 1505 2096 restitutum
1526 2060 1582 2095 iri.
1628 2060 1797 2105 Epilogus
1813 2062 1990 2106 prolixam
2009 2061 2116 2099 habet

1133 2114 1424 2159 pollicitationem
1444 2111 1568 2152 officii,
1600 2118 1632 2145 et
1650 2112 1794 2145 brevem
1814 2111 2116 2151 adhortationem.

1131 2165 1171 2199 In
1190 2167 1258 2199 fine
1277 2165 1419 2199 additur
1438 2162 1605 2197 clausula.

1190 2268 1511 2312 Argumentum
1543 2269 1583 2296 et
1611 2260 1785 2296 scholia
1814 2263 1856 2296 in
1885 2264 2055 2309 episto-

1520 2314 1607 2347 lam
1635 2313 1724 2348 XIV.

1232 2385 1382 2420 Orditur
1404 2395 1423 2416 a
1450 2382 1739 2422 narratiuncula,
1768 2394 1858 2427 quae
1883 2383 2041 2417 continet
2060 2396 2116 2418 ar-

1129 2445 1296 2484 gumenta
1312 2436 1511 2469 litterarum
1527 2434 1663 2467 Planci.
1702 2433 1830 2468 Postea
1849 2434 1976 2467 refellit
1991 2435 2116 2470 Planci

1126 2492 1262 2524 litteras
1279 2489 1322 2521 de
1348 2486 1538 2530 dignitate,
1567 2485 1672 2530 idque
1698 2485 1889 2529 amplificat
1910 2485 2115 2521 definitione

1126 2539 1309 2586 dignitatis
1334 2544 1367 2570 et
1393 2535 1606 2570 conscientia
1624 2535 1669 2582 l²)
1693 2536 1935 2570 consiliorum.
1987 2536 2115 2572 Postea

1159 2658 1206 2686 11)
1225 2652 1403 2686 argumenta]
1423 2651 1463 2676 sic
1481 2651 1565 2676 Editt.
1588 2650 1798 2683 1565—1577.;
1816 2651 1866 2677 Ed.
1886 2650 1962 2676 1556.
1980 2658 2092 2684 genera.

1157 2709 1202 2738 12)
1222 2704 1402 2734 conscientia]
1421 2703 1471 2728 Ed.
1495 2704 1569 2728 160¹.
1590 2700 1784 2728 conscientiae.
