2351 2990
127 100 202 136 369

127 186 311 232 praetorio
337 187 481 221 affixum
505 193 575 227 est,
602 187 646 220 de
663 200 735 233 quo
752 188 846 221 facto
865 189 1022 233 graviter
1039 202 1124 222 con-

125 238 289 284 queritur
313 237 436 272 Cicero
474 239 519 271 ad
551 237 722 274 Atticum.
783 239 983 274 Exordium
1016 239 1123 274 habet

126 296 267 323 votum:
297 290 444 323 Utinam
467 302 547 323 cum
573 289 723 323 Caesare
747 288 946 325 Antonium
979 305 1121 338 quoque

127 341 359 379 occidissetis;
387 338 478 374 mihi
503 339 599 373 enim
619 348 670 375 est
688 341 790 375 valde
817 343 999 378 molestus.
1052 344 1122 377 Re-

125 391 223 438 liqua
251 391 420 437 epistolae
445 404 528 436 pars
551 392 798 426 narrationem
814 391 933 428 habet.

244 461 578 504 Argumentum
613 461 842 505 epistolae
870 461 992 497 XXIX.

227 520 396 555 Narratio
405 520 451 568 ⁶⁹)
468 521 509 554 de
527 533 610 555 cura
631 534 672 555 ac
693 523 811 556 studio
829 536 892 557 suo
920 536 986 568 pro
1008 524 1118 558 salute

127 570 248 616 Appii.

327 629 465 664 Aliud
494 638 808 676 argumentum
827 633 913 680 69ἢ).

231 689 469 724 Commendat
487 691 611 726 Cicero
637 705 740 726 suum
767 693 920 727 officIum
937 692 1055 738 Appio
1080 693 1117 726 in

126 739 200 774 eius
218 742 330 775 salute
356 743 588 778 defendenda.
641 743 785 777 Initium
812 745 968 778 continet
984 757 1117 790 propo-

125 791 289 826 sitionem
303 820 312 834 ‚
337 806 445 839 quam
462 793 629 829 antithesi
646 796 855 839 amplificat,
883 802 921 829 ut
944 797 1048 829 fidem
1066 797 1116 829 fa-

126 843 195 877 ciat
222 857 258 878 se
287 845 500 879 acerrimum
518 847 740 880 defensorem
761 859 845 880 esse.

374 912 507 946 Aliud
535 919 864 957 argumentum.

230 963 325 997 Haec
337 964 454 997 brevis
472 963 618 1008 epistola
633 965 677 997 ad
691 964 860 1009 Appium,
878 978 948 1011 quo
966 966 1114 1001 consilio

127 1013 164 1047 in
181 1011 276 1047 hunc
293 1015 410 1048 locum
429 1015 602 1048 collocata
627 1016 690 1055 sit,
719 1023 814 1050 certo
831 1017 920 1050 scire
944 1030 1017 1050 non
1034 1031 1114 1062 pos-

127 1077 260 1099 sumus.
306 1065 382 1098 Hoc
398 1073 517 1099 tamen
537 1067 621 1100 satis
641 1073 796 1107 constat,
824 1070 920 1113 quod
938 1070 1115 1113 pertineat

127 1117 172 1149 ad
200 1116 386 1160 epistolam
414 1117 471 1151 12.
499 1117 581 1150 libri
597 1117 674 1157 VL,
702 1118 763 1150 ubi
781 1119 942 1162 pluribus
961 1133 1115 1154 comme-

126 1173 246 1199 morat
275 1179 374 1200 suam
406 1168 626 1211 diligentiam
657 1169 694 1201 in
726 1169 953 1213 impetrando
985 1172 1114 1206 reditu.

126 1217 303 1251 Exulabat
318 1219 411 1251 enim
429 1219 566 1264 Appius
583 1220 727 1259 Balbus,
757 1222 854 1265 quod
870 1229 1009 1256 secutus
1027 1230 1114 1256 esset

126 1275 244 1313 partes
260 1269 434 1313 Pompeii.
487 1271 669 1315 Principio
687 1271 834 1315 ponitur
850 1273 966 1306 brevis
992 1286 1114 1306 narra-

127 1319 178 1352 tio
202 1321 245 1353 de
270 1321 387 1354 studio
416 1333 479 1354 suo
503 1334 569 1365 pro
595 1322 707 1355 salute
724 1322 844 1366 Appii.
897 1322 1036 1357 Deinde
1065 1331 1116 1358 est

126 1368 450 1412 adhortatiuncula,
465 1379 504 1406 ut
514 1373 648 1417 optima
661 1385 822 1419 quaeque
837 1381 964 1418 speret,
977 1375 1114 1410 etiamsi

128 1423 248 1455 omnia
276 1423 466 1457 videantur
491 1425 650 1458 adversa.

376 1491 511 1524 Aliud
539 1498 866 1536 argumentum.

230 1541 399 1576 Narratio
419 1543 604 1576 continens
619 1543 915 1588 pollicitationem
945 1545 1050 1578 osficii
1079 1545 1115 1578 in

127 1593 347 1627 defendenda
363 1594 473 1626 salute
490 1594 610 1639 Appii.
659 1594 698 1629 In
713 1595 782 1628 fine
797 1602 848 1628 est
866 1593 1116 1629 adhortatiun-

129 1644 204 1677 cula
219 1671 228 1685 ,
255 1651 295 1679 ut
318 1645 411 1678 laeto
434 1645 478 1678 sit
504 1645 638 1680 animo.

271 1722 602 1764 Argumentum
631 1720 857 1765 epistolae
882 1722 988 1756 XXX.

209 1779 378 1815 Narratio
388 1779 451 1826 691))
463 1781 504 1813 de
515 1792 645 1824 pugna,
663 1792 732 1825 qua
743 1780 854 1814 victus
869 1788 919 1814 est
928 1781 1116 1815 Antonius.

340 1847 478 1880 Aliud
506 1854 822 1891 argumentum
838 1847 897 1892 ⁷⁰).

227 1898 365 1943 Scripta
393 1905 444 1932 est
468 1899 637 1943 epistola,
664 1912 743 1932 cum
759 1898 937 1932 Antonius
955 1899 1115 1932 Mutinae

127 1949 171 1984 D.
186 1950 339 1984 Brutum
357 1950 554 1990 obsideret,
582 1957 616 1983 et
648 1951 719 1984 duo
749 1951 908 1985 consules
928 1950 1064 1984 Hirtius
1084 1958 1117 1984 et

127 2002 244 2036 Pansa
269 2002 421 2035 Brutum
445 2002 596 2035 liberare
622 2009 848 2035 conarentur.
909 2001 972 2035 Est
998 2009 1114 2035 autem

129 2060 203 2087 tota
222 2053 436 2087 narratoria.
478 2053 572 2087 Nam
589 2053 702 2087 Galba
721 2061 893 2098 perpetua
909 2054 1116 2086 narratione

130 2111 407 2145 commemorat,
435 2117 506 2150 quo
530 2105 568 2138 in
590 2111 685 2139 statu
709 2117 764 2138 res
790 2117 913 2138 eorum
937 2105 1028 2144 sint,
1055 2105 1116 2151 qui

130 2156 331 2190 Antonium
365 2157 409 2189 ab
443 2157 627 2190 obsidione
658 2156 834 2201 depellere
866 2156 1115 2190 moliebantur.

130 2207 308 2241 Describit
326 2207 419 2240 enim
438 2208 638 2242 conflictum
657 2221 734 2242 cum
746 2207 918 2248 Antonio,
948 2214 981 2241 et
997 2207 1114 2252 primo

133 2259 353 2293 occasionem
377 2259 450 2292 eius
472 2260 633 2304 exponit,
661 2260 789 2293 deinde
815 2260 928 2305 ipsam
948 2271 1117 2304 pugnam,

133 2317 314 2356 postremo
343 2316 508 2344 eventum
535 2323 596 2345 seu
624 2311 769 2345 exitum.

170 2396 217 2424 69)
237 2395 306 2419 uuio
319 2393 378 2418 voci
392 2393 420 2417 in
435 2394 830 2426 Editt.1540—1545.,21554.‚
845 2393 930 2424 ¹557„
948 2394 1022 2417 1560.
1036 2399 1119 2423 prae-

203 2430 257 2454 fixa
276 2430 340 2452 sunt
361 2428 415 2453 Cic.
435 2430 520 2452 verba
539 2428 580 2461 (§.
597 2430 649 2458 l.):
675 2431 718 2454 De
733 2436 794 2454 meo
818 2429 934 2459 studio,
955 2428 1050 2458 quihus
1070 2429 1119 2451 hoc

204 2465 393 2496 argumentum
412 2463 439 2486 in
460 2463 508 2486 Ed.
530 2464 603 2488 1537.
622 2464 650 2487 in
668 2464 792 2495 margine
811 2464 855 2487 est
874 2463 1036 2493 appositum.

166 2500 200 2524 69
209 2499 233 2530 a)
249 2500 306 2523 floc
318 2498 507 2528 argumentum
521 2499 548 2521 et
562 2498 613 2522 duo
627 2499 771 2528 sequeutia
784 2498 811 2522 in
824 2497 908 2523 Editt.
920 2497 1120 2528 1556.‚1565—

203 2534 277 2558 1596.
300 2532 483 2556 inveniuntur.

169 2567 237 2597 Bab)
258 2567 326 2591 Huic
343 2566 404 2590 voci
429 2566 455 2588 iu
477 2565 561 2589 Editt.
583 2566 695 2590 1540—
710 2565 803 2595 1545),
824 2567 910 2592 1554..
931 2565 1024 2591 1557..
1046 2565 1120 2588 1560.

205 2603 329 2632 praefixa
346 2602 410 2624 sunt
429 2600 484 2624 Cic.
504 2601 588 2623 verba
607 2599 646 2632 (ξ.
662 2601 716 2629 1.):
736 2603 851 2626 Decimo
872 2602 1006 2630 septimo.
1027 2600 1121 2629 quibus

205 2638 254 2660 hoc
272 2637 461 2666 argumentum
480 2635 506 2657 in
526 2635 573 2657 Ed.
592 2635 665 2659 15³7.
685 2635 712 2658 in
731 2636 853 2666 margine
872 2635 1026 2664 appositum
1046 2636 1097 2657 est.

174 2670 221 2698 70)
242 2671 299 2694 Hoc
317 2671 506 2701 argumentum
526 2671 552 2692 et
571 2669 621 2693 duo
641 2670 783 2701 sequentia
801 2670 827 2694 in
842 2670 925 2694 Editt.
942 2669 1014 2693 1556.
1027 2686 1035 2700 ,
1057 2668 1123 2692 1565

207 2716 240 2722 -
251 2704 323 2728 1596.
337 2704 519 2728 continentur.

144 2746 325 2778 MELANTH.
349 2746 455 2777 Ormi.
481 2745 567 2776 Vm..
589 2745 698 2776 XVII.

281 99 402 136 XXIII.
437 99 749 136 ARGUMENTA
770 101 835 136 ET
858 101 1061 136 SCHOLLA
1083 100 1131 137 IN
1152 100 1300 139 EPIST.
1321 103 1434 139 FAM.
1459 103 1543 140 CIC.
1568 104 1655 142 LIB.
1674 107 1715 143 X.
1742 108 1814 146 ΕΡ.
1832 113 2014 150 27-31.

2092 118 2165 152 370

1426 190 1560 225 Aliud
1588 202 1921 237 argumentum.

1277 257 1343 292 Hic
1365 259 1506 304 Sergius
1532 261 1644 295 Galba
1680 262 1815 307 legatus
1846 266 1912 299 fuit
1943 268 2101 303 Caesaris
2130 271 2166 303 in

1175 307 1313 349 Gallia,
1342 311 1403 356 qui
1427 319 1548 356 postea
1574 313 1726 347 aliorum
1754 317 1915 361 exemplo
1944 320 1986 351 ab
2012 332 2053 352 eo
2082 322 2166 354 defi-

1175 360 1268 394 ciens
1294 373 1373 395 cum
1399 363 1546 409 reliquis
1574 364 1610 397 in
1645 365 1719 400 eius
1748 374 1901 401 mortem
1937 371 2163 415 conspiravit.

1174 410 1287 445 Huius
1314 419 1388 446 tota
1418 415 1566 458 epistola
1593 422 1730 450 tantum
1750 424 1800 452 est
1816 417 1983 453 historica
2001 423 2161 456 narratio

1174 462 1216 495 de
1240 475 1357 507 pugna
1384 477 1462 498 cum
1480 466 1660 508 Antonio,
1687 469 1723 501 in
1740 482 1809 514 qua
1836 472 1989 505 ostendit
2005 473 2162 517 primum

1172 514 1357 560 utriusque
1381 517 1552 551 exercitus
1576 518 1679 553 vires.
1733 520 1872 555 Deinde
1892 524 2033 557 nuntiat
2049 524 2162 557 Anto-

1171 564 1271 597 nium
1291 566 1423 600 victum
1451 581 1523 602 esse
1551 581 1570 601 a
1597 570 1735 604 duobus
1762 574 1965 608 consulibus
1983 574 2101 608 Hirtio
2129 582 2163 609 et

1170 615 1300 656 Pansa,
1329 630 1436 662 quam
1455 620 1642 653 victoriam
1660 627 1831 667 tanquam
1852 625 2042 668 gloriosam
2057 639 2161 671 prae-

1170 667 1275 700 dicat.

1418 735 1553 769 Aliud
1582 746 1907 782 argumentum.

1270 802 1412 846 Sergius
1436 804 1548 837 Galba
1573 806 1639 839 fuit
1666 820 1757 841 unus
1781 821 1821 841 ex
1847 810 2060 852 coniuratis,
2097 814 2158 859 qui

1169 852 1421 888 interfecerunt
1441 856 1641 897 Caesarem,
1668 865 1789 904 estque
1816 861 1962 903 epistola
1978 861 2158 905 historica,

1169 916 1260 950 quae
1286 906 1443 939 continet
1469 908 1716 942 narrationem
1748 911 1798 944 rei
1830 918 1966 955 gestae,
2007 911 2073 947 hoc
2095 922 2157 956 est,

1168 956 1296 1000 proelii
1320 958 1499 992 commissi
1521 960 1566 992 ad
1590 959 1781 996 Mutinam.
1842 963 1994 997 Orditur
2022 977 2041 998 a
2070 972 2156 999 tem-

1168 1019 1266 1051 pore.

1313 1090 1497 1127 Scholia
1528 1094 1572 1127 in
1600 1095 1843 1140 epistolam
1873 1099 1994 1134 XXXI.

1273 1157 1302 1202 §-
1328 1161 1360 1194 1.
1396 1163 1545 1196 Minime
1568 1165 1631 1197 {ibi
1656 1166 1797 1209 mirum]
1831 1165 1982 1210 Egregia
2009 1169 2158 1212 epistola

1169 1215 1240 1250 est,
1268 1216 1301 1242 et
1321 1212 1426 1255 plane
1443 1212 1572 1247 Attica.
1625 1214 1814 1249 Excusatio
1833 1217 2031 1265 silentii71).

1272 1259 1301 1304 §-
1317 1265 1352 1296 2.
1379 1265 1471 1296 Adeo
1494 1270 1543 1298 est
1568 1264 1778 1313 im·e'sus⁷'·')]
1813 1268 2037 1312 Propositio:
2075 1270 2157 1304 Non

1169 1310 1383 1356 coniungam
1415 1326 1470 1346 me
1503 1328 1582 1347 cum
1609 1316 1781 1351 Antonio.
1856 1322 1992 1354 svamm
2026 1321 2157 1369 antem]

1168 1362 1275 1420 Rati-o
1301 1375 1320 1396 a
1347 1376 1408 1397 sua
1436 1371 1578 1400 natura.
1657 1369 1765 1409 Quum
1789 1381 1863 1403 vero
1886 1383 1950 1405 non
1967 1371 2100 1419 liceret]
2126 1374 2156 1405 A

1168 1426 1289 1457 slgms.

1275 1463 1304 1508 ᾗ.
1323 1465 1358 1499 3.
1383 1468 1457 1507 Ita,
1484 1469 1515 1501 .ςί
1544 1470 1579 1501 id
1603 1467 1735 1516 uyitecr]
1766 1470 1968 1507 Conclusio.

1272 1515 1301 1559 ᾗ.
1317 1516 1352 1550 4.
1385 1520 1476 1552 Una-9
1491 1517 1596 1566 enim]
1627 1520 1809 1555 Narratio.

1274 1566 1303 1610 ἓ.
1322 1566 1357 1602 5.
1388 1570 1500 1610 Quare
1517 1582 1567 1603 me
1590 1583 1664 1604 eum
1681 1570 1755 1619 ⁷³)]
1785 1572 1973 1608 Conclusio
1998 1575 2159 1619 repetita.

1474 1645 1801 1690 Argumentum
1822 1649 1879 1694 74).

1272 1709 1389 1743 Pollio
1413 1710 1647 1748 Caesarianus
1681 1721 1774 1755 erat,
1811 1723 1844 1749 et
1868 1718 1982 1750 tenuit
2014 1720 2160 1762 provin-

1170 1759 1261 1792 ciam
1284 1760 1516 1805 Hispaniam,
1552 1767 1611 1798 sed
1643 1767 1757 1799 occiso
1774 1767 1819 1814 75)
1847 1767 2014 1809 Caesare,
2048 1771 2161 1803 Anto-

1170 1811 1301 1856 nioque
1319 1815 1576 1857 rempublicam
1596 1825 1837 1861 oppugnante,
1856 1819 2079 1864 aliquamdiu
2089 1821 2161 1854 Ro-

1169 1875 1266 1894 mam
1295 1861 1385 1896 nihil
1416 1866 1595 1910 rescripsit
1629 1869 1670 1901 de
1701 1881 1764 1901 suo
1791 1881 1872 1913 erga
1899 1872 2157 1915 rempublicam

1171 1913 1303 1947 animo.
1356 1913 1479 1961 Itaque
1503 1930 1538 1950 se
1555 1930 1649 1951 nunc
1674 1927 1832 1960 excusat,
1862 1921 1923 1966 qui
1946 1923 2076 1955 factum
2102 1924 2159 1964 sit,

1170 1966 1266 2009 quod
1284 1965 1365 1998 inde
1383 1978 1506 2012 usque,
1534 1981 1604 2013 quo
1624 1971 1801 2013 profectus
1817 1972 1861 2004 sit
1880 1973 1915 2004 in
1934 1972 2158 2017 Hispaniam,

1169 2013 1259 2048 nihil
1286 2017 1328 2048 de
1352 2018 1422 2050 suis
1447 2019 1551 2052 rebus
1576 2019 1729 2053 l'tomam
1760 2022 1950 2066 scripserit.
2004 2024 2080 2057 Hac
2102 2037 2159 2058 ex—

1170 2066 1350 2100 cusatione
1372 2076 1534 2103 removet
1557 2071 1796 2115 suspicionem
1821 2075 2053 2118 malignitatis
2075 2089 2157 2120 erga

1203 2195 1251 2223 71)
1271 2195 1344 2218 Haec
1363 2196 1428 2219 nota
1451 2195 1479 2219 in
1498 2196 1582 2222 Editt.
1605 2198 1692 2227 1545..
1719 2198 1792 2222 1560.
1812 2198 1950 2224 disiuncta
1969 2203 2010 2225 est
2030 2201 2056 2225 in
2076 2203 2157 2227 hasce

1241 2230 1324 2252 duas:
1343 2229 1464 2254 Minime
1482 2232 1534 2255 tihi
1554 2233 1673 2261 ηιίνιιηι]
1693 2233 1811 2264 Egregia
1835 2235 1952 2263 epistola
1970 2237 2013 2258 est
2031 2237 2058 2259 et
2077 2238 2157 2266 piane

1241 2264 1340 2287 Attica.
1397 2266 1578 2290 scrutantur
1597 2268 1783 2295 tabellarios]
1803 2269 1951 2292 Excusatio
1970 2270 2072 2293 silentii
2091 2272 2156 2299 (Ed.

1241 2298 1313 2321 1515.
1350 2298 1498 2323 Excusatio
1518 2301 1601 2328 [voce
1620 2300 1764 2329 „silentii”
1784 2302 1901 2330 omissa]
1911 2303 1931 2329 ).

1205 2339 1253 2365 72)
1273 2340 1313 2363 est
1341 2340 1468 2368 invisus]
1500 2342 1538 2364 sic
1564 2342 1646 2364 Editt.
1671 2343 1760 2368 15:37..
1791 2343 1882 2371 1545..
1912 2344 2002 2372 1560..
2031 2345 2103 2369 1601.
2129 2346 2156 2369 in

1241 2375 1333 2397 textu.
1358 2376 1384 2396 et
1403 2375 1485 2398 Editt.
1509 2377 1599 2401 1540..
1622 2377 1711 2403 1544..
1734 2378 1824 2401 1554..
1847 2377 1920 2400 1557.
1940 2378 1966 2401 in
1987 2378 2041 2403 Cic.
2063 2380 2154 2403 verbis

1242 2408 1301 2430 huic
1321 2410 1402 2431 notae
1426 2410 1571 2438 praefixisz
1601 2411 1627 2432 in
1647 2412 1723 2433 textu
1742 2415 1832 2433 autem
1852 2412 1934 2437 Editt.
1957 2413 2048 2440 1511η
2071 2414 2155 2443 1546.,

1243 2442 1328 2471 1554.,
1352 2443 1423 2466 1557.
1445 2446 1471 2466 et
1483 2444 1532 2469 Ed.
1553 2444 1638 2468 oren.
1658 2445 1770 2468 hahent:
1791 2447 1832 2469 est
1857 2446 1932 2470 enim
1949 2447 2069 2472 invisus.

1207 2484 1254 2512 73)
1274 2491 1316 2509 me
1335 2487 1412 2514 eum]
1439 2486 1476 2509 sic
1496 2486 1559 2509 illae
1580 2487 1680 2515 Editt.;
1712 2488 1761 2511 Ed.
1783 2488 1869 2512 Oreli.
1895 2495 1957 2513 eum
1972 2492 2035 2515 ¹⁷11e.
2060 2503 2094 2507 —
2129 2491 2159 2514 In

1242 2519 1324 2541 Editt.
1355 2521 1446 2549 1545..
1475 2521 1547 2543 1560.
1577 2521 1636 2543 huic
1662 2523 1742 2544 notae
1771 2528 1818 2551 pro
1844 2523 1886 2545 his
1908 2524 1964 2547 Cic.
1991 2525 2082 2548 verbis
2109 2525 2159 2548 ad-

1242 2554 1346 2583 scripta
1365 2556 1428 2577 sunt
1447 2555 1657 2584 praecedentia:
1678 2557 1740 2579 Hac
1759 2557 1833 2580 enim
1852 2558 1970 2588 leqione.

1207 2595 1257 2623 74]
1276 2597 1332 2619 Hoc
1356 2599 1544 2627 argumentum
1565 2599 1592 2621 et
1611 2598 1666 2622 tria
1684 2599 1827 2629 sequentia
1841 2601 1874 2623 ab
1889 2601 1973 2625 Editt.
1987 2601 2072 2628 1556..
2095 2602 2161 2625 1565

1242 2643 1277 2648 —-
1294 2631 1369 2655 1596.
1390 2632 1556 2656 exhibentur.

1208 2671 1256 2700 75)
1276 2672 1379 2700 occiso]
1398 2672 1440 2710 sic
1458 2672 1541 2696 Editt.
1565 2673 1651 2705 1556.,
1673 2674 1765 2705 1565.;
1791 2675 1982 2705 Editt.1571.,
2004 2676 2074 2701 1596.
2096 2682 2159 2700 cor—

1245 2708 1344 2736 rupte:
1364 2712 1466 2731 ocioso.

1534 2741 1584 2777 24
