2351 2990
145 100 217 136 481
275 99 398 136 XXIII.
447 99 756 136 ARGUMENTA
772 99 838 134 ET
859 99 1063 135 SCHOLLx
1084 99 1131 136 IN
1148 98 1298 136 EPIST.
1321 98 1435 136 FAM.
1460 99 1544 135 CIC.
1572 100 1661 137 LIB.
1678 102 1767 138 ΧΙΠ.
1795 104 1868 141 ΕΡ.
1884 107 2061 144 27—-29,
2116 110 2190 147 482

142 187 181 219 in
197 198 269 233 quo
286 187 515 221 commendat
525 186 842 221 Lacedaemonios.
878 186 1002 220 Utitur
1019 193 1137 220 autem

141 238 179 270 in
197 240 484 273 commendando
509 235 723 278 ἀποδιώξειε
765 239 835 272 Sua
862 238 1050 271 nobilitate
1076 250 1138 271 an-

140 296 194 322 tea
214 290 297 324 satis
314 297 397 324 sunt
421 289 673 324 commendati.
734 290 924 324 Conclusio
948 287 1055 323 habet
1078 302 1137 335 pe-

142 341 318 375 titionem.

294 456 480 492 Scholia
510 457 557 491 in
586 458 830 503 epistolam
861 458 981 494 XXIX.

242 542 272 587 ἓ.
298 544 332 577 1.
375 546 454 578 Non
485 545 617 585 dubito,
658 546 741 590 quin
773 543 883 592 scias]
925 544 1136 584 Exordium,

137 600 258 639 captat
291 594 581 628 benevolentiam
606 608 623 628 a
650 602 824 629 vetustate
853 603 885 629 ct
911 597 1024 630 causis
1048 596 1136 628 ami-

137 644 309 691 citiaeae).
376 647 562 679 Accedebat
581 658 644 678 non
664 649 828 681 mediocre
844 646 1033 694 vinculum]
1050 649 1136 681 Am-

136 696 306 741 plificatio
326 708 343 728 a
366 708 494 739 genere
516 697 732 729 studiorum.

240 746 270 791 ἓ.
287 750 323 782 2.
353 749 434 782 Gaio
449 747 616 793 Atteioffl)
636 744 814 794 Capitone]
840 746 1024 781 Narratio.

238 797 269 842 ξ.
287 797 322 832 5.
354 801 419 839 Te,
446 800 493 832 mi
508 796 651 845 Plance]
680 798 823 831 Petitio.
891 800 1024 839 Omnia,
1052 810 1135 844 quae

132 847 245 897 potui]
282 849 542 893 Amplificatio:
585 849 734 882 Maximi
764 849 892 882 faciam
926 847 994 882 hoc
1028 849 1135 882 bene-

134 900 324 945 fici11m38).

239 950 269 996 ξ.
287 952 321 986 6.
348 952 438 985 Illud
451 951 526 995 fore
541 949 687 998 tibi³⁹)]
715 952 747 984 A
768 951 875 986 sacili.

239 1003 269 1047 ᾗ.
288 1003 321 1037 7.
349 1004 456 1043 Quam
476 1001 691 1049 partem40)]
719 1003 774 1036 Ab
793 1015 928 1048 aequo:
965 1003 1047 1048 quia
1069 1003 1135 1036 Ca-

133 1053 210 1097 pito
239 1055 306 1088 fuit
337 1053 374 1086 in
403 1054 498 1086 bello
532 1053 646 1093 civili,
683 1061 789 1100 atque
815 1055 920 1088 etiam
948 1055 1133 1088 moderate

132 1106 261 1149 agendi
279 1111 395 1139 autor.

424 1199 759 1245 Argumentum
777 1200 835 1246 ²¹¹).

235 1265 331 1299 Haec
354 1266 502 1311 epistola
525 1267 628 1311 plena
655 1274 705 1301 est
729 1268 941 1312 prudentiae
965 1274 999 1300 et
1033 1268 1132 1302 artis.

129 1316 223 1351 Nam
251 1330 331 1351 cum
359 1317 482 1351 Cicero
498 1317 539 1352 L.
550 1318 596 1364 4²)
623 1318 795 1352 Plancum
825 1319 956 1353 odisset
983 1326 1132 1363 propter

131 1368 206 1403 eius
225 1369 459 1402 defectionem
477 1383 494 1402 a
506 1370 681 1414 Pompeio
699 1371 741 1403 ad
754 1370 955 1410 Caesarem,
981 1377 1014 1404 et
1029 1383 1132 1415 prae-

130 1427 227 1453 terea
242 1426 316 1453 tota
335 1432 438 1454 causa
457 1421 489 1454 ei
509 1423 795 1455 commendanda
821 1435 895 1455 non
920 1428 1017 1455 caret
1040 1422 1131 1455 invi-

131 1468 210 1505 dia,
247 1465 387 1499 disfic11e
413 1476 489 1500 erat
515 1472 649 1513 aliquid
674 1474 717 1501 ab
744 1485 786 1502 eo
813 1480 945 1514 petere.
1006 1468 1130 1516 Itaque

131 1514 276 1549 adhibet
291 1517 472 1551 solertiam
491 1525 525 1552 et
542 1519 724 1563 ingenium
738 1547 747 1561 ,
774 1527 831 1561 ut,
859 1521 956 1567 quod
972 1522 1080 1565 petit,
1109 1534 1127 1555 a

129 1567 264 1601 Planco
284 1568 461 1613 impetret.
516 1570 755 1605 Commendat
775 1579 894 1606 autem
911 1573 1046 1606 Planco
1061 1573 1129 1607 Ca-

130 1619 290 1663 pitonem
303 1646 311 1659 ,
350 1620 408 1653 cui
441 1628 517 1654 erat
547 1623 662 1656 delata
695 1621 896 1658 haereditas
921 1637 940 1657 a
970 1626 1127 1670 quodam

128 1670 284 1704 Antistio
302 1671 336 1703 in
359 1678 594 1714 testamento,
623 1681 655 1707 et
671 1682 793 1719 rogat,
821 1683 860 1709 ut
884 1688 1030 1720 operam
1057 1678 1127 1717 det,

128 1722 368 1766 quomodo‘13)
389 1735 466 1756 eam
485 1726 653 1770 consequi
670 1733 799 1769 posset.
841 1727 929 1760 Erat
946 1728 1040 1760 enim
1054 1729 1127 1761 An-

126 1771 242 1805 tistius
264 1772 518 1817 Pompeianus.
587 1773 708 1820 ltaque
733 1788 770 1808 ea
795 1775 996 1812 haereditas
1020 1779 1127 1812 liene-

125 1822 205 1855 ficio
217 1822 391 1863 Caesaris,
420 1825 518 1858 cuius
535 1825 571 1857 in
589 1832 762 1869 potestate
780 1834 853 1861 tum
873 1830 993 1862 omnia
1012 1837 1126 1871 erant,

127 1874 318 1907 obtinenda
340 1882 427 1909 erat.
474 1877 677 1910 Plurimum
696 1891 780 1911 vero
799 1881 911 1923 gratia
931 1882 1026 1925 apud
1040 1882 1126 1915 Cae-

126 1938 241 1959 sarem
260 1926 371 1959 valuit
388 1927 553 1962 Plancus.
598 1929 797 1963 Exordium
816 1932 1046 1966 artificiosum
1065 1940 1125 1967 est.

156 2062 206 2090 36)
225 2067 241 2086 a
259 2063 399 2086 vetustate
419 2063 446 2086 et
464 2063 557 2086 causis
577 2063 739 2090 amicitiae]
759 2065 798 2085 sic.
822 2062 906 2087 Editt.
924 2063 1125 2095 1537—1544.‚

196 2097 283 2124 1554..
304 2096 390 2123 1557..
413 2098 508 2123 1560:
536 2098 584 2120 Ed.
606 2097 680 2120 1545.
701 2102 717 2119 a
737 2098 876 2120 vetustate
895 2098 1061 2123 studiorum.

159 2139 209 2166 37)
230 2138 342 2166 Atteio]
362 2137 401 2161 sic
422 2137 485 2161 illae
504 2138 588 2162 Editt.
610 2140 636 2162 et
655 2139 709 2169 al.;
736 2139 786 2163 Ed.
811 2140 895 2163 Oreli.
916 2140 1011 2164 Ateio.

158 2182 206 2207 33)
226 2181 302 2204 Haeo
322 2182 387 2203 nota
405 2180 433 2202 in
445 2180 495 2205 Ed.
508 2181 584 2205 1545.
601 2181 739 2204 disiuncta
753 2183 795 2204 est
811 2181 836 2204 in
856 2183 903 2205 has
918 2183 1001 2206 duas:
1021 2184 1126 2208 Omnia

193 2216 281 2246 quae]
300 2214 494 2243 amplificatio.
559 2215 640 2240 Illud
657 2215 722 2246 fore
741 2217 810 2245 tibi]
829 2217 940 2240 Maximi
959 2217 1057 2241 faciam
1077 2219 1127 2242 hoc

195 2249 364 2273 beneficium.

156 2294 205 2321 39)
225 2292 279 2315 Pro
295 2292 336 2315 his
351 2290 407 2316 Cic.
421 2291 515 2315 verbis
531 2291 556 2315 in
572 2292 657 2316 Editt.
669 2293 757 2324 1545„
780 2294 854 2319 1560.
872 2294 932 2318 huie
946 2296 1028 2318 notae
1043 2301 1125 2324 prae-

192 2328 247 2352 fixa
266 2327 331 2350 sunt
350 2326 507 2356 sequentia:
535 2326 613 2351 Nor-i
632 2328 766 2352 hominis.

156 2372 204 2399 40)
224 2370 253 2393 ln
274 2369 368 2392 iisdem
386 2369 403 2392 2
418 2369 501 2392 Editt.
516 2369 578 2392 huic
598 2371 680 2393 notae
699 2371 841 2400 adscripta
862 2373 927 2395 sunt
946 2379 996 2403 pro
1016 2373 1057 2396 his
1078 2381 1126 2398 se-

190 2403 301 2435 quentia
320 2403 378 2427 Cic.
398 2404 498 2427 verba:
526 2404 607 2433 Quod
627 2404 736 2435 fuerim
753 2407 945 2432 moderatior.

158 2446 206 2477 41)
226 2447 284 2470 Hoc
302 2445 492 2476 argumentum
513 2447 540 2468 et
560 2445 611 2470 duo
632 2447 777 2477 sequentia
798 2448 824 2471 in
841 2448 926 2474 Editt.
946 2450 1037 2480 1556.,
1060 2451 1125 2474 1565

191 2481 310 2505 -1596.
332 2479 518 2509 reperiuntur.

158 2525 206 2550 42]
225 2525 273 2553 L.]
293 2523 332 2547 sic
352 2523 529 2554 scripsimus,
556 2523 643 2547 missa
661 2524 733 2548 enim
753 2527 797 2549 est
816 2527 883 2550 haec
904 2527 1023 2557 epistota
1042 2528 1076 2551 ad
1094 2529 1124 2553 L.

191 2558 341 2583 Munatium
364 2558 494 2581 Plancum
504 2566 519 2586 ῃ
538 2558 588 2583 Ed.
606 2558 679 2584 1556.
705 2560 802 2584 habet:
836 2562 904 2587 Cn..
937 2563 1022 2586 Editt.
1040 2564 1124 2593 1565„

193 2594 282 2620 1571..
304 2593 380 2617 1596.
402 2592 431 2617 C.
451 2593 543 2621 (Haec
562 2593 740 2622 praenomina
759 2595 840 2618 etiam
854 2598 887 2619 ab
902 2597 967 2619 aliis
983 2599 1046 2620 sunt
1061 2603 1125 2626 per-

194 2629 314 2657 mutata,
347 2627 421 2651 conf.
442 2627 541 2651 Oreltii
567 2628 594 2651 et
613 2627 718 2651 Baiteri
744 2629 884 2655 onomast.
906 2631 1024 2655 Tullian.
1050 2632 1078 2656 P.
1092 2632 1124 2655 11.

192 2670 218 2692 p.
234 2662 285 2686 412
301 2663 367 2691 sq.).

163 2705 211 2733 43)
230 2705 378 2734 quomodo]
399 2704 440 2728 sic
457 2704 542 2728 Editt.
560 2705 651 2735 1565.‚
673 2705 760 2737 1571„
780 2708 873 2740 1598.;
901 2709 950 2734 Ed.
969 2710 1043 2734 1556.
1064 2714 1124 2740 quo.

131 2745 316 2777 MELANTH.
341 2744 448 2776 opEn.
471 2745 557 2776 Vox..
580 2745 689 2776 XVII.

1195 184 1315 220 Utitur
1349 193 1467 220 autem
1504 187 1758 224 insinuatione.
1825 190 1918 225 Nam
1952 194 2022 228 alte
2057 196 2187 240 repetit

1191 249 1314 272 causas
1332 238 1460 273 veteris
1478 239 1747 275 necessitudinis
1768 253 1847 275 cum
1859 243 2012 286 Planco,
2041 253 2075 279 et
2092 259 2188 280 acce-

1191 288 1242 321 dit
1257 290 1301 322 ad
1321 291 1670 325 commendationem
1688 305 1833 334 causae,
1861 295 1963 340 quasi
1980 309 2021 329 ex
2038 297 2188 339 insidiis,

1190 346 1336 384 captans
1360 342 1660 378 benevolentiam.
1713 345 1974 380 Accomniodat
1998 349 2103 381 etiam
2131 363 2188 383 ex-

1190 391 1332 425 ordium
1350 394 1394 425 ad
1414 393 1614 427 institutum
1635 407 1700 440 per
1715 397 1999 441 occupationem.
2049 399 2188 434 Deinde

1189 443 1342 476 subtexit
1365 443 1542 488 prolixam
1568 446 1836 487 narrationem,
1871 462 1940 494 qua
1966 456 2041 484 tum
2067 464 2188 486 causas

1190 495 1486 534 commendandi,
1538 502 1614 528 tum
1650 503 1765 530 totum
1799 501 1981 544 negotium
2015 510 2186 543 recenset,

1190 547 1299 590 quod,
1317 546 1400 592 quia
1421 553 1497 579 erat
1515 546 1747 587 invidiosum,
1773 549 1896 583 Cicero
1914 554 2109 596 prudenter
2124 555 2190 588 mi-

1188 596 1277 640 tigat
1297 597 1513 630 transferens
1539 598 1647 632 totius
1673 600 1746 632 odii
1771 612 1913 635 causam
1939 603 1977 636 in
2001 606 2188 640 necessita-

1189 653 1258 679 tem
1280 654 1497 692 temporum.
1557 648 1728 694 Exposita
1746 652 1890 695 negotio
1905 656 2078 699 proponit
2096 659 2185 701 peti-

1190 698 1324 731 tionem
1344 701 1532 744 figuratam
1557 707 1591 733 et
1615 702 1862 735 confirmatam
1890 705 2008 748 primo
2032 720 2050 740 a
2077 709 2185 752 grati-

1188 748 1332 787 tudine,
1374 753 1530 784 secundo
1564 764 1581 784 a
1614 753 1727 793 sacili,
1766 754 1872 787 tertio
1894 767 1913 788 a
1940 759 2185 802 magnitudine

1188 798 1323 841 gratIae
1342 804 1625 845 consequendae.
1677 805 1794 850 Atque
1811 802 1867 838 hic
1887 807 2002 841 obiter
2020 812 2186 845 transfert

1189 849 1312 884 Cicero
1343 863 1485 884 causam
1519 853 1739 893 studiorum,
1782 857 1910 900 quihus
1934 859 2121 895 Caesarem
2148 863 2186 896 in

1186 902 1279 934 bello
1296 902 1390 935 civili
1410 903 1630 944 offenderat,
1666 905 1702 937 in
1722 905 1949 951 iniquitatem
1969 917 2184 956 temporum.

1186 952 1358 998 Epilogus
1376 961 1514 988 constat
1531 957 1801 990 enumeratione
1821 962 2094 996 commodorum
2106 965 2165 1010 Ἠ).

1439 1039 1578 1075 Aliud
1607 1051 1936 1087 argumentum.

1289 1107 1464 1143 Accurate
1483 1111 1614 1155 scripta
1638 1118 1689 1145 est
1711 1110 1798 1146 haec
1823 1117 2107 1157 commendatio,
2148 1118 2184 1151 in

1188 1170 1257 1204 qua
1275 1162 1740 1206 commendatCapitonem,
1766 1171 1803 1198 ut
1823 1178 1903 1199 eum
1925 1168 2067 1201 adiuvet
2078 1169 2184 1202 Plan-

1187 1212 1300 1244 cusin
1319 1224 1421 1246 causa
1445 1211 1676 1248 haereditatis
1703 1215 1757 1248 sui
1780 1217 1986 1264 propinqui.
2045 1220 2184 1253 Princi-

1186 1261 1245 1305 pio
1260 1263 1409 1307 ponitur
1422 1265 1524 1298 valde
1544 1265 1722 1299 eruditum
1741 1269 1947 1309 exordium,
1978 1272 2075 1316 quod
2099 1284 2182 1304 con-

1185 1319 1253 1346 stat
1276 1315 1381 1358 longa
1408 1317 1751 1351 commemoratione
1778 1321 1962 1355 vetustatis
1994 1328 2027 1354 et
2062 1335 2182 1356 causa-

1183 1377 1265 1398 rum
1291 1366 1481 1401 amicitiae.
1541 1368 1739 1402 Exordium
1763 1372 1924 1417 sequitur
1949 1375 2112 1407 narratio
2138 1375 2181 1408 de

1185 1417 1308 1452 officiis
1331 1418 1517 1460 Capitonis
1542 1426 1575 1450 ct
1599 1421 1641 1450 de
1665 1418 1883 1456 haereditate
1901 1423 2048 1458 Antistii
2074 1438 2181 1471 quae-

1183 1469 1308 1506 storis,
1337 1478 1428 1512 quae
1446 1479 1575 1512 magna
1601 1480 1642 1501 ex
1665 1477 1767 1512 parte
1786 1471 1861 1505 iure
1878 1474 2033 1507 redierat
2056 1478 2099 1509 ad
2117 1476 2182 1510 Ca-

1182 1516 1356 1561 pitonem,
1380 1517 1568 1553 interserta
1586 1523 1898 1556 commendatione
1907 1523 2065 1567 Antistii,
2085 1529 2183 1573 quod

1181 1569 1312 1612 sugerit
1333 1569 1498 1603 videlicet
1525 1571 1658 1604 bellum
1682 1572 1785 1607 civile
1811 1581 1844 1608 et
1866 1588 2007 1620 semper
2034 1579 2182 1622 plurimi

1181 1621 1303 1654 fecerit
1329 1621 1530 1656 Caesarem.
1594 1623 1722 1657 Postea
1753 1631 1803 1659 est
1828 1627 1975 1670 petitio,
2009 1636 2048 1662 ut
2077 1630 2182 1675 Capi-

1181 1672 1258 1705 toni
1274 1670 1420 1706 haeredi
1437 1674 1596 1718 legitimo
1621 1682 1762 1719 praesto
1786 1677 1841 1711 sit.
1903 1679 2075 1715 Rationes
2099 1689 2179 1715 sunt

1180 1725 1291 1763 duae,
1320 1737 1339 1757 a
1358 1725 1452 1758 facili
1470 1732 1503 1758 et
1521 1738 1648 1771 aequo.
1710 1728 1899 1763 Conclusio
1918 1728 2023 1764 habet
2043 1733 2179 1777 pollici-

1181 1776 1353 1810 tationem
1373 1783 1567 1821 perpetuae
1585 1778 1825 1821 gratitudinis.

1431 1871 1567 1905 Aliud
1596 1881 1926 1917 argumentum.

1282 1938 1479 1972 Exordium
1503 1938 1611 1971 hahet
1639 1943 1878 1983 captationem
1905 1944 2176 1978 benevolentiae

1180 1999 1243 2029 per
1259 1987 1439 2030 quandam
1462 1988 1742 2024 insinuationem
1767 2004 1786 2024 a
1809 1998 1983 2027 vetustate
2009 2001 2042 2027 et
2065 1996 2178 2030 causis

1180 2036 1375 2078 amicitiae,
1405 2045 1526 2085 estque
1544 2041 1662 2074 addita
1682 2043 1821 2087 egregia
1840 2045 2176 2088 amplificatiuncula

1179 2089 1221 2121 de
1249 2101 1376 2132 genere
1397 2092 1612 2126 studiorum.
1675 2095 1843 2140 Sequitur
1866 2097 2047 2137 narratio,
2085 2111 2175 2144 quae

1180 2140 1337 2174 continet
1361 2143 1632 2187 explicationem
1658 2158 1802 2187 causae,
1837 2150 2020 2192 quomodo
2048 2149 2175 2194 Capito

1179 2192 1223 2224 ab
1246 2193 1402 2227 Antistio
1438 2207 1501 2228 suo
1532 2197 1739 2242 propinquo
1767 2198 1948 2233 institutus
1970 2200 2014 2233 sit
2037 2198 2175 2241 haeres,

1180 2256 1258 2277 cum
1285 2247 1512 2280 excusatione
1528 2248 1693 2288 Antistii,
1729 2251 1825 2296 quod
1851 2251 1878 2283 is
1901 2263 2087 2296 nunquam
2111 2253 2174 2285 ali-

1179 2296 1265 2341 quid
1291 2297 1400 2341 egerit
1426 2299 1594 2333 adversus
1614 2300 1812 2335 Caesarem.
1866 2301 2076 2335 Narrationi
2095 2305 2175 2337 sub-

1179 2347 1296 2381 iicitur
1312 2349 1456 2393 petitio,
1483 2357 1523 2383 ut
1541 2351 1752 2396 Capitonem
1772 2353 1808 2385 in
1827 2350 2047 2387 haereditate
2073 2355 2173 2389 adiu-

1179 2405 1247 2432 vet.
1300 2400 1422 2433 Prima
1440 2402 1533 2434 ratio
1552 2410 1690 2447 sumpta
1712 2410 1761 2436 est
1786 2416 1803 2436 a
1829 2415 1981 2447 persona
2001 2405 2174 2446 Caesaris,

1179 2452 1275 2496 quod
1292 2452 1409 2485 faveat
1427 2453 1605 2497 Capitoni.
1658 2454 1779 2487 Altera
1803 2455 1894 2488 ratio
1915 2462 1966 2489 est
1982 2468 2001 2489 a
2018 2469 2171 2501 persona

1179 2502 1363 2547 Capitonis
1376 2531 1384 2543 ,
1413 2506 1509 2549 quod
1525 2504 1670 2549 plurimi
1687 2518 1826 2550 semper
1841 2507 1961 2540 fecerit
1972 2507 2172 2549 Caesarem,

1179 2561 1212 2587 et
1228 2556 1325 2600 quod
1341 2556 1379 2588 in
1396 2556 1489 2588 bello
1508 2556 1602 2588 cix-ili
1621 2563 1726 2590 autor
1743 2558 1899 2591 extiterit
1917 2558 2081 2592 Ciceroni
2097 2573 2174 2594 mo-

1212 2674 1259 2705 44)
1279 2675 1413 2707 Epilogus
1427 2688 1461 2693 —-
1472 2676 1699 2706 commodorum]
1717 2677 1756 2702 sic
1771 2678 1819 2704 Ed.
1830 2679 1922 2709 1556.;
1948 2679 1975 2703 in
1990 2680 2071 2704 Editt.
2089 2681 2174 2707 1565..

1251 2710 1345 2741 1571.‚
1369 2711 1443 2736 1596,
1463 2711 1529 2734 haec
1548 2711 1658 2736 desunt.

1608 2747 1654 2780 51
