2351 2990
128 145 230 181 1133
327 142 436 179 XLV.
484 137 890 178 INTERPRETATIO
915 138 1029 176 LOCI
1056 138 1339 176 PLUTARCHI
1365 140 1431 175 DE
1458 138 1595 176 NOTA
1618 138 1982 176 PYTHAGORICA.
2080 142 2181 178 1134

259 230 431 258 Melanthon
468 233 588 267 praeter
625 225 703 254 hunc
732 227 938 255 Plutarchi
976 227 1072 255 locum
1107 227 1261 265 Tubingae
1297 236 1414 256 versum
1429 248 1438 263 ‚
1482 227 1591 255 ibidem
1628 226 1801 254 eiusdem
1838 228 2010 256 auctoris
2046 237 2175 266 opuscu-

129 274 192 303 lum
221 273 306 313 Περὶ
336 270 389 302 τοῦ
419 268 563 307 ἀκούειν,
600 266 654 298 De
683 274 778 298 recta
807 271 941 299 ratione
970 269 1149 305 audiendi,
1185 279 1238 298 seu
1266 271 1380 299 veriore
1402 271 1595 309 inscriptione
1618 270 1702 310 Περὶ
1725 269 1782 298 τοῦ
1803 265 1931 300 ἀκούειν
1954 267 2015 300 τῶν
2037 269 2176 310 φιλοσό-

130 326 218 356 φων,
246 313 418 354 Quomodo
441 310 605 343 audienda·
628 313 696 340 sint
718 311 914 353 philosophi
925 313 972 352 *)‚
1004 314 1096 342 latine
1119 313 1268 348 reddidit,
1308 314 1389 341 cuius
1412 314 1593 343 mentionem
1615 313 1684 341 facit
1707 313 1737 340 in
1761 313 1884 350 epistola
1907 314 1944 342 ad
1966 314 2007 342 10.
2030 314 2176 342 Reuchli-

127 369 198 388 num
222 369 261 387 m.
285 359 419 387 Ianuario
445 355 538 387 1518.
563 355 671 393 scripta
693 354 769 395 (vid.
792 357 878 385 huius
899 357 987 395 Corp.
1012 356 1147 386 Reform.
1171 356 1237 386 Vol.
1252 356 1276 386 I.
1300 367 1331 394 p.
1347 355 1417 394 21.)
1442 357 1486 385 his
1509 357 1623 385 verbis:
1661 353 1871 393 „Plutarchi
1894 367 1926 386 το
1949 357 2024 397 περὶ
2047 354 2176 386 ἀκούειν

127 411 146 431 a
168 410 216 430 me
240 411 357 431 versum
381 402 427 430 cui
450 400 492 428 vis
515 399 627 427 dicabo.
637 397 655 411 ”
685 404 715 426 et
737 400 766 427 in
791 400 914 438 epistola
938 409 976 428 m.
1000 399 1168 437 Septembri
1190 399 1322 428 eiusdem
1345 400 1413 428 anni
1436 400 1474 428 ad
1496 399 1680 438 Spalatinum
1702 400 1810 438 scripta
1833 399 1908 437 (vid.
1931 400 2020 438 Corp.
2040 400 2174 429 Reform.

130 445 187 474 1.1.
212 455 242 483 p.
257 444 342 483 440:
371 442 561 482 „Prodibunt
583 441 639 469 hoc
661 450 738 469 anno
762 449 793 471 et
816 443 914 471 statim
938 442 1012 470 haec
1035 450 1115 470 mea:

474 485 628 512 Calumnia
644 483 689 523 **)
714 485 770 513 iam
795 486 823 513 in
845 485 982 514 incudem
1006 486 1093 514 missa
1117 491 1179 520 est3

473 527 702 562 Dictionarium3

473 571 547 610 περὶ
572 566 702 599 ἀκούειν
728 567 927 605 Plutarchi}

473 614 547 652 περὶ
573 609 767 652 ἀδολεσχίας
792 611 990 648 Plutarch&

477 657 611 693 Hymnus
634 656 664 684 in
687 657 809 693 angelos
831 666 973 694 graecus;

473 696 716 735 Athenagoras
726 708 734 734 ;

473 741 564 770 Liber
587 742 625 770 de
649 750 785 770 successu
808 742 987 777 studiorum3

473 781 627 812 Platonis
651 785 847 822 symposium,

128 833 159 856 et
181 827 238 854 alia
261 826 385 854 fortasse
407 826 470 854 Diis
495 828 660 856 iuvantibus
683 833 713 855 et
736 828 863 864 auspicio
887 827 1030 865 Principis
1052 823 1171 854 selici.’'
1195 831 1252 854 etc.
1308 825 1363 853 Hic
1392 825 1508 854 libellus
1538 836 1555 854 a
1578 825 1771 854 Melantho-ne
1800 826 1829 853 in
1859 826 1982 854 latinum
2012 834 2178 854 sermonem

127 870 288 899 translatus
311 878 477 906 nunquam,
506 876 536 898 ut
560 870 694 906 videtur,
725 870 803 906 typis
827 870 992 907 exscriptus
1015 874 1068 897 est.
1093 884 1133 889 —-
1169 868 1276 897 Utrum
1299 869 1388 897 etiam
1410 869 1537 897 alterum
1552 868 1700 897 Plutarchi
1723 869 1898 906 opusculum
1921 870 1951 896 in
1975 869 2028 897 hac
2050 868 2087 896 ad
2101 869 2178 907 Spa-

126 913 251 942 latinum
275 912 398 950 epistola
421 919 614 941 memoratum
640 912 722 951 Περὶ
746 909 956 953 ἀδολεσχίας,
978 910 1032 940 Dc
1055 909 1282 949 garrulitate,
1312 920 1347 939 eo
1370 917 1521 949 tempore,
1543 922 1600 950 quo
1624 911 1696 939 haec
1719 912 1851 949 scripsit,
1889 912 1945 939 iam
1970 912 2108 947 verterit,
2138 921 2176 939 an

126 955 328 984 tantummodo
352 955 414 982 eius
437 956 573 984 vertendi
596 955 750 984 consilium
774 957 904 994 ceperit,
934 956 1053 984 dubium
1078 960 1132 983 est.
1156 970 1198 975 -—
1248 954 1390 982 Neutrius
1422 960 1521 983 autem
1554 954 1648 983 libelli
1678 955 1956 992 interpretationem
1978 954 2178 983 Melanthonis

126 998 156 1026 in
180 998 276 1026 lucem
299 997 442 1035 prodiisse
467 1007 505 1026 ex
529 1007 563 1027 eo
588 999 769 1036 colligimus,
805 1000 882 1037 quod
907 1007 1005 1037 neque
1028 995 1185 1036 peculiaris
1211 997 1345 1025 editionis
1368 997 1473 1026 harum
1497 998 1775 1035 interpretationum
1799 997 1892 1025 ullum
1916 998 2071 1036 vestigium
2093 998 2179 1025 inve-

126 1041 239 1078 nimus,
271 1049 369 1078 neque
393 1041 421 1067 in
445 1040 595 1069 Plutarchi
618 1041 779 1069 Moralibus
809 1042 900 1070 latine
931 1042 1018 1070 editis
1040 1041 1174 1068 Basileae
1199 1039 1292 1069 1541.
1316 1041 1380 1069 Fol.
1412 1047 1442 1069 et
1470 1041 1497 1069 in
1523 1040 1689 1078 appendice
1711 1041 1797 1068 Tomi
1820 1040 1900 1069 tertii
1923 1040 2058 1068 editionis
2082 1040 2176 1068 Henr.

126 1082 338 1122 Stephani***)
362 1085 561 1121 reperiuntur.
607 1084 683 1112 Nam
707 1084 763 1112 Ed.
781 1085 937 1113 Moralium
952 1084 1057 1112 Latina
1072 1083 1249 1111 Basileensis
1270 1083 1404 1112 libellum
1428 1084 1513 1124 Περὶ
1537 1080 1592 1113 τοῦ
1614 1080 1741 1113 ἀκούειν
1763 1084 1798 1111 ab
1822 1080 1994 1112 Octomaro
2014 1081 2179 1111 Luscinio

125 1127 219 1155 latine
256 1126 406 1154 redditum
440 1127 576 1163 exhibet,
620 1127 674 1155 Ed.
707 1126 907 1165 Stephaniana
943 1133 1041 1155 autem
1076 1126 1208 1164 opusculi
1240 1126 1323 1166 Περὶ
1353 1123 1547 1166 ἀδολεσχίας
1575 1127 1850 1164 interpretationem
1878 1127 1999 1155 latinam
2032 1124 2178 1155 Thomae

126 1168 328 1207 Naogeorgi
350 1169 551 1210 continet-1⁴).
581 1186 614 1190 —
669 1170 714 1198 Ex
739 1170 789 1207 iis,
819 1180 894 1208 quae
917 1169 1181 1198 Bretschneiderus
1205 1169 1232 1196 in
1257 1170 1416 1198 Annalibus
1440 1171 1516 1199 vitae
1541 1170 1613 1198 Mel.
1637 1180 1664 1198 a.
1681 1168 1776 1198 1518.
1801 1178 1901 1198 mense
1925 1170 1999 1198 Iulio
2023 1168 2066 1208 (in
2091 1168 2178 1196 huius

125 1213 215 1251 Corp.
238 1212 372 1241 Reform.
398 1212 464 1240 Vol.
482 1213 504 1241 1.
537 1223 565 1251 p.
585 1213 729 1241 CXLVII.
758 1213 848 1242 dixit:
885 1213 1001 1251 „Mittit
1024 1212 1188 1248 Frobenio,
1228 1212 1403 1251 bibliopolae
1427 1213 1589 1241 Basilecnsi
1611 1212 1760 1241 Plutarchi
1784 1212 1947 1250 quaedam,
1985 1221 2060 1251 quae
2084 1212 2177 1239 latine

125 1256 318 1290 reddiderat,
348 1257 487 1293 inscripta
510 1256 661 1283 Bernardo
686 1256 805 1291 Mauro,
829 1265 904 1294 quae
929 1264 1030 1284 mense
1054 1254 1138 1293 Sept.
1162 1254 1375 1292 prodierunt.’'
1395 1256 1519 1284 fortasse
1538 1256 1643 1293 aliquis
1667 1255 1814 1292 coniiciat,
1842 1254 1946 1283 horum
1970 1254 2177 1292 opusculorum

126 1299 403 1337 interpretationem
428 1299 547 1326 latinam
571 1298 621 1324 illo
646 1304 782 1335 tempore
806 1308 875 1327 vere
899 1298 1058 1336 prodiisse;
1089 1302 1117 1325 at
1141 1296 1224 1325 huius
1248 1298 1314 1327 libri
1337 1299 1530 1334 Frobeniani,
1553 1299 1590 1327 ad
1615 1308 1702 1336 quem
1727 1298 1800 1326 haec
1822 1298 2063 1327 Bretschneideri
2085 1297 2175 1325 verba

125 1343 190 1371 sine
213 1341 300 1369 dubio
323 1346 476 1378 spectant,
498 1340 659 1377 descriptio
682 1350 698 1368 a
722 1342 802 1369 nobis
826 1351 914 1378 supra
938 1351 967 1378 p.
986 1338 1066 1370 1121
1083 1350 1145 1377 sqq.
1170 1350 1215 1367 nr.
1229 1339 1294 1369 ΞΛ.
1316 1343 1465 1380 proposita
1490 1343 1567 1370 clare
1591 1341 1735 1380 ostendit,
1762 1350 1799 1369 ex
1822 1341 1856 1369 iis
1877 1341 2025 1369 Plutarchi
2049 1349 2176 1379 opuscu-

125 1386 178 1421 lis,
216 1393 340 1422 quorum
361 1383 636 1421 interpretationem
663 1384 783 1411 latinam
807 1384 853 1412 hic
878 1384 952 1412 liber
975 1382 1122 1418 continet,
1152 1383 1236 1410 unius
1259 1385 1459 1413 tantummodo
1483 1384 1705 1413 Melanthonem
1733 1393 1797 1412 esse
1821 1385 2034 1422 interpretem,
2067 1391 2177 1420 nempe

123 1428 202 1457 illius
232 1426 412 1465 quaestionis
435 1426 498 1454 Vll.
530 1426 594 1454 libri
619 1426 695 1454 v111.
727 1427 929 1455 Convivalium
953 1425 1165 1460 Quaestionum
1196 1424 1234 1453 de
1258 1427 1335 1455 Nota
1358 1427 1566 1465 Pythagorica,
1603 1437 1678 1466 quae
1708 1427 1914 1465 interpretatio
1945 1428 2034 1456 etiam
2067 1426 2095 1454 in
2119 1424 2176 1453 Ed.

124 1470 281 1501 Moralium
304 1469 454 1497 Plutarchi
477 1469 583 1497 Latina
606 1468 767 1498 Basileensi
791 1480 818 1498 a.
835 1469 928 1499 1541.
960 1475 990 1497 et
1013 1469 1042 1496 in
1065 1468 1129 1496 aliis
1154 1476 1255 1496 eorum
1279 1469 1455 1499 editionibus
1477 1481 1564 1510 supra
1589 1481 1617 1508 p.
1634 1469 1718 1500 1125
1733 1479 1776 1507 sq.
1800 1470 2032 1499 commemoratis
2053 1468 2179 1498 exhibe-

127 1521 185 1544 tur.
209 1530 251 1534 —
311 1513 504 1550 Quapropter
526 1513 642 1540 illorum
667 1512 791 1541 duorum
814 1513 1021 1551 opusculorum
1047 1510 1196 1540 Plutarchi
1221 1513 1427 1551 interpretatio
1451 1514 1539 1551 Mel.‚
1575 1515 1630 1541 nisi
1655 1514 1732 1542 sorte
1755 1513 1875 1542 fortuna
1897 1514 1926 1541 in
1950 1513 2057 1541 Codice
2082 1512 2178 1548 aliquo

127 1557 312 1596 reperiatur,
341 1556 479 1593 operibus
503 1555 667 1593 deperditis
690 1561 733 1584 est
757 1555 988 1585 adnumeranda.

216 1650 381 1680 Praeterea
403 1650 476 1678 duos
499 1652 570 1679 alios
594 1652 670 1679 locos
694 1650 824 1679 eiusdem
848 1649 975 1677 auctoris
997 1649 1024 1676 in
1051 1648 1172 1676 latinum
1196 1658 1362 1677 sermonem
1386 1650 1550 1678 transtulit:

304 1709 332 1739 1.
365 1719 403 1737 ex
427 1711 489 1738 eius
513 1711 571 1738 vita
594 1711 676 1738 Arati
699 1721 723 1738 c.
742 1708 790 1739 14.
815 1709 1033 1746 inscriptionem
1059 1713 1174 1736 statuae
1198 1708 1285 1736 Arato
1308 1708 1337 1735 in
1361 1708 1457 1746 patria
1479 1708 1608 1746 positae;

304 1761 334 1790 2.
366 1771 403 1790 ex
426 1763 488 1790 eius
511 1764 651 1801 opusculo
676 1763 750 1802 περὶ
774 1757 932 1799 εὗθυμίας
955 1770 978 1789 c.
996 1758 1046 1790 16.
1070 1760 1149 1788 hunc
1172 1768 1306 1787 versum:

641 1807 718 1843 tHdz)
740 1814 799 1852 μὲν
821 1810 859 1841 ἄν
883 1823 911 1841 τι
937 1811 1049 1853 φέρῃς,
1083 1807 1192 1849 ὀλίγον
1216 1807 1247 1839 δ’
1271 1807 1351 1849 ἄχος
1374 1807 1409 1846 ἢν
1432 1806 1612 1851 ἀπολείπῃς
1626 1809 1701 1849 ††).

127 1883 234 1913 Prioris
260 1883 314 1910 loci
337 1883 544 1920 interpretatio
568 1883 733 1910 invenitur:

302 1943 331 1964 a.
360 1935 389 1961 in
412 1934 611 1962 Melanthonis
634 1934 765 1972 Operum
791 1933 878 1962 Basil.
909 1933 1001 1960 Tomo
1016 1929 1052 1961 V.
1074 1941 1104 1969 p.
1120 1929 1214 1965 335.;

302 1986 329 2013 b.
360 1985 388 2012 in
414 1985 545 2013 eiusdem
569 1985 794 2023 Epigrammatis
819 1985 949 2012 collectis
972 1993 989 2011 a
1013 1984 1107 2012 Hilbr.
1124 1983 1282 2011 Grathusio
1304 1982 1417 2021 (Viteb.
1443 1981 1538 2013 1560.
1561 1982 1592 2013 8.
1616 1982 1693 2012 cons.
1708 1992 1795 2021 supra
1819 1981 1921 2021 p.869
1932 1982 1991 2020 sq.)
2015 1981 2069 2010 fol.
2085 1978 2182 2014 L8²;

306 2047 330 2065 c.
362 2037 787 2109 infgiiulsddgl}-Epigrammatis
811 2046 915 2065 recens
938 2036 1024 2065 editis
1048 2036 1141 2065 studio
1164 2041 1193 2064 et
1216 2043 1307 2073 opera
1322 2034 1402 2063 Petri
1418 2034 1565 2063 Vincentii
1581 2033 1704 2071 (Witeb.
1729 2032 1822 2064 1563.
1847 2034 1878 2064 8.
1901 2032 1978 2062 cons.
1995 2042 2083 2070 supra
2103 2032 2123 2062 1.
2140 2032 2177 2070 l.)

305 2132 334 2161 d.
365 2132 392 2160 in
418 2132 504 2160 huius
527 2101 617 2170 Cbrp.
640 2130 772 2160 Reform.
798 2131 863 2158 Vol.
880 2130 915 2157 X.
941 2141 970 2168 p.
986 2128 1059 2159 665.
1084 2127 1214 2160 nr.377.

172 2264 203 2292 ss)
224 2262 304 2287 Conf.
325 2260 536 2292 Wyttenbachii
557 2261 641 2284 ludex
661 2260 832 2285 Editiouunt.
861 2258 1026 2281 versionum
1046 2258 1097 2282 etc.
1125 2258 1152 2281 in
1179 2258 1237 2281 eius
1258 2257 1306 2282 Ed.
1327 2258 1473 2282 Moralium
1492 2257 1633 2282 Plutarchi
1658 2257 1732 2282 Toni.
1750 2257 1768 2279 l.
1794 2263 1818 2286 p.
1834 2256 1926 2280 CLVI.
1953 2262 1996 2282 nr.
2013 2256 2039 2280 3.
2066 2256 2180 2286 eiusque

206 2299 272 2321 nota
291 2296 351 2320 crit.
372 2296 407 2320 ad
426 2295 635 2325 inscriptionem
656 2295 734 2318 liuius
755 2293 839 2317 libelli
862 2293 924 2316 ibid.
946 2300 969 2323 p.
988 2293 1044 2316 141.
1066 2306 1098 2310 —-
1134 2293 1369 2316 Foerstemannus
1389 2293 1415 2315 in
1435 2294 1500 2316 nota
1518 2292 1603 2323 priori
1623 2291 1758 2321 epistolae
1776 2291 1934 2321 adscripta,
1954 2293 1981 2315 et
1999 2291 2177 2315 Brctschnei-

207 2333 291 2356 derus
311 2332 336 2354 iu
356 2331 508 2354 Annalibus
530 2330 603 2353 vitae
623 2331 686 2353 Mel.
706 2336 730 2353 a.
753 2329 828 2352 ¹518.
849 2328 892 2355 (iu
913 2328 990 2351 huius
1011 2327 1092 2357 Corp.
1113 2328 1173 2352 Res.
1195 2327 1259 2352 Vol.
1278 2327 1296 2350 1.
1324 2334 1348 2356 p.
1363 2327 1516 2355 CXLVH..
1548 2328 1592 2351 ubi
1614 2327 1678 2350 hacc
1698 2327 1843 2350 memorat:
1876 2326 1999 2356 „Mense
2018 2326 2074 2351 lan.
2094 2326 2179 2349 vertit

206 2366 346 2392 Plutarchi
366 2366 506 2389 libellum:
536 2365 668 2394 quomodo
690 2365 816 2394 oporteat
836 2363 1039 2386 adolescentem
1060 2362 1155 2386 audire
1174 2359 1320 2392 poemata?
1355 2362 1383 2385 in
1402 2362 1516 2386 latinam
1538 2362 1676 2392 linguam,
1713 2367 1782 2391 quae
1806 2361 1898 2384 autem
1923 2360 2018 2384 versio
2038 2366 2177 2390 nunquam

206 2402 308 2433 prodiit
327 2400 352 2423 iu
374 2397 511 2427 lucem.’')
532 2405 586 2423 nou
606 2400 655 2423 hoc
675 2399 851 2429 opusculum.
879 2398 955 2420 cuius
976 2397 1090 2427 vulgata
1109 2397 1254 2427 inscriptio
1275 2399 1332 2420 est:
1358 2395 1427 2428 Περὶ
1446 2396 1495 2420 τοῦ
1513 2393 1641 2426 ἀκούειν,
1661 2402 1740 2426 quani
1756 2396 1915 2419 Melautlion
1934 2395 1961 2418 in
1981 2397 2098 2425 utraque
2118 2395 2178 2425 epi-

208 2437 282 2460 stola
301 2435 398 2462 affert.
429 2435 495 2461 sed,
529 2434 620 2457 nescio
641 2440 694 2464 qua
713 2434 837 2460 ratione,
872 2433 940 2455 illud
960 2431 1136 2462 intelligunt,
1170 2432 1240 2462 quod
1266 2431 1292 2454 in
1312 2432 1436 2455 omnibus
1455 2432 1538 2456 Codd.
1559 2434 1585 2456 et
1605 2431 1689 2455 Editt.
1709 2430 1870 2460 inscriptum
1894 2431 1952 2453 est:
1987 2430 2050 2457 Πῶς
2070 2427 2112 2453 δεῖ
2130 2427 2180 2453 τόν

210 2470 273 2495 νέον
292 2467 455 2502 ποιημάτων
474 2466 604 2498 auvam,
631 2470 776 2499 Quomodo
797 2468 912 2492 iuvenis
929 2468 1031 2498 poetas
1050 2467 1213 2498 inteltiqere
1231 2467 1340 2491 debeat.

173 2522 224 2552 *95)
244 2522 427 2553 Intelligcuda
450 2522 493 2545 est
512 2520 665 2544 Luciaui
685 2521 711 2544 ln
732 2520 897 2544 calumniam
917 2518 1024 2550 oratio,
1051 2524 1131 2548 quam
1150 2524 1234 2548 supra
1253 2526 1278 2548 p.
1295 2518 1346 2542 979
1362 2526 1421 2549 sqq.
1443 2517 1574 2542 dedimus.

173 2576 245 2604 *ἕν’-ὲ)
266 2574 352 2599 Huius
373 2572 576 2603 stephanianae
595 2571 731 2596 Editionis
751 2571 901 2601 descriptio
921 2570 1061 2594 iuvenitur
1081 2569 1108 2593 in
1128 2570 1282 2595 Hoffmanni
1301 2570 1391 2594 lexico
1411 2569 1624 2600 bibliographico
1644 2569 1720 2593 Toni.
1730 2568 1774 2593 111.
1795 2576 1818 2599 p.
1832 2568 1884 2593 333
1894 2577 1954 2600 sq.;
1980 2570 2013 2593 de
2033 2570 2082 2595 Ed.
2101 2569 2181 2594 Basi-

207 2610 294 2635 leensi
314 2609 386 2633 cons.
407 2613 493 2638 supra
511 2614 536 2637 p.
553 2607 620 2630 1125
633 2613 674 2637 sq.
694 2609 721 2630 et
740 2606 896 2630 Hoffmann.
916 2606 934 2631 1.
952 2606 968 2628 l.
989 2612 1013 2635 p.
1028 2605 1079 2628 369
1093 2612 1134 2635 sq.

171 2661 209 2694 ἡ)
230 2661 292 2686 Vid.
314 2658 528 2691 wyttenbachii
547 2658 629 2681 ludex
648 2657 822 2689 Editionum,
850 2656 1024 2681 Vei-sionum
1044 2657 1094 2679 etc.
1112 2656 1131 2681 1.
1148 2656 1164 2680 l.
1188 2663 1213 2685 p.
1228 2656 1322 2681 CLVI.
1343 2657 1370 2679 et
1388 2655 1510 2680 CLXIV.

173 2712 236 2745 ††)
257 2713 302 2738 sic
321 2712 363 2736 liic
382 2718 483 2735 versus
505 2710 607 2741 legitur
627 2709 653 2733 in
674 2709 813 2734 Plutarchi
833 2709 921 2733 variis
941 2707 1065 2740 scriptis,
1086 2712 1155 2738 quae
1170 2706 1287 2729 moralia
1303 2706 1386 2736 vulgo
1400 2706 1543 2742 vocantur.
1580 2704 1628 2731 Ed.
1644 2706 1759 2729 sterent.
1775 2705 1847 2736 Lips.
1869 2705 1924 2736 (ap.
1936 2706 2079 2730 Tauchnit.
2103 2707 2178 2732 1829.

209 2749 265 2776 12.)
286 2748 360 2771 Tom.
376 2747 420 2770 lll.
441 2754 465 2776 p.
480 2746 539 2770 232.
577 2745 607 2768 ln
626 2744 763 2768 Vincentii
783 2747 874 2768 autem
895 2744 944 2768 Ed.
963 2742 1198 2773 Epigrammatum
1215 2741 1279 2766 Mel,
1299 2742 1326 2764 et
1345 2740 1371 2764 iu
1391 2741 1441 2764 hoc
1455 2741 1537 2769 corp.
1552 2739 1672 2764 Reform.
1693 2740 1762 2764 locis
1782 2740 1855 2764 illico
1874 2741 2022 2764 afferendis
2045 2742 2084 2764 sic
2107 2742 2178 2773 legi-

207 2786 265 2807 tur:
298 2779 365 2805 Ἡδὺ
385 2778 483 2812 μὲνεί
501 2779 526 2804 τ)
547 2779 646 2812 φέρῃς,
672 2775 767 2811 ὀλίγον
786 2776 814 2802 15³
835 2777 904 2810 ἄχος
923 2774 987 2807 vimi*
1006 2776 1149 2805 (ἱποείπης.
