2351 2990
75 126 149 161 813

76 211 127 256 gis
146 211 261 244 colere
277 208 484 256 Philippum
504 217 710 255 coeperunt.
750 210 816 243 Hic
832 209 985 249 amicus,
1002 222 1073 243 ser-

78 269 182 295 vator
199 269 232 295 et
248 263 369 295 omnia
399 262 448 296 eis
474 268 568 302 erat,
596 274 660 295 nec
684 274 807 295 vocem
836 261 1074 294 admittebant

79 314 204 354 ullius,
237 314 265 347 si
283 314 362 359 quis
384 314 573 353 monebat,
608 320 647 346 ut
671 320 849 347 caverent.
910 313 982 346 Vos
1009 312 1073 346 etsi

78 365 375 409 suspicabamini,
404 365 489 410 quid
515 365 722 405 moliretur,
751 372 784 398 et
810 371 947 398 tantam
970 364 1073 397 fami-

77 416 270 449 liaritatem
289 417 441 450 aliorum
462 429 541 449 cum
558 429 599 449 eo
616 429 719 460 aegre
735 416 921 455 ferebatis,
952 422 1073 449 tamen

75 467 159 513 quia
187 468 253 502 soli
276 468 438 501 resistere
461 480 535 501 non
562 468 752 512 poteratis,
787 466 877 501 nihil
902 468 1074 501 movistis.

76 519 316 564 Quiescebant
333 526 367 552 et
385 519 514 552 caeteri
533 520 681 560 Graeci,
710 532 928 565 quamquam
950 525 983 552 et
1008 518 1073 563 ipsi

76 571 215 615 decepti
235 577 269 604 et
294 571 455 604 frustrati
482 572 525 603 ab
549 584 590 605 eo
615 572 779 611 fuerant,
813 578 933 604 tamen
955 570 1074 614 singu-

75 621 145 655 lari
160 624 269 655 modo
289 622 358 655 iam
384 623 511 655 domiti
537 630 649 656 erant.
703 623 798 656 Dum
823 623 917 655 enim
941 623 1072 654 bellum

77 673 115 706 in
130 672 258 719 Illyriis
277 680 311 707 et
326 674 495 708 Triballis
523 675 613 719 gerit
638 681 671 707 et
695 675 798 714 alibi,
825 673 928 707 multi
946 672 1075 706 Graeci

75 736 118 757 ex
133 725 335 759 civitatibus
354 726 538 758 occasione
556 726 780 759 induciarum
805 726 847 758 ad
874 738 953 758 eum
980 736 1075 756 acce-

74 777 226 816 debant,
256 777 349 809 inter
375 790 464 822 quos
492 784 526 810 et
542 776 733 811 Aeschines
759 776 836 810 fuit.
895 776 968 808 Hos
995 788 1073 808 cum

75 828 142 862 sibi
159 828 374 867 devinciret,
402 841 466 873 per
483 841 542 862 eos
569 828 838 861 inclinationem
862 827 897 860 in
924 827 1075 859 civitati—

74 881 139 913 bus
157 881 201 913 ad
220 892 256 913 se
272 879 442 920 faciebat,
476 887 509 913 et
533 881 560 914 si
587 880 647 925 qui
678 879 801 912 dicunt
833 891 867 911 se
901 891 975 911 non
1000 879 1075 911 ani-

71 931 324 971 madvertisse,
341 929 431 964 nihil
453 932 497 963 ad
525 945 580 965 me
600 931 738 965 attinet.
787 930 879 965 Nam
906 943 970 974 ego
997 931 1075 976 qui-

74 984 154 1016 dem
180 988 214 1015 et
235 982 417 1027 praedixi,
452 988 485 1015 et
509 989 655 1016 testatus
679 995 757 1016 sum
785 989 859 1016 tum
890 982 985 1025 apud
1013 995 1075 1017 vos

76 1045 234 1078 semper,
270 1040 345 1067 tum
363 1046 579 1079 quocunque
604 1034 793 1074 mittebar,
828 1035 888 1067 sed
915 1033 1075 1068 civitates

76 1085 148 1120 suis
165 1085 379 1131 quibusdam
398 1086 533 1119 morbis
549 1086 774 1119 laborabant.
827 1085 918 1119 Nam
949 1087 1075 1129 guber-

74 1143 219 1170 natores
251 1136 401 1182 pecunia
429 1138 589 1182 corrupti
615 1144 736 1177 erant,
774 1136 966 1170 multitudo
994 1150 1075 1182 par-

77 1188 142 1221 tim
157 1186 395 1221 nihilominus
412 1189 670 1233 prospiciebat,
697 1189 829 1233 partim
847 1200 971 1221 amore
992 1202 1075 1222 con-

76 1245 196 1274 suetae
230 1239 501 1285 tranquillitatis
533 1247 567 1273 et
590 1240 654 1273 otii
680 1240 846 1278 delinita,
882 1240 1022 1274 labores
1042 1247 1076 1273 et

75 1290 233 1336 pericula
268 1291 437 1334 fugiebat.
497 1291 563 1324 Hic
597 1292 744 1325 morbus
773 1291 973 1323 communis
1000 1298 1075 1325 erat

74 1342 340 1376 universorum.
397 1341 535 1375 Interea
567 1342 697 1387 singuli
730 1341 982 1375 existimabant
1008 1343 1075 1377 sibi

75 1391 167 1426 nihil
186 1393 273 1426 mali
297 1400 509 1427 eventurum
536 1406 630 1434 esse,
664 1394 725 1428 sed
753 1406 834 1427 cum
857 1393 1007 1433 vellent,
1039 1406 1074 1428 se

76 1445 296 1489 perfecturos
309 1471 318 1484 ,
342 1451 382 1477 ut
398 1444 589 1489 implicatis
608 1445 685 1479 aliis
704 1444 770 1490 ipsi
788 1445 825 1477 in
843 1451 920 1478 tuto
946 1452 1072 1480 essent.

76 1495 128 1529 Ita
159 1495 352 1529 multitudo
379 1503 527 1541 propter
551 1497 696 1541 longam
723 1503 757 1529 et
784 1497 1073 1545 intempestivam

76 1547 259 1592 ignaviam
289 1546 423 1593 ubique
455 1548 655 1581 libertatem
691 1548 822 1581 amisit.
885 1547 955 1592 Ipsi
988 1561 1074 1582 vero

76 1600 334 1644 gubernatores
350 1600 435 1633 dum
461 1612 497 1633 se
522 1600 589 1632 alia
617 1600 790 1637 vendere,
820 1611 893 1632 non
918 1612 954 1633 se
980 1600 1075 1645 ipsos

76 1651 301 1690 existimant,
330 1652 474 1684 tandem
500 1658 686 1685 senserunt
708 1664 744 1685 se
768 1651 924 1695 primum
952 1652 1075 1685 vendi-

76 1710 132 1736 tos
164 1713 249 1736 esse.
310 1702 402 1736 Nam
434 1715 512 1736 cum
544 1710 647 1735 antea
677 1703 881 1736 dicerentur
911 1703 1015 1735 amici
1043 1710 1077 1736 et

76 1752 255 1798 hospites,
281 1766 360 1786 cum
379 1754 567 1798 pecuniam
595 1754 836 1798 accipiebant,
866 1760 984 1797 postea
1013 1767 1077 1787 no-

76 1804 204 1840 minati
224 1811 307 1838 sunt
326 1812 586 1845 assentatores,
615 1812 730 1850 pestes
748 1805 906 1850 patriae,
936 1813 969 1839 et
998 1806 1076 1839 aliis

75 1856 168 1891 veris
184 1856 496 1901 appellationibus.
550 1857 665 1892 Nemo
685 1857 779 1890 enim
807 1857 992 1901 profundit
1017 1870 1077 1902 pe-

76 1908 238 1949 cuniam,
264 1914 303 1942 ut
319 1908 515 1953 proditoris
533 1909 730 1954 potentiam
750 1915 896 1953 augeat,
915 1921 979 1943 nec
995 1922 1077 1954 pro-

76 1961 230 1995 ditorem
248 1966 369 2005 postea
388 1958 534 1994 adhibet
553 1961 590 1994 in
608 1961 795 1994 consilium
814 1960 948 2004 potitus
967 1973 1006 1994 ea
1026 1973 1077 2002 re,

77 2013 176 2047 cuius
196 2024 300 2046 causa
326 2012 401 2046 eius
426 2025 574 2057 operam
601 2012 697 2047 emit.
751 2010 850 2047 Nihil
873 2012 967 2045 enim
996 2014 1077 2046 bea-

75 2064 146 2098 tius
177 2063 361 2108 proditore
395 2071 495 2099 esset.
556 2063 670 2097 Immo
700 2065 805 2108 longe
831 2063 934 2097 aliter
960 2077 996 2098 se
1022 2077 1077 2098 res

75 2114 196 2150 habet.
248 2115 317 2148 Sed
334 2128 412 2148 cum
438 2116 591 2161 imperio
616 2116 799 2150 civitatum
825 2123 858 2149 et
881 2116 1077 2150 venditoris

77 2167 210 2213 potitus
243 2173 314 2207 est,
349 2167 432 2211 quia
466 2167 654 2212 perfidiam
687 2168 761 2201 eius
793 2167 861 2200 iam
897 2168 1076 2211 cognovit,

77 2219 153 2253 odit
183 2231 284 2258 eum,
320 2217 449 2252 diffidit
475 2225 509 2252 et
532 2219 657 2253 reiicit.
720 2219 845 2252 Videte
874 2219 967 2251 enim
995 2220 1076 2265 (etsi

76 2278 218 2315 tempus
234 2268 363 2303 harum
384 2282 503 2304 rerum
522 2272 741 2315 agendarum
759 2271 870 2304 multo
882 2278 963 2304 ante
973 2283 1076 2315 prae-

74 2322 192 2363 teriit,
221 2328 341 2355 tamen
357 2321 653 2357 considerationis
676 2330 816 2368 tempus
840 2323 1076 2368 prudentibus

75 2385 217 2418 semper
233 2373 410 2419 reliquum
436 2373 504 2419 est)
521 2372 717 2409 Lasthenes
743 2375 934 2419 tantisper,
963 2376 1076 2408 donec

75 2423 276 2472 Olynthum
300 2425 479 2469 prodidit,
514 2427 648 2460 amicus
669 2425 829 2472 Philippi
863 2427 1076 2459 nominaba—

75 2484 154 2516 tur;
183 2477 389 2517 Timolaus,
426 2478 539 2511 donec
554 2475 697 2513 Thebas
723 2485 882 2524 caperet3
918 2477 1075 2512 Eudicus

76 2536 111 2563 et
128 2529 264 2569 Simus,
293 2529 407 2562 donec
432 2527 655 2563 Thessaliam
681 2531 718 2564 in
736 2529 895 2576 Philippi
919 2536 1075 2575 potesta-

78 2587 149 2615 tem
168 2581 393 2625 redegerunt.
440 2580 578 2614 Deinde
595 2588 784 2628 postquam
805 2583 842 2615 in
860 2582 963 2615 exilia
981 2581 1073 2627 pulsi

75 2639 176 2673 sunt,
204 2639 238 2666 et
262 2632 429 2667 omnibus
456 2633 681 2667 contumeliis
708 2634 842 2675 affecti,
871 2634 1074 2679 proditores

75 2684 208 2730 ubique
224 2684 472 2719 nominantur.
524 2684 660 2719 Videtis
678 2691 711 2718 et
726 2686 944 2720 Aristratum
969 2685 1006 2718 in
1021 2685 1073 2718 Si-

77 2748 210 2781 cyone,
238 2741 272 2769 et
296 2736 478 2771 Perilaum
505 2736 542 2769 in
566 2735 723 2781 Megaris
746 2750 894 2782 prorsus
918 2738 1073 2771 abiectos

319 124 459 160 XXXV.
486 122 886 159 INTERPRETATIO
917 121 1179 158 ORATIONIS
1206 120 1549 157 DEMOSTHEMS
1576 121 1640 155 DE
1669 121 1879 157 CORONA.

2048 123 2123 157 814

1128 216 1162 242 et
1184 209 1367 253 despectos
1391 209 1517 249 fuisse,
1554 221 1707 254 quorum
1735 209 1893 252 exempla
1919 210 2123 249 ostendunt,

1127 274 1206 294 eum
1223 287 1232 300 ,
1261 260 1323 306 qui
1341 273 1478 294 summa
1498 261 1566 293 fide
1583 266 1700 294 custos
1719 267 1770 293 est
1795 260 1932 303 patriae
1958 273 2061 300 suae,
2090 266 2125 293 et

1126 312 1255 345 talibus
1274 313 1444 345 acerrime
1462 311 1693 351 contradicit,
1727 311 1828 345 vobis
1847 324 1989 357 quoque
2015 312 2124 356 prod-

1128 376 1220 403 esse,
1259 364 1319 409 qui
1349 365 1510 397 mercede
1531 363 1697 397 conducti
1716 369 1750 395 et
1776 363 1856 407 plus
1881 363 2057 407 accipitis,
2091 369 2125 395 et

1128 421 1275 459 propter
1310 416 1413 448 fidem
1451 414 1581 448 horum
1618 415 1813 448 incolumes
1842 421 1875 447 et
1909 414 2124 447 mercenarii

1128 466 1290 499 manetis.
1320 467 1411 500 Nam
1430 473 1544 500 vestra
1564 467 1706 512 quidem
1727 466 1872 500 consilia
1893 466 1992 499 vobis
2012 466 2123 499 multo

1128 524 1209 550 ante
1225 517 1331 550 exitio
1350 518 1507 552 fuissent.

1230 569 1280 601 Ac
1307 570 1350 602 de
1374 570 1448 603 eius
1473 569 1645 612 temporis
1672 568 1870 602 actionibus
1896 580 1973 600 cum
2011 567 2123 600 multo

1129 620 1229 663 plura
1256 620 1373 653 dicere
1395 633 1552 665 possem,
1588 627 1707 653 tamen
1730 622 1834 653 finem
1862 619 2010 657 faciam,
2042 617 2125 663 quia

1128 669 1214 703 haec
1233 684 1376 717 quoque
1394 672 1501 705 nimis
1516 672 1625 704 multa
1645 672 1824 705 videntur.
1879 671 1947 703 Sed
1967 670 2029 703 iste
2054 669 2126 703 cul-

1128 723 1267 766 pandus
1286 730 1356 763 est,
1383 723 1444 768 qui
1462 724 1556 756 velut
1584 724 1764 767 crapulam
1790 735 1872 756 suae
1901 721 2067 765 perfidiae
2093 727 2126 753 et

1129 786 1275 807 suorum
1307 775 1479 807 scelerum
1514 775 1548 807 in
1582 788 1636 807 mc
1665 774 1806 814 reiecit,
1841 786 1947 818 quam
1973 774 2126 805 refutare

1131 831 1278 869 propter
1294 826 1452 860 iuniores
1470 839 1609 860 necesse
1627 833 1688 860 est.
1744 826 1912 858 Caeteros
1930 825 2022 857 enim
2036 851 2044 863 ,
2065 823 2125 869 qui

1130 883 1232 909 antea
1254 885 1388 910 norunt
1414 890 1493 910 cum
1521 877 1668 922 pecunia
1697 878 1933 915 conductum,
1969 876 2126 908 arbitror

1132 928 1337 972 indignatos
1360 942 1432 963 esse
1457 929 1562 962 etiam
1591 935 1673 962 ante
1699 941 1815 961 meam
1843 927 2129 973 responsionem,

1130 992 1209 1012 cum
1227 981 1392 1014 audirent
1410 981 1508 1014 illum
1526 981 1754 1025 impudenter
1771 980 1982 1024 gloriantem
2002 980 2043 1012 de
2065 990 2126 1012 sua

1130 1032 1198 1064 fide
1217 1044 1297 1076 erga
1314 1032 1481 1077 patriam.
1536 1033 1636 1065 Hanc
1654 1044 1740 1065 vero
1757 1032 2016 1065 mercenariam
2044 1043 2127 1075 ope-

1130 1095 1205 1115 ram
1240 1084 1405 1117 nominat
1435 1083 1630 1117 amicitiam
1660 1090 1694 1116 et
1720 1083 1773 1117 ins
1798 1081 1964 1128 hospitii,
2000 1094 2128 1128 meque

1129 1134 1218 1167 dixit
1235 1135 1301 1169 sihi
1319 1142 1491 1181 tanquam
1510 1136 1683 1180 probrum
1704 1135 1873 1169 obiecisse
1891 1135 1944 1169 ius
1968 1132 2128 1178 hospitii,

1130 1188 1226 1231 quod
1244 1199 1323 1220 cum
1342 1187 1546 1221 Alexandro
1563 1185 1705 1220 habeat.
1750 1186 1825 1230 Ego
1846 1198 1930 1219 vero
1948 1198 2021 1218 non
2038 1186 2127 1218 adeo

1130 1238 1290 1277 insanio,
1317 1244 1357 1271 ut
1373 1245 1406 1271 te
1423 1239 1576 1272 amicum
1603 1245 1665 1271 aut
1690 1236 1867 1282 hospitem
1884 1236 2044 1282 Philippi
2067 1243 2129 1270 aut

1128 1289 1322 1323 Alexandri
1340 1290 1600 1323 nominandum
1621 1290 1815 1323 existimem
1828 1317 1836 1330 ‚
1862 1290 1930 1323 nisi
1947 1296 1980 1323 et
1997 1301 2128 1322 messo-

1129 1352 1184 1374 res
1201 1347 1235 1373 et
1252 1341 1311 1373 alii
1330 1342 1543 1374 mercenarii
1561 1341 1609 1375 sic
1628 1341 1840 1374 nominandi
1858 1348 1959 1381 sunt,
1989 1347 2021 1374 et
2041 1353 2129 1386 quo-

1129 1393 1238 1425 modo
1257 1399 1290 1425 te
1311 1393 1403 1426 cives
1429 1405 1552 1427 omnes
1576 1393 1785 1434 nominent,
1814 1393 1909 1437 ipsos
1934 1393 2129 1437 interroga.

1129 1443 1197 1476 Sed
1217 1456 1281 1487 ego
1301 1444 1419 1488 potius
1434 1456 1493 1478 eos
1514 1445 1755 1488 interrogabo.
1809 1445 1921 1478 Audis
1934 1471 1942 1484 ,
1972 1444 2057 1490 quid
2076 1456 2129 1477 re-

1129 1495 1354 1539 spondeant?
1396 1496 1500 1529 Nunc
1534 1497 1578 1528 ad
1608 1496 1870 1529 accusationem
1898 1497 2048 1537 accedo,
2085 1496 2128 1529 de

1130 1559 1199 1592 qua
1217 1547 1376 1581 dicturus
1395 1547 1553 1580 recitabo
1573 1560 1627 1581 res
1643 1559 1660 1579 a
1681 1560 1737 1580 me
1765 1555 1898 1591 gestas,
1927 1555 1967 1581 ut
1984 1545 2129 1582 Aeschi-

1130 1611 1208 1638 nes,
1236 1611 1456 1644 quamquam
1487 1599 1570 1637 scit,
1605 1605 1726 1631 tamen
1752 1599 1893 1640 audiat,
1930 1611 2041 1645 quare
2063 1597 2128 1632 bu-

1130 1649 1183 1683 ius
1201 1650 1332 1683 decreti
1350 1648 1548 1685 bonoribus
1565 1650 1692 1694 dignus
1710 1651 1852 1685 fuerim,
1905 1650 1992 1695 Age,
2014 1651 2126 1695 ipsam

1131 1702 1391 1735 accusationem
1411 1714 1495 1746 cape
1512 1708 1545 1734 et
1565 1702 1685 1735 recita.

1503 1789 1751 1821 Accusatio.

1236 1860 1398 1892 Praetore
1427 1858 1624 1892 Chaeronda
1646 1858 1700 1890 die
1733 1862 1832 1890 serta
1859 1858 2036 1891 Februarii
2058 1859 2128 1891 Ae-

1131 1911 1262 1943 schines
1292 1911 1407 1943 attulit
1436 1911 1480 1942 ad
1510 1911 1707 1942 Praetorem
1736 1910 1982 1942 accusationem
2011 1914 2128 1942 contra

1134 1963 1394 2004 Ctesiphontem,
1424 1972 1519 2006 quem
1536 1965 1688 1999 accusat,
1716 1961 1802 2005 quod
1816 1961 1984 1994 decretum
2009 1965 2127 1994 contra

1131 2014 1218 2057 leyes
1235 2014 1431 2056 scripserit,
1460 2013 1611 2046 videlicet
1634 2017 1668 2045 ut
1691 2016 1913 2044 coronaretur
1929 2013 2126 2045 Demosthe-

1132 2077 1190 2098 nes
1208 2077 1313 2098 aurea
1335 2076 1474 2103 corona,
1503 2069 1534 2097 et
1555 2063 1616 2105 fiat
1643 2064 1851 2096 renuntiatio
1875 2065 1911 2096 ‘in
1934 2064 2065 2096 theatro
2090 2065 2127 2097 in

1131 2117 1316 2150 maioribus
1341 2116 1602 2155 Bacchanaliis,
1634 2120 1666 2148 et
1689 2115 1851 2147 adhibitis
1877 2117 1970 2148 novis
1994 2120 2127 2158 trayoe-

1130 2171 1216 2208 diis,
1245 2169 1330 2213 quod
1344 2168 1431 2200 hanc
1453 2179 1608 2200 eoronam
1632 2167 1760 2199 tribuat
1780 2168 1812 2199 ei
1831 2167 1971 2209 populus
1992 2168 2128 2200 virtutis

1129 2225 1161 2254 et
1178 2220 1422 2253 benevolentiae
1435 2231 1556 2256 creusa,
1584 2230 1684 2264 qieam
1698 2229 1830 2260 semper
1850 2220 2024 2260 praestitit
2046 2229 2127 2261 crya

1132 2274 1277 2306 Graecos
1293 2276 1325 2305 et
1338 2271 1493 2313 populum
1512 2271 1772 2303 Atheniensium
1783 2295 1791 2306 ,
1818 2273 1849 2302 et
1864 2274 2002 2311 propter
2020 2268 2126 2311 forti-

1129 2325 1299 2363 tudinem,
1334 2327 1367 2355 et
1383 2323 1468 2367 quod
1487 2334 1553 2355 non
1575 2323 1677 2355 desiit
1697 2322 1808 2354 dicere
1829 2324 1859 2352 et
1880 2332 1980 2364 ayere
2003 2322 2127 2362 optima

1127 2376 1262 2417 populo,
1296 2379 1327 2408 et
1345 2375 1429 2419 qaod
1449 2378 1622 2416 promptus
1646 2374 1691 2405 sit
1715 2383 1832 2415 aqere,
1869 2373 2027 2416 quicquid
2048 2372 2126 2406 boni

1126 2431 1244 2469 potest.
1300 2427 1392 2459 Haec
1408 2437 1481 2458 cum
1498 2426 1612 2458 omnia
1633 2423 1725 2467 falsa
1749 2425 1928 2465 scripserit
1949 2428 1982 2457 et
2007 2429 2126 2457 contra

1128 2479 1232 2522 loyes,
1268 2483 1404 2511 accusat
1429 2489 1502 2510 eum
1529 2476 1732 2515 Aeschines,
1773 2476 1924 2517 primum
1949 2476 2035 2519 quod
2054 2474 2126 2518 fal-

1127 2542 1199 2564 sam
1233 2531 1467 2564 narrationem
1496 2529 1643 2562 Senatui
1668 2528 1902 2570 proposuerit,
1943 2531 1975 2559 et
2006 2527 2126 2560 deinde

1127 2583 1213 2627 quod
1227 2594 1385 2615 coronam
1400 2583 1559 2613 decernat
1574 2584 1653 2612 ante
1674 2579 1816 2612 relatam
1840 2580 2025 2618 rationem,
2052 2590 2127 2611 cum

1127 2635 1259 2679 quidem
1277 2633 1517 2666 Demosthenes
1538 2632 1746 2664 curationem
1767 2630 1924 2664 habuerit
1952 2628 2127 2671 reficiendi

1126 2697 1238 2719 muros
1254 2690 1285 2719 et
1300 2684 1478 2718 theatralis
1490 2684 1670 2727 pecuniae,
1699 2687 1730 2716 et
1747 2683 1834 2727 quod
1850 2694 1915 2715 non
1947 2681 2047 2714 liceat
2064 2679 2125 2723 fa-

1125 2749 1198 2771 cere
1217 2737 1504 2771 renuntiationem
1529 2737 1565 2769 in
1588 2736 1718 2769 theatro
1745 2734 1907 2768 adhibitis
1937 2734 2030 2767 novis
2051 2736 2126 2766 tra-
