2294 2975
105 128 153 164 23
677 120 798 157 PHIL.
832 119 944 156 MEL.
979 117 1181 156 SCRIPTA
1214 119 1552 157 PHILOLOGICA.

108 225 256 258 regnum
282 223 388 257 quam
415 210 570 256 primum
593 208 858 247 restitueretur,
894 207 1000 252 idque
1026 205 1103 239 fieri

109 265 260 298 maxime
279 263 424 308 optabat
442 274 505 307 per
522 261 752 306 Pompeium,
780 259 840 305 qui
859 259 970 303 gratia
989 263 1023 290 et
1039 269 1102 290 au-

110 317 253 349 toritate
271 315 364 359 apud
386 326 508 347 omnes
532 313 726 358 plurimum
752 311 902 344 valebat.
955 308 1100 342 Interim

111 368 192 414 quia
207 366 378 400 Lentulus
405 378 481 398 cuni
511 364 663 397 exercitu
688 363 722 395 in
743 361 863 395 Cilicia
882 367 970 394 esset
986 359 1101 392 vicina

110 420 292 464 AegyptO,
335 417 496 461 cupiebat
523 422 555 448 et
582 415 610 447 is
635 425 777 459 quoque
804 412 869 446 sibi
896 410 1060 444 mandari
1083 422 1101 441 a

112 477 238 505 senatu
254 469 435 513 negotium
455 465 646 500 reducendi
668 464 778 508 regis,
813 470 847 497 et
872 463 1038 496 utebatur
1064 473 1101 494 ea

113 522 150 555 in
179 533 216 554 re
251 520 438 565 praecipue
462 516 642 551 Ciceronis
675 527 795 560 opera.
861 514 995 547 Verum
1021 511 1103 558 quia

113 572 230 606 maior
246 577 387 605 senatus
410 582 492 614 pars
515 569 551 601 in
569 568 781 612 Pompeium
806 565 1020 604 inclinabat,
1049 563 1105 596 Ci-

115 636 195 657 cero
226 628 369 660 narrat,
413 621 508 666 quod
540 626 687 664 propter
718 617 816 651 varia
849 616 1102 661 impedimenta

115 687 187 708 non
208 674 357 706 multum
382 671 539 716 potuerit
563 671 599 703 in
628 668 694 703 hoc
718 668 861 714 negotio
886 668 981 712 apud
1005 678 1105 700 sena-

117 733 190 759 tum
212 725 360 757 efficere.

219 775 406 810 Caeterum
421 801 429 814 ,
471 780 509 807 ut
532 772 656 807 melius
682 777 932 816 argumentum
957 766 1105 811 intelligi

116 827 246 874 possit,
287 826 408 871 paucis
435 826 563 858 addam
588 837 629 858 ex
651 821 880 867 Strabone¹¹)
907 822 949 853 de
977 820 1049 851 vita
1074 824 1107 850 et

116 880 276 913 moribus
304 877 500 911 Ptolemaei
526 876 688 909 Auletae.
756 873 890 907 Omnes
925 876 1005 916 post
1040 875 1108 901 ter-

118 931 206 964 tium
224 930 470 964 Ptolemaeum
494 928 586 960 male
606 927 771 959 x'ixerunt
786 923 919 958 deliciis
937 919 1108 964 corrupti,

121 982 281 1016 omnium
309 992 393 1014 vero
416 979 567 1024 pessime
591 984 758 1024 quartus,
783 982 948 1014 octavus,
983 978 1015 1005 et
1038 970 1109 1003 Au-

120 1034 225 1073 letes,
270 1032 330 1078 qui
356 1037 495 1075 praeter
523 1030 590 1062 alia
615 1028 748 1073 flagitia
773 1027 878 1061 etiam
902 1023 1107 1058 choraulam

121 1083 286 1118 exercuit.
347 1083 450 1115 Hunc
468 1080 701 1114 Alexandrini
727 1083 938 1123 exegerunt,
972 1081 1007 1108 et
1031 1086 1107 1107 cum

121 1144 190 1170 tres
207 1135 299 1168 filiae
316 1134 347 1167 ei
365 1133 569 1178 superstites
593 1138 726 1171 essent,
760 1142 868 1163 unam
897 1133 984 1161 natu
1008 1136 1110 1169 gran-

121 1188 259 1220 diorem
271 1186 329 1230 ¹²),
358 1197 449 1230 quae
466 1184 621 1227 legitima
641 1188 734 1222 erat,
761 1181 922 1225 reginam
942 1179 1110 1210 fecerunt.

121 1237 258 1272 Interea
284 1236 477 1280 Pompeius
496 1235 659 1268 Auletam
677 1233 830 1266 Romam
858 1230 1054 1276 profectum
1065 1226 1110 1272 ¹3)

122 1289 286 1333 suscipit,
314 1294 347 1321 et
364 1287 501 1321 senatui
519 1286 764 1323 commendat,
792 1296 830 1316 ac
847 1283 889 1315 de
906 1278 1111 1314 reductione

122 1341 196 1375 eius
215 1339 305 1384 agit,
338 1345 372 1372 et
393 1339 435 1371 de
456 1350 539 1370 nece
562 1338 781 1381 legatorum,
815 1333 878 1379 qui
901 1343 1005 1375 supra
1033 1341 1113 1362 cen-

124 1399 199 1426 tum
227 1397 349 1424 contra
373 1401 490 1433 regem
515 1394 705 1427 venerant,
742 1399 759 1419 e
783 1385 910 1431 quibus
933 1382 1000 1416 suit
1017 1380 1112 1413 Dion

123 1441 373 1481 Academicus,
421 1440 585 1485 princeps
617 1436 803 1482 legationis
822 1436 879 1483 l⁴¹).
949 1432 1112 1465 Tandem

125 1506 210 1528 vero
229 1492 458 1526 Ptolemaeus
474 1491 517 1523 ab
538 1490 693 1523 Gabinio
717 1489 882 1521 reductus
899 1481 1112 1518 Archelaum

123 1544 315 1579 interemit.
369 1542 437 1576 Sed
452 1554 526 1575 non
542 1541 655 1574 multo
673 1545 754 1585 post
780 1538 907 1571 morbo
933 1535 1114 1568 absumtus

125 1603 176 1631 est
190 1595 320 1630 relictis
339 1594 477 1627 duobus
493 1592 573 1626 filiis
591 1598 624 1625 et
640 1591 787 1625 totidem
807 1585 1015 1631 filiabus¹⁵).

227 1646 321 1679 Haec
353 1645 468 1689 prima
502 1651 619 1677 autem
647 1642 795 1687 epistola
821 1647 871 1674 est
894 1637 1031 1684 generis
1057 1635 1115 1668 de-

127 1697 372 1736 monstrativi,
401 1696 484 1742 quia
509 1702 559 1729 est
583 1695 733 1739 simplex
752 1693 925 1738 quaedam
942 1686 1116 1725 narratio,

128 1750 331 1788 continens,
366 1760 456 1793 quae
478 1746 672 1781 sententiae
696 1745 809 1778 dictae
834 1739 983 1785 simma)
1006 1739 1042 1770 in
1066 1750 1115 1771 se—

127 1808 233 1841 natu,
278 1800 433 1845 quidque
461 1805 577 1831 actum
604 1797 667 1837 sit,
703 1796 860 1842 quidque
885 1790 1040 1826 effecerit
1061 1788 1116 1821 Ci-

129 1865 220 1886 cero.
275 1851 443 1885 Continet
457 1862 541 1882 vero
559 1855 628 1882 tres
647 1854 777 1892 partes.
830 1845 953 1878 Primo
969 1842 1047 1874 loco
1068 1846 1113 1872 est

128 1903 313 1937 exordium
331 1902 523 1934 admodum
549 1900 706 1943 elegans,
741 1897 836 1943 quod
862 1902 913 1929 est
936 1898 1115 1936 sumptum

128 1956 172 1989 ab
197 1953 445 1988 extenuatione
471 1964 616 1985 suorum
642 1949 839 1983 officiorum
867 1953 900 1980 et
927 1944 1117 1988 amplifica-

129 2007 224 2040 tione
249 2004 458 2038 meritorum
480 2002 634 2036 Lentuli.
694 2000 826 2045 Estque
851 1996 938 2031 haec
962 2005 1116 2029 summa:

130 2058 236 2092 Nullo
266 2057 374 2089 modo
408 2055 508 2098 paria
539 2053 653 2087 officia
687 2052 836 2085 reddere
870 2060 1014 2094 possum
1050 2045 1117 2078 tui.

129 2108 317 2141 beneficiis.
393 2106 489 2138 Haec
519 2104 619 2150 quasi
653 2102 852 2148 propositio
884 2106 935 2134 est
971 2096 1116 2131 exordii.

129 2160 255 2193 Postea
281 2157 465 2192 subiicitur
488 2156 580 2189 ratio
604 2155 703 2188 istius
723 2150 995 2198 propositionis:
1025 2147 1115 2193 Quiza

131 2218 189 2244 tua
218 2210 343 2243 merita
368 2214 464 2241 tanta
489 2213 589 2246 sunt,
633 2212 672 2238 ut
702 2204 847 2250 aequari
878 2202 978 2235 nullo
1009 2200 1116 2232 modo

132 2262 277 2306 possint.
323 2259 510 2294 Conclusio
531 2257 820 2300 exordiisumpta
841 2260 892 2288 est
911 2266 927 2285 a
947 2251 1118 2295 significa-

131 2313 226 2346 tione
259 2318 450 2356 perpetuae
481 2308 724 2353 gratitudinis:
765 2306 841 2350 Ego
872 2316 944 2337 non
975 2314 1116 2346 possum

169 2422 215 2449 ¹1)
242 2421 339 2443 Strabo
374 2419 406 2442 de
432 2418 481 2441 hoc
507 2416 663 2440 Ptolemaeo
690 2413 750 2438 XII.
775 2411 874 2436 Aulete
904 2408 968 2433 dicit
994 2408 1040 2434 lib.
1060 2408 1118 2432 Xll.

201 2462 224 2485 p.
245 2455 304 2477 558.
324 2454 364 2476 ed.
385 2453 518 2481 casaub„
545 2458 570 2480 p.
589 2450 648 2474 2336.
667 2449 709 2473 ed.
727 2449 761 2471 ab
779 2446 966 2471 Almeloveen.

169 2498 213 2525 12)
235 2496 344 2521 Scilicet
361 2495 519 2520 Berenicen.

171 2540 217 2569 13)
237 2539 409 2563 Ptolemaeus
437 2536 550 2561 Auletes
575 2540 598 2559 a.
619 2542 643 2558 u.
664 2541 687 2559 c.
705 2533 764 2558 698.
791 2531 845 2563 (56.
866 2536 891 2556 a.
907 2527 984 2560 Chr.)
1010 2529 1120 2553 Roman·

204 2575 317 2604 supplex
336 2571 466 2601 confugit.

171 2619 217 2645 14)
238 2617 317 2641 Cous.
337 2616 417 2644 Corp.
441 2613 562 2637 Reform.
581 2612 644 2637 vol.
665 2610 741 2634 XVI.
761 2615 824 2640 pag.
842 2607 917 2632 1097.
936 2607 1002 2630 nota
1022 2607 1061 2631 16,

170 2660 218 2687 15)
238 2659 287 2682 His
307 2658 398 2682 verbis
418 2658 467 2680 hoc
491 2656 679 2683 argumentum
704 2652 731 2675 in
757 2652 807 2675 Ed.
830 2652 902 2675 1556.
928 2650 1039 2681 finitur3
1075 2656 1121 2673 se-

205 2694 314 2723 quentia
333 2693 359 2716 in
379 2692 462 2715 Editt.
484 2689 575 2719 1565»,
598 2688 687 2716 1569„
709 2686 783 2710 1577.
806 2685 900 2709 addita
919 2686 992 2708 sunt.

170 2734 238 2764 15³)
258 2735 329 2764 sint]
349 2734 390 2759 sic
408 2734 482 2758 recte
500 2731 550 2757 Ed.
567 2729 657 2760 1577.;
684 2728 766 2753 Editt.
783 2727 876 2758 1565„
897 2726 970 2751 1569.
991 2727 1064 2749 sunt,

2099 121 2149 157 24

1159 207 1407 253 conquiescere
1419 235 1427 248 ,
1456 209 1570 242 donec
1589 207 1653 242 tibi
1671 209 1812 242 tandem
1830 220 1895 253 pro
1913 206 2076 241 maximis
2093 207 2154 241 be-

1154 259 1306 299 neficiis‚
1333 259 1362 293 si
1379 261 1486 293 modo
1505 260 1671 305 possibile
1690 266 1759 300 est,
1786 259 2012 293 satisfaciam.

1258 310 1434 352 Secundo,
1462 311 1622 344 narratio
1640 311 1798 345 continet
1813 309 2071 355 disputationes
2087 305 2151 341 ha-

1155 361 1246 394 bitas
1279 361 1316 393 in
1350 369 1474 395 senatu
1506 364 1548 395 de
1580 375 1660 406 rege
1690 363 1898 396 Ptolemaeo
1934 361 2150 394 reducendo.

1157 412 1254 456 Quas
1272 411 1351 445 ideo
1369 412 1556 457 diligenter
1579 420 1758 454 recenset,
1794 413 1951 458 primum
1973 418 2012 445 ut
2035 411 2151 445 decla-

1157 469 1209 496 ret
1228 475 1326 496 suam
1344 465 1562 497 voluntatem
1574 491 1583 505 ,
1611 466 1706 510 quod
1724 465 1886 498 videlicet
1904 464 1940 496 in
1954 461 2022 496 hoc
2036 474 2150 496 unum

1158 515 1361 554 incumbat,
1405 527 1475 560 quo
1508 528 1571 549 suo
1605 517 1721 549 officio
1747 522 1780 549 et
1804 515 1947 549 Lentuli
1973 512 2151 547 voluntati

1158 565 1359 599 satisfaciat.
1410 565 1548 600 Deinde
1565 566 1660 599 illam
1681 567 1966 605 contentionem,
2001 576 2093 610 quae
2112 563 2150 597 in

1158 623 1282 650 senatu
1298 616 1383 656 fuit,
1412 628 1456 649 an
1472 617 1666 661 Pompeius
1684 618 1739 652 vel
1755 617 1928 651 Lentulus
1950 627 2070 660 regem
2093 627 2149 648 re-

1159 669 1287 701 ducere
1305 668 1460 701 deberet.
1512 666 1551 700 In
1571 680 1641 713 qua
1662 681 1700 702 re
1725 682 1803 703 cum
1829 669 1961 702 multos
1985 667 2073 701 alios
2096 678 2153 699 ac-

1160 725 1275 759 cusat,
1317 725 1391 752 tmn
1416 718 1569 751 maxime
1591 719 1825 764 Pompeium,
1865 719 1962 753 cuius
1986 718 2152 751 voluntas

1161 783 1239 803 cum
1276 770 1424 804 subinde
1454 769 1550 803 aliud
1584 770 1787 811 simularet,
1837 777 1871 804 et
1895 770 1990 804 aliud
2021 773 2152 813 ageret,

1161 833 1233 854 non
1255 821 1372 866 potuit
1394 820 1534 865 penitus
1552 821 1727 865 cognosci.
1788 822 1994 861 Postremo,
2021 826 2061 854 ut
2076 830 2153 852 mo-

1162 879 1245 905 neat
1265 878 1375 905 totam
1395 884 1468 905 rem
1486 871 1600 905 videri
1617 884 1635 905 a
1652 872 1805 906 Lentulo
1823 878 1999 905 remotam
2017 883 2102 905 esse.

1262 923 1406 963 Tertio,
1434 923 1613 956 conclusio
1632 930 1768 958 constat
1796 920 2090 968 epiphonemate,
2120 925 2155 953 et

1162 974 1418 1019 pollicitatione
1434 974 1489 1009 sui
1505 974 1623 1011 officii.

1382 1066 1518 1100 Aliud
1546 1078 1699 1111 argum
1713 1074 1863 1100 entum
1876 1066 1934 1113 16).

1264 1133 1446 1178 Epistolae
1463 1134 1571 1178 primi
1588 1133 1671 1167 libri
1693 1135 1737 1167 ad
1754 1134 1945 1168 Lentulum
1968 1139 2007 1168 ut
2028 1132 2155 1166 melius

1165 1185 1329 1229 cognosci
1360 1185 1516 1229 possint,
1559 1186 1708 1218 tenenda
1735 1192 1785 1219 est
1809 1185 1966 1229 primum
1992 1184 2155 1218 omnium

1164 1235 1312 1270 historia
1330 1236 1373 1268 de
1388 1236 1615 1277 Ptolemaeo,
1644 1236 1705 1282 qui
1720 1249 1830 1281 regno
1852 1237 1980 1270 eiectus
1997 1235 2154 1268 Romam

1165 1286 1337 1332 pervenit.
1390 1286 1536 1320 Mortuo
1552 1286 1755 1320 Alexandro
1771 1286 2079 1321 multiPtolemaei
2098 1297 2156 1318 or-

1166 1339 1246 1371 dine
1263 1344 1524 1379 successerunt,
1552 1338 1645 1371 inter
1663 1351 1751 1384 quos
1767 1351 1889 1373 omnes
1905 1344 1986 1383 post
2010 1338 2156 1370 tertium

1165 1390 1412 1423 Ptolemaeum
1427 1401 1501 1422 non
1517 1390 1601 1423 satis
1619 1387 1765 1424 honeste
1787 1390 1953 1423 vixerunt
1975 1388 2075 1422 omni
2100 1399 2158 1431 ge-

1166 1452 1250 1474 nere
1275 1440 1480 1473 deliciarum
1506 1441 1683 1485 corrupti,
1723 1442 1783 1475 sed
1815 1441 1978 1474 onmium
2004 1438 2157 1484 pessime

1167 1491 1333 1525 vixerunt
1365 1497 1531 1537 quartus,
1569 1492 1739 1536 septimus
1761 1499 1795 1525 et
1818 1493 1983 1532 ultimus,
2015 1490 2160 1524 Auletes

1167 1543 1319 1582 scilicet,
1347 1542 1409 1588 qui
1423 1549 1564 1587 praeter
1583 1543 1650 1576 alia
1668 1543 1799 1587 flagitia
1819 1544 1926 1577 etiam
1950 1541 2157 1576 choraulam

1169 1593 1342 1633 exercuit,
1376 1593 1413 1626 in
1437 1606 1506 1639 qua
1530 1595 1618 1627 adeo
1642 1594 1880 1638 gloriabatur,
1914 1601 1954 1628 ut
1976 1606 2049 1627 non
2074 1603 2158 1625 cun—

1169 1651 1324 1679 ctaretur
1345 1644 1452 1677 etiam
1478 1645 1671 1678 certamina
1697 1646 1733 1678 in
1757 1646 1852 1689 regia
1878 1646 2076 1684 celebrare,
2113 1643 2158 1675 ad

1169 1708 1260 1742 quae
1296 1701 1331 1728 et
1363 1696 1436 1740 ipse
1467 1708 1545 1729 cum
1577 1697 1654 1730 aliis
1686 1703 1953 1731 concertaturus
1980 1694 2160 1741 prodibat.

1168 1748 1272 1781 Hunc
1304 1746 1424 1792 itaque
1455 1759 1573 1791 regem
1600 1748 1833 1781 Alexandrini
1861 1746 2043 1781 communi
2075 1757 2158 1778 con-

1169 1811 1272 1833 sensu
1292 1805 1500 1842 exegerunt,
1522 1798 1577 1832 cui
1596 1812 1673 1832 cum
1692 1806 1761 1833 tres
1778 1800 1868 1832 filiae
1888 1805 2021 1838 essent,
2048 1808 2158 1830 unam

1169 1856 1257 1883 natu
1281 1849 1527 1892 grandiorem,
1569 1863 1660 1896 quae
1684 1856 1759 1883 erat
1782 1850 1958 1894 legitima,
1998 1848 2158 1892 reginam

1169 1903 1339 1935 fecerunt.
1392 1900 1565 1946 Reliquae
1581 1903 1670 1935 duae
1688 1914 1797 1945 regno
1818 1901 2035 1934 exciderunt.
2087 1897 2159 1943 Ipsi

1170 1953 1312 1997 reginae
1337 1964 1377 1985 ex
1401 1952 1501 1997 Syria
1527 1953 1627 1997 proci
1656 1959 1737 1986 sunt
1771 1953 1948 1993 accersiti,
1986 1952 2047 1986 sed
2070 1950 2158 1983 alter

1170 2001 1384 2043 Archelaus,
1412 2003 1473 2048 qui
1487 2003 1676 2036 simulabat
1696 2017 1730 2037 se
1753 2004 1862 2037 filium
1881 2017 1953 2038 esse
1971 2000 2160 2036 Mithrida·

1172 2057 1214 2090 tis
1245 2067 1308 2099 per
1338 2054 1468 2087 amicos
1502 2056 1676 2100 quosdam
1707 2056 1751 2088 ad
1783 2056 1941 2100 reginam
1978 2055 2160 2092 deductus,

1170 2119 1232 2141 rex
1249 2106 1444 2139 declaratus
1463 2112 1524 2139 est.

1275 2156 1351 2189 Hoc
1377 2157 1468 2189 sacto
1494 2157 1637 2191 Auletes
1661 2158 1779 2191 statim
1800 2158 1953 2191 Romam
1981 2157 2159 2202 profectus

1173 2222 1191 2242 a
1210 2208 1383 2252 Pompeio
1407 2208 1631 2242 familiariter
1654 2217 1852 2254 susceptus,
1880 2216 1914 2242 et
1932 2208 2068 2243 senatui
2087 2207 2160 2240 Ro-

1171 2272 1279 2292 mano
1312 2261 1578 2294 commendatus
1612 2267 1673 2294 est.
1735 2260 1766 2295 Is
1796 2260 1989 2305 Pompeius
2020 2272 2159 2294 summa

1174 2311 1243 2355 egit
1258 2310 1439 2354 diligentia
1456 2312 1498 2344 de
1514 2312 1732 2345 restituendo
1752 2325 1850 2356 rege,
1879 2318 1912 2345 et
1935 2313 1977 2344 de
2002 2323 2086 2344 nece
2111 2311 2159 2343 le-

1174 2369 1358 2407 gatorum,
1395 2363 1456 2407 qui
1481 2375 1587 2407 supra
1613 2369 1752 2396 centum
1778 2370 1900 2396 contra
1924 2375 2041 2407 regem
2062 2362 2161 2395 missi

1174 2420 1286 2447 erant.
1338 2413 1388 2446 lbi
1403 2413 1440 2447 in
1456 2415 1614 2458 roganda
1637 2414 1785 2458 pecunia
1803 2415 1902 2447 valde
1923 2414 2068 2459 supplex
2094 2413 2161 2446 fuit

1174 2478 1235 2499 rex
1260 2466 1380 2498 onmia
1411 2466 1580 2510 pollicens
1611 2465 1864 2506 creditoribus,
1903 2467 1933 2499 si
1960 2465 2161 2498 restituere-

1174 2524 1231 2551 tur
1249 2518 1285 2549 in
1298 2529 1460 2560 regnum,
1489 2517 1535 2549 ita
1554 2523 1593 2549 ut
1612 2514 1701 2548 nihil
1717 2523 1805 2550 esset
1819 2529 1899 2560 rege
1915 2517 1976 2549 illo
1992 2515 2159 2549 blandius

1174 2581 1213 2602 ac
1230 2568 1427 2611 benignius.
1479 2567 1639 2601 Fuerunt
1654 2574 1770 2601 autem
1789 2568 1947 2601 diversae
1966 2566 2161 2601 sententiae

1211 2686 1255 2713 16)
1277 2685 1334 2707 Hoc
1364 2684 1551 2710 argumentum
1586 2684 1612 2706 et
1645 2690 1763 2714 sequeus
1789 2683 1896 2707 nonnisi
1921 2683 1948 2707 in
1974 2683 2056 2707 Editt.
2077 2683 2162 2715 1565„

1247 2719 1331 2750 1569„
1353 2717 1437 2748 1577„
1460 2717 1545 2748 ¹592„
1568 2718 1641 2743 1596.
1661 2717 1843 2743 inveniuntur.
