<?xml version="1.0" encoding="UTF-8"?>
<!DOCTYPE html PUBLIC "-//W3C//DTD XHTML 1.0 Transitional//EN"
    "http://www.w3.org/TR/xhtml1/DTD/xhtml1-transitional.dtd">
<html xmlns="http://www.w3.org/1999/xhtml" xml:lang="en" lang="en">
 <head>
  <title>
</title>
<meta http-equiv="Content-Type" content="text/html;charset=utf-8" />
  <meta name='ocr-system' content='tesseract 3.04.00' />
  <meta name='ocr-capabilities' content='ocr_page ocr_carea ocr_par ocr_line ocrx_word'/>
</head>
<body>
  <div class='ocr_page' id='page_1' title='image "./operaquaesupersu17melauoft_0203.png"; bbox 0 0 2351 2990; ppageno 0'>
   <div class='ocr_carea' id='block_1_1' title="bbox 141 82 212 116">
    <p class='ocr_par' dir='ltr' id='par_1_1' title="bbox 141 82 212 116">
     <span class='ocr_line' id='line_1_1' title="bbox 141 82 212 116; baseline 0 0"><span class='ocrx_word' id='word_1_1' title='bbox 141 82 212 116; x_wconf 82' lang='lat'>381</span> 
     </span>
    </p>
   </div>
   <div class='ocr_carea' id='block_1_2' title="bbox 358 165 914 210">
    <p class='ocr_par' dir='ltr' id='par_1_2' title="bbox 358 165 914 210">
     <span class='ocr_line' id='line_1_2' title="bbox 358 165 914 210; baseline 0.002 -12"><span class='ocrx_word' id='word_1_2' title='bbox 358 166 494 199; x_wconf 90' lang='lat' dir='ltr'>Aliud</span> <span class='ocrx_word' id='word_1_3' title='bbox 523 170 842 208; x_wconf 83' lang='lat' dir='ltr'><strong>argumentum</strong></span> <span class='ocrx_word' id='word_1_4' title='bbox 856 165 914 210; x_wconf 64' lang='grc'>15).</span> 
     </span>
    </p>
   </div>
   <div class='ocr_carea' id='block_1_3' title="bbox 132 223 1127 931">
    <p class='ocr_par' dir='ltr' id='par_1_3' title="bbox 132 223 1127 931">
     <span class='ocr_line' id='line_1_3' title="bbox 242 223 1127 268; baseline -0.001 -9"><span class='ocrx_word' id='word_1_5' title='bbox 242 225 390 259; x_wconf 84' lang='lat' dir='ltr'>Generis</span> <span class='ocrx_word' id='word_1_6' title='bbox 414 223 588 258; x_wconf 87' lang='lat' dir='ltr'>iudicialis</span> <span class='ocrx_word' id='word_1_7' title='bbox 606 229 657 257; x_wconf 87' lang='lat' dir='ltr'>est</span> <span class='ocrx_word' id='word_1_8' title='bbox 671 223 833 268; x_wconf 74' lang='lat' dir='ltr'>epistola.</span> <span class='ocrx_word' id='word_1_9' title='bbox 886 225 977 258; x_wconf 80' lang='lat' dir='ltr'>Nam</span> <span class='ocrx_word' id='word_1_10' title='bbox 996 224 1127 259; x_wconf 89' lang='lat' dir='ltr'>Brutus</span> 
     </span>
     <span class='ocr_line' id='line_1_4' title="bbox 139 275 1127 319; baseline 0 -10"><span class='ocrx_word' id='word_1_11' title='bbox 139 283 173 309; x_wconf 90' lang='lat' dir='ltr'>et</span> <span class='ocrx_word' id='word_1_12' title='bbox 206 276 345 311; x_wconf 81' lang='lat' dir='ltr'>Cassius</span> <span class='ocrx_word' id='word_1_13' title='bbox 376 275 599 319; x_wconf 76' lang='lat' dir='ltr'>expostulant</span> <span class='ocrx_word' id='word_1_14' title='bbox 631 287 711 308; x_wconf 88' lang='lat' dir='ltr'>cum</span> <span class='ocrx_word' id='word_1_15' title='bbox 746 276 905 308; x_wconf 88' lang='lat' dir='ltr'>Antonio</span> <span class='ocrx_word' id='word_1_16' title='bbox 943 278 986 309; x_wconf 85' lang='lat' dir='ltr'>de</span> <span class='ocrx_word' id='word_1_17' title='bbox 1021 276 1127 310; x_wconf 89' lang='lat' dir='ltr'>nimis</span> 
     </span>
     <span class='ocr_line' id='line_1_5' title="bbox 139 326 1127 372; baseline -0.001 -12"><span class='ocrx_word' id='word_1_18' title='bbox 139 328 264 361; x_wconf 86' lang='lat' dir='ltr'>acerba</span> <span class='ocrx_word' id='word_1_19' title='bbox 289 334 322 360; x_wconf 88' lang='lat' dir='ltr'>et</span> <span class='ocrx_word' id='word_1_20' title='bbox 345 326 517 359; x_wconf 85' lang='lat' dir='ltr'>maledica</span> <span class='ocrx_word' id='word_1_21' title='bbox 534 326 785 369; x_wconf 78' lang='lat' dir='ltr'>responsione,</span> <span class='ocrx_word' id='word_1_22' title='bbox 814 339 883 372; x_wconf 89' lang='lat' dir='ltr'>qua</span> <span class='ocrx_word' id='word_1_23' title='bbox 901 340 960 361; x_wconf 91' lang='lat' dir='ltr'>eos</span> <span class='ocrx_word' id='word_1_24' title='bbox 978 327 1127 372; x_wconf 88' lang='lat' dir='ltr'>parrici-</span> 
     </span>
     <span class='ocr_line' id='line_1_6' title="bbox 138 377 1126 417; baseline 0 -6"><span class='ocrx_word' id='word_1_25' title='bbox 138 379 200 412; x_wconf 94' lang='lat' dir='ltr'>das</span> <span class='ocrx_word' id='word_1_26' title='bbox 226 378 384 417; x_wconf 78' lang='lat' dir='ltr'>vocavit,</span> <span class='ocrx_word' id='word_1_27' title='bbox 413 384 446 410; x_wconf 90' lang='lat' dir='ltr'>et</span> <span class='ocrx_word' id='word_1_28' title='bbox 462 389 497 410; x_wconf 89' lang='lat' dir='ltr'>se</span> <span class='ocrx_word' id='word_1_29' title='bbox 521 377 682 411; x_wconf 82' lang='lat' dir='ltr'>ulturum</span> <span class='ocrx_word' id='word_1_30' title='bbox 707 385 858 411; x_wconf 90' lang='lat' dir='ltr'>mortem</span> <span class='ocrx_word' id='word_1_31' title='bbox 878 378 1037 412; x_wconf 89' lang='lat' dir='ltr'>Caesaris</span> <span class='ocrx_word' id='word_1_32' title='bbox 1061 379 1126 411; x_wconf 91' lang='lat' dir='ltr'>mi-</span> 
     </span>
     <span class='ocr_line' id='line_1_7' title="bbox 137 427 1125 472; baseline -0.002 -9"><span class='ocrx_word' id='word_1_33' title='bbox 137 435 241 463; x_wconf 89' lang='lat' dir='ltr'>natus</span> <span class='ocrx_word' id='word_1_34' title='bbox 265 435 350 462; x_wconf 85' lang='lat' dir='ltr'>erat.</span> <span class='ocrx_word' id='word_1_35' title='bbox 403 427 635 472; x_wconf 83' lang='lat' dir='ltr'>Respondent</span> <span class='ocrx_word' id='word_1_36' title='bbox 660 435 779 462; x_wconf 89' lang='lat' dir='ltr'>autem</span> <span class='ocrx_word' id='word_1_37' title='bbox 806 430 848 462; x_wconf 85' lang='lat' dir='ltr'>ad</span> <span class='ocrx_word' id='word_1_38' title='bbox 873 430 990 463; x_wconf 87' lang='lat' dir='ltr'>minas</span> <span class='ocrx_word' id='word_1_39' title='bbox 1013 430 1125 462; x_wconf 84' lang='lat' dir='ltr'>Anto-</span> 
     </span>
     <span class='ocr_line' id='line_1_8' title="bbox 136 479 1123 525; baseline 0.001 -13"><span class='ocrx_word' id='word_1_40' title='bbox 136 480 206 519; x_wconf 90' lang='lat' dir='ltr'>nii,</span> <span class='ocrx_word' id='word_1_41' title='bbox 242 487 276 513; x_wconf 88' lang='lat' dir='ltr'>et</span> <span class='ocrx_word' id='word_1_42' title='bbox 299 480 490 513; x_wconf 89' lang='lat' dir='ltr'>ostendunt</span> <span class='ocrx_word' id='word_1_43' title='bbox 520 491 556 512; x_wconf 90' lang='lat' dir='ltr'>sc</span> <span class='ocrx_word' id='word_1_44' title='bbox 585 479 785 513; x_wconf 84' lang='lat' dir='ltr'>libertatem</span> <span class='ocrx_word' id='word_1_45' title='bbox 813 480 1028 525; x_wconf 89' lang='lat' dir='ltr'>reipublicae</span> <span class='ocrx_word' id='word_1_46' title='bbox 1051 493 1123 514; x_wconf 90' lang='lat' dir='ltr'>non</span> 
     </span>
     <span class='ocr_line' id='line_1_9' title="bbox 133 530 1124 575; baseline 0.001 -12"><span class='ocrx_word' id='word_1_47' title='bbox 133 530 298 564; x_wconf 86' lang='lat' dir='ltr'>dubitare</span> <span class='ocrx_word' id='word_1_48' title='bbox 316 530 420 563; x_wconf 88' lang='lat' dir='ltr'>etiam</span> <span class='ocrx_word' id='word_1_49' title='bbox 445 530 568 574; x_wconf 88' lang='lat' dir='ltr'>capitis</span> <span class='ocrx_word' id='word_1_50' title='bbox 589 531 749 575; x_wconf 90' lang='lat' dir='ltr'>periculo</span> <span class='ocrx_word' id='word_1_51' title='bbox 768 532 959 566; x_wconf 82' lang='lat' dir='ltr'>vindicare.</span> <span class='ocrx_word' id='word_1_52' title='bbox 1011 531 1124 564; x_wconf 83' lang='lat' dir='ltr'>Exor-</span> 
     </span>
     <span class='ocr_line' id='line_1_10' title="bbox 136 581 1125 627; baseline 0.001 -13"><span class='ocrx_word' id='word_1_53' title='bbox 136 581 235 614; x_wconf 89' lang='lat' dir='ltr'>dium</span> <span class='ocrx_word' id='word_1_54' title='bbox 262 588 313 615; x_wconf 88' lang='lat' dir='ltr'>est</span> <span class='ocrx_word' id='word_1_55' title='bbox 347 582 391 614; x_wconf 89' lang='lat' dir='ltr'>ab</span> <span class='ocrx_word' id='word_1_56' title='bbox 424 581 608 614; x_wconf 80' lang='lat' dir='ltr'>occasione</span> <span class='ocrx_word' id='word_1_57' title='bbox 633 589 826 627; x_wconf 87' lang='lat' dir='ltr'>sumptum.</span> <span class='ocrx_word' id='word_1_58' title='bbox 904 582 1042 616; x_wconf 84' lang='lat' dir='ltr'>Deinde</span> <span class='ocrx_word' id='word_1_59' title='bbox 1060 588 1125 615; x_wconf 64' lang='lat' dir='ltr'>&gt;est</span> 
     </span>
     <span class='ocr_line' id='line_1_11' title="bbox 133 632 1123 679; baseline 0 -14"><span class='ocrx_word' id='word_1_60' title='bbox 133 632 332 676; x_wconf 84' lang='lat' dir='ltr'>propositio</span> <span class='ocrx_word' id='word_1_61' title='bbox 363 632 677 675; x_wconf 75' lang='lat' dir='ltr'>expostulationis,</span> <span class='ocrx_word' id='word_1_62' title='bbox 707 646 775 679; x_wconf 86' lang='lat' dir='ltr'>qua</span> <span class='ocrx_word' id='word_1_63' title='bbox 793 633 953 679; x_wconf 88' lang='lat' dir='ltr'>pluribus</span> <span class='ocrx_word' id='word_1_64' title='bbox 971 633 1123 666; x_wconf 77' lang='lat' dir='ltr'>vicissim</span> 
     </span>
     <span class='ocr_line' id='line_1_12' title="bbox 134 683 1121 728; baseline 0.002 -13"><span class='ocrx_word' id='word_1_65' title='bbox 134 683 351 716; x_wconf 88' lang='lat' dir='ltr'>insectantur</span> <span class='ocrx_word' id='word_1_66' title='bbox 369 683 518 716; x_wconf 80' lang='lat' dir='ltr'>Antonii</span> <span class='ocrx_word' id='word_1_67' title='bbox 534 684 782 728; x_wconf 74' lang='lat' dir='ltr'>impotentiam</span> <span class='ocrx_word' id='word_1_68' title='bbox 795 712 804 725; x_wconf 91' lang='lat'>,</span> <span class='ocrx_word' id='word_1_69' title='bbox 833 691 866 717; x_wconf 88' lang='lat' dir='ltr'>et</span> <span class='ocrx_word' id='word_1_70' title='bbox 890 685 964 717; x_wconf 91' lang='lat' dir='ltr'>eius</span> <span class='ocrx_word' id='word_1_71' title='bbox 981 697 1121 717; x_wconf 84' lang='lat' dir='ltr'>recusa-</span> 
     </span>
     <span class='ocr_line' id='line_1_13' title="bbox 134 734 1123 779; baseline 0.001 -13"><span class='ocrx_word' id='word_1_72' title='bbox 134 734 268 767; x_wconf 85' lang='lat' dir='ltr'>tionem</span> <span class='ocrx_word' id='word_1_73' title='bbox 306 734 512 778; x_wconf 75' lang='lat' dir='ltr'>reprobant.</span> <span class='ocrx_word' id='word_1_74' title='bbox 572 735 719 769; x_wconf 88' lang='lat' dir='ltr'>Adiecta</span> <span class='ocrx_word' id='word_1_75' title='bbox 753 742 803 769; x_wconf 89' lang='lat' dir='ltr'>est</span> <span class='ocrx_word' id='word_1_76' title='bbox 832 735 1040 779; x_wconf 75' lang='lat' dir='ltr'>significatio</span> <span class='ocrx_word' id='word_1_77' title='bbox 1069 734 1123 767; x_wconf 90' lang='lat' dir='ltr'>sui</span> 
     </span>
     <span class='ocr_line' id='line_1_14' title="bbox 133 785 1123 829; baseline 0 -12"><span class='ocrx_word' id='word_1_78' title='bbox 133 785 244 818; x_wconf 88' lang='lat' dir='ltr'>animi</span> <span class='ocrx_word' id='word_1_79' title='bbox 268 785 363 829; x_wconf 82' lang='lat' dir='ltr'>pacis</span> <span class='ocrx_word' id='word_1_80' title='bbox 388 786 618 829; x_wconf 84' lang='lat' dir='ltr'>cupidissimi.</span> <span class='ocrx_word' id='word_1_81' title='bbox 670 786 742 819; x_wconf 87' lang='lat' dir='ltr'>Sub</span> <span class='ocrx_word' id='word_1_82' title='bbox 762 787 866 819; x_wconf 88' lang='lat' dir='ltr'>finem</span> <span class='ocrx_word' id='word_1_83' title='bbox 884 786 1047 828; x_wconf 86' lang='lat' dir='ltr'>mitigant</span> <span class='ocrx_word' id='word_1_84' title='bbox 1067 797 1123 817; x_wconf 88' lang='lat' dir='ltr'>ex-</span> 
     </span>
     <span class='ocr_line' id='line_1_15' title="bbox 132 836 1122 879; baseline 0 -10"><span class='ocrx_word' id='word_1_85' title='bbox 132 836 428 879; x_wconf 83' lang='lat' dir='ltr'>postulationem,</span> <span class='ocrx_word' id='word_1_86' title='bbox 458 843 492 869; x_wconf 88' lang='lat' dir='ltr'>et</span> <span class='ocrx_word' id='word_1_87' title='bbox 524 843 564 870; x_wconf 86' lang='lat' dir='ltr'>ut</span> <span class='ocrx_word' id='word_1_88' title='bbox 593 837 742 869; x_wconf 88' lang='lat' dir='ltr'>Antonii</span> <span class='ocrx_word' id='word_1_89' title='bbox 775 836 934 870; x_wconf 89' lang='lat' dir='ltr'>animum</span> <span class='ocrx_word' id='word_1_90' title='bbox 967 836 1122 876; x_wconf 82' lang='lat' dir='ltr'>flectant,</span> 
     </span>
     <span class='ocr_line' id='line_1_16' title="bbox 132 887 526 931; baseline 0.003 -12"><span class='ocrx_word' id='word_1_91' title='bbox 132 887 183 919; x_wconf 90' lang='lat' dir='ltr'>illi</span> <span class='ocrx_word' id='word_1_92' title='bbox 208 887 295 920; x_wconf 86' lang='lat' dir='ltr'>bene</span> <span class='ocrx_word' id='word_1_93' title='bbox 325 893 526 931; x_wconf 73' lang='lat' dir='ltr'>precantur.</span> 
     </span>
    </p>
   </div>
   <div class='ocr_carea' id='block_1_4' title="bbox 386 972 875 1017">
    <p class='ocr_par' dir='ltr' id='par_1_4' title="bbox 386 972 875 1017">
     <span class='ocr_line' id='line_1_17' title="bbox 386 972 875 1017; baseline 0.002 -12"><span class='ocrx_word' id='word_1_94' title='bbox 386 972 521 1006; x_wconf 87' lang='lat' dir='ltr'>Aliud</span> <span class='ocrx_word' id='word_1_95' title='bbox 549 979 875 1017; x_wconf 84' lang='lat' dir='ltr'>argumentum.</span> 
     </span>
    </p>
   </div>
   <div class='ocr_carea' id='block_1_5' title="bbox 125 1030 1120 1685">
    <p class='ocr_par' dir='ltr' id='par_1_5' title="bbox 125 1030 1120 1685">
     <span class='ocr_line' id='line_1_18' title="bbox 230 1030 1120 1076; baseline -0.002 -13"><span class='ocrx_word' id='word_1_96' title='bbox 230 1030 366 1063; x_wconf 87' lang='lat' dir='ltr'>Acerba</span> <span class='ocrx_word' id='word_1_97' title='bbox 393 1037 447 1064; x_wconf 82' lang='lat' dir='ltr'>est</span> <span class='ocrx_word' id='word_1_98' title='bbox 471 1032 727 1075; x_wconf 87' lang='lat' dir='ltr'>expostulatio,</span> <span class='ocrx_word' id='word_1_99' title='bbox 760 1032 798 1064; x_wconf 89' lang='lat' dir='ltr'>in</span> <span class='ocrx_word' id='word_1_100' title='bbox 831 1043 900 1076; x_wconf 89' lang='lat' dir='ltr'>qua</span> <span class='ocrx_word' id='word_1_101' title='bbox 926 1031 1058 1063; x_wconf 87' lang='lat' dir='ltr'>Brutus</span> <span class='ocrx_word' id='word_1_102' title='bbox 1087 1035 1120 1061; x_wconf 89' lang='lat' dir='ltr'>et</span> 
     </span>
     <span class='ocr_line' id='line_1_19' title="bbox 130 1080 1119 1126; baseline -0.003 -11"><span class='ocrx_word' id='word_1_103' title='bbox 130 1081 269 1115; x_wconf 84' lang='lat' dir='ltr'>Cassius</span> <span class='ocrx_word' id='word_1_104' title='bbox 284 1081 509 1126; x_wconf 78' lang='lat' dir='ltr'>expostulant</span> <span class='ocrx_word' id='word_1_105' title='bbox 525 1095 604 1115; x_wconf 91' lang='lat' dir='ltr'>cum</span> <span class='ocrx_word' id='word_1_106' title='bbox 620 1082 777 1116; x_wconf 86' lang='lat' dir='ltr'>Antonio</span> <span class='ocrx_word' id='word_1_107' title='bbox 796 1083 838 1115; x_wconf 91' lang='lat' dir='ltr'>de</span> <span class='ocrx_word' id='word_1_108' title='bbox 855 1080 1119 1115; x_wconf 82' lang='lat' dir='ltr'>contumeliosis</span> 
     </span>
     <span class='ocr_line' id='line_1_20' title="bbox 129 1132 1118 1178; baseline -0.002 -13"><span class='ocrx_word' id='word_1_109' title='bbox 129 1133 274 1172; x_wconf 81' lang='lat' dir='ltr'>litterIs‚</span> <span class='ocrx_word' id='word_1_110' title='bbox 308 1132 465 1176; x_wconf 84' lang='lat' dir='ltr'>primum</span> <span class='ocrx_word' id='word_1_111' title='bbox 498 1140 706 1173; x_wconf 87' lang='lat' dir='ltr'>monentes,</span> <span class='ocrx_word' id='word_1_112' title='bbox 745 1134 840 1178; x_wconf 87' lang='lat' dir='ltr'>quod</span> <span class='ocrx_word' id='word_1_113' title='bbox 865 1133 1004 1165; x_wconf 88' lang='lat' dir='ltr'>fortiter</span> <span class='ocrx_word' id='word_1_114' title='bbox 1026 1132 1118 1164; x_wconf 88' lang='lat' dir='ltr'>illius</span> 
     </span>
     <span class='ocr_line' id='line_1_21' title="bbox 129 1182 1117 1227; baseline -0.002 -11"><span class='ocrx_word' id='word_1_115' title='bbox 129 1183 244 1216; x_wconf 89' lang='lat' dir='ltr'>minas</span> <span class='ocrx_word' id='word_1_116' title='bbox 266 1190 514 1222; x_wconf 81' lang='lat' dir='ltr'>contemnant3</span> <span class='ocrx_word' id='word_1_117' title='bbox 541 1184 668 1216; x_wconf 90' lang='lat' dir='ltr'>deinde</span> <span class='ocrx_word' id='word_1_118' title='bbox 690 1190 729 1217; x_wconf 89' lang='lat' dir='ltr'>ut</span> <span class='ocrx_word' id='word_1_119' title='bbox 754 1184 826 1227; x_wconf 82' lang='lat' dir='ltr'>ipse</span> <span class='ocrx_word' id='word_1_120' title='bbox 846 1183 983 1216; x_wconf 88' lang='lat' dir='ltr'>omissis</span> <span class='ocrx_word' id='word_1_121' title='bbox 1012 1182 1117 1215; x_wconf 86' lang='lat' dir='ltr'>minis</span> 
     </span>
     <span class='ocr_line' id='line_1_22' title="bbox 129 1234 1116 1278; baseline -0.001 -12"><span class='ocrx_word' id='word_1_122' title='bbox 129 1234 248 1278; x_wconf 88' lang='lat' dir='ltr'>potius</span> <span class='ocrx_word' id='word_1_123' title='bbox 285 1235 355 1268; x_wconf 87' lang='lat' dir='ltr'>suis</span> <span class='ocrx_word' id='word_1_124' title='bbox 389 1236 493 1267; x_wconf 83' lang='lat' dir='ltr'>rebus</span> <span class='ocrx_word' id='word_1_125' title='bbox 527 1235 689 1267; x_wconf 86' lang='lat' dir='ltr'>consulat</span> <span class='ocrx_word' id='word_1_126' title='bbox 719 1234 923 1267; x_wconf 89' lang='lat' dir='ltr'>admonitus</span> <span class='ocrx_word' id='word_1_127' title='bbox 957 1234 1116 1276; x_wconf 81' lang='lat' dir='ltr'>exemplo</span> 
     </span>
     <span class='ocr_line' id='line_1_23' title="bbox 128 1284 1117 1328; baseline -0.001 -11"><span class='ocrx_word' id='word_1_128' title='bbox 128 1285 305 1318; x_wconf 82' lang='lat' dir='ltr'>interfecti</span> <span class='ocrx_word' id='word_1_129' title='bbox 321 1285 492 1319; x_wconf 86' lang='lat' dir='ltr'>Caesaris.</span> <span class='ocrx_word' id='word_1_130' title='bbox 544 1284 641 1317; x_wconf 89' lang='lat' dir='ltr'>Loco</span> <span class='ocrx_word' id='word_1_131' title='bbox 659 1285 795 1317; x_wconf 84' lang='lat' dir='ltr'>exordii</span> <span class='ocrx_word' id='word_1_132' title='bbox 821 1285 967 1328; x_wconf 88' lang='lat' dir='ltr'>ponitur</span> <span class='ocrx_word' id='word_1_133' title='bbox 994 1296 1117 1317; x_wconf 86' lang='lat' dir='ltr'>narra-</span> 
     </span>
     <span class='ocr_line' id='line_1_24' title="bbox 129 1336 1117 1380; baseline -0.001 -12"><span class='ocrx_word' id='word_1_134' title='bbox 129 1336 178 1369; x_wconf 90' lang='lat' dir='ltr'>tio</span> <span class='ocrx_word' id='word_1_135' title='bbox 203 1336 246 1369; x_wconf 85' lang='lat' dir='ltr'>de</span> <span class='ocrx_word' id='word_1_136' title='bbox 269 1336 418 1369; x_wconf 87' lang='lat' dir='ltr'>Antonii</span> <span class='ocrx_word' id='word_1_137' title='bbox 443 1336 609 1380; x_wconf 85' lang='lat' dir='ltr'>superbia</span> <span class='ocrx_word' id='word_1_138' title='bbox 640 1342 673 1368; x_wconf 87' lang='lat' dir='ltr'>et</span> <span class='ocrx_word' id='word_1_139' title='bbox 705 1336 831 1375; x_wconf 89' lang='lat' dir='ltr'>minis,</span> <span class='ocrx_word' id='word_1_140' title='bbox 867 1348 954 1380; x_wconf 89' lang='lat' dir='ltr'>quas</span> <span class='ocrx_word' id='word_1_141' title='bbox 975 1348 1010 1368; x_wconf 92' lang='lat' dir='ltr'>se</span> <span class='ocrx_word' id='word_1_142' title='bbox 1035 1346 1117 1367; x_wconf 87' lang='lat' dir='ltr'>con-</span> 
     </span>
     <span class='ocr_line' id='line_1_25' title="bbox 130 1386 1116 1432; baseline -0.003 -12"><span class='ocrx_word' id='word_1_143' title='bbox 130 1394 288 1420; x_wconf 86' lang='lat' dir='ltr'>temnere</span> <span class='ocrx_word' id='word_1_144' title='bbox 315 1388 511 1427; x_wconf 81' lang='lat' dir='ltr'>asfirmant,</span> <span class='ocrx_word' id='word_1_145' title='bbox 539 1388 708 1420; x_wconf 80' lang='lat' dir='ltr'>addentes</span> <span class='ocrx_word' id='word_1_146' title='bbox 731 1388 773 1419; x_wconf 94' lang='lat' dir='ltr'>de</span> <span class='ocrx_word' id='word_1_147' title='bbox 795 1387 974 1432; x_wconf 83' lang='lat' dir='ltr'>aequitate</span> <span class='ocrx_word' id='word_1_148' title='bbox 1000 1386 1116 1425; x_wconf 83' lang='lat' dir='ltr'>edicti,</span> 
     </span>
     <span class='ocr_line' id='line_1_26' title="bbox 130 1437 1117 1471; baseline -0.002 0"><span class='ocrx_word' id='word_1_149' title='bbox 130 1445 165 1471; x_wconf 89' lang='lat' dir='ltr'>et</span> <span class='ocrx_word' id='word_1_150' title='bbox 192 1440 235 1471; x_wconf 86' lang='lat' dir='ltr'>de</span> <span class='ocrx_word' id='word_1_151' title='bbox 263 1450 366 1471; x_wconf 90' lang='lat' dir='ltr'>causa</span> <span class='ocrx_word' id='word_1_152' title='bbox 396 1437 617 1471; x_wconf 84' lang='lat' dir='ltr'>discessionis</span> <span class='ocrx_word' id='word_1_153' title='bbox 650 1450 691 1470; x_wconf 83' lang='lat' dir='ltr'>ex</span> <span class='ocrx_word' id='word_1_154' title='bbox 725 1438 824 1471; x_wconf 87' lang='lat' dir='ltr'>urbe.</span> <span class='ocrx_word' id='word_1_155' title='bbox 880 1437 966 1470; x_wconf 88' lang='lat' dir='ltr'>Post</span> <span class='ocrx_word' id='word_1_156' title='bbox 994 1449 1117 1469; x_wconf 87' lang='lat' dir='ltr'>narra-</span> 
     </span>
     <span class='ocr_line' id='line_1_27' title="bbox 129 1486 1115 1533; baseline -0.002 -12"><span class='ocrx_word' id='word_1_157' title='bbox 129 1489 264 1522; x_wconf 87' lang='lat' dir='ltr'>tionem</span> <span class='ocrx_word' id='word_1_158' title='bbox 290 1495 341 1522; x_wconf 91' lang='lat' dir='ltr'>est</span> <span class='ocrx_word' id='word_1_159' title='bbox 366 1488 574 1532; x_wconf 83' lang='lat' dir='ltr'>significatio</span> <span class='ocrx_word' id='word_1_160' title='bbox 604 1489 733 1528; x_wconf 89' lang='lat' dir='ltr'>animi,</span> <span class='ocrx_word' id='word_1_161' title='bbox 769 1500 874 1533; x_wconf 87' lang='lat' dir='ltr'>quem</span> <span class='ocrx_word' id='word_1_162' title='bbox 907 1486 1115 1533; x_wconf 66' lang='lat' dir='ltr'>habeantffi)</span> 
     </span>
     <span class='ocr_line' id='line_1_28' title="bbox 129 1539 1116 1584; baseline -0.001 -12"><span class='ocrx_word' id='word_1_163' title='bbox 129 1552 211 1583; x_wconf 87' lang='lat' dir='ltr'>erga</span> <span class='ocrx_word' id='word_1_164' title='bbox 233 1539 453 1579; x_wconf 81' lang='lat' dir='ltr'>Antonium,</span> <span class='ocrx_word' id='word_1_165' title='bbox 486 1546 519 1572; x_wconf 91' lang='lat' dir='ltr'>et</span> <span class='ocrx_word' id='word_1_166' title='bbox 545 1539 764 1578; x_wconf 79' lang='lat' dir='ltr'>admonitio,</span> <span class='ocrx_word' id='word_1_167' title='bbox 797 1551 841 1571; x_wconf 87' lang='lat' dir='ltr'>ne</span> <span class='ocrx_word' id='word_1_168' title='bbox 873 1539 959 1584; x_wconf 88' lang='lat' dir='ltr'>quid</span> <span class='ocrx_word' id='word_1_169' title='bbox 985 1545 1116 1571; x_wconf 85' lang='lat' dir='ltr'>temere</span> 
     </span>
     <span class='ocr_line' id='line_1_29' title="bbox 128 1589 1118 1635; baseline -0.001 -12"><span class='ocrx_word' id='word_1_170' title='bbox 128 1597 281 1624; x_wconf 90' lang='lat' dir='ltr'>moveat.</span> <span class='ocrx_word' id='word_1_171' title='bbox 335 1589 375 1622; x_wconf 88' lang='lat' dir='ltr'>In</span> <span class='ocrx_word' id='word_1_172' title='bbox 398 1591 465 1623; x_wconf 85' lang='lat' dir='ltr'>fine</span> <span class='ocrx_word' id='word_1_173' title='bbox 485 1596 536 1623; x_wconf 91' lang='lat' dir='ltr'>est</span> <span class='ocrx_word' id='word_1_174' title='bbox 556 1590 673 1623; x_wconf 86' lang='lat' dir='ltr'>brevis</span> <span class='ocrx_word' id='word_1_175' title='bbox 694 1589 871 1634; x_wconf 87' lang='lat' dir='ltr'>precatio,</span> <span class='ocrx_word' id='word_1_176' title='bbox 899 1597 937 1623; x_wconf 88' lang='lat' dir='ltr'>ut</span> <span class='ocrx_word' id='word_1_177' title='bbox 961 1602 1004 1622; x_wconf 88' lang='lat' dir='ltr'>ne</span> <span class='ocrx_word' id='word_1_178' title='bbox 1031 1590 1118 1635; x_wconf 85' lang='lat' dir='ltr'>quid</span> 
     </span>
     <span class='ocr_line' id='line_1_30' title="bbox 125 1640 946 1685; baseline 0 -11"><span class='ocrx_word' id='word_1_179' title='bbox 125 1642 214 1674; x_wconf 88' lang='lat' dir='ltr'>mali</span> <span class='ocrx_word' id='word_1_180' title='bbox 235 1641 291 1674; x_wconf 85' lang='lat' dir='ltr'>vel</span> <span class='ocrx_word' id='word_1_181' title='bbox 308 1641 522 1685; x_wconf 88' lang='lat' dir='ltr'>reipublicae</span> <span class='ocrx_word' id='word_1_182' title='bbox 549 1641 605 1673; x_wconf 82' lang='lat' dir='ltr'>vel</span> <span class='ocrx_word' id='word_1_183' title='bbox 621 1640 780 1673; x_wconf 73' lang='lat' dir='ltr'>Antonio</span> <span class='ocrx_word' id='word_1_184' title='bbox 800 1640 946 1674; x_wconf 83' lang='lat' dir='ltr'>accidat.</span> 
     </span>
    </p>
   </div>
   <div class='ocr_carea' id='block_1_6' title="bbox 373 1724 863 1767">
    <p class='ocr_par' dir='ltr' id='par_1_6' title="bbox 373 1724 863 1767">
     <span class='ocr_line' id='line_1_31' title="bbox 373 1724 863 1767; baseline 0.002 -11"><span class='ocrx_word' id='word_1_185' title='bbox 373 1724 511 1757; x_wconf 76' lang='lat' dir='ltr'>Aliud</span> <span class='ocrx_word' id='word_1_186' title='bbox 539 1730 863 1767; x_wconf 78' lang='lat' dir='ltr'>argumentum.</span> 
     </span>
    </p>
   </div>
   <div class='ocr_carea' id='block_1_7' title="bbox 123 1782 1116 2391">
    <p class='ocr_par' dir='ltr' id='par_1_7' title="bbox 123 1782 1116 2391">
     <span class='ocr_line' id='line_1_32' title="bbox 230 1782 1116 1828; baseline -0.001 -12"><span class='ocrx_word' id='word_1_187' title='bbox 230 1783 279 1816; x_wconf 87' lang='lat' dir='ltr'>M.</span> <span class='ocrx_word' id='word_1_188' title='bbox 296 1783 428 1816; x_wconf 81' lang='lat' dir='ltr'>Brutus</span> <span class='ocrx_word' id='word_1_189' title='bbox 447 1789 479 1815; x_wconf 86' lang='lat' dir='ltr'>et</span> <span class='ocrx_word' id='word_1_190' title='bbox 496 1782 534 1816; x_wconf 92' lang='lat' dir='ltr'>C.</span> <span class='ocrx_word' id='word_1_191' title='bbox 553 1782 693 1815; x_wconf 86' lang='lat' dir='ltr'>Cassius</span> <span class='ocrx_word' id='word_1_192' title='bbox 718 1789 918 1826; x_wconf 86' lang='lat' dir='ltr'>praetores,</span> <span class='ocrx_word' id='word_1_193' title='bbox 947 1782 1030 1828; x_wconf 85' lang='lat' dir='ltr'>quia</span> <span class='ocrx_word' id='word_1_194' title='bbox 1056 1795 1116 1827; x_wconf 86' lang='lat' dir='ltr'>pa-</span> 
     </span>
     <span class='ocr_line' id='line_1_33' title="bbox 127 1833 1116 1873; baseline -0.002 -5"><span class='ocrx_word' id='word_1_195' title='bbox 127 1847 206 1868; x_wconf 90' lang='lat' dir='ltr'>rum</span> <span class='ocrx_word' id='word_1_196' title='bbox 225 1835 437 1867; x_wconf 82' lang='lat' dir='ltr'>videbantur</span> <span class='ocrx_word' id='word_1_197' title='bbox 461 1833 529 1866; x_wconf 84' lang='lat' dir='ltr'>tuti</span> <span class='ocrx_word' id='word_1_198' title='bbox 546 1834 620 1866; x_wconf 87' lang='lat' dir='ltr'>sore</span> <span class='ocrx_word' id='word_1_199' title='bbox 637 1833 673 1865; x_wconf 90' lang='lat' dir='ltr'>in</span> <span class='ocrx_word' id='word_1_200' title='bbox 692 1834 777 1866; x_wconf 89' lang='lat' dir='ltr'>urbe</span> <span class='ocrx_word' id='word_1_201' title='bbox 789 1860 798 1873; x_wconf 94' lang='lat'>,</span> <span class='ocrx_word' id='word_1_202' title='bbox 825 1834 986 1867; x_wconf 84' lang='lat' dir='ltr'>cedentes</span> <span class='ocrx_word' id='word_1_203' title='bbox 1002 1834 1116 1866; x_wconf 77' lang='lat' dir='ltr'>furori</span> 
     </span>
     <span class='ocr_line' id='line_1_34' title="bbox 126 1884 1115 1931; baseline -0.001 -12"><span class='ocrx_word' id='word_1_204' title='bbox 126 1886 250 1931; x_wconf 82' lang='lat' dir='ltr'>plebis,</span> <span class='ocrx_word' id='word_1_205' title='bbox 268 1898 358 1931; x_wconf 90' lang='lat' dir='ltr'>quae</span> <span class='ocrx_word' id='word_1_206' title='bbox 369 1884 530 1918; x_wconf 86' lang='lat' dir='ltr'>Caesaris</span> <span class='ocrx_word' id='word_1_207' title='bbox 548 1885 689 1917; x_wconf 87' lang='lat' dir='ltr'>caedem</span> <span class='ocrx_word' id='word_1_208' title='bbox 709 1884 854 1928; x_wconf 85' lang='lat' dir='ltr'>indigne</span> <span class='ocrx_word' id='word_1_209' title='bbox 873 1885 1008 1917; x_wconf 84' lang='lat' dir='ltr'>serebat</span> <span class='ocrx_word' id='word_1_210' title='bbox 1028 1886 1115 1918; x_wconf 88' lang='lat' dir='ltr'>urbe</span> 
     </span>
     <span class='ocr_line' id='line_1_35' title="bbox 127 1935 1116 1971; baseline -0.002 -1"><span class='ocrx_word' id='word_1_211' title='bbox 127 1943 359 1971; x_wconf 86' lang='lat' dir='ltr'>excesserunt.</span> <span class='ocrx_word' id='word_1_212' title='bbox 411 1936 541 1969; x_wconf 83' lang='lat' dir='ltr'>Postea</span> <span class='ocrx_word' id='word_1_213' title='bbox 557 1936 600 1968; x_wconf 87' lang='lat' dir='ltr'>ad</span> <span class='ocrx_word' id='word_1_214' title='bbox 616 1935 814 1969; x_wconf 75' lang='lat' dir='ltr'>Antonium</span> <span class='ocrx_word' id='word_1_215' title='bbox 833 1936 1013 1969; x_wconf 90' lang='lat' dir='ltr'>consulem</span> <span class='ocrx_word' id='word_1_216' title='bbox 1031 1937 1116 1969; x_wconf 90' lang='lat' dir='ltr'>scri-</span> 
     </span>
     <span class='ocr_line' id='line_1_36' title="bbox 124 1987 1115 2033; baseline 0 -12"><span class='ocrx_word' id='word_1_217' title='bbox 124 1994 271 2033; x_wconf 86' lang='lat' dir='ltr'>pserunt</span> <span class='ocrx_word' id='word_1_218' title='bbox 289 1988 442 2020; x_wconf 91' lang='lat' dir='ltr'>edictum</span> <span class='ocrx_word' id='word_1_219' title='bbox 461 1987 692 2031; x_wconf 89' lang='lat' dir='ltr'>praetorium,</span> <span class='ocrx_word' id='word_1_220' title='bbox 721 2000 791 2032; x_wconf 86' lang='lat' dir='ltr'>quo</span> <span class='ocrx_word' id='word_1_221' title='bbox 810 1988 1049 2031; x_wconf 85' lang='lat' dir='ltr'>postulabant,</span> <span class='ocrx_word' id='word_1_222' title='bbox 1076 1995 1115 2021; x_wconf 92' lang='lat' dir='ltr'>ut</span> 
     </span>
     <span class='ocr_line' id='line_1_37' title="bbox 125 2037 1115 2082; baseline -0.002 -9"><span class='ocrx_word' id='word_1_223' title='bbox 125 2040 192 2074; x_wconf 86' lang='lat' dir='ltr'>sibi</span> <span class='ocrx_word' id='word_1_224' title='bbox 208 2039 329 2072; x_wconf 87' lang='lat' dir='ltr'>liceret</span> <span class='ocrx_word' id='word_1_225' title='bbox 345 2038 382 2070; x_wconf 90' lang='lat' dir='ltr'>in</span> <span class='ocrx_word' id='word_1_226' title='bbox 407 2037 609 2082; x_wconf 82' lang='lat' dir='ltr'>provincias</span> <span class='ocrx_word' id='word_1_227' title='bbox 636 2039 794 2072; x_wconf 81' lang='lat' dir='ltr'>decretas</span> <span class='ocrx_word' id='word_1_228' title='bbox 816 2038 924 2071; x_wconf 86' lang='lat' dir='ltr'>abire.</span> <span class='ocrx_word' id='word_1_229' title='bbox 978 2038 1115 2072; x_wconf 86' lang='lat' dir='ltr'>Metue-</span> 
     </span>
     <span class='ocr_line' id='line_1_38' title="bbox 124 2089 1113 2133; baseline -0.002 -9"><span class='ocrx_word' id='word_1_230' title='bbox 124 2092 212 2124; x_wconf 84' lang='lat' dir='ltr'>bant</span> <span class='ocrx_word' id='word_1_231' title='bbox 240 2090 355 2129; x_wconf 89' lang='lat' dir='ltr'>enim,</span> <span class='ocrx_word' id='word_1_232' title='bbox 389 2101 433 2121; x_wconf 92' lang='lat' dir='ltr'>ne</span> <span class='ocrx_word' id='word_1_233' title='bbox 466 2101 528 2122; x_wconf 86' lang='lat' dir='ltr'>sua</span> <span class='ocrx_word' id='word_1_234' title='bbox 562 2089 763 2133; x_wconf 85' lang='lat' dir='ltr'>praesentia</span> <span class='ocrx_word' id='word_1_235' title='bbox 797 2089 1019 2122; x_wconf 87' lang='lat' dir='ltr'>occasionem</span> <span class='ocrx_word' id='word_1_236' title='bbox 1052 2090 1113 2122; x_wconf 89' lang='lat' dir='ltr'>ali-</span> 
     </span>
     <span class='ocr_line' id='line_1_39' title="bbox 127 2140 1111 2187; baseline -0.001 -13"><span class='ocrx_word' id='word_1_237' title='bbox 127 2153 234 2187; x_wconf 84' lang='lat' dir='ltr'>quam</span> <span class='ocrx_word' id='word_1_238' title='bbox 252 2147 370 2173; x_wconf 90' lang='lat' dir='ltr'>motus</span> <span class='ocrx_word' id='word_1_239' title='bbox 382 2140 657 2185; x_wconf 67' lang='lat' dir='ltr'>praeberentff).</span> <span class='ocrx_word' id='word_1_240' title='bbox 685 2140 826 2184; x_wconf 79' lang='lat' dir='ltr'>Erat¹⁸)</span> <span class='ocrx_word' id='word_1_241' title='bbox 838 2147 955 2173; x_wconf 86' lang='lat' dir='ltr'>autem</span> <span class='ocrx_word' id='word_1_242' title='bbox 973 2142 1111 2174; x_wconf 87' lang='lat' dir='ltr'>decreta</span> 
     </span>
     <span class='ocr_line' id='line_1_40' title="bbox 126 2191 1112 2236; baseline 0 -11"><span class='ocrx_word' id='word_1_243' title='bbox 126 2193 174 2226; x_wconf 87' lang='lat' dir='ltr'>M.</span> <span class='ocrx_word' id='word_1_244' title='bbox 201 2192 315 2225; x_wconf 89' lang='lat' dir='ltr'>Bruto</span> <span class='ocrx_word' id='word_1_245' title='bbox 338 2191 566 2231; x_wconf 87' lang='lat' dir='ltr'>Macedonia,</span> <span class='ocrx_word' id='word_1_246' title='bbox 595 2191 715 2225; x_wconf 87' lang='lat' dir='ltr'>Cassio</span> <span class='ocrx_word' id='word_1_247' title='bbox 740 2192 840 2236; x_wconf 74' lang='lat' dir='ltr'>Syria</span> <span class='ocrx_word' id='word_1_248' title='bbox 867 2199 948 2236; x_wconf 91' lang='lat' dir='ltr'>post</span> <span class='ocrx_word' id='word_1_249' title='bbox 971 2199 1112 2236; x_wconf 88' lang='lat' dir='ltr'>praetu-</span> 
     </span>
     <span class='ocr_line' id='line_1_41' title="bbox 125 2242 1113 2288; baseline 0 -12"><span class='ocrx_word' id='word_1_250' title='bbox 125 2255 214 2276; x_wconf 87' lang='lat' dir='ltr'>ram.</span> <span class='ocrx_word' id='word_1_251' title='bbox 267 2242 357 2275; x_wconf 75' lang='lat' dir='ltr'>Eam</span> <span class='ocrx_word' id='word_1_252' title='bbox 385 2242 660 2286; x_wconf 79' lang='lat' dir='ltr'>postulationem</span> <span class='ocrx_word' id='word_1_253' title='bbox 688 2242 812 2288; x_wconf 88' lang='lat' dir='ltr'>iniquo</span> <span class='ocrx_word' id='word_1_254' title='bbox 840 2243 960 2276; x_wconf 87' lang='lat' dir='ltr'>auimo</span> <span class='ocrx_word' id='word_1_255' title='bbox 980 2244 1113 2288; x_wconf 89' lang='lat' dir='ltr'>accepit</span> 
     </span>
     <span class='ocr_line' id='line_1_42' title="bbox 124 2293 1112 2339; baseline -0.001 -11"><span class='ocrx_word' id='word_1_256' title='bbox 124 2293 300 2328; x_wconf 66' lang='lat' dir='ltr'>Antonius</span> <span class='ocrx_word' id='word_1_257' title='bbox 319 2299 353 2326; x_wconf 89' lang='lat' dir='ltr'>et</span> <span class='ocrx_word' id='word_1_258' title='bbox 367 2293 620 2327; x_wconf 88' lang='lat' dir='ltr'>contumeliose</span> <span class='ocrx_word' id='word_1_259' title='bbox 638 2294 829 2338; x_wconf 85' lang='lat' dir='ltr'>rescripsit,</span> <span class='ocrx_word' id='word_1_260' title='bbox 856 2300 1028 2339; x_wconf 86' lang='lat' dir='ltr'>tanquam</span> <span class='ocrx_word' id='word_1_261' title='bbox 1047 2295 1112 2327; x_wconf 89' lang='lat' dir='ltr'>im-</span> 
     </span>
     <span class='ocr_line' id='line_1_43' title="bbox 123 2345 1111 2391; baseline 0 -13"><span class='ocrx_word' id='word_1_262' title='bbox 123 2346 297 2391; x_wconf 87' lang='lat' dir='ltr'>pudenter</span> <span class='ocrx_word' id='word_1_263' title='bbox 324 2350 404 2376; x_wconf 87' lang='lat' dir='ltr'>ante</span> <span class='ocrx_word' id='word_1_264' title='bbox 432 2350 570 2388; x_wconf 89' lang='lat' dir='ltr'>tempus</span> <span class='ocrx_word' id='word_1_265' title='bbox 592 2345 860 2389; x_wconf 87' lang='lat' dir='ltr'>provinciarum</span> <span class='ocrx_word' id='word_1_266' title='bbox 886 2346 1111 2379; x_wconf 87' lang='lat' dir='ltr'>administra-</span> 
     </span>
    </p>
   </div>
   <div class='ocr_carea' id='block_1_8' title="bbox 156 2448 1112 2712">
    <p class='ocr_par' dir='ltr' id='par_1_8' title="bbox 159 2448 1112 2507">
     <span class='ocr_line' id='line_1_44' title="bbox 159 2448 1112 2482; baseline 0.001 -9"><span class='ocrx_word' id='word_1_267' title='bbox 159 2450 204 2478; x_wconf 84' lang='lat'>15)</span> <span class='ocrx_word' id='word_1_268' title='bbox 223 2449 281 2472; x_wconf 81' lang='lat' dir='ltr'>Hoc</span> <span class='ocrx_word' id='word_1_269' title='bbox 298 2449 486 2478; x_wconf 69' lang='lat' dir='ltr'>argumentum</span> <span class='ocrx_word' id='word_1_270' title='bbox 506 2449 533 2471; x_wconf 85' lang='lat' dir='ltr'>et</span> <span class='ocrx_word' id='word_1_271' title='bbox 551 2448 602 2473; x_wconf 88' lang='lat' dir='ltr'>duo</span> <span class='ocrx_word' id='word_1_272' title='bbox 622 2451 765 2480; x_wconf 76' lang='lat' dir='ltr'>sequentia</span> <span class='ocrx_word' id='word_1_273' title='bbox 784 2450 811 2474; x_wconf 77' lang='lat' dir='ltr'>tn</span> <span class='ocrx_word' id='word_1_274' title='bbox 829 2450 912 2476; x_wconf 76' lang='lat' dir='ltr'>Editt.</span> <span class='ocrx_word' id='word_1_275' title='bbox 934 2451 1024 2482; x_wconf 81' lang='lat'>1556.,</span> <span class='ocrx_word' id='word_1_276' title='bbox 1046 2450 1112 2474; x_wconf 73' lang='lat'>1565</span> 
     </span>
     <span class='ocr_line' id='line_1_45' title="bbox 192 2482 515 2507; baseline -0.003 0"><span class='ocrx_word' id='word_1_277' title='bbox 192 2483 308 2507; x_wconf 78' lang='lat'>-1596.</span> <span class='ocrx_word' id='word_1_278' title='bbox 332 2482 515 2506; x_wconf 82' lang='lat' dir='ltr'>inveniuntur.</span> 
     </span>
    </p>

    <p class='ocr_par' dir='ltr' id='par_1_9' title="bbox 158 2525 1110 2585">
     <span class='ocr_line' id='line_1_46' title="bbox 158 2525 1110 2584; baseline 0 -33"><span class='ocrx_word' id='word_1_279' title='bbox 158 2527 203 2584; x_wconf 62' lang='lat'><strong>16¹)</strong></span> <span class='ocrx_word' id='word_1_280' title='bbox 220 2526 351 2584; x_wconf 43' lang='lat' dir='ltr'>thabeaut]</span> <span class='ocrx_word' id='word_1_281' title='bbox 370 2525 419 2550; x_wconf 82' lang='lat' dir='ltr'>Ed.</span> <span class='ocrx_word' id='word_1_282' title='bbox 442 2525 516 2549; x_wconf 78' lang='lat'>1556.</span> <span class='ocrx_word' id='word_1_283' title='bbox 538 2526 653 2558; x_wconf 79' lang='lat' dir='ltr'>habent3</span> <span class='ocrx_word' id='word_1_284' title='bbox 684 2527 769 2552; x_wconf 76' lang='lat' dir='ltr'>Editt.</span> <span class='ocrx_word' id='word_1_285' title='bbox 790 2528 883 2560; x_wconf 54' lang='lat'>1565„</span> <span class='ocrx_word' id='word_1_286' title='bbox 917 2528 1009 2559; x_wconf 87' lang='lat'>1571.‚</span> <span class='ocrx_word' id='word_1_287' title='bbox 1037 2528 1110 2551; x_wconf 83' lang='lat'>1596.</span> 
     </span>
     <span class='ocr_line' id='line_1_47' title="bbox 199 2566 296 2585; baseline 0.021 -2"><span class='ocrx_word' id='word_1_288' title='bbox 199 2566 225 2584; x_wconf 70' lang='lat' dir='ltr'>na</span> <span class='ocrx_word' id='word_1_289' title='bbox 244 2566 275 2583; x_wconf 84' lang='lat' dir='ltr'>ea</span> <span class='ocrx_word' id='word_1_290' title='bbox 289 2577 296 2585; x_wconf 87' lang='lat'>.</span> 
     </span>
    </p>

    <p class='ocr_par' dir='ltr' id='par_1_10' title="bbox 157 2601 1110 2665">
     <span class='ocr_line' id='line_1_48' title="bbox 157 2601 1110 2636; baseline 0.003 -10"><span class='ocrx_word' id='word_1_291' title='bbox 157 2602 202 2630; x_wconf 85' lang='grc'>17)</span> <span class='ocrx_word' id='word_1_292' title='bbox 222 2603 399 2632; x_wconf 77' lang='lat' dir='ltr'>praeberent]</span> <span class='ocrx_word' id='word_1_293' title='bbox 427 2601 467 2625; x_wconf 84' lang='lat' dir='ltr'>sio</span> <span class='ocrx_word' id='word_1_294' title='bbox 495 2603 570 2626; x_wconf 87' lang='lat' dir='ltr'>recte</span> <span class='ocrx_word' id='word_1_295' title='bbox 594 2602 680 2629; x_wconf 82' lang='lat' dir='ltr'>Editt.</span> <span class='ocrx_word' id='word_1_296' title='bbox 705 2604 797 2636; x_wconf 57' lang='lat'>1565„</span> <span class='ocrx_word' id='word_1_297' title='bbox 818 2605 909 2636; x_wconf 81' lang='lat'>1571.‚</span> <span class='ocrx_word' id='word_1_298' title='bbox 933 2605 1026 2635; x_wconf 76' lang='lat'>1596.;</span> <span class='ocrx_word' id='word_1_299' title='bbox 1061 2604 1110 2628; x_wconf 86' lang='lat' dir='ltr'>Ed.</span> 
     </span>
     <span class='ocr_line' id='line_1_49' title="bbox 192 2637 440 2665; baseline 0.004 -6"><span class='ocrx_word' id='word_1_300' title='bbox 192 2637 264 2661; x_wconf 72' lang='lat'>155⁶.</span> <span class='ocrx_word' id='word_1_301' title='bbox 286 2638 440 2665; x_wconf 82' lang='lat' dir='ltr'>praeberet.</span> 
     </span>
    </p>

    <p class='ocr_par' dir='ltr' id='par_1_11' title="bbox 156 2676 1110 2712">
     <span class='ocr_line' id='line_1_50' title="bbox 156 2676 1110 2712; baseline 0.007 -13"><span class='ocrx_word' id='word_1_302' title='bbox 156 2676 200 2704; x_wconf 81' lang='grc'>18)</span> <span class='ocrx_word' id='word_1_303' title='bbox 219 2676 300 2704; x_wconf 79' lang='lat' dir='ltr'>Erat]</span> <span class='ocrx_word' id='word_1_304' title='bbox 325 2676 366 2700; x_wconf 73' lang='lat' dir='ltr'>sic</span> <span class='ocrx_word' id='word_1_305' title='bbox 384 2676 468 2700; x_wconf 78' lang='lat' dir='ltr'>Editt.</span> <span class='ocrx_word' id='word_1_306' title='bbox 489 2676 576 2708; x_wconf 58' lang='lat'>1556„</span> <span class='ocrx_word' id='word_1_307' title='bbox 596 2677 688 2706; x_wconf 79' lang='lat'>1565.;</span> <span class='ocrx_word' id='word_1_308' title='bbox 706 2677 789 2704; x_wconf 80' lang='lat' dir='ltr'>Editt.</span> <span class='ocrx_word' id='word_1_309' title='bbox 809 2679 895 2712; x_wconf 82' lang='lat'>1571.‚</span> <span class='ocrx_word' id='word_1_310' title='bbox 916 2680 990 2704; x_wconf 80' lang='lat'>1596.</span> <span class='ocrx_word' id='word_1_311' title='bbox 1012 2680 1110 2706; x_wconf 85' lang='lat' dir='ltr'>Erant.</span> 
     </span>
    </p>
   </div>
   <div class='ocr_carea' id='block_1_9' title="bbox 295 76 2017 123">
    <p class='ocr_par' dir='ltr' id='par_1_12' title="bbox 295 76 2017 123">
     <span class='ocr_line' id='line_1_51' title="bbox 295 76 2017 123; baseline 0.005 -8"><span class='ocrx_word' id='word_1_312' title='bbox 295 79 415 115; x_wconf 84' lang='lat' dir='ltr'><strong>XXIII.</strong></span> <span class='ocrx_word' id='word_1_313' title='bbox 462 77 770 113; x_wconf 78' lang='lat' dir='ltr'>ARGUMENTA</span> <span class='ocrx_word' id='word_1_314' title='bbox 793 77 857 111; x_wconf 89' lang='lat' dir='ltr'>ET</span> <span class='ocrx_word' id='word_1_315' title='bbox 886 76 1090 114; x_wconf 84' lang='lat' dir='ltr'>SCHOLIA</span> <span class='ocrx_word' id='word_1_316' title='bbox 1112 78 1160 114; x_wconf 87' lang='lat' dir='ltr'>IN</span> <span class='ocrx_word' id='word_1_317' title='bbox 1184 79 1332 116; x_wconf 91' lang='lat' dir='ltr'>EPIST.</span> <span class='ocrx_word' id='word_1_318' title='bbox 1356 80 1469 117; x_wconf 85' lang='lat' dir='ltr'>FAM.</span> <span class='ocrx_word' id='word_1_319' title='bbox 1493 81 1576 118; x_wconf 93' lang='lat' dir='ltr'>CIC.</span> <span class='ocrx_word' id='word_1_320' title='bbox 1603 83 1690 119; x_wconf 91' lang='lat' dir='ltr'>LIB.</span> <span class='ocrx_word' id='word_1_321' title='bbox 1712 84 1768 120; x_wconf 85' lang='lat' dir='ltr'>XI.</span> <span class='ocrx_word' id='word_1_322' title='bbox 1792 85 1863 121; x_wconf 90' lang='grc' dir='ltr'>ΕΡ.</span> <span class='ocrx_word' id='word_1_323' title='bbox 1881 89 1915 122; x_wconf 77' lang='grc'>2.</span> <span class='ocrx_word' id='word_1_324' title='bbox 1932 88 1966 122; x_wconf 86' lang='grc'>3.</span> <span class='ocrx_word' id='word_1_325' title='bbox 1983 88 2017 123; x_wconf 85' lang='grc'>4.</span> 
     </span>
    </p>
   </div>
   <div class='ocr_carea' id='block_1_10' title="bbox 2094 89 2169 125">
    <p class='ocr_par' dir='ltr' id='par_1_13' title="bbox 2094 89 2169 125">
     <span class='ocr_line' id='line_1_52' title="bbox 2094 89 2169 125; baseline 0.027 -2"><span class='ocrx_word' id='word_1_326' title='bbox 2094 89 2169 125; x_wconf 79' lang='grc'>382</span> 
     </span>
    </p>
   </div>
   <div class='ocr_carea' id='block_1_11' title="bbox 1175 165 2167 925">
    <p class='ocr_par' dir='ltr' id='par_1_14' title="bbox 1175 165 2167 925">
     <span class='ocr_line' id='line_1_53' title="bbox 1181 165 2166 218; baseline 0.01 -21"><span class='ocrx_word' id='word_1_327' title='bbox 1181 165 1315 199; x_wconf 90' lang='lat' dir='ltr'>tionem</span> <span class='ocrx_word' id='word_1_328' title='bbox 1344 176 1538 212; x_wconf 86' lang='lat' dir='ltr'>rogassent.</span> <span class='ocrx_word' id='word_1_329' title='bbox 1616 172 1667 204; x_wconf 88' lang='lat' dir='ltr'>Ac</span> <span class='ocrx_word' id='word_1_330' title='bbox 1690 168 1839 206; x_wconf 79' lang='lat' dir='ltr'>&#39;senatus</span> <span class='ocrx_word' id='word_1_331' title='bbox 1869 173 2012 218; x_wconf 88' lang='lat' dir='ltr'>quidem</span> <span class='ocrx_word' id='word_1_332' title='bbox 2045 175 2166 207; x_wconf 88' lang='lat' dir='ltr'>ambos</span> 
     </span>
     <span class='ocr_line' id='line_1_54' title="bbox 1180 219 2166 268; baseline 0.009 -19"><span class='ocrx_word' id='word_1_333' title='bbox 1180 219 1349 260; x_wconf 83' lang='lat' dir='ltr'>praefecit</span> <span class='ocrx_word' id='word_1_334' title='bbox 1379 232 1564 261; x_wconf 89' lang='lat' dir='ltr'>annonae,</span> <span class='ocrx_word' id='word_1_335' title='bbox 1592 223 1711 255; x_wconf 67' lang='lat' dir='ltr'>&#39;donec</span> <span class='ocrx_word' id='word_1_336' title='bbox 1735 223 2002 267; x_wconf 66' lang='lat' dir='ltr'>provinciarum</span> <span class='ocrx_word' id='word_1_337' title='bbox 2027 230 2166 268; x_wconf 86' lang='lat' dir='ltr'>tempus</span> 
     </span>
     <span class='ocr_line' id='line_1_55' title="bbox 1180 269 2167 311; baseline 0.008 -11"><span class='ocrx_word' id='word_1_338' title='bbox 1180 269 1397 311; x_wconf 82' lang='lat' dir='ltr'>advenisset,</span> <span class='ocrx_word' id='word_1_339' title='bbox 1425 284 1468 304; x_wconf 94' lang='lat' dir='ltr'>ne</span> <span class='ocrx_word' id='word_1_340' title='bbox 1485 272 1560 305; x_wconf 89' lang='lat' dir='ltr'>sine</span> <span class='ocrx_word' id='word_1_341' title='bbox 1579 285 1682 306; x_wconf 85' lang='lat' dir='ltr'>causa</span> <span class='ocrx_word' id='word_1_342' title='bbox 1698 274 1741 306; x_wconf 90' lang='lat' dir='ltr'>ab</span> <span class='ocrx_word' id='word_1_343' title='bbox 1765 274 1852 306; x_wconf 87' lang='lat' dir='ltr'>urbe</span> <span class='ocrx_word' id='word_1_344' title='bbox 1876 275 2080 308; x_wconf 71' lang='lat' dir='ltr'>viderentur</span> <span class='ocrx_word' id='word_1_345' title='bbox 2106 276 2167 308; x_wconf 89' lang='lat' dir='ltr'>ab-</span> 
     </span>
     <span class='ocr_line' id='line_1_56' title="bbox 1180 321 2165 369; baseline 0.007 -17"><span class='ocrx_word' id='word_1_346' title='bbox 1180 330 1264 353; x_wconf 89' lang='lat' dir='ltr'>esse.</span> <span class='ocrx_word' id='word_1_347' title='bbox 1318 321 1550 366; x_wconf 80' lang='lat' dir='ltr'>Respondent</span> <span class='ocrx_word' id='word_1_348' title='bbox 1569 324 1675 368; x_wconf 84' lang='lat' dir='ltr'>igitur</span> <span class='ocrx_word' id='word_1_349' title='bbox 1689 322 1755 357; x_wconf 91' lang='lat' dir='ltr'>hac</span> <span class='ocrx_word' id='word_1_350' title='bbox 1781 325 1928 369; x_wconf 87' lang='lat' dir='ltr'>epistola</span> <span class='ocrx_word' id='word_1_351' title='bbox 1953 326 2077 359; x_wconf 88' lang='lat' dir='ltr'>litteris</span> <span class='ocrx_word' id='word_1_352' title='bbox 2092 327 2165 359; x_wconf 85' lang='lat' dir='ltr'>An-</span> 
     </span>
     <span class='ocr_line' id='line_1_57' title="bbox 1179 370 2164 420; baseline 0.008 -18"><span class='ocrx_word' id='word_1_353' title='bbox 1179 370 1289 411; x_wconf 84' lang='lat' dir='ltr'>tonii,</span> <span class='ocrx_word' id='word_1_354' title='bbox 1329 379 1362 405; x_wconf 90' lang='lat' dir='ltr'>et</span> <span class='ocrx_word' id='word_1_355' title='bbox 1393 373 1549 417; x_wconf 90' lang='lat' dir='ltr'>primum</span> <span class='ocrx_word' id='word_1_356' title='bbox 1583 382 1781 420; x_wconf 87' lang='lat' dir='ltr'>queruntur</span> <span class='ocrx_word' id='word_1_357' title='bbox 1811 388 1845 409; x_wconf 91' lang='lat' dir='ltr'>se</span> <span class='ocrx_word' id='word_1_358' title='bbox 1876 376 2164 410; x_wconf 87' lang='lat' dir='ltr'>contumeliosius</span> 
     </span>
     <span class='ocr_line' id='line_1_58' title="bbox 1179 424 2164 470; baseline 0.006 -17"><span class='ocrx_word' id='word_1_359' title='bbox 1179 427 1359 456; x_wconf 89' lang='lat' dir='ltr'>tractatos.</span> <span class='ocrx_word' id='word_1_360' title='bbox 1438 424 1576 458; x_wconf 87' lang='lat' dir='ltr'>Deinde</span> <span class='ocrx_word' id='word_1_361' title='bbox 1608 427 1825 470; x_wconf 89' lang='lat' dir='ltr'>respondent</span> <span class='ocrx_word' id='word_1_362' title='bbox 1850 427 1956 459; x_wconf 92' lang='lat' dir='ltr'>etiam</span> <span class='ocrx_word' id='word_1_363' title='bbox 1982 428 2026 459; x_wconf 89' lang='lat' dir='ltr'>ad</span> <span class='ocrx_word' id='word_1_364' title='bbox 2049 427 2164 460; x_wconf 88' lang='lat' dir='ltr'>minas</span> 
     </span>
     <span class='ocr_line' id='line_1_59' title="bbox 1178 471 2163 521; baseline 0.006 -17"><span class='ocrx_word' id='word_1_365' title='bbox 1178 471 1264 506; x_wconf 89' lang='lat' dir='ltr'>eius.</span> <span class='ocrx_word' id='word_1_366' title='bbox 1317 474 1407 507; x_wconf 87' lang='lat' dir='ltr'>Sunt</span> <span class='ocrx_word' id='word_1_367' title='bbox 1423 474 1531 518; x_wconf 87' lang='lat' dir='ltr'>igitur</span> <span class='ocrx_word' id='word_1_368' title='bbox 1548 477 1638 509; x_wconf 88' lang='lat' dir='ltr'>duae</span> <span class='ocrx_word' id='word_1_369' title='bbox 1656 477 1930 521; x_wconf 89' lang='lat' dir='ltr'>propositiones.</span> <span class='ocrx_word' id='word_1_370' title='bbox 1973 477 2078 510; x_wconf 88' lang='lat' dir='ltr'>Prior</span> <span class='ocrx_word' id='word_1_371' title='bbox 2095 484 2163 511; x_wconf 87' lang='lat' dir='ltr'>est:</span> 
     </span>
     <span class='ocr_line' id='line_1_60' title="bbox 1178 522 2165 562; baseline 0.008 -8"><span class='ocrx_word' id='word_1_372' title='bbox 1178 522 1277 556; x_wconf 90' lang='lat' dir='ltr'>Tuae</span> <span class='ocrx_word' id='word_1_373' title='bbox 1294 524 1432 558; x_wconf 89' lang='lat' dir='ltr'>litterae</span> <span class='ocrx_word' id='word_1_374' title='bbox 1455 526 1599 559; x_wconf 87' lang='lat' dir='ltr'>fuerunt</span> <span class='ocrx_word' id='word_1_375' title='bbox 1618 528 1906 562; x_wconf 88' lang='lat' dir='ltr'>contumeliosae.</span> <span class='ocrx_word' id='word_1_376' title='bbox 1959 528 2089 562; x_wconf 83' lang='lat' dir='ltr'>Addita</span> <span class='ocrx_word' id='word_1_377' title='bbox 2113 535 2165 562; x_wconf 89' lang='lat' dir='ltr'>est</span> 
     </span>
     <span class='ocr_line' id='line_1_61' title="bbox 1176 574 2163 624; baseline 0.006 -19"><span class='ocrx_word' id='word_1_378' title='bbox 1176 574 1286 606; x_wconf 89' lang='lat' dir='ltr'>ratio:</span> <span class='ocrx_word' id='word_1_379' title='bbox 1333 575 1426 619; x_wconf 84' lang='lat' dir='ltr'>Quia</span> <span class='ocrx_word' id='word_1_380' title='bbox 1457 589 1522 610; x_wconf 92' lang='lat' dir='ltr'>nos</span> <span class='ocrx_word' id='word_1_381' title='bbox 1548 575 1638 610; x_wconf 85' lang='lat' dir='ltr'>nihil</span> <span class='ocrx_word' id='word_1_382' title='bbox 1669 578 1784 624; x_wconf 89' lang='lat' dir='ltr'>iniqui</span> <span class='ocrx_word' id='word_1_383' title='bbox 1808 580 2048 623; x_wconf 86' lang='lat' dir='ltr'>postulamus,</span> <span class='ocrx_word' id='word_1_384' title='bbox 2084 591 2163 612; x_wconf 88' lang='lat' dir='ltr'>cum</span> 
     </span>
     <span class='ocr_line' id='line_1_62' title="bbox 1176 624 2163 673; baseline 0.006 -16"><span class='ocrx_word' id='word_1_385' title='bbox 1176 624 1285 658; x_wconf 90' lang='lat' dir='ltr'>simus</span> <span class='ocrx_word' id='word_1_386' title='bbox 1313 633 1506 669; x_wconf 87' lang='lat' dir='ltr'>praetores.</span> <span class='ocrx_word' id='word_1_387' title='bbox 1566 628 1727 661; x_wconf 88' lang='lat' dir='ltr'>Secunda</span> <span class='ocrx_word' id='word_1_388' title='bbox 1753 630 1951 673; x_wconf 87' lang='lat' dir='ltr'>propositio</span> <span class='ocrx_word' id='word_1_389' title='bbox 1985 636 2053 663; x_wconf 88' lang='lat' dir='ltr'>est:</span> <span class='ocrx_word' id='word_1_390' title='bbox 2089 630 2163 664; x_wconf 84' lang='lat' dir='ltr'>Nos</span> 
     </span>
     <span class='ocr_line' id='line_1_63' title="bbox 1177 675 2163 724; baseline 0.006 -17"><span class='ocrx_word' id='word_1_391' title='bbox 1177 675 1316 709; x_wconf 89' lang='lat' dir='ltr'>conaris</span> <span class='ocrx_word' id='word_1_392' title='bbox 1343 682 1441 709; x_wconf 90' lang='lat' dir='ltr'>metu</span> <span class='ocrx_word' id='word_1_393' title='bbox 1472 690 1657 711; x_wconf 87' lang='lat' dir='ltr'>armorum</span> <span class='ocrx_word' id='word_1_394' title='bbox 1688 686 1831 713; x_wconf 86' lang='lat' dir='ltr'>terrere.</span> <span class='ocrx_word' id='word_1_395' title='bbox 1891 680 1998 713; x_wconf 83' lang='lat' dir='ltr'>Ratio</span> <span class='ocrx_word' id='word_1_396' title='bbox 2023 687 2163 724; x_wconf 87' lang='lat' dir='ltr'>sumpta</span> 
     </span>
     <span class='ocr_line' id='line_1_64' title="bbox 1177 727 2162 772; baseline 0.006 -15"><span class='ocrx_word' id='word_1_397' title='bbox 1177 732 1227 758; x_wconf 90' lang='lat' dir='ltr'>est</span> <span class='ocrx_word' id='word_1_398' title='bbox 1255 727 1298 759; x_wconf 90' lang='lat' dir='ltr'>ab</span> <span class='ocrx_word' id='word_1_399' title='bbox 1326 727 1459 760; x_wconf 83' lang='lat' dir='ltr'>officio:</span> <span class='ocrx_word' id='word_1_400' title='bbox 1496 729 1589 772; x_wconf 77' lang='lat' dir='ltr'>Quia</span> <span class='ocrx_word' id='word_1_401' title='bbox 1621 742 1686 763; x_wconf 89' lang='lat' dir='ltr'>nos</span> <span class='ocrx_word' id='word_1_402' title='bbox 1715 743 1835 763; x_wconf 89' lang='lat' dir='ltr'>sumus</span> <span class='ocrx_word' id='word_1_403' title='bbox 1861 731 1964 763; x_wconf 88' lang='lat' dir='ltr'>liberi</span> <span class='ocrx_word' id='word_1_404' title='bbox 1987 729 2162 764; x_wconf 88' lang='lat' dir='ltr'>homines.</span> 
     </span>
     <span class='ocr_line' id='line_1_65' title="bbox 1175 774 2163 820; baseline 0.006 -12"><span class='ocrx_word' id='word_1_405' title='bbox 1175 774 1215 808; x_wconf 86' lang='lat' dir='ltr'>In</span> <span class='ocrx_word' id='word_1_406' title='bbox 1242 777 1310 810; x_wconf 85' lang='lat' dir='ltr'>fine</span> <span class='ocrx_word' id='word_1_407' title='bbox 1336 784 1387 811; x_wconf 86' lang='lat' dir='ltr'>est</span> <span class='ocrx_word' id='word_1_408' title='bbox 1418 776 1565 812; x_wconf 88' lang='lat' dir='ltr'>honesta</span> <span class='ocrx_word' id='word_1_409' title='bbox 1592 786 1625 812; x_wconf 88' lang='lat' dir='ltr'>et</span> <span class='ocrx_word' id='word_1_410' title='bbox 1657 781 1746 813; x_wconf 91' lang='lat' dir='ltr'>mire</span> <span class='ocrx_word' id='word_1_411' title='bbox 1770 782 1954 814; x_wconf 90' lang='lat' dir='ltr'>moderata</span> <span class='ocrx_word' id='word_1_412' title='bbox 1978 782 2163 820; x_wconf 84' lang='lat' dir='ltr'>sententia,</span> 
     </span>
     <span class='ocr_line' id='line_1_66' title="bbox 1176 829 2163 872; baseline 0.005 -12"><span class='ocrx_word' id='word_1_413' title='bbox 1176 839 1245 872; x_wconf 88' lang='lat' dir='ltr'>qua</span> <span class='ocrx_word' id='word_1_414' title='bbox 1267 835 1301 861; x_wconf 89' lang='lat' dir='ltr'>et</span> <span class='ocrx_word' id='word_1_415' title='bbox 1325 829 1484 862; x_wconf 87' lang='lat' dir='ltr'>animum</span> <span class='ocrx_word' id='word_1_416' title='bbox 1511 843 1613 863; x_wconf 89' lang='lat' dir='ltr'>suum</span> <span class='ocrx_word' id='word_1_417' title='bbox 1630 837 1804 864; x_wconf 88' lang='lat' dir='ltr'>testantur</span> <span class='ocrx_word' id='word_1_418' title='bbox 1823 839 1855 865; x_wconf 91' lang='lat' dir='ltr'>et</span> <span class='ocrx_word' id='word_1_419' title='bbox 1871 833 2068 865; x_wconf 76' lang='lat' dir='ltr'>Antonium</span> <span class='ocrx_word' id='word_1_420' title='bbox 2087 845 2163 865; x_wconf 91' lang='lat' dir='ltr'>mo-</span> 
     </span>
     <span class='ocr_line' id='line_1_67' title="bbox 1175 880 1804 925; baseline 0.006 -14"><span class='ocrx_word' id='word_1_421' title='bbox 1175 885 1279 919; x_wconf 86' lang='lat' dir='ltr'>nent,</span> <span class='ocrx_word' id='word_1_422' title='bbox 1305 891 1348 912; x_wconf 92' lang='lat' dir='ltr'>ne</span> <span class='ocrx_word' id='word_1_423' title='bbox 1379 880 1465 925; x_wconf 90' lang='lat' dir='ltr'>quid</span> <span class='ocrx_word' id='word_1_424' title='bbox 1492 887 1624 914; x_wconf 87' lang='lat' dir='ltr'>temere</span> <span class='ocrx_word' id='word_1_425' title='bbox 1649 889 1804 916; x_wconf 76' lang='lat' dir='ltr'>moveat.</span> 
     </span>
    </p>
   </div>
   <div class='ocr_carea' id='block_1_12' title="bbox 1326 971 2010 1020">
    <p class='ocr_par' dir='ltr' id='par_1_15' title="bbox 1326 971 2010 1020">
     <span class='ocr_line' id='line_1_68' title="bbox 1326 971 2010 1020; baseline 0.004 -14"><span class='ocrx_word' id='word_1_426' title='bbox 1326 971 1508 1007; x_wconf 90' lang='lat' dir='ltr'>Scholia</span> <span class='ocrx_word' id='word_1_427' title='bbox 1539 974 1582 1007; x_wconf 92' lang='lat' dir='ltr'>in</span> <span class='ocrx_word' id='word_1_428' title='bbox 1607 975 1851 1019; x_wconf 88' lang='lat' dir='ltr'>epistolam</span> <span class='ocrx_word' id='word_1_429' title='bbox 1880 975 2010 1020; x_wconf 73' lang='lat' dir='ltr'>IV.¹9).</span> 
     </span>
    </p>
   </div>
   <div class='ocr_carea' id='block_1_13' title="bbox 1172 1038 2161 1185">
    <p class='ocr_par' dir='ltr' id='par_1_16' title="bbox 1172 1038 2161 1185">
     <span class='ocr_line' id='line_1_69' title="bbox 1276 1038 2161 1088; baseline 0.001 -15"><span class='ocrx_word' id='word_1_430' title='bbox 1276 1038 1306 1083; x_wconf 63' lang='lat'>§-</span> <span class='ocrx_word' id='word_1_431' title='bbox 1332 1040 1364 1073; x_wconf 87' lang='lat'>1.</span> <span class='ocrx_word' id='word_1_432' title='bbox 1392 1042 1434 1074; x_wconf 65' lang='lat' dir='ltr'>Si</span> <span class='ocrx_word' id='word_1_433' title='bbox 1457 1039 1597 1088; x_wconf 73' lang='lat' dir='ltr'>de&#39;tua]</span> <span class='ocrx_word' id='word_1_434' title='bbox 1625 1041 1823 1075; x_wconf 78' lang='lat' dir='ltr'>Exordium</span> <span class='ocrx_word' id='word_1_435' title='bbox 1857 1055 1876 1075; x_wconf 90' lang='lat' dir='ltr'>a</span> <span class='ocrx_word' id='word_1_436' title='bbox 1903 1054 2161 1075; x_wconf 85' lang='lat' dir='ltr'>commemora-</span> 
     </span>
     <span class='ocr_line' id='line_1_70' title="bbox 1172 1090 2160 1140; baseline 0.002 -18"><span class='ocrx_word' id='word_1_437' title='bbox 1172 1090 1268 1122; x_wconf 87' lang='lat' dir='ltr'>tione</span> <span class='ocrx_word' id='word_1_438' title='bbox 1284 1091 1564 1126; x_wconf 71' lang='lat' dir='ltr'>benevolentiae.</span> <span class='ocrx_word' id='word_1_439' title='bbox 1643 1095 1847 1137; x_wconf 74' lang='lat' dir='ltr'>Proyressus</span> <span class='ocrx_word' id='word_1_440' title='bbox 1870 1091 1964 1140; x_wconf 78' lang='lat' dir='ltr'>sum]</span> <span class='ocrx_word' id='word_1_441' title='bbox 1992 1093 2160 1127; x_wconf 79' lang='lat' dir='ltr'>Narratio</span> 
     </span>
     <span class='ocr_line' id='line_1_71' title="bbox 1172 1142 1476 1185; baseline 0.007 -12"><span class='ocrx_word' id='word_1_442' title='bbox 1172 1142 1215 1173; x_wconf 90' lang='lat' dir='ltr'>de</span> <span class='ocrx_word' id='word_1_443' title='bbox 1243 1148 1340 1185; x_wconf 76' lang='lat' dir='ltr'>gesto</span> <span class='ocrx_word' id='word_1_444' title='bbox 1369 1142 1476 1176; x_wconf 86' lang='lat' dir='ltr'>bello.</span> 
     </span>
    </p>
   </div>
   <div class='ocr_carea' id='block_1_14' title="bbox 1467 1219 1870 1266">
    <p class='ocr_par' dir='ltr' id='par_1_17' title="bbox 1467 1219 1870 1266">
     <span class='ocr_line' id='line_1_72' title="bbox 1467 1219 1870 1266; baseline 0.007 -15"><span class='ocrx_word' id='word_1_445' title='bbox 1467 1219 1794 1263; x_wconf 81' lang='lat' dir='ltr'>Argumentum</span> <span class='ocrx_word' id='word_1_446' title='bbox 1812 1221 1870 1266; x_wconf 70' lang='lat'>²⁰).</span> 
     </span>
    </p>
   </div>
   <div class='ocr_carea' id='block_1_15' title="bbox 1169 1284 2161 1736">
    <p class='ocr_par' dir='ltr' id='par_1_18' title="bbox 1169 1284 2161 1736">
     <span class='ocr_line' id='line_1_73' title="bbox 1272 1284 2160 1332; baseline 0.006 -15"><span class='ocrx_word' id='word_1_447' title='bbox 1272 1284 1325 1317; x_wconf 80' lang='lat' dir='ltr'>Ex</span> <span class='ocrx_word' id='word_1_448' title='bbox 1334 1286 1520 1319; x_wconf 86' lang='lat' dir='ltr'>sortitione</span> <span class='ocrx_word' id='word_1_449' title='bbox 1532 1287 1799 1331; x_wconf 78' lang='lat' dir='ltr'>provinciarum</span> <span class='ocrx_word' id='word_1_450' title='bbox 1815 1295 1894 1332; x_wconf 93' lang='lat' dir='ltr'>post</span> <span class='ocrx_word' id='word_1_451' title='bbox 1908 1289 2059 1322; x_wconf 88' lang='lat' dir='ltr'>occisum</span> <span class='ocrx_word' id='word_1_452' title='bbox 2075 1289 2160 1322; x_wconf 86' lang='lat' dir='ltr'>Cae-</span> 
     </span>
     <span class='ocr_line' id='line_1_74' title="bbox 1170 1336 2159 1385; baseline 0.003 -17"><span class='ocrx_word' id='word_1_453' title='bbox 1170 1346 1285 1368; x_wconf 85' lang='lat' dir='ltr'>sarem</span> <span class='ocrx_word' id='word_1_454' title='bbox 1311 1336 1355 1370; x_wconf 88' lang='lat' dir='ltr'>D.</span> <span class='ocrx_word' id='word_1_455' title='bbox 1373 1336 1487 1370; x_wconf 88' lang='lat' dir='ltr'>Bruto</span> <span class='ocrx_word' id='word_1_456' title='bbox 1509 1338 1635 1381; x_wconf 74' lang='lat' dir='ltr'>obtigit</span> <span class='ocrx_word' id='word_1_457' title='bbox 1653 1338 1768 1371; x_wconf 90' lang='lat' dir='ltr'>Gallia</span> <span class='ocrx_word' id='word_1_458' title='bbox 1787 1339 1977 1383; x_wconf 89' lang='lat' dir='ltr'>Cisalplina</span> <span class='ocrx_word' id='word_1_459' title='bbox 1991 1366 1999 1379; x_wconf 84' lang='lat'>‚</span> <span class='ocrx_word' id='word_1_460' title='bbox 2029 1340 2065 1372; x_wconf 91' lang='lat' dir='ltr'>in</span> <span class='ocrx_word' id='word_1_461' title='bbox 2091 1353 2159 1385; x_wconf 85' lang='lat' dir='ltr'>qua</span> 
     </span>
     <span class='ocr_line' id='line_1_75' title="bbox 1171 1387 2161 1429; baseline 0.006 -11"><span class='ocrx_word' id='word_1_462' title='bbox 1171 1399 1251 1420; x_wconf 90' lang='lat' dir='ltr'>cum</span> <span class='ocrx_word' id='word_1_463' title='bbox 1274 1387 1421 1420; x_wconf 84' lang='lat' dir='ltr'>feliciter</span> <span class='ocrx_word' id='word_1_464' title='bbox 1437 1396 1657 1429; x_wconf 73' lang='lat' dir='ltr'>versaretur,</span> <span class='ocrx_word' id='word_1_465' title='bbox 1682 1390 1796 1423; x_wconf 75' lang='lat' dir='ltr'>voluit</span> <span class='ocrx_word' id='word_1_466' title='bbox 1823 1403 1922 1423; x_wconf 90' lang='lat' dir='ltr'>suam</span> <span class='ocrx_word' id='word_1_467' title='bbox 1951 1403 2091 1424; x_wconf 90' lang='lat' dir='ltr'>causam</span> <span class='ocrx_word' id='word_1_468' title='bbox 2109 1403 2161 1424; x_wconf 91' lang='lat' dir='ltr'>se-</span> 
     </span>
     <span class='ocr_line' id='line_1_76' title="bbox 1170 1438 2161 1485; baseline 0.004 -15"><span class='ocrx_word' id='word_1_469' title='bbox 1170 1438 1269 1470; x_wconf 88' lang='lat' dir='ltr'>natui</span> <span class='ocrx_word' id='word_1_470' title='bbox 1288 1440 1549 1472; x_wconf 88' lang='lat' dir='ltr'>commendare.</span> <span class='ocrx_word' id='word_1_471' title='bbox 1603 1438 1725 1485; x_wconf 88' lang='lat' dir='ltr'>ltaque</span> <span class='ocrx_word' id='word_1_472' title='bbox 1743 1442 1787 1473; x_wconf 87' lang='lat' dir='ltr'>ad</span> <span class='ocrx_word' id='word_1_473' title='bbox 1809 1441 2018 1474; x_wconf 86' lang='lat' dir='ltr'>Ciceronem</span> <span class='ocrx_word' id='word_1_474' title='bbox 2041 1442 2161 1475; x_wconf 85' lang='lat' dir='ltr'>scribit</span> 
     </span>
     <span class='ocr_line' id='line_1_77' title="bbox 1170 1491 2160 1532; baseline 0.006 -12"><span class='ocrx_word' id='word_1_475' title='bbox 1170 1500 1317 1532; x_wconf 85' lang='lat' dir='ltr'>rogans,</span> <span class='ocrx_word' id='word_1_476' title='bbox 1362 1496 1399 1523; x_wconf 90' lang='lat' dir='ltr'>ut</span> <span class='ocrx_word' id='word_1_477' title='bbox 1432 1502 1494 1523; x_wconf 88' lang='lat' dir='ltr'>sua</span> <span class='ocrx_word' id='word_1_478' title='bbox 1525 1491 1698 1523; x_wconf 84' lang='lat' dir='ltr'>sententia</span> <span class='ocrx_word' id='word_1_479' title='bbox 1724 1491 1760 1523; x_wconf 88' lang='lat' dir='ltr'>in</span> <span class='ocrx_word' id='word_1_480' title='bbox 1792 1499 1915 1525; x_wconf 89' lang='lat' dir='ltr'>senatu</span> <span class='ocrx_word' id='word_1_481' title='bbox 1946 1505 1980 1526; x_wconf 88' lang='lat' dir='ltr'>se</span> <span class='ocrx_word' id='word_1_482' title='bbox 2007 1493 2160 1526; x_wconf 74' lang='lat' dir='ltr'>adiuvet.</span> 
     </span>
     <span class='ocr_line' id='line_1_78' title="bbox 1169 1539 2161 1583; baseline 0.003 -11"><span class='ocrx_word' id='word_1_483' title='bbox 1169 1539 1365 1573; x_wconf 83' lang='lat' dir='ltr'>Exordium</span> <span class='ocrx_word' id='word_1_484' title='bbox 1385 1547 1523 1574; x_wconf 79' lang='lat' dir='ltr'>constat</span> <span class='ocrx_word' id='word_1_485' title='bbox 1540 1542 1666 1574; x_wconf 81' lang='lat' dir='ltr'>fiducia</span> <span class='ocrx_word' id='word_1_486' title='bbox 1684 1542 1952 1575; x_wconf 76' lang='lat' dir='ltr'>benevolentiae</span> <span class='ocrx_word' id='word_1_487' title='bbox 1965 1570 1974 1583; x_wconf 94' lang='lat'>,</span> <span class='ocrx_word' id='word_1_488' title='bbox 2003 1550 2036 1576; x_wconf 90' lang='lat' dir='ltr'>et</span> <span class='ocrx_word' id='word_1_489' title='bbox 2054 1541 2161 1576; x_wconf 70' lang='lat' dir='ltr'>habet</span> 
     </span>
     <span class='ocr_line' id='line_1_79' title="bbox 1170 1590 2159 1639; baseline 0.002 -15"><span class='ocrx_word' id='word_1_490' title='bbox 1170 1590 1413 1635; x_wconf 72' lang='lat' dir='ltr'>syllogismum</span> <span class='ocrx_word' id='word_1_491' title='bbox 1446 1590 1727 1636; x_wconf 70' lang='lat' dir='ltr'>hypotheticum.</span> <span class='ocrx_word' id='word_1_492' title='bbox 1789 1593 1956 1639; x_wconf 84' lang='lat' dir='ltr'>Sequitur</span> <span class='ocrx_word' id='word_1_493' title='bbox 1988 1595 2159 1633; x_wconf 84' lang='lat' dir='ltr'>narratio,</span> 
     </span>
     <span class='ocr_line' id='line_1_80' title="bbox 1171 1641 2159 1686; baseline 0.004 -13"><span class='ocrx_word' id='word_1_494' title='bbox 1171 1654 1239 1686; x_wconf 86' lang='lat' dir='ltr'>qua</span> <span class='ocrx_word' id='word_1_495' title='bbox 1264 1642 1415 1682; x_wconf 88' lang='lat' dir='ltr'>indicat,</span> <span class='ocrx_word' id='word_1_496' title='bbox 1453 1644 1512 1676; x_wconf 76' lang='lat' dir='ltr'>ubi</span> <span class='ocrx_word' id='word_1_497' title='bbox 1535 1641 1664 1676; x_wconf 83' lang='lat' dir='ltr'>habeat</span> <span class='ocrx_word' id='word_1_498' title='bbox 1687 1645 1890 1678; x_wconf 77' lang='lat' dir='ltr'>exercitum.</span> <span class='ocrx_word' id='word_1_499' title='bbox 1949 1644 1987 1677; x_wconf 83' lang='lat' dir='ltr'>ln</span> <span class='ocrx_word' id='word_1_500' title='bbox 2013 1646 2080 1678; x_wconf 84' lang='lat' dir='ltr'>fine</span> <span class='ocrx_word' id='word_1_501' title='bbox 2109 1652 2159 1678; x_wconf 79' lang='lat' dir='ltr'>est</span> 
     </span>
     <span class='ocr_line' id='line_1_81' title="bbox 1171 1692 1308 1736; baseline 0.015 -12"><span class='ocrx_word' id='word_1_502' title='bbox 1171 1692 1308 1736; x_wconf 84' lang='lat' dir='ltr'>petitio.</span> 
     </span>
    </p>
   </div>
   <div class='ocr_carea' id='block_1_16' title="bbox 1414 1767 1915 1814">
    <p class='ocr_par' dir='ltr' id='par_1_19' title="bbox 1414 1767 1915 1814">
     <span class='ocr_line' id='line_1_82' title="bbox 1414 1767 1915 1814; baseline 0.008 -14"><span class='ocrx_word' id='word_1_503' title='bbox 1414 1767 1551 1802; x_wconf 79' lang='lat' dir='ltr'>Aliud</span> <span class='ocrx_word' id='word_1_504' title='bbox 1587 1777 1915 1814; x_wconf 84' lang='lat' dir='ltr'>argumentum.</span> 
     </span>
    </p>
   </div>
   <div class='ocr_carea' id='block_1_17' title="bbox 1167 1834 2158 2085">
    <p class='ocr_par' dir='ltr' id='par_1_20' title="bbox 1167 1834 2158 2085">
     <span class='ocr_line' id='line_1_83' title="bbox 1271 1834 2157 1882; baseline 0.006 -16"><span class='ocrx_word' id='word_1_505' title='bbox 1271 1834 1396 1868; x_wconf 75' lang='lat' dir='ltr'>Brevis</span> <span class='ocrx_word' id='word_1_506' title='bbox 1413 1836 1561 1879; x_wconf 83' lang='lat' dir='ltr'>epistola</span> <span class='ocrx_word' id='word_1_507' title='bbox 1584 1838 1716 1881; x_wconf 86' lang='lat' dir='ltr'>partim</span> <span class='ocrx_word' id='word_1_508' title='bbox 1733 1839 1952 1871; x_wconf 70' lang='lat' dir='ltr'>nuntiator-ia</span> <span class='ocrx_word' id='word_1_509' title='bbox 1981 1845 2049 1877; x_wconf 84' lang='lat' dir='ltr'>est,</span> <span class='ocrx_word' id='word_1_510' title='bbox 2077 1851 2157 1882; x_wconf 83' lang='lat' dir='ltr'>par—</span> 
     </span>
     <span class='ocr_line' id='line_1_84' title="bbox 1170 1885 2158 1929; baseline 0.006 -13"><span class='ocrx_word' id='word_1_511' title='bbox 1170 1885 1232 1917; x_wconf 87' lang='lat' dir='ltr'>tim</span> <span class='ocrx_word' id='word_1_512' title='bbox 1258 1886 1437 1929; x_wconf 88' lang='lat' dir='ltr'>petitoria.</span> <span class='ocrx_word' id='word_1_513' title='bbox 1497 1887 1696 1921; x_wconf 81' lang='lat' dir='ltr'>Exordium</span> <span class='ocrx_word' id='word_1_514' title='bbox 1723 1890 1875 1922; x_wconf 86' lang='lat' dir='ltr'>sumitur</span> <span class='ocrx_word' id='word_1_515' title='bbox 1900 1901 1918 1921; x_wconf 81' lang='lat' dir='ltr'>a</span> <span class='ocrx_word' id='word_1_516' title='bbox 1944 1901 2158 1922; x_wconf 87' lang='lat' dir='ltr'>commemo-</span> 
     </span>
     <span class='ocr_line' id='line_1_85' title="bbox 1167 1936 2156 1980; baseline 0.004 -12"><span class='ocrx_word' id='word_1_517' title='bbox 1167 1936 1305 1969; x_wconf 86' lang='lat' dir='ltr'>ratione</span> <span class='ocrx_word' id='word_1_518' title='bbox 1323 1936 1510 1980; x_wconf 86' lang='lat' dir='ltr'>singularis</span> <span class='ocrx_word' id='word_1_519' title='bbox 1526 1938 1807 1973; x_wconf 78' lang='lat' dir='ltr'>benevolentiae.</span> <span class='ocrx_word' id='word_1_520' title='bbox 1860 1940 2027 1973; x_wconf 83' lang='lat' dir='ltr'>Narratio</span> <span class='ocrx_word' id='word_1_521' title='bbox 2048 1946 2098 1973; x_wconf 86' lang='lat' dir='ltr'>est</span> <span class='ocrx_word' id='word_1_522' title='bbox 2114 1942 2156 1973; x_wconf 84' lang='lat' dir='ltr'>de</span> 
     </span>
     <span class='ocr_line' id='line_1_86' title="bbox 1168 1988 2156 2034; baseline 0.003 -15"><span class='ocrx_word' id='word_1_523' title='bbox 1168 1988 1271 2020; x_wconf 84' lang='lat' dir='ltr'>rebus</span> <span class='ocrx_word' id='word_1_524' title='bbox 1297 1988 1400 2031; x_wconf 85' lang='lat' dir='ltr'>gestis</span> <span class='ocrx_word' id='word_1_525' title='bbox 1430 1989 1467 2019; x_wconf 90' lang='lat' dir='ltr'>in</span> <span class='ocrx_word' id='word_1_526' title='bbox 1492 1989 1689 2032; x_wconf 81' lang='lat' dir='ltr'>provincia.</span> <span class='ocrx_word' id='word_1_527' title='bbox 1743 1990 1932 2023; x_wconf 86' lang='lat' dir='ltr'>Conclusio</span> <span class='ocrx_word' id='word_1_528' title='bbox 1964 1988 2069 2023; x_wconf 80' lang='lat' dir='ltr'>habet</span> <span class='ocrx_word' id='word_1_529' title='bbox 2099 2004 2156 2034; x_wconf 80' lang='lat' dir='ltr'>pe-</span> 
     </span>
     <span class='ocr_line' id='line_1_87' title="bbox 1168 2038 2155 2085; baseline 0.004 -15"><span class='ocrx_word' id='word_1_530' title='bbox 1168 2039 1349 2079; x_wconf 85' lang='lat' dir='ltr'>titionem,</span> <span class='ocrx_word' id='word_1_531' title='bbox 1377 2044 1416 2072; x_wconf 90' lang='lat' dir='ltr'>ut</span> <span class='ocrx_word' id='word_1_532' title='bbox 1440 2038 1477 2071; x_wconf 91' lang='lat' dir='ltr'>in</span> <span class='ocrx_word' id='word_1_533' title='bbox 1495 2046 1619 2073; x_wconf 88' lang='lat' dir='ltr'>senatu</span> <span class='ocrx_word' id='word_1_534' title='bbox 1639 2041 1712 2074; x_wconf 90' lang='lat' dir='ltr'>eius</span> <span class='ocrx_word' id='word_1_535' title='bbox 1739 2041 1949 2085; x_wconf 86' lang='lat' dir='ltr'>dignitatem</span> <span class='ocrx_word' id='word_1_536' title='bbox 1978 2042 2155 2075; x_wconf 75' lang='lat' dir='ltr'>defendat.</span> 
     </span>
    </p>
   </div>
   <div class='ocr_carea' id='block_1_18' title="bbox 1418 2121 1903 2168">
    <p class='ocr_par' dir='ltr' id='par_1_21' title="bbox 1418 2121 1903 2168">
     <span class='ocr_line' id='line_1_88' title="bbox 1418 2121 1903 2168; baseline 0.008 -14"><span class='ocrx_word' id='word_1_537' title='bbox 1418 2121 1554 2155; x_wconf 91' lang='lat' dir='ltr'>Aliud</span> <span class='ocrx_word' id='word_1_538' title='bbox 1577 2131 1903 2168; x_wconf 86' lang='lat' dir='ltr'>argumentum.</span> 
     </span>
    </p>
   </div>
   <div class='ocr_carea' id='block_1_19' title="bbox 1163 2189 2155 2483">
    <p class='ocr_par' dir='ltr' id='par_1_22' title="bbox 1163 2189 2155 2483">
     <span class='ocr_line' id='line_1_89' title="bbox 1269 2189 2154 2236; baseline 0.009 -15"><span class='ocrx_word' id='word_1_539' title='bbox 1269 2189 1363 2222; x_wconf 88' lang='lat' dir='ltr'>Haec</span> <span class='ocrx_word' id='word_1_540' title='bbox 1397 2190 1545 2234; x_wconf 89' lang='lat' dir='ltr'>epistola</span> <span class='ocrx_word' id='word_1_541' title='bbox 1571 2198 1622 2225; x_wconf 89' lang='lat' dir='ltr'>est</span> <span class='ocrx_word' id='word_1_542' title='bbox 1642 2192 1771 2236; x_wconf 88' lang='lat' dir='ltr'>scripta</span> <span class='ocrx_word' id='word_1_543' title='bbox 1805 2204 1823 2225; x_wconf 90' lang='lat' dir='ltr'>a</span> <span class='ocrx_word' id='word_1_544' title='bbox 1846 2193 1890 2226; x_wconf 92' lang='lat' dir='ltr'>D.</span> <span class='ocrx_word' id='word_1_545' title='bbox 1912 2193 2045 2234; x_wconf 87' lang='lat' dir='ltr'>Bruto,</span> <span class='ocrx_word' id='word_1_546' title='bbox 2074 2206 2154 2229; x_wconf 88' lang='lat' dir='ltr'>cum</span> 
     </span>
     <span class='ocr_line' id='line_1_90' title="bbox 1166 2239 2155 2288; baseline 0.006 -16"><span class='ocrx_word' id='word_1_547' title='bbox 1166 2239 1236 2272; x_wconf 90' lang='lat' dir='ltr'>iam</span> <span class='ocrx_word' id='word_1_548' title='bbox 1262 2240 1297 2273; x_wconf 90' lang='lat' dir='ltr'>in</span> <span class='ocrx_word' id='word_1_549' title='bbox 1317 2241 1501 2284; x_wconf 69' lang='lat' dir='ltr'>provincia</span> <span class='ocrx_word' id='word_1_550' title='bbox 1527 2249 1635 2283; x_wconf 85' lang='lat' dir='ltr'>esset,</span> <span class='ocrx_word' id='word_1_551' title='bbox 1664 2250 1856 2288; x_wconf 82' lang='lat' dir='ltr'>antequam</span> <span class='ocrx_word' id='word_1_552' title='bbox 1880 2244 2009 2277; x_wconf 90' lang='lat' dir='ltr'>bellum</span> <span class='ocrx_word' id='word_1_553' title='bbox 2035 2258 2155 2279; x_wconf 73' lang='lat' dir='ltr'>move-</span> 
     </span>
     <span class='ocr_line' id='line_1_91' title="bbox 1164 2292 2154 2332; baseline 0.006 -8"><span class='ocrx_word' id='word_1_554' title='bbox 1164 2298 1220 2324; x_wconf 88' lang='lat' dir='ltr'>rat</span> <span class='ocrx_word' id='word_1_555' title='bbox 1240 2292 1429 2332; x_wconf 78' lang='lat' dir='ltr'>Antonius,</span> <span class='ocrx_word' id='word_1_556' title='bbox 1457 2292 1555 2326; x_wconf 90' lang='lat' dir='ltr'>cuius</span> <span class='ocrx_word' id='word_1_557' title='bbox 1570 2294 1725 2326; x_wconf 81' lang='lat' dir='ltr'>breviter</span> <span class='ocrx_word' id='word_1_558' title='bbox 1740 2292 1826 2327; x_wconf 73' lang='lat' dir='ltr'>haee</span> <span class='ocrx_word' id='word_1_559' title='bbox 1842 2295 1907 2327; x_wconf 85' lang='lat' dir='ltr'>fuit</span> <span class='ocrx_word' id='word_1_560' title='bbox 1924 2307 2038 2329; x_wconf 86' lang='lat' dir='ltr'>causa.</span> <span class='ocrx_word' id='word_1_561' title='bbox 2068 2297 2154 2330; x_wconf 86' lang='lat' dir='ltr'>Cae—</span> 
     </span>
     <span class='ocr_line' id='line_1_92' title="bbox 1164 2343 2154 2390; baseline 0.005 -14"><span class='ocrx_word' id='word_1_562' title='bbox 1164 2355 1222 2376; x_wconf 88' lang='lat' dir='ltr'>sar</span> <span class='ocrx_word' id='word_1_563' title='bbox 1245 2343 1282 2375; x_wconf 89' lang='lat' dir='ltr'>iu</span> <span class='ocrx_word' id='word_1_564' title='bbox 1304 2344 1569 2377; x_wconf 89' lang='lat' dir='ltr'>commentariis</span> <span class='ocrx_word' id='word_1_565' title='bbox 1600 2345 1671 2378; x_wconf 89' lang='lat' dir='ltr'>suis</span> <span class='ocrx_word' id='word_1_566' title='bbox 1700 2346 1838 2378; x_wconf 83' lang='lat' dir='ltr'>futuros</span> <span class='ocrx_word' id='word_1_567' title='bbox 1870 2346 2096 2390; x_wconf 86' lang='lat' dir='ltr'>magistratus</span> <span class='ocrx_word' id='word_1_568' title='bbox 2121 2356 2154 2381; x_wconf 81' lang='lat' dir='ltr'>et</span> 
     </span>
     <span class='ocr_line' id='line_1_93' title="bbox 1165 2394 2154 2441; baseline 0.004 -15"><span class='ocrx_word' id='word_1_569' title='bbox 1165 2394 1367 2438; x_wconf 79' lang='lat' dir='ltr'>provincias</span> <span class='ocrx_word' id='word_1_570' title='bbox 1385 2394 1650 2438; x_wconf 76' lang='lat' dir='ltr'>designaverat,</span> <span class='ocrx_word' id='word_1_571' title='bbox 1679 2408 1718 2428; x_wconf 91' lang='lat' dir='ltr'>ac</span> <span class='ocrx_word' id='word_1_572' title='bbox 1734 2396 1839 2429; x_wconf 87' lang='lat' dir='ltr'>tertio</span> <span class='ocrx_word' id='word_1_573' title='bbox 1857 2409 1950 2430; x_wconf 90' lang='lat' dir='ltr'>anno</span> <span class='ocrx_word' id='word_1_574' title='bbox 1968 2404 2048 2441; x_wconf 89' lang='lat' dir='ltr'>post</span> <span class='ocrx_word' id='word_1_575' title='bbox 2067 2399 2154 2432; x_wconf 82' lang='lat' dir='ltr'>Cae-</span> 
     </span>
     <span class='ocr_line' id='line_1_94' title="bbox 1163 2446 2152 2483; baseline 0.004 -4"><span class='ocrx_word' id='word_1_576' title='bbox 1163 2446 1250 2479; x_wconf 89' lang='lat' dir='ltr'>saris</span> <span class='ocrx_word' id='word_1_577' title='bbox 1269 2446 1491 2479; x_wconf 87' lang='lat' dir='ltr'>consulatum</span> <span class='ocrx_word' id='word_1_578' title='bbox 1508 2458 1579 2479; x_wconf 91' lang='lat' dir='ltr'>una</span> <span class='ocrx_word' id='word_1_579' title='bbox 1604 2447 1715 2480; x_wconf 86' lang='lat' dir='ltr'>futuri</span> <span class='ocrx_word' id='word_1_580' title='bbox 1739 2454 1840 2480; x_wconf 89' lang='lat' dir='ltr'>erant</span> <span class='ocrx_word' id='word_1_581' title='bbox 1866 2449 2026 2483; x_wconf 84' lang='lat' dir='ltr'>consules</span> <span class='ocrx_word' id='word_1_582' title='bbox 2046 2450 2152 2482; x_wconf 91' lang='lat' dir='ltr'>Plan-</span> 
     </span>
    </p>
   </div>
   <div class='ocr_carea' id='block_1_20' title="bbox 1198 2563 2148 2630">
    <p class='ocr_par' dir='ltr' id='par_1_23' title="bbox 1198 2563 2148 2630">
     <span class='ocr_line' id='line_1_95' title="bbox 1198 2563 2148 2597; baseline 0.004 -11"><span class='ocrx_word' id='word_1_583' title='bbox 1198 2565 1244 2590; x_wconf 75' lang='grc'>19)</span> <span class='ocrx_word' id='word_1_584' title='bbox 1263 2564 1327 2588; x_wconf 86' lang='lat' dir='ltr'>Mel.</span> <span class='ocrx_word' id='word_1_585' title='bbox 1346 2564 1507 2593; x_wconf 74' lang='lat' dir='ltr'>argumento</span> <span class='ocrx_word' id='word_1_586' title='bbox 1526 2563 1610 2589; x_wconf 84' lang='lat' dir='ltr'>Editt.</span> <span class='ocrx_word' id='word_1_587' title='bbox 1632 2564 1833 2595; x_wconf 71' lang='lat'>1537—1554.‚</span> <span class='ocrx_word' id='word_1_588' title='bbox 1854 2565 1946 2595; x_wconf 65' lang='lat'>1552,</span> <span class='ocrx_word' id='word_1_589' title='bbox 1968 2566 2053 2597; x_wconf 59' lang='lat'>1560„</span> <span class='ocrx_word' id='word_1_590' title='bbox 2075 2567 2148 2592; x_wconf 83' lang='grc'><strong>1601,</strong></span> 
     </span>
     <span class='ocr_line' id='line_1_96' title="bbox 1231 2598 1950 2630; baseline 0.003 -8"><span class='ocrx_word' id='word_1_591' title='bbox 1231 2600 1258 2622; x_wconf 86' lang='lat' dir='ltr'>in</span> <span class='ocrx_word' id='word_1_592' title='bbox 1277 2599 1326 2621; x_wconf 78' lang='lat' dir='ltr'>hae</span> <span class='ocrx_word' id='word_1_593' title='bbox 1345 2598 1465 2626; x_wconf 85' lang='lat' dir='ltr'>epistola</span> <span class='ocrx_word' id='word_1_594' title='bbox 1483 2599 1509 2621; x_wconf 86' lang='lat' dir='ltr'>et</span> <span class='ocrx_word' id='word_1_595' title='bbox 1528 2598 1631 2622; x_wconf 81' lang='lat' dir='ltr'>duabus</span> <span class='ocrx_word' id='word_1_596' title='bbox 1650 2600 1826 2630; x_wconf 77' lang='lat' dir='ltr'>sequentihus</span> <span class='ocrx_word' id='word_1_597' title='bbox 1845 2602 1950 2624; x_wconf 83' lang='lat' dir='ltr'>carent.</span> 
     </span>
    </p>
   </div>
   <div class='ocr_carea' id='block_1_21' title="bbox 1195 2641 2150 2700">
    <p class='ocr_par' dir='ltr' id='par_1_24' title="bbox 1195 2641 2150 2700">
     <span class='ocr_line' id='line_1_97' title="bbox 1195 2641 2150 2675; baseline 0.003 -10"><span class='ocrx_word' id='word_1_598' title='bbox 1195 2642 1242 2673; x_wconf 83' lang='lat'>20)</span> <span class='ocrx_word' id='word_1_599' title='bbox 1263 2642 1320 2664; x_wconf 75' lang='lat' dir='ltr'>Hoc</span> <span class='ocrx_word' id='word_1_600' title='bbox 1337 2641 1527 2669; x_wconf 77' lang='lat' dir='ltr'>argumentum</span> <span class='ocrx_word' id='word_1_601' title='bbox 1545 2642 1574 2665; x_wconf 84' lang='lat' dir='ltr'>et</span> <span class='ocrx_word' id='word_1_602' title='bbox 1593 2642 1644 2667; x_wconf 87' lang='lat' dir='ltr'>duo</span> <span class='ocrx_word' id='word_1_603' title='bbox 1663 2644 1808 2675; x_wconf 80' lang='lat' dir='ltr'>sequentia</span> <span class='ocrx_word' id='word_1_604' title='bbox 1826 2644 1860 2669; x_wconf 80' lang='lat' dir='ltr'>ab</span> <span class='ocrx_word' id='word_1_605' title='bbox 1875 2643 1957 2667; x_wconf 79' lang='lat' dir='ltr'>Editt.</span> <span class='ocrx_word' id='word_1_606' title='bbox 1974 2644 2065 2675; x_wconf 49' lang='lat'>1556„</span> <span class='ocrx_word' id='word_1_607' title='bbox 2085 2644 2150 2668; x_wconf 75' lang='grc'>1565</span> 
     </span>
     <span class='ocr_line' id='line_1_98' title="bbox 1231 2674 1542 2700; baseline 0.003 -1"><span class='ocrx_word' id='word_1_608' title='bbox 1231 2674 1349 2699; x_wconf 76' lang='grc'><strong>-1596,</strong></span> <span class='ocrx_word' id='word_1_609' title='bbox 1375 2674 1542 2700; x_wconf 75' lang='lat' dir='ltr'>exhibentur.</span> 
     </span>
    </p>
   </div>
  </div>
 </body>
</html>
