2294 2975
102 145 174 182 153
228 146 350 184 XXIII.
388 147 699 183 ARGUMENTA
725 147 789 183 ΕΤ
814 146 1017 183 SCHOLIA
1044 147 1092 184 IN
1119 148 1267 183 EPIST.
1294 148 1406 184 FAM.
1436 149 1519 186 CIC.
1548 150 1635 185 LlB.
1656 150 1713 186 lv.
1742 151 1813 187 ΕΡ.
1835 152 2011 188 13-15.

96 235 290 279 respondet
318 235 363 268 ad
391 234 666 278 gratulationem
699 235 740 268 de
773 234 939 281 ductam)
970 247 1092 269 uxore.

97 285 214 319 Credo
244 283 336 320 hanc
365 285 552 330 epistolam
579 286 747 330 scriptam
785 299 858 320 esse
892 292 974 320 ante
1008 299 1091 331 pro-

94 337 285 371 fectionem
310 337 472 371 ultimam
496 336 656 372 Caesaris
679 337 716 370 in
738 337 897 379 Italiam,
931 344 964 372 et
993 345 1090 372 ante-

96 401 204 434 quam
223 389 323 422 civile
340 389 471 422 bellum
489 389 593 434 plane
611 389 739 435 eratu)
759 390 911 423 finitum.
964 389 1088 423 Cicero

93 446 189 482 tum,
216 441 402 485 repudiata
419 440 609 481 Terentia,
636 440 736 474 duxit
753 441 858 475 aliam
875 453 1022 475 uxorem
1032 441 1088 487 l⁵).

196 489 227 535 ᾗ.
246 492 279 526 1.
317 494 429 527 Rimas
449 504 470 525 α
492 490 544 540 te]
577 492 759 527 Narratio.
864 496 932 538 Eyo
957 491 1087 540 zeutem]

93 542 295 577 Concessio.
372 545 440 578 Sin
461 542 591 591 autem]
620 543 815 579 Correctio.

195 591 225 638 ἓ.
241 596 278 630 2.
305 596 375 637 Quo
398 597 434 629 in
448 593 617 643 periculo]
645 595 906 642 Amplificatio‚
933 596 976 629 de
1003 608 1086 629 con-

90 644 177 680 siliis
199 645 283 680 suis.

193 695 223 741 §.
242 698 276 731 3.
306 698 399 739 Quod
412 703 523 732 autem
537 696 641 746 mihi]
660 697 781 733 Altera
799 710 882 744 pars
902 698 1085 743 epistolae,

88 748 131 780 de
149 748 399 792 gratulatione.

190 797 220 843 ἓ.
239 798 274 834 4.
304 803 358 834 De
374 803 442 835 tuis
459 799 576 849 velim]
594 801 759 836 Tertium
776 800 974 846 negotium,
1000 812 1084 833 con-

87 850 228 885 solatio.

302 936 440 971 Aliud
469 945 787 982 argumentum
802 937 863 984 ¹⁶).v

187 1003 317 1039 Cneius
333 1005 499 1046 Plancus,
528 1006 572 1039 ad
591 1019 696 1052 quem
714 1019 809 1039 nnnc
824 1005 958 1045 scribit,
985 1004 1079 1038 idem

85 1061 155 1095 est,
181 1057 225 1088 ad
244 1068 349 1101 quem
366 1057 499 1090 multae
517 1057 686 1101 epistolae
703 1058 855 1102 scriptae
882 1063 959 1091 sunt
986 1069 1003 1088 a
1025 1056 1081 1089 Ci-

84 1119 212 1140 cerone
228 1107 265 1140 in
284 1108 342 1142 10.
359 1108 464 1142 libro.
514 1108 590 1141 Hae
608 1115 725 1141 autem
743 1109 912 1153 epistolae
927 1108 971 1153 ¹⁷)
989 1109 1079 1141 duae

82 1158 233 1203 scriptae
253 1158 385 1192 suntin
403 1158 529 1192 mediis
545 1159 645 1192 bellis
665 1160 838 1193 civilibus.
891 1158 974 1192 Ideo
998 1165 1080 1192 sunt

79 1209 259 1243 seiunctae
276 1210 319 1243 ab
337 1207 408 1250 his,
437 1221 528 1255 quae
548 1210 677 1243 decimi
702 1210 784 1243 libri
809 1216 909 1250 sunt,
943 1216 976 1242 et
999 1217 1079 1253 post

81 1267 234 1294 mortem
255 1260 415 1294 Caesaris
430 1261 595 1305 scriptae.
648 1261 714 1294 Hic
731 1262 923 1306 respondet
940 1261 1075 1293 Planco

78 1313 238 1356 primum
255 1312 300 1345 ad
318 1312 594 1357 gratulationem
610 1313 653 1345 de
673 1319 881 1357 recuperata
906 1312 1076 1356 dignitate

79 1363 118 1396 in
142 1363 250 1403 urbe,
286 1369 320 1396 et
342 1362 420 1408 quis
443 1363 659 1408 reipublicae
681 1370 792 1397 status
816 1364 880 1404 sit,
918 1363 1075 1407 exponit.

79 1414 219 1448 Deinde
236 1426 357 1448 causas
379 1426 557 1448 novarum
579 1415 789 1460 nuptiarum
817 1414 917 1460 (nam
943 1415 992 1448 sic
1019 1427 1075 1448 ex-

78 1471 221 1510 ponunt
241 1463 337 1499 bunc
358 1465 515 1512 locum),
542 1466 670 1513 quibus
693 1467 783 1500 bene
808 1472 973 1511 precatus
999 1472 1075 1499 crat

76 1516 304 1564 Plancusw),
351 1518 516 1552 ostendit.
585 1517 722 1552 Ultimo
742 1518 827 1552 facit
848 1517 879 1551 ei
904 1530 1001 1562 spem
1030 1519 1072 1551 de

74 1568 193 1602 reditu
216 1567 255 1600 in
276 1568 414 1602 urbem.
473 1568 596 1603 Placet
617 1575 756 1611 autern,
794 1570 891 1615 quod
915 1575 947 1602 te
968 1581 1073 1614 repu-

75 1619 136 1653 dio
153 1619 344 1653 Terentiae
363 1625 397 1657 et
412 1621 575 1655 secundis
589 1621 724 1666 nuptiis
740 1622 935 1655 secundum
953 1621 1070 1654 locum

76 1670 267 1716 accipiunt.
332 1670 426 1705 Nam
447 1678 640 1718 utrumque
666 1670 880 1707 Plutarchus
898 1672 942 1720 19)
967 1679 1071 1706 testa-

74 1728 153 1763 tur,
178 1734 255 1755 rem
272 1721 487 1755 familiarem
503 1724 723 1768 negligenter
737 1736 757 1757 a
767 1724 936 1758 Terentia
953 1725 1069 1769 prima

74 1773 224 1818 coniuge
256 1785 328 1807 esse
361 1773 670 1814 administratam,
706 1781 740 1808 et
768 1775 998 1816 Ciceronem,
1030 1782 1071 1809 ut

71 1838 108 1860 se
139 1825 257 1858 alieno
289 1836 369 1858 aere
403 1825 618 1866 exsolveret,
665 1827 852 1870 repudiata
885 1827 1069 1867 Terentia,

70 1877 161 1911 hene
178 1877 339 1910 dotatam
357 1876 552 1921 virginem,
590 1877 689 1911 cuius
715 1884 812 1911 tutor
834 1878 970 1918 fuerat,
1005 1879 1069 1912 du—

67 1928 169 1963 xisse.

317 2003 453 2038 Aliud
488 1995 819 2050 argumentum.

172 2072 320 2117 Scripsit
351 2070 444 2106 hanc
478 2073 665 2117 epistolam
690 2073 833 2114 Cicero,
870 2086 949 2107 cum
975 2086 1066 2107 non-

69 2127 154 2160 dum
172 2125 304 2158 bellum
322 2124 423 2158 civile
441 2125 545 2169 plane
564 2125 703 2158 finitum
723 2132 822 2159 esset.
865 2125 928 2159 Est
945 2133 1063 2159 autem

69 2184 144 2211 tota
161 2176 388 2220 responsoria
400 2203 409 2216 ‚
439 2175 475 2209 in
494 2189 563 2222 qua
586 2177 778 2221 respondet
796 2178 838 2210 ad
856 2178 1064 2222 gratulatio-

68 2242 149 2263 nem
168 2228 303 2261 Planci.
357 2227 480 2261 Primo
497 2228 576 2261 loco
592 2228 739 2273 ponitur
755 2228 872 2264 brevis
889 2230 1062 2270 narratio,

69 2292 159 2327 quae
177 2278 335 2312 continet
363 2292 539 2313 summam
566 2280 827 2324 gratulationis.
886 2280 986 2314 Hanc
1010 2293 1063 2314 se-

103 2400 150 2429 13)
170 2400 203 2424 de
222 2399 316 2427 ducta]
335 2398 384 2422 Ed.
405 2399 479 2424 1546.
498 2400 584 2424 male:
609 2400 734 2425 deducta.

98 2445 148 2473 14)
170 2444 250 2475 plane
269 2443 344 2471 erat]
363 2443 414 2468 Ed.
434 2443 508 2468 1546.
529 2445 590 2467 erat
609 2444 698 2474 plane.

98 2488 147 2516 15)
166 2488 224 2511 Hoc
254 2487 445 2516 argumentum
472 2486 572 2510 habent
602 2487 685 2514 Editt.
712 2487 933 2519 1537—1554.‚
972 2488 1058 2519 1557.‚

136 2522 228 2552 1560„
250 2521 315 2544 1565
330 2534 352 2537 -
368 2520 459 2549 1596„
480 2521 555 2546 1601.

99 2564 145 2597 16)
164 2566 222 2589 Hoc
244 2565 435 2595 argumentum
455 2564 481 2586 et
500 2563 554 2587 tria
573 2564 718 2595 sequeutia
735 2566 769 2589 ab
784 2565 972 2597 Editt.1556.,
993 2566 1059 2590 1565

131 2599 248 2623 —1596.
270 2599 437 2622 exhihentur.

96 2641 144 2670 17)
164 2641 312 2671 epistolae]
332 2640 382 2664 Ed.
403 2639 479 2663 1556.
499 2646 596 2664 errore
614 2642 742 2673 typogr.:
760 2642 885 2673 epistola.

95 2684 143 2713 18)
162 2686 223 2708 erat
240 2684 373 2712 Plancus]
399 2682 440 2707 sic
462 2683 547 2707 Editt.
568 2684 774 2718 1565—1577.;
804 2686 855 2710 Ed.
875 2686 950 2711 1556.
969 2686 1057 2711 Plau-

128 2725 177 2743 cus
196 2720 267 2743 erat.

94 2761 140 2789 19)
162 2761 232 2786 Plut.
253 2760 350 2785 Cicero
370 2767 393 2784 c.
411 2761 452 2784 41.

2068 152 2139 188 154

1147 235 1268 281 quitur
1292 236 1486 270 confutatio
1512 237 1648 282 primae
1674 238 1784 282 partis
1813 239 2066 273 consolationis
2095 240 2138 272 de

1144 295 1350 332 recuperata
1376 289 1547 332 dignitate
1570 289 1606 322 in
1633 290 1740 329 urbe,
1784 291 1903 323 addita
1932 290 2138 324 delinitione

1144 339 1337 383 dignitatis.
1389 340 1498 373 Addit
1515 347 1549 373 et
1564 340 1877 386 amplificationem
1895 343 1936 375 de
1959 343 2030 376 suls
2055 354 2137 375 con-

1143 390 1229 425 siliis
1242 417 1250 431 ‚
1279 392 1376 437 quod
1394 404 1533 436 semper
1547 393 1653 426 fuerit
1669 393 1817 436 cupidus
1833 393 1942 437 pacis.
1996 394 2135 426 Deinde

1143 443 1185 474 ad
1220 442 1368 476 alteram
1404 450 1543 488 partem
1576 444 1822 488 gratulationis
1851 446 2043 488 respondet
2073 457 2135 489 per

1140 493 1284 527 brevem
1311 495 1617 528 enumerationem
1643 507 1851 537 causarum,
1891 508 2001 542 quare
2032 508 2135 540 repu-

1141 544 1235 577 diata
1252 558 1362 578 uxore
1381 545 1568 587 Terentia,
1597 560 1686 593 quae
1705 548 1923 591 negligenter
1941 560 2015 580 rem
2034 548 2135 580 fami-

1139 596 1262 629 liarem
1291 597 1328 629 in
1351 597 1509 630 absentia
1534 599 1656 632 mariti
1681 599 2014 639 administraverat,
2050 599 2133 631 alte-

1139 659 1216 680 ram
1237 649 1375 681 duxerit
1391 649 1479 681 bene
1497 650 1655 683 dotatam
1672 651 1826 695 puellam
1838 677 1847 691 ,
1872 650 2035 684 x‘idelicet
2058 662 2132 682 ma-

1139 698 1232 732 xime
1259 699 1304 732 ob
1337 711 1413 732 eam
1449 712 1610 741 causam,
1651 709 1691 735 ut
1721 702 1917 735 exsolveret
1946 715 1982 735 se
2013 701 2130 734 alieno

1138 762 1231 784 aere.
1285 750 1413 784 Postea
1432 754 1637 786 consolatur
1652 753 1847 792 Plancum,
1876 753 1932 785 cui
1951 753 2033 786 facit
2058 765 2131 786 cer·

1137 807 1208 834 tam
1229 814 1327 846 spem
1343 803 1477 836 reditus
1502 803 1539 835 in
1558 805 1695 838 urbem.
1749 803 1788 836 ln
1805 805 1872 837 fine
1891 810 1941 837 est
1960 805 2131 850 pollicita-

1137 852 1186 885 tio
1206 854 1260 886 sui
1279 853 1403 894 officii,
1429 854 1550 889 addita
1575 856 1676 889 brevi
1699 853 1952 890 adhortatione
1979 858 2022 889 ad
2048 855 2130 890 scri-

1135 904 1304 939 bendum.

1386 982 1525 1017 Aliud
1558 989 1881 1027 argumentum.

1236 1048 1395 1094 Epistola
1423 1058 1473 1085 est
1497 1052 1723 1096 responsoria
1756 1053 1800 1085 ad
1834 1052 1971 1085 litteras
1994 1050 2130 1089 Planci,

1135 1101 1194 1145 qni
1227 1101 1416 1145 dupliciter
1440 1104 1635 1147 gratulatus
1660 1110 1735 1136 erat
1759 1104 1923 1137 Ciceroni
1958 1109 1989 1136 ct
2016 1102 2130 1146 digni-

1135 1158 1240 1184 tatem
1259 1161 1504 1197 recuperatam
1525 1155 1561 1187 in
1581 1155 1687 1195 urbe,
1722 1162 1756 1188 et
1777 1157 1947 1189 secundas
1974 1155 2129 1198 nuptias.

1131 1202 1193 1236 Est
1210 1210 1328 1236 autem
1347 1211 1421 1237 tota
1443 1206 1590 1249 epistola
1612 1205 1780 1239 contiliua
1809 1207 1984 1251 quaedam
2005 1217 2128 1238 narra-

1132 1254 1193 1287 tio.
1263 1254 1421 1288 Tantum
1447 1256 1542 1289 enim
1567 1258 1761 1300 respondet
1787 1258 1828 1290 de
1856 1269 1917 1291 sua
1941 1257 2126 1302 dignitate,

1131 1305 1224 1337 etde
1242 1306 1404 1339 secundis
1424 1307 1569 1351 nuptiis.
1628 1308 1744 1341 Porro
1767 1309 1867 1353 prior
1891 1320 1994 1352 pars,
2030 1308 2126 1340 vide-

1130 1355 1210 1388 licet
1228 1357 1270 1388 de
1288 1356 1459 1400 dignitate
1471 1384 1480 1398 ,
1508 1359 1687 1402 eleganter
1703 1366 1753 1393 est
1771 1361 1919 1403 figurata
1938 1360 2050 1393 tribus
2076 1359 2126 1391 lo-

1129 1407 1196 1446 cis,
1238 1408 1402 1441 videlicet
1432 1410 1679 1449 concessione,
1730 1411 1950 1444 correctione
1984 1417 2018 1444 et
2048 1422 2123 1442 aln-

1128 1458 1344 1503 plificatione
1375 1460 1418 1493 de
1451 1461 1522 1495 suis
1555 1460 1731 1502 consiliis,
1776 1463 1958 1508 quomodo
1985 1473 2125 1506 semper

1127 1521 1251 1544 amans
1268 1510 1363 1555 pacis
1377 1512 1495 1546 fuerit.
1547 1511 1588 1545 In
1610 1513 1718 1545 altera
1745 1521 1845 1558 parte
1873 1526 1994 1547 causas
2019 1525 2125 1558 expo-

1126 1561 1197 1601 nit,
1238 1574 1349 1607 quare
1381 1563 1569 1608 repudiata
1594 1564 1764 1597 Terentia
1797 1565 1944 1598 alteram
1972 1577 2122 1598 uxorem

1125 1613 1283 1653 duxerit,
1316 1614 1481 1648 videlicet
1514 1622 1554 1649 nt
1584 1628 1619 1649 se
1651 1617 1847 1650 exsolveret
1880 1629 1960 1650 aere
1992 1617 2122 1649 alieno.

1124 1663 1163 1697 In
1180 1666 1248 1697 fine
1267 1665 1413 1709 ponitur
1431 1667 1648 1707 consolatio,
1686 1668 1742 1701 cui
1768 1675 1819 1702 est
1842 1668 1960 1701 addita
1984 1667 2122 1712 pollici-

1124 1716 1210 1749 tatio
1234 1717 1361 1757 osficii,
1394 1724 1428 1750 et
1449 1718 1567 1754 brevis
1592 1717 1816 1761 adhortatio,
1853 1726 1892 1754 ut
1916 1732 2024 1766 quain
2049 1719 2122 1764 pri-

1124 1780 1221 1801 mum
1238 1768 1423 1803 rescribat.

1373 1845 1507 1879 Aliud
1534 1854 1865 1891 argumentum.

1223 1912 1407 1957 Principio
1437 1920 1489 1948 est
1519 1915 1720 1959 propositio
1751 1916 2002 1950 distributione
2034 1929 2117 1950 con-

1120 1968 1228 1997 stans.
1301 1963 1440 1998 Deinde
1465 1966 1614 2010 ponitur
1635 1968 1904 2001 narratiuncula
1931 1968 2117 2002 continens

1120 2015 1390 2058 responsionem
1431 2017 1680 2060 gratulationis
1731 2030 1795 2062 per
1843 2020 2115 2059 correctionem,

1120 2077 1211 2110 qnae
1234 2066 1403 2099 dilemma
1422 2065 1541 2102 habet.
1592 2068 1725 2114 Estque
1751 2069 1946 2109 sententia,
1980 2082 2015 2103 se
2040 2082 2115 2103 non

1118 2128 1343 2161 recuperasse
1376 2118 1564 2162 pristinam
1596 2120 1805 2164 dignitatem
1837 2134 1876 2154 ac
1899 2121 2114 2156 libertatem.

1116 2167 1245 2201 Addita
1264 2175 1316 2203 est
1333 2171 1561 2214 amplificatio
1584 2172 1626 2205 de
1648 2172 1740 2205 bello
1762 2172 1874 2213 civili,
1908 2178 1941 2206 et
1965 2173 2008 2206 de
2030 2185 2113 2206 con-

1116 2219 1261 2253 scientia
1285 2221 1392 2262 recti,
1433 2229 1608 2268 quatenus
1638 2221 1706 2256 hoc
1733 2224 1866 2258 bellum
1890 2231 2028 2259 secutus
2055 2225 2111 2259 sit.

1115 2270 1284 2317 Sequitur
1317 2272 1427 2306 altera
1453 2275 1721 2308 narratiuncula
1748 2276 1791 2309 de
1812 2276 1916 2309 rebus
1942 2276 2109 2309 domesti-

1115 2322 1181 2363 cis,
1208 2329 1242 2356 et
1259 2324 1362 2367 ponit
1378 2336 1521 2359 causam
1539 2326 1697 2367 consilii,
1725 2339 1835 2372 quare
1856 2327 2003 2360 alteram
2022 2340 2109 2360 uxo-

1113 2386 1208 2415 rem,
1255 2375 1369 2419 priori
1403 2378 1608 2421 repudiata,
1651 2378 1801 2412 duxerit.
1880 2378 2008 2412 Postea
2045 2390 2109 2422 per

1112 2425 1361 2460 transitionem
1383 2429 1530 2472 ponitur
1552 2427 1875 2464 adhortatiuncula.
1935 2429 2107 2474 Epilogus

1111 2475 1219 2510 habet
1233 2478 1528 2523 pollicitationem
1548 2480 1665 2514 officii.

1161 2570 1488 2616 Argumentum
1525 2579 1568 2606 et
1599 2571 1778 2607 scholia
1806 2575 1852 2608 in
1880 2575 2054 2620 episto-

1510 2624 1595 2657 lam
1630 2624 1706 2660 XV.

1212 2698 1489 2733 Narratiuncula
1517 2705 1586 2741 est,
1625 2700 1664 2734 in
1688 2714 1758 2747 qua
1784 2702 1885 2735 brevi
1910 2702 2102 2747 partitione

1109 2749 1239 2789 utitur,
1277 2762 1345 2794 qua
1368 2749 1503 2784 litteras
1527 2751 1651 2785 Planci
1675 2753 1805 2797 partim
1830 2755 1979 2798 probat,
2020 2766 2100 2798 par-
