2351 2990
182 128 253 162 467

185 213 434 247 Narrationem
457 212 616 257 sequitur
637 211 780 256 petitio,
814 216 853 242 ut
876 221 955 242 eum
980 208 1167 252 diligenter

184 265 470 297 commendatum
489 262 629 296 habeat.

429 347 565 380 Aliud
600 349 926 389 argumentum.

286 414 558 449 Narratiunrul.·i
577 418 625 445 est
644 411 827 444 continens
846 411 966 444 laudes
983 409 1103 450 Lucii,
1131 409 1169 442 in

185 466 310 511 quilius
333 465 482 497 maxiun·
500 462 678 507 praedicat
695 461 841 495 virtutes
858 467 891 494 et
909 473 1038 495 mores.
1078 459 1169 495 Nar—

186 517 417 549 ratiunculam
458 514 617 559 sequitur
656 512 814 557 epilogus
857 512 1043 545 continens
1074 523 1169 544 com-

186 566 461 599 lnciulationem.

346 663 531 699 Scholia
563 664 607 697 in
641 664 884 709 epistolam
911 663 1002 699 XIV.

284 741 314 785 ξ’.
337 743 369 775 1.
397 743 502 775 Lucio
521 739 733 788 Titione⁷³)]
760 741 928 776 Narratio
940 740 999 787 7·”).

287 791 317 836 ξ.
335 795 371 828 2.
398 794 479 826 Peto
496 805 517 826 α
536 790 586 839 te]
613 792 756 827 Potitio.

477 876 805 921 Argumentum
820 876 879 923 75).

285 944 521 978 Commendat
544 944 656 977 Bruto
689 944 843 989 equitem
870 943 1096 982 Romanum,
1130 953 1171 975 ac

184 1002 304 1039 rogat,
329 1002 368 1028 ut
386 995 459 1029 eius
477 996 643 1028 libertum
669 995 705 1027 in
732 995 902 1038 exigendo
927 994 1047 1027 debito
1071 993 1169 1026 adiu-

184 1053 252 1080 vot.
307 1045 455 1079 Orditur
473 1059 491 1078 a
512 1046 717 1078 narratione
741 1046 784 1078 de
809 1045 920 1079 causis
945 1044 1172 1078 commenda-

185 1096 301 1130 tionis.
355 1097 522 1141 Sequitur
544 1096 688 1140 petitio,
722 1095 779 1129 cui
801 1096 932 1129 inserta
957 1102 1008 1130 est
1032 1096 1172 1139 elegans

184 1147 356 1181 sententia
375 1149 416 1180 de
434 1147 690 1186 sollicitudine,
722 1159 812 1192 quae
829 1147 932 1180 debet
955 1159 1026 1180 esse
1050 1147 1087 1178 in
1112 1158 1172 1178 ne-

185 1199 287 1241 gotiis
307 1199 515 1231 amicorum.
576 1198 747 1231 Petitioni
764 1198 906 1231 additur
921 1198 1013 1231 ratIO
1031 1209 1049 1229 a
1065 1196 1173 1240 grati-

186 1249 317 1282 tudine.
370 1248 408 1282 Iu
430 1250 497 1282 line
515 1255 566 1282 est
582 1249 735 1282 clausula
749 1275 758 1289 ‚
783 1261 844 1282 seu
859 1249 1024 1293 repetitio
1042 1259 1173 1292 propo-

186 1307 332 1334 sitionis.

432 1374 567 1408 Aliud
596 1380 935 1419 argumentum:

288 1442 564 1476 Narratiuncula
589 1447 640 1475 est
665 1442 708 1474 de
732 1441 886 1475 amicitia
904 1440 1108 1481 Strabonis,
1141 1447 1176 1474 et

187 1495 229 1526 de
249 1493 322 1526 eius
340 1493 498 1525 debitore
522 1493 557 1524 in
576 1492 705 1526 Gallia.
766 1491 934 1537 Sequitur
956 1492 1100 1536 petitio,
1136 1498 1176 1525 ut

189 1545 331 1578 adiuvet
347 1544 514 1576 libertum
533 1542 718 1576 Strabonis
736 1542 773 1575 in
789 1543 957 1587 exigenda
975 1542 1136 1587 pecunia.

359 1640 544 1676 Scholia
579 1642 624 1674 in
660 1641 903 1686 epistolam
933 1642 1007 1677 XV.

293 1716 324 1762 ἓ.
350 1719 382 1751 1.
425 1719 631 1751 ΡναεεῖΙὶυηι
656 1715 737 1764 tibi]
770 1718 988 1763 Propositio.

189 1767 336 1815 patrem]
365 1768 473 1801 Ratio
490 1781 509 1801 a
528 1780 679 1812 persona
701 1769 822 1811 patris.

295 1818 325 1863 ξ.
341 1822 376 1854 2.
404 1821 471 1852 Sed
488 1831 537 1852 me
551 1820 663 1851 minus
672 1817 738 1864 76)]
762 1819 957 1859 Correctio,
985 1831 1054 1865 qua
1072 1818 1179 1862 signi-

193 1872 271 1903 ficat
288 1870 468 1914 poenitere
482 1881 535 1910 se,
562 1869 658 1914 quod
674 1881 747 1902 non
764 1870 808 1903 sit
829 1876 966 1904 secutus
992 1870 1179 1904 consilium

193 1921 369 1955 Praecilii.

1093 1721 1178 1753 Tum

488 1995 878 2042 Argumentum'ff).

300 2064 431 2109 Magno
457 2064 605 2096 artificio
631 2069 665 2096 et
684 2063 854 2107 singulari
878 2063 1025 2097 consilio
1051 2065 1181 2109 scripta

199 2122 247 2149 est
265 2113 350 2148 haec
372 2115 633 2148 commendatio
646 2140 655 2154 ,
690 2127 758 2159 qua
777 2114 900 2147 Cicero
919 2115 1061 2148 Caesari
1075 2116 1183 2149 Prae-

200 2167 317 2199 rilimn
345 2167 580 2199 commendat.
633 2163 673 2197 In
694 2165 810 2197 media
838 2166 932 2198 enim
956 2168 1182 2199 commenda-

200 2217 294 2249 tione
311 2217 506 2260 interponit
525 2216 699 2259 egregiam
724 2217 983 2249 excusationem
1008 2217 1063 2250 sui
1088 2229 1183 2250 erro-

203 2267 267 2307 ris,
311 2269 407 2313 quod
437 2267 475 2299 in
505 2267 598 2299 bello
624 2266 717 2298 civili
740 2266 857 2309 potius
878 2267 1043 2311 Pompeii
1067 2274 1184 2312 partes

239 2398 286 2428 73)
311 2399 436 2427 Titioue]
456 2398 496 2422 sic
518 2398 583 2421 illae
601 2397 685 2421 Editt.
705 2398 731 2421 et
751 2397 804 2427 al.;
828 2397 875 2422 Ed.
896 2397 982 2422 oren.
1003 2399 1089 2424 Titio.

239 2440 287 2467 7⁴)
307 2441 379 2463 liare
399 2443 461 2464 nota
480 2442 506 2463 et
525 2446 644 2469 sequens
659 2439 878 2468 inEditt.1537.,
899 2440 983 2468 1540„
1005 2441 1091 2469 ¹545„
1112 2441 1184 2466 1560.

274 2474 439 2504 afferuntur;
465 2474 491 2497 in
511 2474 594 2497 Editt.
613 2475 702 2503 ¹5⁴4„
725 2475 815 2504 1554„
837 2474 911 2499 1557.
931 2474 1038 2499 desunt.

239 2516 286 2543 75)
307 2517 363 2572 Htoc
373 2518 568 2572 targumentum
586 2518 613 2540 et
630 2522 747 2546 sequens
761 2516 786 2539 in
802 2516 883 2541 Editt.
897 2516 986 2548 1556„
1007 2517 1185 2542 1565—1596.

275 2556 322 2573 exs
337 2556 369 2573 an
386 2567 391 2573 .

238 2592 287 2620 76)
306 2592 359 2615 Pro
385 2592 424 2614 his
449 2592 503 2615 cic.
528 2592 620 2615 verbis
644 2591 671 2616 in
696 2591 780 2617 Editt.
801 2592 893 2621 1545,
925 2593 997 2618 1560.
1022 2593 1082 2618 huic
1105 2595 1187 2618 notae

276 2626 395 2656 praefixa
413 2628 476 2649 sunt
496 2627 651 2654 sequentia:
678 2627 780 2657 Itaque
798 2627 833 2650 ab
853 2627 979 2651 Homeri.

239 2668 286 2696 ⁷7)
308 2668 364 2691 Hoc
390 2670 576 2696 argumentum
595 2670 622 2691 et
640 2668 691 2694 duo
710 2668 852 2700 sequentia
870 2669 895 2693 in
914 2669 1098 2703 Editt.1556.,
1120 2670 1187 2695 1565

272 2702 386 2727 -1596,
405 2702 585 2726 inveniuntur.

754 122 876 158 PHIL.
912 122 1025 158 MEL.
1057 119 1258 174 SCRIPTA
1283 119 1618 156 PHtLOLOGICA.

2129 122 2202 158 468

1219 214 1355 241 secutus
1373 214 1459 248 erat,
1487 220 1592 253 quam
1608 206 1780 246 Caesaris,
1808 206 1913 252 idque
1928 204 1994 239 hac
2010 208 2207 251 occasione,

1221 260 1316 303 quod
1343 270 1361 291 a
1387 259 1550 292 l‘raecilii
1577 264 1677 303 patre
1704 258 1748 290 ob
1777 258 1813 290 id
1846 257 2051 302 obiurgatus
2078 259 2206 294 suerat.

1220 310 1384 343 Ostendit
1407 316 1523 343 autem
1546 310 1636 342 mira
1660 314 1735 341 arte
1757 320 1793 342 se
1816 314 1850 341 et
1873 306 2061 342 honestum
2094 310 2207 344 consi-

1221 360 1307 393 lium
1326 367 1482 394 secutum
1505 373 1598 401 esse,
1625 366 1659 393 et
1677 360 1807 393 fatetur
1822 371 1857 393 se
1878 359 2124 404 imprudenter
2140 361 2206 394 sal-

1221 424 1298 444 sum
1317 423 1400 445 esse.
1452 410 1608 445 Exorsus
1625 416 1675 444 cst
1691 422 1710 443 a
1727 410 1994 455 propositione,
2027 411 2083 444 cui
2100 412 2209 445 inter-

1222 461 1330 496 seruit
1347 462 1502 496 rationes
1517 463 1559 494 de
1583 461 1860 501 necessitudine,
1895 467 1930 494 ct
1951 462 2061 494 animi
2086 463 2207 496 condi-

1223 513 1330 545 tione.
1381 512 1519 545 Deinde
1538 513 1672 545 accedit
1696 513 1740 545 ad
1764 512 1880 545 locum
1905 524 1987 545 suae
2015 514 2208 547 excusatio-

1222 563 1296 604 nis,
1318 562 1379 608 qui
1397 570 1447 597 est
1466 563 1634 607 digressio
1653 563 1827 608 quaedam
1846 575 1864 596 a
1881 576 1944 596 suo
1963 564 2138 605 instituto,
2165 565 2210 598 ad

1224 614 1320 659 quod
1353 614 1567 659 digreditur,
1598 613 1701 658 circa¹
1719 615 1826 648 finem
1855 621 2017 659 repetens
2047 615 2210 660 proposi-

1224 672 1369 699 tlonem.

1463 739 1603 775 Aliud
1631 747 1966 785 argumentum.

1326 808 1598 843 Commendatio
1622 814 1692 849 cst,
1727 821 1818 854 quae
1843 814 1998 849 constat,
2026 808 2116 842 sicut
2137 809 2213 853 ipse

1224 859 1346 893 Cicero
1365 860 1432 900 ait,
1459 872 1553 893 novo
1571 872 1698 904 genere
1720 860 1932 893 litterarum.
1984 859 2099 892 Porro
2118 872 2212 893 sum-

1225 923 1281 943 ma
1310 910 1630 944 commendatIOnis
1655 917 1724 951 est,
1758 916 1798 944 ut
1820 910 2078 943 adolescentem
2104 909 2212 944 Prae-

1224 961 1342 994 cilium
1362 967 1516 1006 propter
1538 967 1675 1005 patrem
1703 961 1819 994 virum
1843 959 2130 995 honestissimum
2160 961 2214 994 in-

1225 1013 1347 1056 primis
1365 1013 1653 1045 cormnendatum
1670 1010 1811 1045 habeat.
1862 1012 1959 1045 Loco
1979 1012 2115 1045 exordIi
2131 1012 2214 1046 sim-

1223 1063 1303 1107 plex
1320 1063 1466 1108 ponitur
1481 1062 1677 1107 propositio
1689 1089 1698 1103 ,
1726 1063 1782 1096 cui
1796 1069 1878 1096 sunt
1895 1063 2036 1096 additae
2051 1063 2141 1096 duae
2155 1074 2212 1095 ra-

1225 1114 1338 1147 tiones
1355 1126 1373 1145 a
1391 1125 1542 1157 persona
1559 1112 1804 1151 adolescentis,
1833 1119 1867 1145 et
1881 1112 1936 1145 sui
1953 1112 2121 1157 parentis,
2151 1113 2213 1158 qui

1226 1165 1318 1197 inter
1333 1170 1470 1197 caetera
1490 1163 1604 1196 officia
1625 1162 1812 1196 consilium
1829 1163 1983 1203 dederit,
2015 1175 2059 1195 ne
2075 1175 2111 1196 se
2130 1175 2213 1196 con-

1226 1216 1388 1259 iungeret
1411 1214 1535 1248 Cicero
1552 1213 1794 1258 Pompeianis.
1853 1214 1930 1246 Hoc
1956 1220 2127 1259 tanquam
2149 1211 2214 1247 ho<

1226 1266 1464 1299 nestissimum
1479 1277 1518 1297 ac
1533 1265 1759 1298 utilissimum
1784 1263 1852 1297 sibi
1876 1266 2076 1308 praedicat,
2108 1265 2214 1308 signi-

1227 1318 1333 1350 ficans
1359 1328 1394 1349 se
1416 1328 1511 1349 nunc
1535 1316 1729 1348 admodum
1760 1315 1961 1359 poenitere,
2001 1316 2097 1360 quod
2125 1316 2215 1348 tanti

1228 1367 1294 1400 viri
1321 1367 1506 1400 consilium
1532 1378 1606 1399 non
1631 1366 1675 1399 sit
1698 1372 1848 1399 secutus.
1901 1365 2089 1400 Conclusio
2108 1364 2216 1399 habet

1227 1418 1474 1462 repetitionem
1508 1417 1784 1461 propositionis,
1825 1417 1946 1449 addita
1981 1428 2085 1451 causa
2111 1414 2216 1451 huius

1228 1481 1343 1502 novae
1359 1467 1691 1502 commendationis.

1473 1550 1614 1584 Aliud
1642 1555 1968 1594 argumentum.

1330 1618 1475 1652 Exordii
1495 1619 1572 1651 loco
1602 1624 1653 1651 est
1675 1617 1789 1661 posita
1816 1616 2014 1661 propositio
2038 1629 2217 1652 commen-

1230 1670 1395 1704 dationis.
1446 1669 1553 1702 Ratio
1572 1675 1712 1711 sumpta
1734 1673 1786 1699 est
1809 1679 1828 1699 a
1857 1679 2027 1710 persona,
2062 1671 2158 1713 quod
2179 1671 2217 1703 in

1231 1721 1391 1755 civilibus
1407 1719 1684 1753 dissensionibus
1700 1716 1863 1750 hortator
1880 1717 2053 1759 extiterit,
2079 1726 2119 1753 ut
2137 1733 2215 1754 cum

1232 1773 1380 1806 Caesare
1405 1784 1440 1805 se
1464 1770 1694 1813 coniungeret
1717 1768 1851 1802 Cicero.
1915 1768 2053 1802 Deinde
2075 1771 2218 1805 additur

1232 1822 1417 1856 translatio
1435 1822 1556 1865 culpae
1569 1847 1578 1861 ,
1606 1832 1715 1865 quare
1733 1831 1807 1852 non
1826 1819 2123 1863 obtemperaverit
2143 1822 2218 1856 eius

1232 1871 1496 1912 adhortationi,
1532 1877 1565 1904 et
1584 1871 1743 1916 sequitur
1757 1870 1874 1903 brevis
1893 1870 2046 1914 querela.
2096 1872 2219 1917 Epilo-

1234 1937 1296 1969 gus
1315 1923 1472 1957 continet
1490 1922 1737 1967 repetitionem
1755 1920 2021 1965 propositionis.

1448 2007 1584 2041 Aliud
1619 2005 1998 2053 argumentumff).

1337 2076 1474 2120 Scripta
1492 2081 1542 2109 est
1558 2073 1644 2107 haec
1670 2073 1816 2117 epistola
1841 2079 1922 2117 post
1944 2079 2096 2107 mortem
2111 2074 2219 2109 Pom-

1235 2128 1324 2174 peii,
1348 2128 1481 2161 victore
1499 2127 1570 2158 iam
1586 2124 1753 2157 existente
1771 2124 1932 2159 Caesare.
1985 2124 2219 2160 Commendat

1237 2186 1354 2213 autem
1373 2178 1405 2211 ei
1420 2176 1631 2211 Praecilium
1652 2182 1685 2208 et
1701 2181 1843 2219 arrepta
1871 2175 2054 2210 occasione
2077 2177 2120 2210 de
2147 2178 2219 2211 sui³

1236 2230 1414 2276 prioribus
1430 2235 1463 2261 et
1479 2226 1721 2272 praesentibus
1740 2226 1894 2260 consiliis
1910 2227 2049 2267 scribit,
2082 2235 2116 2261 et
2130 2241 2218 2274 quo-

1237 2282 1344 2314 modo
1373 2281 1445 2312 iam
1477 2278 1596 2317 aliter,
1636 2290 1675 2309 ac
1698 2277 1795 2322 prius
1818 2278 1951 2318 suerat,
1993 2278 2137 2314 affectus
2162 2279 2218 2313 sit.

1238 2332 1364 2370 ἄλλως.
1408 2328 1969 2363 CommendatCaesariPraecilii
1985 2329 2107 2364 filium.
2150 2329 2218 2363 Ini-

1238 2383 1286 2416 tio
1303 2381 1484 2427 proponit,
1511 2386 1630 2424 postea
1648 2380 1747 2412 addit
1761 2381 1937 2413 rationem
1953 2392 1971 2412 a
1990 2392 2138 2424 persona
2157 2393 2218 2425 pa-

1238 2434 1317 2474 tris,
1346 2432 1441 2478 quod
1458 2431 1525 2464 sibi
1540 2430 1585 2464 sit
1600 2430 1754 2470 amicus,
1781 2443 1821 2463 ac
1847 2443 1951 2475 saepe
1975 2432 2144 2471 moverit,
2180 2439 2219 2465 ut

1238 2497 1272 2519 se
1289 2497 1367 2518 cum
1386 2483 1534 2516 Caesare
1559 2481 1800 2525 coniungeret.
1860 2482 1952 2526 Quia
1977 2489 2092 2515 autem
2108 2482 2217 2516 Grae-

1239 2548 1296 2569 cos
1311 2547 1428 2568 versus
1442 2532 1589 2566 Homeri
1606 2532 1826 2573 iuterseruIt,
1854 2532 2036 2566 obscurior
2054 2539 2122 2572 est;
2157 2536 2217 2568 sed

1238 2585 1432 2620 sentcntiae
1450 2590 1530 2628 apte
1544 2590 1625 2617 sunt
1641 2584 1811 2617 redditae.

1271 2703 1319 2732 78)
1338 2703 1394 2727 Hoc
1416 2703 1604 2734 argumentum
1623 2703 1722 2727 nabent
1739 2702 1821 2726 Editt.
1840 2701 2027 2727 1565-1596.

2324 0 2337 68 ..Α
