2351 2990
122 138 198 174 977
297 136 451 172 XXXIX.

502 133 903 171 INTERPRETATIO
928 131 1191 168 ORATIONIS
1214 131 1430 167 LYCURGI
1457 132 1655 167 CONTRA
1678 130 1990 166 LEOCRATEM.

2091 132 2165 166 978

247 224 440 260 Melanthon,
471 227 503 251 ut
523 221 606 250 huius
630 220 767 248 orationis
791 221 862 248 duos
885 221 980 257 locos,
1009 228 1119 257 nempe
1143 217 1377 248 iusiurandum
1400 216 1553 257 (prius),
1577 228 1633 256 qno
1656 227 1722 246 sese
1746 218 1964 255 obstringebant
1987 218 2054 245 novi
2077 218 2164 254 cives,

121 265 163 305 (§.
179 264 230 295 ¹77.
254 266 310 295 Ed.
333 267 506 300 Maetzner‚
531 274 561 301 p.
585 262 658 292 956.
682 263 769 291 huius
791 264 1043 301 interpretationis
1066 262 1153 299 Mel.)
1179 263 1208 290 in
1230 263 1292 299 ipsa
1316 262 1448 289 oratione
1471 263 1606 289 omissum
1621 259 1683 299 ¹2⁰),
1708 267 1738 288 et
1761 262 1991 288 narrationem
2015 259 2055 289 de
2071 257 2165 298 filio,

120 309 181 348 qui
203 314 337 346 patrem
359 318 407 337 ex

419 306 568 347 flamma
590 306 740 344 gestavit
764 304 826 345 (§§.
843 305 894 334 95.
916 305 969 335 96.
994 306 1085 334 eiusd.
1109 306 1185 339 Ed.;
1217 315 1283 342 pag.
1301 303 1374 333 960.
1399 303 1483 331 huius
1507 304 1757 341 interpretationis
1780 303 1868 339 Mel.)
1893 304 2067 339 illustraret,
2092 304 2163 330 duos

121 353 244 380 aliorum
267 359 418 380 auctorum
440 359 613 389 graecorum
636 349 713 377 locos
736 355 765 377 et
787 358 895 387 graece
918 358 987 377 suae
1011 350 1111 387 graeei
1133 354 1233 376 textus
1257 348 1394 383 editioni,
1433 354 1462 375 et
1494 348 1584 375 latine
1614 347 1746 375 redditos
1769 355 1840 374 suae
1863 347 2098 383 interpretationi
2121 346 2164 373 la-

121 395 200 424 tinae
222 395 252 423 in
275 395 335 423 fine
358 395 464 423 adiecit
479 391 541 432 2Ῑ);

469 473 505 514 l.
564 468 1017 511 Iusiurandum
1056 467 1329 507 Atticum
1369 479 1437 506 ex
1477 464 1819 518 Stobae022)

683 555 947 578 conversum
982 554 1002 577 a
1035 541 1255 587 Philippo
1283 540 1591 575 Melanthone.

219 630 303 664 Non
320 628 448 663 faciam
465 629 612 673 indigna
627 629 736 663 sacris
761 629 890 669 armis,
918 640 1034 673 neque
1061 627 1120 659 de-
1143 647 1146 687 ἓ

1169 626 1275 659 rebus
1290 625 1467 665 iudicatis,
1494 631 1528 657 et
1543 625 1679 669 legibus
1696 626 1819 669 positis
1841 628 2108 672 obtemperabo,
2133 634 2165 661 et

119 692 235 715 seram
266 693 386 714 rneuin
416 681 702 725 manipularem,
747 681 945 724 cuicunque
980 680 1015 710 in
1045 677 1118 710 acie
1143 698 1145 730 ε
1169 676 1231 717 iis,
1281 690 1368 722 quas
1401 676 1583 709 communi
1613 689 1785 711 consensu
1815 679 1980 723 deinceps
2012 680 2165 724 populus

119 732 308 766 adiunctus
339 745 412 765 ero.
480 732 654 776 Pugnabo
686 738 802 764 autem
830 743 895 775 pro
920 729 1061 774 templis
1085 735 1119 761 et

116 795 184 828 pro
211 783 342 817 divinis
365 784 514 824 ritibus,
554 790 588 817 et
619 783 714 818 solus
747 789 781 815 et
810 782 848 814 in
877 780 1119 814 multitudine.

116 835 279 868 Patriam
308 848 382 868 non
403 835 617 869 deteriorem
642 833 812 874 efficiam,
846 834 907 866 sed
929 833 1117 865 meliorem

116 899 226 932 quam
250 887 380 932 accepi.
444 887 491 921 Et
513 899 653 931 semper
679 885 936 929 obtemperabo
959 885 1119 918 modeste

1170 729 1310 762 condet.
1368 727 1413 760 Et
1439 727 1467 761 si
1495 727 1573 772 quis
1596 729 1748 761 mutabit
1771 729 1882 773 leges,
1917 737 1977 763 aut
2003 742 2077 763 non
2104 731 2166 764 ob-

1170 779 1405 824 temperabit,
1446 791 1521 811 non
1550 780 1757 813 concedam.
1823 780 1896 814 Ero
1930 788 2047 814 autem
2082 795 2165 826 pro-

1169 837 1372 876 pugnator,
1401 837 1435 863 et
1452 830 1568 871 solus,
1597 837 1631 863 et
1656 831 1691 863 in
1720 831 1968 872 multitudine,
1998 840 2031 866 et
2048 834 2164 877 patria

1170 895 1269 917 sacra
1290 883 1417 916 colam.
1471 881 1531 914 Dii
1548 883 1619 915 sint
1636 888 1740 916 testes
1758 881 1887 917 horum
1907 885 2096 919 dictorum.

117 1008 158 1049 2.
199 1008 277 1047 Ex
308 1007 534 1048 Aeliano
568 1005 627 1045 de
659 1004 823 1059 filiis,
860 1006 947 1058 qui
977 1009 1159 1058 patres
1195 1016 1259 1044 ex
1291 1001 1543 1044 incendio
1575 1009 1891 1058 gestarunt,
1923 1006 2162 1046 narratio

685 1092 907 1116 conversa
935 1093 955 1115 a
979 1079 1196 1126 Philippo
1224 1076 1592 1124 Melanthone‘22).

218 1167 434 1212 Olympiade
454 1166 667 1211 octogesima
687 1167 801 1212 prima
814 1194 823 1208 ,
860 1167 983 1200 dicunt
999 1166 1114 1199 Aetna

116 1219 245 1252 eiectos
264 1232 338 1252 esse
352 1219 580 1252 flammarum
600 1219 742 1263 globos,
779 1220 924 1264 quando
941 1217 1114 1252 Philono—

114 1283 194 1304 mus
217 1277 252 1303 et
274 1270 403 1304 Callias
427 1270 618 1310 Catanaei,
662 1276 828 1315 parentes
860 1283 923 1315 per
953 1271 1112 1303 medium

112 1322 317 1356 incendium
334 1319 494 1355 humeris
516 1322 704 1367 impositos
728 1328 1025 1365 asportaverunt,
1052 1333 1112 1365 pe—

114 1374 217 1408 cunia
237 1380 270 1407 et
286 1374 363 1407 aliis
378 1374 484 1408 rebus
508 1374 674 1418 pretiosis
700 1373 850 1414 relictis,
884 1385 974 1419 quae
998 1373 1112 1418 pietas

1169 1164 1301 1209 insigni
1334 1165 1496 1209 exemplo
1528 1165 1762 1208 comprobata
1788 1171 1822 1198 et
1845 1173 2072 1209 compensata
2098 1172 2163 1203 est;

1167 1229 1252 1249 nam
1286 1216 1431 1248 flamma
1460 1215 1627 1248 mirando
1657 1218 1765 1249 modo
1790 1216 1901 1250 divisa
1926 1217 2080 1261 spatium
2107 1230 2164 1262 ge-

1166 1268 1341 1302 stantibus
1359 1274 1524 1312 parentcs
1542 1280 1582 1300 ea
1599 1274 1714 1312 parte,
1743 1280 1811 1314 qua
1830 1268 2053 1310 incedebant,
2082 1281 2165 1302 con-

1166 1327 1278 1354 cesslt.

152 1501 201 1531 20)
221 1501 308 1526 unius
327 1501 400 1526 enim
419 1501 600 1525 iurisiurandi
620 1501 697 1524 solus
717 1501 815 1523 titulus
825 1497 922 1531 Ὅρκος
941 1499 967 1522 in
988 1500 1046 1522 fere
1067 1499 1190 1523 omnibus
1202 1498 1286 1521 Editt.
1307 1498 1332 1521 h.
1346 1498 1364 1522 1.
1385 1497 1517 1525 afferturz
1544 1499 1602 1520 tres
1623 1498 1715 1521 autem
1735 1497 1874 1528 editores,
1895 1497 2080 1529 HeianCllius,
2098 1497 2163 1522 Bai-

188 1539 265 1561 terus
285 1538 312 1560 et
332 1537 469 1567 Sauppius
489 1536 575 1565 ipsam
594 1535 774 1559 iurisiurandi
793 1535 940 1559 formulam
959 1534 1032 1557 infra
1051 1533 1076 1566 §.
1092 1534 1134 1558 77.
1155 1534 1181 1557 in
1202 1535 1307 1556 textum
1326 1534 1493 1562 receperunt
1520 1532 1590 1560 (vid.
1610 1533 1755 1555 Maetzner
1775 1533 1793 1557 l.
1814 1533 1831 1557 l.
1851 1540 1875 1563 p.
1890 1532 1977 1560 211).

152 1588 200 1620 21)
221 1589 255 1612 Hi
274 1588 328 1612 loci
346 1594 447 1619 graece
466 1588 493 1611 in
513 1588 567 1611 illis
588 1589 705 1618 quatuor
724 1587 808 1612 Editt.
821 1603 828 1612 .
855 1592 923 1616 quas
944 1586 970 1609 in
989 1586 1197 1616 prolegomenis
1216 1594 1241 1616 p.
1255 1586 1305 1609 939
1320 1593 1378 1616 sqq.
1400 1586 1636 1609 enumeravimus:

1671 1586 1772 1610 Wieeb.
1795 1586 1888 1613 1545..
1913 1586 2054 1617 Francos.
2076 1586 2163 1617 1548„

188 1623 329 1654 Francos.
350 1624 443 1653 1554„
474 1623 578 1647 Witeb.
601 1622 674 1646 1587.
688 1639 694 1649 ,
723 1628 838 1651 quarum
858 1621 946 1650 prima
969 1621 1056 1643 solum
1077 1624 1180 1644 textum
1201 1626 1348 1651 graecum,
1381 1622 1491 1644 ceterae
1511 1623 1570 1644 tres
1587 1621 1658 1644 hunc
1679 1627 1739 1643 cuin
1759 1621 1988 1651 interpretatione
2008 1621 2095 1643 latina
2113 1626 2165 1644 an-

188 1663 260 1681 nexa
278 1657 437 1684 continent,
458 1657 604 1687 leguntur;
630 1656 717 1679 latine
736 1658 827 1679 autem
847 1655 873 1678 in
893 1656 934 1678 lus
954 1655 1041 1678 tribus
1062 1656 1144 1679 Editt.
1166 1655 1394 1686 graeco-latinis
1415 1655 1555 1686 Francos.
1579 1655 1673 1681 ¹548..
1694 1656 1833 1687 Francos.
1855 1656 1940 1683 1554„
1964 1656 2068 1680 Witeb.
2090 1655 2166 1681 1557.

190 1693 218 1716 et
238 1693 266 1716 in
284 1692 333 1716 illa
353 1692 515 1716 Orationum
535 1697 552 1714 a
571 1691 635 1715 Mel.
656 1691 683 1713 in
704 1691 751 1713 lat.
772 1696 929 1713 sermonem
949 1695 1147 1714 conversarum
1166 1689 1347 1718 collectione.
1375 1696 1454 1719 quam
1474 1690 1614 1713 Peucerns
1641 1690 1824 1721 H'itelteryae
1846 1690 1920 1714 1562.
1942 1689 2034 1713 edidit.

156 1745 204 1773 22)
223 1744 383 1768 Melantlrou
403 1743 510 1773 quidem
529 1749 616 1773 neque
639 1742 748 1774 graecis
766 1742 845 1766 huius
865 1741 917 1765 loci
937 1741 1031 1764 verbis
1051 1748 1138 1772 neque
1159 1742 1220 1765 huic
1239 1741 1464 1771 interpretationi
1484 1741 1564 1765 liuius
1583 1742 1706 1765 auctoris
1734 1748 1833 1765 nomen
1859 1742 2023 1772 adscripsi&

187 1779 261 1803 nime
285 1779 405 1802 dubitari
428 1780 537 1808 potest.
570 1778 633 1807 quin
659 1778 729 1801 hunc
754 1778 842 1801 locuni
867 1784 900 1800 ex
921 1777 1039 1800 stohaeo
1060 1779 1146 1801 serni.
1168 1777 1241 1803 xm,
1264 1777 1322 1799 141.
1343 1776 1527 1801 desumserit.

2058 1745 2087 1766 at
2112 1742 2164 1766 mi-

1562 1777 1689 1806 quoniam
1709 1782 1812 1804 graeca
1831 1778 1916 1799 verba
1934 1782 1951 1799 a
1973 1777 2038 1799 Mel.
2061 1783 2164 1807 graeco

188 1814 270 1838 huius
292 1813 427 1837 orationis
447 1813 534 1836 textui
553 1812 661 1835 adiecta
680 1819 738 1835 cuni
760 1811 871 1835 stolraei
891 1811 984 1834 verbis
1003 1811 1111 1834 omnino
1132 1813 1303 1842 congruunt;
1329 1817 1362 1834 ex
1381 1810 1496 1834 Polluce
1516 1811 1604 1836 enini,
1625 1811 1670 1840 qui
1689 1810 1782 1834 itidem
1802 1811 1874 1834 Vm.
1898 1811 1953 1834 106.
1972 1812 2043 1834 hanc
2062 1812 2168 1835 formu-

190 1850 245 1873 lam
270 1848 419 1872 memoriae
443 1847 573 1875 tradidit.
608 1853 667 1870 eam
688 1848 720 1870 oh
740 1852 850 1870 causam
871 1846 913 1869 liic
938 1846 1015 1868 locus
1042 1846 1182 1869 desuintns
1210 1852 1274 1869 esse
1300 1851 1354 1868 non
1383 1846 1490 1876 potest,
1523 1845 1594 1875 qnod
1619 1845 1661 1867 liic
1690 1845 1716 1868 in
1746 1845 1798 1868 fine
1825 1846 1960 1868 formulae
1984 1851 2034 1874 pro
2054 1846 2167 1870 Stoliaei

190 1883 283 1907 verbis
299 1879 418 1914 Ἵστορες
436 1879 499 1906 θεοὶ
518 1878 640 1911 τούτων,
671 1887 740 1911 quae
761 1881 842 1904 etiam
862 1881 1019 1903 Melanthon
1039 1881 1164 1906 exhibet,
1190 1881 1255 1904 haec
1274 1881 1360 1903 verba
1379 1880 1474 1903 affert:
1504 1879 1610 1911 ἵστορες
1628 1878 1689 1903 θεοὶ
1707 1877 1874 1911 Ἄγραυλος,
1900 1876 2056 1909 Ἐνυάλιος,
2082 1878 2166 1911 Ζεύς,

190 1915 306 1947 Θαλλώ,
323 1914 421 1947 Αὐξώ,
440 1914 588 1948 “Ηγεμόνη.
619 1916 713 1943 (conf.
741 1916 773 1939 de
798 1916 848 1938 hoe
877 1915 1030 1938 iuramento
1050 1916 1229 1939 Schoeniann.
1257 1915 1290 1938 de
1314 1915 1432 1937 comitiis
1457 1922 1480 1944 p.
1501 1914 1551 1938 331
1569 1921 1609 1944 sq.
1638 1916 1665 1937 et
1690 1915 1786 1938 Baehr.
1813 1915 1848 1937 ad
1876 1915 2014 1938 Plutarch.
2034 1916 2167 1940 Alcibiad.

189 1960 212 1977 c.
229 1951 294 1984 152).
315 1964 349 1969 —
386 1953 422 1975 Et
440 1958 542 1982 graeca
561 1954 588 1975 et
608 1951 696 1974 latina
715 1951 793 1974 huius
811 1949 989 1973 iurisiurandi
1009 1951 1094 1973 verba
1111 1955 1129 1973 a
1146 1950 1324 1974 Melanthone
1343 1949 1480 1979 inscripta
1499 1951 1577 1973 sunt:
1604 1949 1818 1973 Iusiurandum
1836 1950 1975 1974 Atticum.

156 2005 205 2034 23)
226 2006 278 2029 Hic
294 2006 374 2029 locus
394 2005 421 2029 in
441 2005 566 2029 omnibus
587 2004 643 2027 illis
665 2004 750 2028 Editt.
770 2004 797 2026 in
815 2005 882 2027 nota
899 2003 942 2026 21.
963 2002 1183 2026 commemoratis
1203 2003 1230 2025 et
1249 2000 1342 2031 graeci
1361 2002 1453 2024 textus
1471 2003 1499 2025 et
1513 2001 1615 2025 latinae
1631 2002 1870 2031 interpretationis
1886 2002 1926 2025 sic
1940 2002 2089 2033 inscriptus
2106 2003 2163 2027 est:

192 2041 242 2066 Ex
259 2040 402 2070 Aeliano,
430 2040 464 2064 de
481 2038 570 2070 filiis,
595 2039 645 2069 qni
662 2040 764 2070 patres
783 2044 819 2062 ezc
839 2038 970 2062 incendio
989 2038 1153 2068 gestarunt.

1192 2037 1241 2060 Hic
1261 2036 1338 2059 locus
1359 2036 1467 2065 quidem
1487 2036 1514 2059 in
1528 2036 1636 2060 Aeliani
1657 2037 1743 2060 variis
1765 2037 1890 2060 nistoriis
1909 2044 1969 2060 cum
1988 2038 2063 2061 notis
2083 2037 2164 2061 Peri-

192 2075 270 2099 zonii
288 2076 315 2098 et
334 2074 563 2104 interpretatione
582 2074 670 2097 latina
689 2073 794 2096 Vulteii
813 2073 853 2096 ed.
874 2072 996 2096 GronoV.
1017 2071 1117 2102 (Lngd.
1138 2072 1198 2096 Bat.
1220 2071 1295 2095 1731.
1315 2071 1355 2097 4.)
1376 2077 1400 2100 p.
1418 2071 1494 2095 1054.
1515 2071 1586 2094 inter
1610 2072 1725 2095 Aeliani
1745 2072 1902 2102 fragmenta
1921 2078 1954 2094 ex
1973 2073 2098 2096 Stobaeo
2118 2072 2163 2095 af-

192 2110 299 2139 fertur3
336 2111 365 2133 at
389 2109 554 2132 Perizonius
583 2110 608 2132 in
636 2109 701 2131 nota
729 2108 787 2130 illic
814 2107 923 2130 adiecta
949 2106 1071 2135 dubitat,
1103 2112 1137 2129 an
1165 2106 1208 2129 liic
1226 2106 1303 2129 locus
1322 2111 1389 2128 vere
1408 2105 1517 2128 Aeliani
1537 2106 1582 2129 sit.

1633 2107 1748 2132 Legitur
1768 2106 1811 2129 liic
1831 2107 1906 2129 locus
1926 2107 1997 2136 apud
2017 2108 2166 2131 stobaeum

191 2152 215 2174 p.
230 2144 290 2168 676.
309 2144 358 2168 Ed.
377 2144 506 2168 WVechel.
525 2150 574 2167 seu
595 2143 622 2166 in
642 2144 729 2166 serm.
748 2142 896 2166 CXCVIII.
917 2142 950 2164 de
969 2140 1134 2164 Parentibus
1153 2139 1339 2169 honorandis3
1376 2139 1403 2162 in
1424 2140 1474 2165 Ed.
1495 2141 1585 2165 Thoni.
1607 2141 1749 2166 Gaisford.
1771 2141 1800 2171 (4
1816 2141 1888 2165 Voll.
1910 2141 2009 2165 Oxonii
2030 2141 2103 2165 ¹822.
2122 2142 2164 2169 8.)

194 2179 268 2202 Voll.
282 2179 325 2203 111.
348 2186 373 2208 p.
392 2179 440 2202 113
456 2185 498 2208 sq.
518 2179 547 2202 Τ.
564 2178 606 2202 79.
627 2177 699 2206 [77.]
720 2177 893 2207 frag¹11.38.;
926 2176 952 2199 in
973 2176 1083 2199 stobaei
1102 2176 1248 2198 sententiis
1268 2181 1285 2198 a
1304 2174 1387 2199 Conr.
1409 2174 1535 2199 Gesnero
1555 2175 1583 2199 in
1602 2176 1662 2200 Lat.
1684 2181 1841 2200 sermonem
1861 2175 1995 2199 traductis
2016 2175 2164 2207 (Antverp.

193 2213 287 2245 1545„
307 2213 360 2238 vid.
381 2219 466 2243 supra
484 2220 508 2243 p.
526 2212 579 2237 867
596 2214 652 2243 sq.)
673 2212 814 2236 invenitur
832 2211 878 2235 fol.
894 2208 965 2235 2661>
985 2211 1012 2234 in
1032 2211 1120 2234 Serm.
1136 2210 1276 2234 LXXVII.

125 2804 307 2836 himma.
326 2801 431 2833 Omen.
463 2802 548 2833 Vol..
568 2803 671 2832 XVII.

1557 2793 1605 2830 62
