2351 2990
101 122 176 157 413

100 208 249 251 ponitur
281 207 388 250 longa
419 204 599 244 narratio,
655 216 746 250 quae
781 205 939 238 continet
977 207 1090 250 capita

100 256 386 303 reprehensionis
408 269 469 290 seu
490 255 767 296 criminationis,
809 257 906 301 quod
930 257 1092 290 videlicet

102 309 288 343 Caesarem
304 314 442 342 secutus
457 306 521 347 sit,
550 313 584 340 et
599 306 672 340 eius
696 313 851 340 mortem
873 320 1090 353 magnopere

101 361 236 398 doleat;
264 361 348 393 item
364 358 542 397 rationes,
571 358 698 403 quibus
720 358 759 391 ea
787 360 963 400 confutat,
997 372 1091 393 sum-

103 418 183 456 ptas
204 423 244 444 ex
259 409 420 444 honesto.
472 408 661 443 Interserta
685 415 870 453 praeterea
896 416 947 444 est
969 411 1090 443 consu-

102 462 297 496 tatiuncula
315 459 473 494 criminis
491 461 533 493 de
543 459 715 494 Antonio.
755 460 855 493 Hanc
868 461 1011 505 longam
1031 463 1091 494 de-

98 513 294 547 fensionem
329 511 508 545 concludit
538 511 805 556 praedIcatione
834 512 928 545 vitae
952 519 985 546 et
1007 512 1089 546 fidei

100 576 184 598 suae
200 576 280 608 erga
299 563 567 607 rempublicam.
621 561 662 595 In
683 563 752 595 fine
777 563 933 597 breviter
956 569 1090 603 monet,

101 615 186 660 quid
203 613 270 648 hoc
286 621 447 659 tempore
467 626 568 658 agere
585 614 819 654 constituerit,
844 620 877 647 et
893 616 999 649 simul
1013 615 1090 648 lau-

99 667 160 699 dat
177 664 438 700 humanitatem
456 665 672 709 singularem
690 665 863 699 Trebatii.

341 749 477 783 Aliud
511 756 842 794 argumentum.

200 818 398 852 Exordium
414 816 522 851 habet
538 818 656 852 locum
671 817 940 850 benevolentiae
966 827 986 847 a
1011 827 1091 859 per-

98 881 185 903 sona
204 870 404 909 Ciceronis,
432 870 528 914 quod
545 875 638 901 recte
660 870 702 901 de
726 874 799 901 tota
827 879 930 900 causa
957 866 1090 899 iudica-

101 921 210 961 verit,
239 927 273 953 et
292 919 382 953 nihil
404 927 535 953 temere
558 921 700 952 credere
726 918 880 951 voluerit
903 919 945 950 de
964 917 1089 950 Matio.

98 971 286 1010 Narratio,
315 983 404 1016 quae
421 970 593 1015 sequitur,
621 977 672 1003 est
690 970 791 1003 valde
807 969 936 1008 brevis,
964 968 1001 1000 in
1019 981 1087 1013 qua

99 1029 238 1055 tantum
256 1028 441 1054 enumerat
457 1034 530 1054 uno
554 1027 659 1066 atque
684 1021 796 1053 altero
819 1021 928 1053 verbo
956 1031 1089 1059 causas,

99 1079 247 1118 propter
282 1085 370 1117 quas
402 1072 438 1104 in
465 1084 605 1106 summo
630 1073 674 1106 sit
698 1072 780 1105 odio
806 1073 901 1116 apud
926 1071 1089 1103 inimicos

99 1124 271 1158 Caesaris.
324 1122 461 1156 Deinde
478 1123 625 1167 ponitur
641 1124 685 1155 ad
702 1124 806 1155 finem
835 1134 945 1167 usque
970 1122 1088 1154 desen-

99 1176 152 1209 sio
178 1174 307 1208 obiecti
329 1174 506 1214 criminis,
544 1175 640 1220 quod
660 1174 755 1208 solus
776 1174 912 1217 lugeret
935 1179 1089 1205 mortem

100 1227 274 1265 Caesaris,
295 1225 401 1271 idque
417 1225 564 1258 omnino
584 1232 672 1258 esset
690 1231 813 1257 contra
831 1225 984 1257 officium
1003 1223 1089 1256 boni

101 1278 196 1311 civis.
271 1276 434 1309 Primum
467 1275 621 1309 ostendit
649 1275 768 1308 multis
803 1275 1020 1318 argumentis
1056 1280 1090 1306 et

101 1329 227 1373 signis,
254 1339 289 1360 se
315 1325 431 1360 adhuc
455 1339 639 1372 nunquam
663 1327 831 1370 probasse
859 1325 996 1357 civilem
1020 1325 1088 1358 dis—

102 1380 315 1418 sensionem,
340 1389 455 1422 neque
473 1377 607 1423 aliquid
624 1378 757 1416 fecisse,
785 1378 881 1421 quod
900 1383 987 1409 esset
1006 1388 1089 1408 con-

101 1437 155 1464 tra
173 1430 326 1463 officium
343 1428 430 1461 boni
447 1428 542 1462 civis.
594 1428 732 1461 Deinde
754 1427 905 1471 colligit,
939 1440 974 1460 se
999 1427 1088 1460 iuste

99 1483 235 1520 facere,
270 1480 366 1525 quod
399 1479 554 1522 graviter
585 1479 675 1512 serat
706 1478 889 1511 interitum
918 1478 1088 1512 Caesaris.

98 1532 186 1565 Item
202 1531 313 1564 officia
327 1556 335 1570 ,
366 1541 456 1575 quae
473 1530 624 1563 vicissim
644 1542 709 1574 pro
728 1529 874 1563 summis
891 1529 1013 1563 officiis
1034 1541 1090 1562 ex-

98 1582 219 1617 hibeat
245 1581 387 1614 Caesari
409 1580 481 1613 iam
504 1582 690 1622 defuncto,
723 1593 794 1614 esse
819 1581 1002 1614 cuiusdam
1025 1578 1090 1613 hu-

95 1632 279 1668 manitatis
320 1638 354 1664 et
393 1631 539 1665 omnino
575 1631 664 1665 iusta
700 1638 847 1676 propter
883 1631 1089 1664 amicitiam.

97 1683 305 1729 Propter²⁷)
322 1680 409 1715 haec
428 1683 526 1715 addit
541 1681 856 1726 reprehensionem
876 1689 999 1715 contra
1018 1694 1089 1723 eos,

99 1749 170 1783 quo
188 1735 254 1769 ista
280 1733 393 1766 officia
416 1730 649 1766 humanitatis
674 1733 793 1766 ausint
819 1731 1088 1777 reprehendere.

98 1787 140 1821 ln
156 1788 223 1820 fine
247 1785 395 1830 ponitur
421 1784 629 1827 significatio
656 1784 743 1824 loci,
778 1784 815 1816 in
839 1796 910 1829 quo
935 1784 1089 1817 maxime

97 1840 206 1872 vitam
232 1838 357 1880 degere
385 1836 521 1880 cupiat,
556 1835 675 1868 addita
698 1835 905 1869 laudatione
930 1836 972 1868 de
1001 1835 1089 1868 Tre-

97 1890 208 1924 batiO.
889 1909 904 1923 ι

332 1961 474 1996 Aliud
501 1967 835 2006 argumentum.

197 2031 281 2064 Fuit
302 2028 361 2063 hie
377 2030 510 2064 Matius
526 2029 670 2063 Caesari
695 2027 1001 2061 coniunctissimus
1026 2039 1089 2071 per

100 2095 241 2118 omnem
259 2082 382 2114 vitam.
435 2082 554 2126 Quare
579 2081 686 2114 etiam
710 2081 821 2113 multa
850 2092 891 2112 ex
914 2078 1087 2112 sententia

98 2134 203 2169 Matii
225 2133 356 2167 Caesar
380 2132 580 2172 constituit,
623 2138 656 2164 et
687 2131 784 2164 illam
809 2130 1086 2164 laudatissimam

98 2184 385 2220 moderationem
417 2183 606 2223 victoriae,
657 2194 766 2228 quam
799 2194 873 2214 non
908 2181 1087 2214 immerito

100 2236 282 2282 praedicat
305 2234 447 2275 Cicero,
482 2235 614 2268 Matius
643 2234 796 2267 multu‘m
819 2234 960 2266 videtur
989 2233 1089 2265 adiu-

101 2288 202 2322 visse.
275 2286 364 2319 Cum
397 2286 505 2330 igitur
539 2286 653 2319 occiso
682 2285 832 2319 Caesare
867 2296 941 2317 non
972 2284 1087 2317 solum

101 2339 215 2372 amico
235 2349 269 2370 se
287 2337 423 2370 videret
440 2338 603 2370 orbatum
614 2336 765 2377 Matius,
793 2337 853 2370 sed
872 2335 978 2369 etiam
996 2347 1088 2367 rem-

99 2390 279 2436 publicam
305 2389 412 2429 duce,
453 2388 491 2421 in
522 2400 591 2434 qua
623 2387 845 2421 dominaturi
875 2387 1088 2419 videbantur

98 2440 264 2475 homines
280 2439 437 2473 crudeles
453 2446 485 2473 et
503 2439 641 2483 cupidi,
676 2439 803 2471 merito
827 2445 981 2471 mortem
1001 2437 1088 2470 Cae-

103 2492 191 2527 saris
216 2491 426 2535 deploravit.
485 2489 525 2523 Id
553 2490 636 2536 quia
668 2490 872 2523 offendebat
903 2502 983 2529 eos,
1027 2489 1089 2533 qui

101 2543 260 2578 Caesaris
283 2548 397 2575 morte
421 2542 664 2581 laetabantur,
692 2541 857 2574 Ciceroni
881 2547 915 2573 et
937 2539 1088 2579 consilii,

102 2602 136 2628 et
154 2594 259 2628 officii
277 2594 331 2627 sui
346 2593 522 2626 rationem
542 2590 608 2625 hac
626 2591 773 2636 epistola
793 2591 960 2625 ostendit.
1019 2590 1088 2623 Ex-

133 2719 181 2748 27)
202 2719 333 2750 Propter]
348 2718 388 2742 ste
398 2715 578 2746 Editt.1565.,
598 2714 685 2746 1571„
700 2714 789 2746 1596.;
807 2715 858 2740 Ed.
870 2715 944 2740 1556.
962 2715 1086 2739 Praeter.

250 118 371 155 XXIII.
414 117 723 154 ARGUMENTA
749 117 813 152 ET
841 118 1044 153 SCHOLIA
1069 118 1117 155 IN
1143 118 1291 154 EPIST.
1315 119 1428 157 FAM.
1455 120 1540 157 CIC.
1567 120 1656 157 LIB.
1672 120 1730 156 XI.
1756 121 1828 156 ΕΡ.
1842 121 1903 157 28.
1922 119 1984 155 29.

2060 118 2136 153 414

1146 206 1287 240 ordinm
1308 214 1445 241 constat
1460 208 1588 241 affectu
1604 219 1645 240 ex
1662 206 1841 241 Ciceronis
1856 207 1899 239 de
1915 204 2029 238 Matio
2045 204 2135 237 iudi-

1145 257 1198 290 cio
1213 271 1219 290 2
1247 257 1395 292 Gaudeo
1416 265 1448 292 te
1468 257 1582 292 adhuc
1599 259 1688 291 bene
1704 259 1746 291 de
1762 269 1819 290 me
1836 257 1977 290 sentire.
2025 255 2135 288 Addit

1144 309 1322 342 rationem
1351 322 1392 343 ex
1421 322 1504 344 suae
1535 309 1770 343 conscientiae
1802 308 1948 347 fiducia,
1990 313 2021 339 et
2056 319 2134 350 pcr-

1143 360 1285 403 stringit
1301 361 1425 394 leviter
1445 362 1671 401 Ciceronem,
1698 361 1802 406 -quod
1818 359 1938 404 inique
1957 359 1998 390 de
2018 357 2132 389 amico

1143 408 1288 444 homine
1312 412 1533 446 iudicaverit.
1585 413 1713 446 Postea
1734 411 1906 455 proponit
1928 409 1963 441 in
1988 420 2130 452 genere:

1142 460 1219 505 Ego
1234 475 1291 495 me
1309 463 1372 496 til->i
1388 464 1458 496 iam
1477 465 1649 497 excusabo
1666 464 1708 496 de
1730 463 1790 502 iis,
1825 473 1914 507 quae
1938 460 1975 492 in
2000 471 2055 491 me
2079 471 2132 490 re-

1142 511 1370 556 prehendunt
1394 515 1551 559 quidam.
1613 514 1823 548 Generalem
1848 509 2131 556 propositionem

1142 564 1302 608 sequitur
1318 566 1477 598 narratio
1490 593 1499 605 ,
1528 566 1565 597 in
1580 577 1648 610 qua
1667 570 1941 602 commemorat,
1970 561 2055 606 quid
2072 561 2134 592 ob-

1143 614 1264 647 iiciant
1282 617 1496 655 adversarii,
1519 628 1646 660 nempe
1665 617 1762 661 quod
1779 616 1820 648 de
1839 613 1998 648 Caesaris
2016 618 2132 645 morte

1143 665 1271 700 doleat.
1323 667 1379 699 Ad
1397 679 1474 699 eam
1490 667 1671 712 querelam
1689 667 1806 710 primo
1823 665 2013 709 respondet
2033 675 2051 695 a
2067 674 2130 696 suo

1143 716 1276 749 officio:
1319 717 1434 750 Doleo
1468 725 1639 762 tanquam
1670 719 1712 750 de
1745 717 1880 755 amico,
1925 727 2030 760 quem
2059 725 2133 746 non

1144 768 1324 800 commodi
1340 769 1411 800 mei
1432 781 1554 808 causa,
1582 769 1643 802 sed
1667 768 1843 801 amicitiae
1866 766 2006 798 ratione
2034 776 2130 798 secu-

1143 823 1199 851 tus
1224 831 1314 852 sum.
1373 819 1465 852 Nam
1491 832 1606 864 neque
1630 818 1698 852 hoc
1724 817 1901 864 quaesix‘i,
1937 817 2033 861 quod
2059 814 2130 851 alii,

1142 875 1182 902 ut
1199 869 1435 914 locupletarer
1453 884 1493 903 ex
1510 871 1582 904 eius
1607 870 1774 909 victoria,
1809 875 1842 901 et
1862 868 1953 911 leges
1971 866 2129 899 Caesaris

1143 921 1186 952 de
1205 932 1285 953 aere
1301 921 1416 954 alieno
1433 921 1521 954 mibi
1539 922 1644 955 etiam
1663 922 1864 954 obfuerunt.
1922 918 2084 951 Secundo
2110 929 2129 947 a

1142 971 1277 1004 meritis
1294 972 1471 1012 Caesaris,
1498 973 1565 1006 suit
1587 974 1763 1006 beneficus
1787 978 1819 1004 et
1844 970 1997 1002 clemens
2023 968 2058 999 in
2084 967 2131 998 ci-

1143 1034 1219 1061 ves,
1263 1029 1296 1055 et
1320 1024 1363 1056 ab
1390 1023 1451 1062 iis,
1495 1037 1584 1069 quos
1619 1023 1792 1062 servarit,
1833 1021 2035 1054 interfectus
2069 1024 2129 1051 est.

1141 1072 1220 1107 Iure
1246 1073 1352 1118 igitur
1376 1075 1492 1108 doleo.

1356 1160 1492 1194 Aliud
1528 1158 1908 1205 argumentum‘ss).

1243 1227 1306 1260 Est
1321 1229 1487 1261 refutatio
1503 1229 1575 1262 sive
1590 1228 1715 1262 dilutio
1734 1226 1961 1273 quorundam
1978 1221 2131 1256 obiecto-

1141 1289 1221 1310 rum
1247 1278 1449 1313 criminum.
1511 1279 1594 1312 Fuit
1621 1279 1715 1312 enim
1738 1277 1795 1311 hic
1819 1276 1952 1310 Matius
1972 1285 2064 1307 unus
2090 1284 2131 1304 ex

1143 1327 1277 1362 intimis
1304 1330 1426 1363 amicis
1452 1336 1485 1362 et
1507 1330 1742 1362 familiaribus
1760 1329 1797 1362 C.
1815 1326 1986 1361 Caesaris.
2040 1323 2070 1356 Is
2096 1329 2131 1355 et

1142 1379 1303 1411 dolenter
1324 1380 1405 1413 tulit
1427 1393 1549 1414 necem
1576 1380 1754 1419 Caesaris,
1797 1385 1830 1412 et
1863 1390 1943 1411 eum
1967 1375 2130 1408 dolorem

1143 1442 1215 1462 non
1241 1431 1331 1463 clam
1355 1429 1490 1465 habuit.
1557 1432 1786 1476 Quapropter
1804 1430 1899 1474 apud
1922 1427 2130 1461 Ciceronem

1143 1487 1175 1512 et
1197 1481 1284 1514 alios
1308 1484 1480 1527 quosdam
1506 1483 1597 1515 male
1629 1482 1813 1520 audiebat,
1854 1479 1955 1525 quasi
1986 1475 2133 1522 tyranni

1142 1543 1263 1565 necem
1294 1533 1510 1577 impotenter
1543 1533 1706 1573 defleret,
1749 1538 1781 1565 et
1812 1531 1987 1575 privatam
2011 1526 2131 1560 amici-

1143 1582 1229 1615 tiam
1249 1581 1419 1618 charitate
1436 1584 1572 1629 patriae
1592 1584 1768 1628 potiorem
1783 1581 1942 1615 haberet.
1997 1578 2130 1611 Matius

1143 1631 1208 1666 hac
1242 1635 1389 1678 epistola
1427 1642 1569 1669 excusat
1600 1647 1639 1667 ac
1672 1634 1829 1667 defendit
1860 1630 1940 1665 hoc.
1998 1630 2130 1674 Estque

1143 1682 1228 1717 haec
1246 1686 1392 1729 epistola
1411 1687 1547 1730 generis
1572 1686 1764 1725 iudicialis,
1798 1690 1910 1718 status
1934 1687 1985 1715 est
2007 1679 2132 1714 iuridi-

1143 1736 1250 1770 cialis.
1301 1737 1469 1782 Disputat
1485 1738 1580 1771 enim
1595 1750 1631 1772 se
1648 1743 1741 1770 recte
1760 1742 1794 1769 et
1809 1734 1956 1769 honeste
1973 1731 2105 1765 secisse.

1296 1836 1482 1871 Scholia
1510 1838 1547 1870 in
1576 1837 1818 1882 epistolam
1845 1834 1967 1869 XXIX.

1246 1912 1275 1958 §-
1296 1915 1328 1947 1.
1355 1916 1538 1948 Dubitanti
1553 1912 1655 1961 mihi]
1682 1913 1904 1958 Propositio:
1933 1909 2130 1945 Consilium

1142 1972 1243 1998 tuum
1286 1965 1353 1998 suit
1395 1965 1622 1998 utilissimum
1670 1971 1705 1998 et
1743 1962 1833 1997 mihi
1880 1961 2130 2007 gratissimum.

1142 2019 1281 2058 Semper
1298 2014 1461 2062 iudicat-i]
1478 2016 1715 2060 Amplificatio
1732 2015 1916 2048 continens
1925 2014 1971 2059 ²⁹)
1987 2012 2130 2045 laudem

1143 2066 1270 2112 Oppii,
1298 2073 1332 2099 et
1349 2067 1728 2100 commemorationem
1748 2066 1841 2100 illius
1858 2064 2067 2099 officiorum.

1435 2151 1597 2195 Argum
1611 2159 1760 2185 entum
1775 2151 1834 2198 3⁰).

1245 2219 1395 2252 Generis
1415 2220 1686 2253 demonstrativi
1703 2220 1850 2264 epistola
1870 2224 1931 2252 est.
1990 2216 2131 2249 Laudat

1141 2270 1235 2303 enim
1268 2283 1346 2303 cum
1375 2272 1528 2315 quadam
1561 2271 1755 2315 gratiarum
1781 2270 1919 2303 actione
1944 2267 2129 2300 consilium

1141 2321 1269 2366 Oppii,
1297 2323 1393 2367 quod
1416 2322 1483 2355 sibi
1507 2322 1683 2355 dubitanti
1703 2320 1923 2365 praebuerit,
1958 2325 1993 2352 et
2015 2324 2133 2352 osten—

1141 2373 1210 2412 dit,
1238 2379 1457 2417 quantopere
1478 2373 1511 2405 id
1530 2373 1596 2406 sibi
1614 2372 1796 2417 placuerit.
1854 2371 1947 2405 Nam
1971 2382 2051 2403 cum
2075 2369 2131 2402 Ci—

1141 2436 1221 2457 cero
1245 2424 1283 2456 in
1307 2424 1399 2457 bello
1427 2424 1520 2457 civili
1536 2423 1693 2456 Antonio
1720 2424 1854 2467 legatus
1878 2422 1915 2454 in
1942 2422 2129 2455 Graeciam

1172 2559 1220 2587 28)
1239 2559 1298 2582 Hoc
1316 2558 1505 2588 argumentum
1524 2557 1623 2580 habent
1639 2553 1725 2581 mitt.
1744 2555 1935 2580 1565—1596.

1173 2602 1221 2629 29)
1241 2601 1398 2628 continens]
1417 2600 1458 2623 sic
1478 2599 1562 2623 Editt.
1584 2599 1790 2630 1537—1544.,
1813 2600 1903 2625 1554.,
1925 2597 2016 2622 1552:
2046 2596 2128 2620 Editt.

1210 2636 1298 2666 1545„
1317 2635 1392 2658 1560.
1412 2636 1439 2657 et
1458 2633 1611 2657 continens.

1173 2678 1221 2705 30)
1242 2678 1300 2701 Hoc
1325 2677 1514 2706 argumentum
1533 2678 1561 2700 et
1579 2677 1631 2701 duo
1650 2676 1793 2708 sequentia
1811 2677 1837 2700 in
1855 2676 1938 2701 Ettitt.
1952 2675 2041 2703 155fi.,
2063 2671 2128 2696 1565

1208 2711 1323 2735 -1596.
1343 2710 1524 2740 reperiuntur.
