2294 2975
108 121 155 156 27
684 107 806 144 PHIL.
841 106 954 142 MEL.
989 102 1192 139 SCRIPTA
1224 101 1561 138 PHILOLOGICA.

327 200 465 233 Aliud
499 202 807 242 argumentum
825 193 885 238 30).

210 279 470 323 Argumentum
493 275 598 320 plane
618 273 711 306 idem
737 277 788 305 est
811 282 889 303 cum
912 267 1102 313 superiori,

111 340 232 377 estque
265 336 339 363 tota
370 327 457 363 llaec
489 325 635 370 epistola
664 323 833 357 continua
863 327 898 354 et
930 326 1102 364 perpetua

109 382 270 418 narratio
296 381 371 415 sine
398 379 543 413 exordio
569 383 602 409 et
625 375 786 419 epilogo,
820 372 858 405 in
883 383 952 417 qua
977 371 1102 404 ordine

109 441 232 469 monet
242 432 431 466 Lentulum
445 458 454 471 ,
482 441 571 475 quae
588 427 764 470 disputata
782 423 906 470 5111131)
924 423 961 455 in
979 428 1104 456 senatu

111 488 153 520 de
172 484 373 519 reducendo
392 494 472 525 roge
484 478 737 513 Alexandrino.
788 473 1022 520 Epilogisiep
1041 485 1105 517 po-

111 538 210 571 nitur
227 534 436 581 pollicitatio
461 532 513 565 sui
542 529 660 563 oflicii.
709 527 859 561 Tractat
882 526 975 559 idem
1001 537 1104 568 argu-

113 595 271 623 mentum
302 587 426 620 Cicero
451 586 547 618 2.-‹·t
571 582 606 615 3.
626 579 773 625 epistola
783 579 832 625 32)
855 576 998 612 secundi
1022 575 1105 609 libri

113 642 156 674 ad
177 641 220 685 Q.
238 639 412 671 Fratrem.
466 634 560 667 Haec
576 633 683 676 igitur
700 631 846 675 epistola
865 629 984 664 statim
1003 639 1105 672 supe-

113 692 244 725 riorem
262 689 445 722 subsecuta
465 691 535 725 est,
563 690 597 717 ct
613 681 702 717 nihil
718 681 824 716 hahet
845 679 1004 719 obscuri,
1036 678 1105 712 nisi

114 743 208 789 quod
246 740 421 785 quaedam
464 736 685 770 observanda
724 741 806 767 sunt
842 734 883 766 de
919 730 1106 766 senatoriis

115 792 334 831 actionibus,
360 790 402 823 de
428 788 552 822 ordine
578 786 821 829 rogandarum
837 782 1107 822 sententiarum,

115 847 157 878 de
191 843 422 879 discessione,
472 841 555 872 item
586 840 628 871 dc
662 836 911 869 intercessione
946 835 1108 867 1111111110-

115 895 252 941 11111133)
278 892 420 926 Lentuli
446 890 598 924 consulis
623 888 786 921 videlicet
801 885 1022 925 Marcellini,
1050 896 1108 917 cu-

116 948 169 981 ius
187 946 319 989 collega
335 944 402 978 suit
417 943 458 976 L.
481 942 632 975 Martius
657 938 855 984 Philippus.
908 937 997 969 Vide
1024 948 1109 981 pen-

116 999 283 1033 ultimum
321 1002 426 1040 caput
458 995 492 1028 3.
524 994 584 1027 lib.
613 991 720 1026 Gellii
758 992 800 1024 de
834 989 1010 1032 suffragiis
1052 999 1109 1020 ro-

118 1049 243 1094 gandis
253 1048 311 1094 Μ).

335 1154 471 1188 Aliud
501 1156 815 1196 argumentum
831 1148 891 1194 3⁶).

220 1234 316 1267 Haec
341 1231 488 1276 epistola
516 1235 567 1262 est
589 1233 761 1272 perpetua
778 1224 959 1264 narratio,
988 1224 1025 1256 in
1043 1235 1112 1268 qua

120 1289 292 1321 admonet
315 1282 508 1317 Lentulum
538 1281 581 1313 de
614 1278 721 1311 variis
747 1276 929 1310 sententiis
956 1275 1057 1308 dictis
1082 1280 1115 1307 et

121 1337 262 1383 agitatis
283 1337 320 1369 in
345 1340 468 1369 senatu
492 1337 640 1377 propter
665 1328 799 1373 regiam
826 1340 983 1360 causam.
1043 1325 1115 1358 Ad-

122 1395 245 1424 monet
261 1388 345 1420 item
366 1387 407 1419 de
424 1385 606 1417 x‘oluntate
624 1379 789 1424 Pompeii
808 1385 842 1412 et
857 1380 898 1411 de
916 1391 979 1412 suo
999 1377 1115 1411 studio

121 1454 188 1486 pro
211 1439 377 1472 Lentulo.
446 1434 486 1468 ln
516 1431 659 1480 smelest
686 1431 804 1465 brevis
827 1429 1037 1475 pollicitatio
1063 1429 1117 1462 sui

122 1490 239 1526 officii.

150 1626 477 1669 Argumentum
507 1623 547 1650 et
575 1613 753 1650 scholia
784 1614 1008 1660 epistolae
1036 1612 1093 1647 III.

224 1704 385 1751 Epistola
410 1709 460 1736 est
483 1699 810 1741 conmiendatoria,
839 1699 976 1743 generis
999 1711 1120 1732 suaso-

126 1760 182 1794 rii.
253 1752 590 1791 Commendatoriae
623 1751 793 1794 epistolae
826 1757 942 1783 autem
976 1750 1119 1782 tacitam

128 1809 371 1845 laudationem
396 1804 541 1838 habent.
601 1802 683 1836 Non
710 1802 804 1835 enim
835 1802 1000 1847 cuiquam
1025 1802 1120 1833 fare-

129 1875 227 1901 mus,
254 1858 462 1900 nisidignus
479 1853 597 1900 sitim),
625 1853 680 1887 cui
696 1853 865 1886 benefieri
881 1853 1018 1886 debeat.
1070 1850 1120 1884 Ita

131 1914 263 1947 Aulum
280 1907 504 1943 Trebonium
522 1906 750 1938 commendat
766 1904 933 1943 Lentulo,
960 1910 1001 1936 ut
1016 1902 1067 1934 illi
1086 1902 1122 1934 in

131 1965 236 1998 rebus
268 1958 475 1995 necessariis
507 1956 723 1989 adminiculo
749 1956 804 1990 sit.
875 1956 980 1989 Caret
1005 1960 1122 1987 autem

133 2014 279 2049 exordio
296 2011 384 2046 haec
401 2008 548 2054 epistola
561 2008 619 2054 ³⁷).

169 2157 216 2185 30)
238 2157 296 2180 Hoc
313 2155 503 2186 argumentum
522 2152 621 2176 habent
639 2151 723 2175 Editt.
744 2151 835 2183 1556„
856 2150 1046 2174 1565-1596.

170 2209 218 2235 31)
237 2208 306 2236 sint]
330 2207 371 2230 sic
388 2205 472 2230 Editt.
488 2203 697 2231 1565—1577.;
724 2203 772 2226 Ed.
793 2203 867 2227 1556.
886 2204 959 2225 sunt.

171 2260 219 2287 32)
238 2258 262 2283 2.
282 2260 308 2282 et
327 2257 351 2282 3.
371 2256 505 2288 epistola]
525 2256 573 2280 Ed.
592 2256 665 2278 ¹556.
685 2254 770 2278 male:
790 2254 852 2277 libri
867 2254 891 2278 2.
912 2256 938 2277 et
956 2254 982 2277 3.
1002 2253 1128 2283 epistola.

173 2309 222 2341 33)
241 2309 274 2332 de
293 2308 493 2332 intercessione
512 2306 696 2333 tribunorum]
716 2305 757 2327 his
783 2304 876 2327 verbis
902 2305 952 2327 hoc
977 2310 1128 2336 argumen-

208 2346 263 2367 tum
282 2343 309 2366 iu
328 2343 377 2366 Ed.
400 2343 472 2365 1556.
492 2342 602 2370 finitur-3
628 2339 771 2370 sequeutia
789 2339 816 2362 in
834 2339 917 2363 Editt.
940 2339 1128 2363 1565—1577.

208 2377 300 2401 addita
318 2378 390 2401 sunt.

174 2430 222 2458 34)
242 2427 314 2452 Gell.
332 2427 408 2450 Noct.
429 2427 483 2450 Att.
503 2426 522 2449 1.
540 2425 584 2449 111.
603 2432 626 2449 e.
648 2425 687 2450 18.

178 2479 226 2506 35)
246 2478 303 2501 Boe
321 2478 510 2506 argumentum
529 2477 605 2499 solae
624 2476 707 2500 Editt.
730 2475 920 2499 1565—1596.
940 2476 1081 2505 praebent.

178 2529 227 2556 35)
248 2529 298 2555 sit]
319 2527 345 2550 in
365 2526 413 2549 Ed.
434 2527 509 2550 1557.
530 2527 615 2550 deest.

181 2580 229 2607 37)
254 2580 320 2602 haee
344 2577 484 2606 epistola]
511 2577 560 2601 His
587 2577 680 2600 verbis
706 2577 756 2600 1100
781 2578 970 2607 argumentum
997 2577 1023 2601 in
1049 2578 1133 2603 Editt.

218 2612 423 2642 1537-1554.,
445 2611 528 2641 1557„
551 2611 634 2638 1560„
656 2612 728 2634 1601.
747 2612 856 2641 finitur3
881 2612 907 2635 in
926 2612 1009 2636 Editt.
1028 2613 1093 2636 1565
1106 2625 1133 2629 ‹-

217 2647 293 2671 1577.
312 2645 405 2669 addita
424 2648 488 2669 sunt
507 2647 604 2668 verba:
629 2646 691 2674 quia
705 2646 763 2674 ipsa
781 2646 904 2669 narratio
924 2648 967 2670 est
987 2652 1135 2677 argumen-

218 2682 287 2705 tatio
307 2680 454 2710 quaedam.
473 2686 558 2710 quare
576 2679 726 2702 Trebonius
744 2680 781 2702 sit
798 2681 1035 2706 commendandus.
1050 2696 1081 2700 —-
1107 2682 1134 2704 ln

221 2716 281 2740 sola
300 2715 348 2738 Ed.
371 2715 443 2739 1556.
463 2715 512 2738 hoc
530 2715 719 2745 argumentum
738 2720 791 2738 uon
810 2715 955 2739 invenitur.

1155 445 1286 478 Petitio
1296 444 1355 491 ⁴¹).

2098 103 2158 138 28-

1256 187 1287 234 §.
1307 189 1339 224 1.
1369 191 1434 231 Qui
1459 191 1496 223 in
1521 194 1582 224 tua
1604 190 1780 232 provincia
1803 186 1952 236 etc.³⁸)]
1977 186 2146 223 Narratio

1154 240 1278 287 est39),
1321 240 1506 274 continens
1532 252 1674 274 causam
1696 239 1897 285 petitionis,
1939 239 2028 285 et40)
2052 252 2148 273 com-

1154 291 1421 325 mendationem
1464 303 1649 337 personae.
1766 293 1802 325 Is
1831 303 1904 325 cum
1933 296 2033 325 antea
2062 288 2148 338 etc.]

1157 345 1237 378 Cum
1251 341 1308 376 hic
1325 355 1400 376 non
1417 349 1468 376 est
1489 342 1693 376 coniunctio
1720 342 1924 382 rationalis,
1958 343 2018 376 sed
2041 354 2149 386 copu-

1155 394 1284 434 lativa,
1318 394 1398 427 ideo
1425 392 1532 428 habet
1555 394 1801 427 indicativum.
1881 394 1972 434 Quae
1995 405 2036 428 ne
2055 390 2149 440 spes]

1461 448 1559 479 Titus
1579 442 1793 492 Appius42)]
1827 442 1888 477 Ille
1912 445 2049 490 Appius
2073 443 2152 484 suit,

1158 496 1213 530 cui
1235 495 1398 530 successit
1413 495 1586 530 Lentulus
1602 496 1640 530 in
1656 495 1853 541 provincia.

1378 588 1514 622 Aliud
1550 595 1859 633 argumentum
1875 588 1934 635 ¹¹³).

1261 657 1421 702 Epistola
1456 663 1507 691 est
1537 657 1851 697 commendaticia,
1894 656 2076 701 pertinens
2106 656 2152 688 ad

1160 721 1268 753 genus
1294 707 1507 742 suasorium.
1572 708 1720 742 Constat.
1749 715 1866 742 autem
1898 707 1999 740 brevi
2028 718 2153 740 narra-

1161 761 1276 801 tione,
1314 760 1351 792 in
1381 772 1450 805 qua
1478 765 1560 793 sunt
1584 766 1791 803 argumenta
1816 771 1877 792 seu
1902 770 2026 792 causae
2048 769 2155 804 quae-

1161 813 1264 851 dam,
1292 823 1402 856 quare
1413 810 1615 844 Trebonius
1631 811 1757 843 debeat
1776 822 1847 843 esse
1866 808 1992 843 charus
2011 815 2045 842 et
2060 821 2155 842 com-

1163 863 1349 895 mendatus
1373 861 1539 895 Lentulo.
1605 862 1860 896 Narrationem
1888 861 2048 906 sequitur
2072 872 2155 905 pro-

1162 914 1291 958 positio
1312 913 1512 958 petitionis,
1540 918 1579 945 ut
1598 912 1629 945 ei
1646 913 1767 946 adesse
1785 912 1887 952 velit,
1923 924 1994 956 quo
2017 911 2154 944 facilius

1162 965 1303 1009 negotia
1320 977 1382 998 sua
1399 964 1436 996 in
1454 963 1640 1008 provincia
1656 964 1827 997 conficere
1849 963 1972 1008 possit.

1378 1058 1512 1092 Aliud
1546 1064 1860 1102 argumentum
1877 1058 1936 1105 Μ).

1266 1127 1377 1161 Α111115
1395 1126 1599 1160 Trebonius
1617 1138 1757 1159 merens
1773 1126 1837 1159 sub
1854 1125 2004 1159 Caesare
2024 1125 2157 1158 bellum

1166 1179 1278 1213 Gallis
1298 1179 1490 1218 inserente,
1518 1189 1684 1222 magnam
1702 1178 1754 1210 rei
1776 1177 1962 1210 familiaris
1984 1177 2157 1210 iacturam

1166 1231 1259 1270 serit,
1288 1242 1436 1275 eamque
1453 1229 1584 1263 sarcire
1605 1229 1761 1273 cupiens,
1789 1228 1880 1275 in‘ffi)
1902 1228 2060 1261 Ciliciam
2077 1239 2160 1271 pro-

1168 1282 1329 1315 sectusad
1341 1281 1573 1314 exercendam
1589 1286 1826 1313 mercaturam
1845 1279 2005 1312 animum
2023 1278 2162 1312 adiecit.

1168 1333 1218 1366 lbi
1242 1333 1285 1367 T.
1307 1332 1415 1377 Appii
1447 1331 1669 1376 proconsulis
1700 1330 2160 1375 opera·benevolentiaque

1170 1385 1330 1424 adiutus,
1357 1390 1537 1429 utcunque
1553 1383 1657 1416 rebus
1675 1382 1745 1416 suis
1764 1382 1951 1415 consuluit.
1992 1381 2087 1414 Petit
2102 1392 2163 1413 au-

1171 1443 1240 1469 tem
1267 1436 1411 1475 Cicero,
1452 1441 1493 1467 ut
1520 1434 1560 1468 P.
1584 1433 1755 1467 Lentulus
1780 1433 1888 1478 Appii
1919 1432 2080 1477 exemplo
2107 1443 2163 1465 res

1172 1499 1294 1521 omncs
1310 1485 1483 1519 Trebonii
1499 1485 1685 1528 diligenter
1702 1491 1811 1518 curet.
1863 1484 1927 1517 Est
1942 1489 2060 1517 autem
2076 1481 2164 1516 haec

1173 1539 1321 1583 epistola
1333 1537 1379 1583 46)
1406 1536 1722 1576 commendaticia,
1764 1536 1902 1579 generis
1927 1534 2162 1568 deliberativi.

1173 1590 1312 1634 Duplex
1328 1588 1420 1621 ratio
1438 1588 1644 1620 tractandae
1661 1586 1993 1620 commendationis.
2035 1585 2067 1619 A
2084 1597 2163 1630 perv

1173 1654 1280 1681 sona,
1322 1641 1350 1673 si
1375 1638 1633 1673 ostenderimus
1665 1651 1765 1677 eum,
1807 1651 1913 1684 quem
1936 1637 2164 1670 commenda-

1174 1705 1271 1732 mus,
1298 1703 1427 1735 magna
1453 1690 1556 1723 nobis
1581 1690 1824 1722 familiaritate
1852 1689 2100 1729 coniunctum,
2126 1693 2166 1721 ut

1175 1745 1219 1776 ob
1234 1743 1448 1787 singularem
1474 1742 1548 1775 eius
1563 1741 1619 1774 vel
1635 1740 1846 1774 modestiam
1870 1741 1925 1773 vel
1949 1739 2165 1784 probitatem

1174 1795 1320 1838 dignum
1338 1794 1552 1833 iudicemus,
1580 1792 1641 1838 qui
1659 1805 1738 1825 cum
1758 1791 1923 1825 omnibus
1941 1791 2064 1832 bonis,
2089 1798 2164 1824 tum

1176 1847 1227 1879 illi
1254 1845 1435 1890 inprimis,
1465 1844 1520 1877 cui
1537 1844 1847 1883 commendamus,
1874 1842 1920 1876 sit
1935 1854 2042 1889 quam
2070 1854 2166 1875 com—

1175 1896 1473 1930 mendatissimus.
1534 1895 1566 1927 A
1589 1907 1645 1934 re,
1672 1895 1701 1928 si
1723 1907 1823 1934 eum,
1857 1906 1962 1939 quem
1989 1905 2168 1927 commen-

1176 1951 1322 1989 damus,
1350 1945 1563 1987 honestum,
1596 1946 1735 1979 facilem
1764 1952 1798 1978 et
1820 1945 1944 1979 utilem
1969 1957 2041 1978 esse
2065 1946 2169 1978 doce-

1177 2013 1266 2034 mus.
1326 1998 1372 2031 Et
1400 1998 1482 2043 quia
1505 1996 1766 2030 commendatio
1791 1997 1937 2030 mixtam
1964 1994 2070 2029 habet
2094 1996 2169 2029 lau-

1178 2054 1257 2085 dem
1274 2063 1351 2084 cum
1369 2047 1563 2082 honestatis
1578 2048 1736 2088 ratione,
1764 2048 1843 2081 ideo
1867 2048 2006 2081 duobus
2028 2047 2168 2092 potissi-

1180 2115 1275 2136 mum
1293 2101 1479 2146 generibus
1500 2106 1657 2140 constat,
1690 2099 1971 2134 demonstrativo
1996 2098 2170 2138 videlicet,

1215 2227 1263 2255 35)
1283 2226 1336 2249 Pro
1355 2225 1397 2249 his
1417 2225 1473 2251 Cic.
1500 2224 1591 2249 verbis
1618 2224 1679 2249 huic
1704 2227 1786 2249 notae
1811 2225 1838 2248 in
1863 2224 1911 2250 Ed.
1932 2224 2005 2248 1545.
2031 2222 2171 2253 adscripta

1249 2262 1312 2284 sunt
1328 2261 1412 2284 verba
1430 2261 1569 2284 anteced.:
1597 2261 1671 2284 Aulo
1691 2261 1842 2285 Trebonio.

1215 2303 1264 2332 39)
1284 2304 1341 2331 est]
1363 2303 1387 2326 in
1406 2303 1491 2327 Editt.
1504 2303 1598 2333 1537.,
1625 2303 1716 2334 1545„
1739 2303 1812 2326 1560.
1832 2302 1919 2326 deest.

1216 2346 1264 2375 40)
1284 2347 1324 2374 et]
1345 2345 1371 2368 in
1390 2345 1439 2369 Ed.
1460 2345 1535 2371 1537.
1554 2345 1640 2369 deest.

1217 2398 1265 2421 41)
1287 2397 1359 2419 Haec
1379 2399 1444 2419 nota
1463 2396 1489 2419 in
1510 2396 1593 2421 Editt.
1612 2396 1702 2425 ¹544„
1725 2395 1813 2425 1554„
1835 2395 1909 2419 1557.
1929 2396 1972 2418 est
1992 2394 2102 2418 oniissa.

1218 2439 1266 2466 42)
1287 2440 1409 2470 Appius]
1425 2439 1464 2462 sic
1478 2439 1542 2461 illae
1556 2438 1655 2464 Editt.:
1675 2438 1722 2461 Ed.
1738 2438 1822 2462 Orelt.
1836 2438 1952 2468 Ampius
1967 2439 2060 2466 (quam
2075 2436 2172 2460 lectio-

1254 2473 1298 2496 nis
1324 2474 1485 2496 varietatem
1503 2472 1586 2496 Editt.
1609 2473 1699 2503 1544„
1722 2473 1812 2503 15⁴6„
1834 2473 1925 2501 1554„
1946 2471 2020 2496 1557.
2047 2472 2073 2495 iu
2098 2476 2174 2495 mar-

1255 2508 1318 2537 gine
1336 2509 1458 2536 habent).

1220 2550 1267 2577 43)
1288 2551 1344 2573 Hoc
1363 2551 1551 2580 argumentum
1570 2549 1654 2573 Editt.
1672 2549 1862 2573 1565—1596.
1881 2548 2030 2572 continent.

1221 2595 1268 2621 4-1)
1290 2594 1346 2616 Hoc
1365 2594 1555 2623 argumentum
1572 2592 1599 2615 in
1614 2592 1698 2616 Editt.
1714 2593 1799 2623 1556„
1820 2591 2008 2616 1565—1596.
2028 2590 2175 2615 invenitur.

1223 2637 1270 2663 45)
1291 2635 1333 2663 in]
1354 2635 1379 2658 in
1400 2635 1455 2658 inis
1475 2635 1558 2658 Editt.
1579 2635 1666 2658 deest.

1224 2678 1270 2709 46)
1291 2678 1421 2707 epistola]
1449 2678 1488 2701 sic
1511 2677 1558 2702 Ed.
1582 2678 1672 2708 ¹556.;

1260 2713 1276 2736 d
1328 2715 1338 2735 t
1711 2678 1739 2701 in
1762 2677 1844 2702 Editt.
1867 2676 1956 2707 15655,
1984 2677 2076 2708 1569.,
2102 2675 2176 2701 1577.

1279 2719 1324 2736 ees
1342 2731 1346 2736 .
