2351 2990
180 135 251 171 423

406 215 541 249 Aliud
570 207 951 256 arg11mentum³²).

287 283 380 316 Tota
406 281 554 326 epistola
580 285 629 312 cst
659 274 898 313 nuntiatoria‚
940 284 1008 318 qua
1041 271 1174 305 indicat

188 334 328 373 Cassio,
371 344 460 378 quae
484 332 528 366 sit
550 331 592 363 de
617 341 657 361 eo
683 329 775 360 sama
812 326 846 358 in
871 323 990 363 ltalia,
1025 329 1060 356 et
1089 322 1175 368 quid

187 386 318 418 Brutus
344 390 442 428 agat,
475 382 603 427 quidve
631 384 811 411 senatores
835 375 979 421 quidam
1004 375 1048 407 de
1072 385 1177 417 repu-

189 437 278 469 blica
304 435 468 469 sentiant.
536 428 717 472 Principio
742 427 853 461 utitur
879 426 1002 459 Cicero
1027 424 1178 458 transla-

192 487 299 520 tione.
352 486 496 518 Poterat
514 481 607 514 enim
633 490 796 512 accusare
816 477 976 511 Cassium
999 475 1179 519 negligen-

193 538 275 575 tiae,
293 536 387 581 quod
403 544 513 578 usque
531 532 618 564 adeo
637 528 725 562 nibil
737 530 780 562 de
796 528 867 563 suis
881 528 986 561 rebus
1001 526 1180 560 scriberet.

195 590 238 620 At
265 587 386 618 Cicero
413 585 516 617 istam
539 580 789 626 negligentiam
815 577 1082 623 tempestatibus
1108 574 1182 609 hie-

196 638 261 671 mis
278 637 440 680 imputat.
493 633 644 678 Reliqua
660 644 734 664 non
748 637 831 665 sunt
848 630 953 664 unius
971 626 1183 672 argumenti,

197 689 255 721 sed
273 687 410 720 concisa
429 684 636 717 narratione
659 682 778 716 variae
796 693 852 715 res
869 685 1107 725 exponuntur.

441 769 579 803 Aliud
613 772 941 812 argumentum.

301 838 449 873 Constat
463 835 550 871 haec
569 836 715 881 epistola
731 834 892 880 pluribus
908 829 1187 869 narrationibus,

201 901 290 936 quae
306 902 380 923 non
394 890 465 922 fere
485 890 530 922 ad
548 888 641 921 idem
659 891 839 931 spectant,
872 884 965 917 inter
982 894 1069 928 quas
1086 891 1188 925 prae-

202 942 303 985 cipua
323 947 374 974 est
389 941 548 973 narratio
567 940 608 971 de
627 938 795 982 opinione
816 941 850 968 et
873 947 933 979 spe
957 933 1039 966 belli
1064 937 1188 965 contra

201 991 418 1030 Antonium,
459 990 519 1036 qui
551 990 698 1022 omniuo
729 987 869 1019 videtur
899 996 1001 1029 posse
1034 980 1190 1027 opprimi

204 1042 502 1075 consentientibus
520 1039 761 1072 voluntatibus
779 1036 937 1070 omnium
953 1036 1132 1067 bonorum
1157 1038 1191 1065 et

203 1093 356 1126 exercitu
380 1090 662 1126 instructissimo.
726 1087 766 1120 In
790 1088 858 1120 fine
884 1085 1030 1130 ponitur
1055 1090 1190 1122 votum,

203 1150 242 1176 ut
275 1144 312 1175 in
342 1155 444 1177 causa
467 1141 682 1186 reipublicae
710 1138 831 1172 omnia
853 1136 1000 1171 feliciter
1026 1135 1192 1168 eveniant

206 1194 339 1229 Cassio.

448 1268 581 1302 Aliud
619 1270 948 1311 argumentum.

309 1335 486 1369 Continua
511 1341 562 1368 est
587 1333 770 1372 narratio,
810 1330 986 1374 primum,
1023 1325 1119 1372 quod
1140 1323 1193 1356 in-

209 1393 342 1420 certum
358 1386 482 1425 fuerit,
509 1385 571 1418 ubi
588 1385 748 1417 locorum
767 1387 856 1415 esset
873 1379 1029 1415 Cassius;
1067 1375 1193 1409 deinde

210 1445 379 1482 quantam
402 1437 543 1470 laudem
568 1440 774 1468 consecutus
805 1432 850 1465 sit
880 1430 974 1474 apud
997 1439 1119 1461 omnes
1143 1425 1194 1459 M.

209 1488 340 1521 Brutus
367 1489 459 1520 victo
482 1489 590 1520 fratre
606 1484 755 1518 Antonii
777 1483 815 1515 in
831 1479 1054 1514 Macedonia.
1106 1476 1194 1510 Item

211 1539 253 1571 de
277 1538 402 1583 Syria,
437 1550 544 1583 quam
569 1537 642 1581 ipse
667 1534 806 1569 Cassius
830 1535 1082 1575 occupaverat,
1119 1534 1193 1560 tum

210 1589 316 1622 etiam
350 1590 392 1622 de
414 1588 459 1622 D.
482 1588 613 1627 Bruto,
654 1586 792 1625 Hirtio,
834 1583 982 1616 Caesare
1010 1586 1044 1613 et
1067 1579 1195 1612 Pansa.

215 1640 377 1673 Tandem
402 1639 501 1672 addit
526 1640 568 1671 de
589 1644 731 1676 senatu,
763 1646 853 1680 quae
879 1632 998 1666 omnia
1023 1642 1064 1663 eo
1088 1628 1196 1674 perti-

214 1697 322 1731 nent,
359 1697 397 1724 ut
420 1690 590 1733 significet
616 1689 851 1731 undecunque
870 1694 1017 1727 magnos
1033 1680 1111 1713 fieri
1136 1691 1197 1723 ap·-

215 1748 359 1786 paratus
379 1742 544 1774 adversus
560 1739 769 1772 Antonium.
821 1735 861 1768 In
878 1736 946 1768 fine
963 1739 1014 1767 est
1028 1731 1197 1776 precati0‚

215 1799 254 1826 ut
270 1792 418 1825 feliciter
431 1804 486 1825 res
503 1791 676 1824 succedat.

399 1889 586 1926 Scholia
614 1890 658 1921 in
687 1885 927 1932 epistolam
953 1881 1012 1916 VI.

320 1967 350 2013 ἓ.
372 1971 404 2002 1.
431 1963 636 2012 Quistatus]
663 1962 844 1998 Narratio.
896 1963 1014 2005 Itaque
1028 1969 1102 1992 eum
1117 1953 1200 2003 tibi]

220 2018 503 2055 Commendatio.

321 2069 351 2115 §-
368 2073 403 2106 2.
434 2071 485 2103 Τιι
504 2065 619 2113 velim]
647 2064 768 2098 Ratio.

514 2151 835 2194 Argumentum
852 2145 910 2192 εἰς).

321 2221 475 2255 Possunt
500 2218 656 2263 quinque
681 2214 806 2248 ordine
830 2217 1013 2257 sequentes
1035 2209 1202 2254 epistolae

225 2272 402 2306 Ciceronis
413 2272 456 2303 ad
470 2268 628 2303 Cassium
647 2267 773 2299 eodem
789 2265 861 2296 fere
881 2268 1090 2305 argumento
1109 2272 1203 2293 com-

223 2322 404 2367 prehendi.
458 2321 547 2353 Sunt
563 2318 655 2351 enim
674 2327 796 2349 omnes
810 2312 1050 2351 narratoriae‚
1077 2311 1204 2356 quibus

227 2378 499 2411 commemorat,
528 2368 667 2415 quaein
691 2367 778 2400 urbe
802 2370 835 2397 et
850 2362 949 2396 Italia
973 2362 1017 2395 ab
1031 2361 1204 2394 Antonia-

227 2424 280 2456 nis
305 2429 337 2455 et
358 2423 469 2454 Bruto
495 2425 681 2464 gerantur,
717 2422 751 2449 et
774 2414 878 2450 simul
899 2413 1004 2446 etiam
1029 2409 1204 2451 hortatur,

225 2481 264 2507 ut
280 2474 352 2516 ipse
369 2473 405 2504 in
420 2471 518 2504 Italia
539 2482 643 2514 agens
658 2474 798 2502 strenue
816 2463 1070 2508 rempublicam
1086 2463 1205 2495 desen-

258 2597 307 2624 34)
327 2595 384 2619 Hoc
403 2594 589 2620 argumentum
610 2593 636 2616 et
655 2591 705 2615 duo
724 2588 867 2620 sequentia
884 2587 911 2611 in
929 2586 1013 2611 Editt.
1030 2585 1119 2617 1556.‚
1139 2585 1205 2609 1565

293 2629 410 2652 -1596,
428 2627 587 2650 afferuntur.

258 2674 306 2701 35)
325 2673 380 2695 Hoc
398 2670 583 2699 argumentum
602 2669 628 2691 et
647 2667 698 2691 duo
717 2665 858 2697 sequentia
875 2664 909 2688 ab
928 2662 1012 2687 Editt.
1032 2661 1118 2694 1556„
1139 2661 1205 2685 1565

291 2705 408 2729 -1596,
426 2703 593 2727 exhibentur.

755 123 877 160 PHIL.
913 121 1026 157 MEL.
1063 117 1264 155 SCRIPTA
1296 119 1634 156 PHILOLOGICA.

1225 208 1296 241 dat.

1227 258 1436 291 Strabonem
1455 259 1631 303 quendam
1648 260 1692 292 ad
1704 259 1862 292 Cassium
1881 264 2034 292 euntem.
2073 256 2210 290 Deinde

1229 321 1308 342 eum
1328 309 1373 342 ad
1391 309 1604 354 reipublicae
1622 309 1862 344 defensionem
1880 307 2056 342 hortatur.

2131 120 2205 157 424

1356 205 1396 239 In
1427 205 1533 241 buius
1557 219 1640 241 vero
1663 207 1832 252 epistolae
1858 206 1959 240 initio
1987 206 2213 240 commendat

1474 399 1612 433 Aliud
1639 406 1966 444 argumentum.

1333 464 1491 510 Epistola
1510 466 1640 511 partim
1656 466 1948 500 commendatIcia
1962 493 1971 507 ‚
2003 465 2135 511 partim
2154 467 2216 499 ad-

1232 515 1429 550 hortatoria
1447 523 1508 550 est.
1561 518 1797 551 Commendat
1814 518 1906 551 enim
1925 518 2155 557 Strabonem,
2183 523 2218 550 et

1234 567 1394 601 Cassium
1415 565 1626 601 adhortatur
1651 570 1695 601 ad
1722 569 1960 603 defensionem
1993 567 2219 613 reipublicae.

1234 618 1384 652 Orditur
1401 624 1518 651 autem
1536 630 1555 651 a
1573 620 1726 664 quadam
1743 620 1966 654 excusatione
1982 632 2045 665 per
2060 618 2219 653 reiectio-

1235 681 1316 702 nem
1334 669 1516 703 brevitatis
1531 669 1751 711 litterarum,
1782 683 1891 716 quare
1914 669 2003 704 nihil
2026 670 2156 705 scribat
2177 670 2220 702 de

1237 719 1414 765 praesenti
1447 725 1540 753 statu
1571 720 1796 765 reipublicae.
1854 722 2021 767 Sequitur
2043 732 2222 755 commen-

1238 771 1356 810 datio,
1395 782 1456 804 seu
1477 769 1634 804 laudatio
1660 783 1843 815 personae.
1911 770 2222 806 Commendationi

1239 821 1423 856 subiicitur
1450 821 1610 854 narratio
1637 822 1680 855 de
1703 823 1823 866 spejet
1846 823 2086 867 expectatione
2107 819 2224 855 homi-

1239 885 1338 913 num,
1355 878 1389 905 et
1405 872 1448 905 de
1464 872 1661 916 periculosa
1679 872 1874 907 Mutinensi
1891 874 2086 908 obsidione.
2120 872 2223 906 Post·

1241 936 1281 957 ea
1304 923 1451 968 ponitur
1475 921 1699 964 adhortatio,
1734 929 1774 957 ut
1796 936 1967 968 magnum
1984 926 2144 958 animum
2160 920 2224 956 ha-

1241 976 1322 1008 beat
1340 975 1384 1007 ad
1402 974 1657 1018 rempublicam
1673 975 1942 1009 defendendam.

1487 1065 1622 1098 Aliud
1656 1072 1984 1109 argumentum.

1345 1131 1504 1176 Epistola
1534 1137 1586 1165 est
1617 1132 1922 1166 commendaticia.
1993 1130 2116 1164 Primo
2146 1131 2226 1164 loco

1244 1182 1390 1228 ponitur
1405 1183 1692 1223 narratiuncula,
1720 1183 1776 1216 cui
1792 1183 1910 1216 addita
1930 1187 1981 1215 est
2003 1182 2229 1215 commenda-

1245 1234 1295 1266 tio
1328 1246 1391 1277 per
1416 1232 1716 1267 adhortationem.
1789 1233 1926 1267 Ultimo
1962 1233 2040 1266 loco
2072 1239 2230 1266 recenset

1245 1290 1466 1328 praesentem
1489 1290 1619 1318 statum
1644 1296 1763 1317 rerum
1779 1285 2005 1324 bellicarum,
2033 1283 2151 1316 addita
2169 1284 2230 1315 ad-

1247 1333 1468 1375 hortatione,
1502 1341 1543 1368 ut
1566 1335 1705 1368 fortiter
1728 1342 1852 1380 pergat
1878 1335 2064 1369 defendere
2088 1345 2231 1378 rempu-

1245 1386 1386 1420 blicam.

1399 1493 1723 1537 Argumentum
1749 1493 1978 1538 epistolae
2004 1493 2078 1529 VH.

1347 1576 1536 1616 Narratio,
1565 1577 1661 1622 quod
1682 1576 1868 1620 diligenter
1885 1577 2043 1611 Cassium
2067 1578 2230 1611 defende-

1248 1628 1295 1661 rit
1310 1628 1346 1660 in
1362 1634 1486 1662 senatu
1495 1627 1554 1673 36).

1461 1712 1598 1745 Aliud
1626 1718 1943 1756 argumentum
1959 1712 2018 1758 3⁷).

1354 1781 1443 1814 Cum
1470 1779 1574 1813 multi
1600 1791 1703 1823 aegre
1736 1780 1870 1813 ferrent
1895 1779 2052 1814 Cassium
2087 1780 2124 1814 in
2150 1781 2234 1816 Asia

1253 1845 1331 1866 cum
1355 1831 1542 1865 Dolabella
1565 1843 1744 1875 pugnare,
1786 1830 1908 1864 Cicero
1942 1831 2097 1864 defendit
2122 1832 2233 1866 Cassii

1252 1883 1408 1918 studium
1434 1894 1553 1915 coram
1576 1882 1709 1925 populo
1726 1881 1912 1922 Romano,
1944 1881 2050 1926 idque
2072 1880 2138 1916 hac
2161 1884 2234 1928 epi—

1253 1935 1341 1970 stola
1358 1933 1477 1967 Cassio
1502 1932 1646 1965 indicat.
1704 1931 1767 1965 Est
1787 1931 1894 1975 igitur
1919 1932 2067 1976 epistola
2091 1934 2234 1968 nuntia—

1253 1986 1343 2020 toria
1361 1990 1525 2018 constans
1541 1982 1747 2016 narratione
1764 1982 1859 2017 facti.

1504 2065 1638 2100 Aliud
1665 2071 1986 2110 argumentum.

1355 2142 1582 2178 Nuntiatoria
1600 2147 1669 2182 est,
1696 2142 1733 2174 in
1749 2153 1817 2187 qua
1842 2149 2118 2184 commemorat,
2144 2155 2234 2189 quae

1256 2197 1299 2229 ad
1316 2195 1487 2240 populum
1506 2199 1538 2226 et
1555 2193 1590 2224 in
1608 2199 1731 2226 senatu
1746 2193 1854 2236 egerit
1869 2194 1912 2226 de
1937 2193 2107 2238 dignitate
2124 2194 2236 2228 Cassii

1256 2247 1434 2290 augenda,
1459 2250 1498 2276 ut
1513 2243 1675 2276 videlicet
1690 2243 1829 2288 Syriam
1847 2244 2022 2277 obtineret
2044 2257 2144 2279 causa
2160 2244 2233 2279 Do-

1255 2298 1400 2330 labellae
1432 2294 1676 2340 persequendi.
1743 2294 1889 2328 Constat
1918 2295 2037 2341 itaque
2067 2295 2234 2330 continua

1255 2347 1460 2381 narratione
1491 2347 1532 2377 de
1565 2345 1726 2378 libertate
1754 2352 1787 2378 et
1812 2347 2007 2379 constantia
2031 2359 2092 2380 sua
2118 2347 2157 2380 in
2181 2347 2232 2380 di-

1257 2400 1364 2432 cenda
1393 2396 1563 2431 sententia
1587 2408 1651 2439 pro
1675 2396 1806 2430 Cassio.
1867 2397 1967 2430 Hanc
1989 2397 2148 2442 sequitur
2172 2398 2233 2430 ad—

1256 2448 1430 2487 hortatio,
1466 2453 1505 2480 ut
1529 2459 1712 2492 nunquam
1735 2447 1946 2481 intermittat
1971 2448 2118 2481 sollicite
2139 2447 2232 2491 cogi-

1257 2507 1331 2534 tare
1347 2498 1412 2544 pro
1431 2498 1631 2531 defensione
1651 2498 1874 2543 reipublicae.

1288 2618 1336 2645 36)
1354 2617 1412 2640 unc
1424 2617 1611 2645 argumentum
1632 2615 1731 2640 babent
1748 2616 1824 2640 solae
1842 2615 2022 2646 Editt.15³7.‚
2042 2617 2126 2648 1545„
2143 2617 2217 2641 156⁰.

1289 2659 1336 2691 37)
1357 2660 1413 2682 Hoc
1430 2660 1617 2688 argumentum
1637 2660 1664 2682 et
1683 2659 1734 2683 duo
1753 2659 1894 2689 sequentia
1912 2659 1945 2683 ab
1957 2658 2042 2684 Editt.
2057 2660 2148 2692 1556„
2168 2660 2234 2684 1565

1324 2708 1355 2712 —
1370 2693 1442 2717 1596.
1462 2694 1636 2722 praebentur.
