2351 2990
183 124 255 159 327

187 208 241 241 cui
264 214 357 240 sorte
382 206 575 239 obvenerat
601 205 711 238 altera
735 215 817 248 pars
843 201 1043 238 Celtarum,
1077 199 1172 232 fama

188 259 319 291 serebat
332 284 340 296 ,
369 257 463 301 quod
482 256 509 289 is
526 269 560 289 se
586 269 663 288 cum
681 255 729 287 M.
746 253 881 296 Lepido
899 258 932 284 et
945 249 1071 284 Asinio
1090 249 1174 283 Pot-

190 310 282 341 lione
303 308 460 351 partibus
477 306 691 340 Antonianis
718 304 969 336 coniuncturus
989 306 1096 339 esset,
1125 306 1176 332 at-

191 372 257 403 que
274 358 527 401 rempublicam
548 358 759 389 deserturus.
812 353 966 386 Gerebat
983 351 1076 384 enim
1102 357 1175 383 tum

193 409 362 453 temporis
393 408 568 440 Antonius
597 407 726 438 bellum
759 410 882 437 contra
915 402 1062 436 Decium
1087 402 1178 434 Bru-

193 467 288 498 tum,
324 466 490 503 tanquam
519 456 653 489 hostem
682 455 908 499 reipublicae.
978 452 1098 498 Itaque
1123 452 1179 484 Ci-

195 523 273 543 cero
294 509 475 541 familiaris
493 508 614 540 Planci
639 519 698 539 eos
727 518 888 539 rumores
905 504 1104 549 percipiens
1121 515 1179 535 ve-

198 562 359 597 rebatur,
395 571 437 591 ne
454 558 604 591 Plancus
631 569 649 590 a
674 557 854 602 republica
877 556 1101 594 descisceret,
1129 560 1180 586 at-

197 624 263 656 que
281 610 351 642 suis
367 609 505 652 scriptis
529 621 608 642 eum
635 610 679 641 ad
705 607 918 652 reipublicae
940 606 1179 640 defensionem

197 662 323 693 acriter
341 658 501 692 hortatus
519 666 580 693 est.
642 659 731 692 Eam
757 659 851 692 enim
876 658 1113 702 suspicionem
1139 657 1180 688 de

197 712 270 744 eius
304 711 497 743 detectione
532 710 655 743 callide
674 710 718 755 ¹³)
748 710 964 748 dissimulat,
1010 714 1043 741 et
1075 707 1181 740 etiam

198 773 337 795 summo
370 761 486 794 studio
520 762 564 793 ad
595 761 893 805 propugnandam
924 758 1181 803 rempublicam

199 826 279 845 eum
305 811 475 845 accendit.
544 810 654 857 quue
684 818 780 844 tanta
804 811 887 844 sacit
918 809 1091 843 orationis
1113 809 1180 841 ele-

200 863 316 907 gantia
330 889 339 903 ,
368 869 661 895 ornamentorum
679 863 866 906 splendore
879 888 888 901 ,
913 874 953 894 ac
969 873 1086 893 rerum
1106 871 1183 903 gra—

201 914 321 952 vitate,
344 920 382 946 ut
398 911 463 946 liae
481 926 602 946 omnes
620 913 789 957 epistolae
806 925 871 957 pro
890 912 1043 955 imagine
1060 909 1186 955 optimi

201 964 339 1008 generis
358 964 497 996 dicendi
515 962 638 996 haberi
655 965 818 997 debeant.
870 962 934 996 Est
957 969 1074 995 autem
1099 959 1186 993 haec

202 1015 317 1058 prima
347 1015 515 1058 epistola,
557 1015 657 1047 sicuti
688 1015 759 1047 sere
791 1025 913 1047 omnes
944 1014 987 1045 ad
1014 1013 1186 1045 Plancum

203 1065 375 1109 scriptae,
419 1063 615 1097 hortatoria
652 1066 696 1097 ad
732 1071 912 1098 strenuam
947 1063 1187 1096 defensionem

204 1116 429 1159 reipublicae.
497 1114 640 1147 lnitium
665 1115 771 1149 sumit
796 1128 813 1148 a
837 1115 1062 1153 narratione,
1098 1124 1187 1157 quae

205 1167 362 1198 continet
381 1178 522 1208 gravem
542 1167 721 1210 querelam
740 1167 782 1199 de
800 1165 968 1198 violentia
988 1163 1135 1197 Antonii
1156 1169 1190 1196 et

203 1217 332 1249 afflicto
366 1216 581 1260 reipublicae
614 1223 718 1250 statu.
791 1216 958 1261 Sequitur
988 1214 1188 1259 propositio

205 1265 436 1305 hortationis,
478 1267 532 1299 cui
557 1267 697 1300 subiicit
721 1267 1015 1311 pollicitationem
1043 1277 1190 1299 suorum

205 1317 400 1350 officiorum
421 1329 481 1360 per
500 1318 712 1361 congeriem.
764 1316 806 1351 Iu
827 1319 896 1350 fine
919 1317 1074 1351 breviter
1096 1327 1190 1348 com-

204 1370 348 1401 mendat
364 1368 537 1401 Furnium
560 1369 750 1413 quendam.

455 1459 589 1492 Aliud
618 1464 949 1503 argumentum.

308 1538 383 1571 Hae
417 1537 606 1581 epistolae,
649 1548 739 1581 quae
769 1546 864 1568 nunc
893 1539 1111 1579 sequuntur,
1147 1533 1191 1565 ad

207 1589 379 1622 Plancum
402 1589 473 1620 sere
498 1587 643 1619 biennio
669 1592 749 1630 post
772 1585 993 1618 intersectum
1011 1584 1049 1617 C.
1069 1584 1194 1617 Caesa-

208 1652 305 1679 rem,
344 1639 451 1682 paulo
477 1644 669 1682 antequam
695 1636 828 1669 occisus
855 1641 906 1668 est
932 1635 1076 1675 Cicero,
1112 1640 1195 1667 sunt

209 1690 359 1734 scriptae
385 1689 587 1721 consulibus
603 1688 718 1721 Pansa
744 1694 778 1719 et
795 1686 932 1726 Hirtio,
959 1686 1085 1730 quibus
1104 1684 1194 1717 occi-

209 1741 254 1774 sis
277 1740 439 1774 successit
458 1739 646 1783 Augustus.
700 1738 956 1781 Argumentum
981 1742 1097 1769 autem
1123 1735 1196 1779 pri-

210 1803 288 1824 mae
304 1791 471 1834 epistolae
487 1788 554 1822 hoc
571 1795 632 1822 est.
671 1789 844 1828 Plancus,
871 1787 931 1832 qui
949 1787 1095 1819 alteram
1114 1798 1195 1830 par-

210 1849 279 1874 tem
305 1842 501 1874 Galliarum
525 1840 669 1873 sortitus
694 1846 789 1879 erat,
834 1838 1019 1871 videbatur
1047 1850 1082 1870 se
1116 1849 1194 1870 cum

210 1892 369 1925 Antonio
404 1892 673 1930 conhmcturus,
723 1890 784 1935 qui
818 1895 941 1922 contra
973 1888 1127 1923 Brutum
1162 1894 1196 1920 et

210 1943 406 1986 Augustum
431 1942 562 1975 bellum
588 1947 762 1974 moverat.
833 1940 955 1972 Cicero
980 1939 1087 1983 igitur
1114 1951 1194 1972 eum

212 1995 255 2027 ad
280 1993 494 2037 reipublicae
517 2004 637 2026 curam
664 1991 922 2035 suscipiendam
947 1988 1133 2029 hortatur,
1162 1995 1196 2022 et

213 2044 316 2078 tacite
341 2045 529 2083 admonet,
563 2049 603 2076 ut
625 2042 736 2086 fugiat
759 2042 963 2075 societatem
989 2053 1067 2074 cum
1084 2040 1196 2073 Anto-

213 2095 284 2128 nio.
337 2093 400 2128 Est
422 2100 540 2127 autem
565 2105 693 2137 magna
721 2090 848 2126 harum
873 2092 1102 2136 epistolarum
1129 2091 1196 2124 ele-

213 2145 329 2189 gantia
350 2151 383 2178 et
398 2144 572 2189 gravitas,
600 2156 711 2190 quare
735 2144 885 2177 multum
913 2149 994 2176 sunt
1014 2143 1195 2186 legendae.

213 2196 327 2229 Habet
341 2193 427 2228 haec
444 2195 590 2239 epistola
612 2194 715 2227 initio
736 2194 977 2227 narrationem
992 2220 1000 2233 ,
1034 2205 1095 2227 seu
1112 2204 1196 2238 que-

213 2247 322 2279 relam
337 2248 380 2279 de
398 2245 586 2291 tyrannide
600 2245 759 2279 Antonii.
810 2245 896 2278 Post
914 2244 1093 2290 querelam
1113 2255 1195 2287 pro-

214 2298 332 2340 ponit,
366 2303 399 2330 et
424 2295 635 2330 adhortatur
655 2296 847 2335 Plancum,
878 2301 917 2328 ut
940 2294 1193 2338 rempublicam

217 2353 337 2380 contra
355 2348 526 2381 furiosum
548 2347 658 2380 civem
678 2347 862 2385 defendat,
890 2358 955 2390 pro
984 2358 1054 2391 quo
1080 2344 1195 2378 officio

215 2397 398 2441 pollicetur
416 2411 517 2431 suum
535 2398 688 2432 studium
707 2398 840 2432 Planco
858 2396 1030 2441 aspiranti
1045 2396 1090 2428 ad
1114 2408 1196 2428 con-

214 2447 378 2481 sulatum.
445 2448 497 2481 De
522 2449 710 2482 insolentia
737 2449 786 2482 M.
808 2447 957 2480 Antonii
982 2447 1088 2491 legito
1113 2447 1196 2479 Plu-

215 2495 374 2531 tarchum
386 2497 429 2542 ¹⁴)
446 2505 479 2530 et
496 2501 685 2533 secundam
703 2497 941 2543 Philippicam
960 2497 1151 2532 Ciceronis.

251 2639 296 2670 13)
316 2637 430 2665 callide]
450 2638 498 2660 Ed.
519 2637 592 2661 ¹571.
612 2645 707 2662 errore
727 2640 852 2672 typogr.:
877 2640 974 2666 calido.

248 2691 294 2718 1⁴)
313 2688 450 2712 Plutarchi
470 2688 527 2712 vita
545 2689 579 2712 Μ.
600 2690 719 2715 Antonii.

754 116 876 152 PHIL.
908 113 1020 149 MEL.
1055 112 1257 148 SCRIPTA
1290 114 1626 151 PHILOLOGICA.

2136 116 2208 152 328

1470 201 1605 235 Aliud
1646 207 1973 246 argumentum.

1330 275 1499 310 Narratio
1519 283 1570 310 est
1586 278 1628 310 de
1646 277 1851 310 crudelitate
1870 277 2019 309 Antonii
2044 282 2077 309 et
2094 277 2136 309 de
2157 287 2213 309 ex—

1230 327 1429 370 pectatione
1454 329 1655 361 consulatus
1671 328 1805 361 Planci.
1867 328 1972 360 Prior
1997 326 2213 360 narrationis

1231 389 1312 420 pars
1340 383 1391 411 est
1416 378 1626 422 amplificata
1649 379 1854 423 gravissima
1879 379 2020 423 querela
2044 380 2086 411 de
2111 389 2215 422 repu-

1232 428 1319 459 blica
1353 429 1493 471 penitus
1524 442 1691 473 oppressa
1714 442 1777 473 per
1801 429 2010 463 Antonium.
2077 429 2214 461 Deinde

1232 478 1391 523 sequitur
1414 480 1631 523 propositio,
1672 493 1739 525 qua
1765 481 1870 524 petit,
1904 487 1943 514 ut
1966 479 2133 524 suscipiat
2158 491 2216 512 cu-

1233 541 1308 561 ram
1334 529 1567 573 reipublicae,
1603 543 1711 576 quam
1734 531 1829 564 videt
1857 532 2052 565 miserrime
2074 543 2146 564 esse
2168 530 2217 562 af-

1234 580 1363 612 flictam
1388 587 1421 613 et
1450 581 1596 613 omnino
1623 581 1837 615 destitutam.
1890 581 2133 627 Propositioni
2157 582 2217 613 ad-

1234 631 1305 663 dita
1333 637 1383 664 cst
1407 632 1739 675 amplificatiuncula
1768 633 1951 667 continens
1984 632 2217 678 praedicatio-

1235 695 1315 714 nem
1334 682 1387 714 sui
1417 682 1541 722 officii,
1573 688 1693 727 estque
1718 680 1802 716 haec
1825 697 1978 717 summa:
2015 683 2113 716 Licet
2134 695 2218 727 pro-

1238 739 1312 777 pter
1329 733 1439 776 ipsam
1459 734 1714 777 rempublicam
1733 746 1855 767 curare
1873 736 1982 768 debeo
2008 735 2217 778 dignitatem

1236 790 1354 822 tuam,
1389 790 1421 816 ct
1442 796 1578 817 sumine
1603 790 1746 828 optare,
1776 791 1816 818 ut
1840 786 1901 819 fias
1925 786 2066 826 consul,
2101 792 2220 818 tamen

1237 832 1303 866 boc
1321 835 1427 867 etiam
1446 841 1592 879 propter
1610 841 1642 868 te
1660 835 1762 868 facio.
1814 834 1854 868 In
1872 837 1940 869 fine
1956 836 2100 880 ponitur
2115 834 2221 878 signi-

1237 885 1352 917 ficatio
1380 885 1433 918 sui
1458 886 1598 926 iudicii,
1637 886 1703 919 sibi
1726 884 1795 918 boc
1819 885 2046 920 vehementer
2071 886 2222 930 placere,

1239 937 1333 981 quod
1359 936 1533 969 Furnium
1564 937 1720 980 legatum
1754 937 1906 971 officiose
1939 937 2149 982 susceperit,
2191 941 2224 968 et

1241 999 1304 1030 pro
1324 987 1415 1019 fideli
1433 988 1546 1019 amico
1565 1000 1659 1020 nunc
1677 985 1817 1021 habeat.

1290 1096 1614 1139 Argumentum
1649 1103 1690 1129 et
1725 1095 1898 1130 scholia
1931 1096 1975 1128 in
2003 1095 2175 1140 episto-

1659 1148 1746 1180 lam
1774 1146 1814 1181 ΙΙ.

1343 1231 1530 1266 Excusatio
1543 1232 1600 1278 ¹⁵),
1628 1245 1736 1278 quare
1754 1245 1827 1266 non
1847 1233 1983 1266 venerit
2001 1232 2037 1265 in
2054 1238 2227 1270 senatum,

1244 1295 1322 1315 cum
1348 1284 1470 1317 studiis
1492 1284 1687 1317 amicorum
1717 1296 1804 1328 opus
1824 1282 1969 1317 haberet
1985 1283 2155 1322 Plancus,
2183 1282 2227 1314 ad

1245 1336 1531 1378 consequendum
1564 1335 1784 1367 consulatum
1798 1361 1807 1374 ,
1846 1347 1909 1368 nec
1940 1333 2068 1368 dixerit
2090 1339 2228 1366 senten-

1245 1385 1329 1416 tiam
1348 1384 1404 1428 16).

1347 1441 1376 1486 ἓ.
1393 1446 1428 1478 2.
1464 1445 1672 1487 Quapropter
1685 1441 1757 1490 17)]
1787 1443 1982 1477 Correctio.

1245 1492 1373 1540 [cidem]
1401 1494 1530 1526 Petitio
1548 1494 1584 1526 in
1601 1494 1839 1528 conclusione.

2058 1444 2100 1476 In
2122 1443 2174 1476 his
2184 1440 2229 1486 ¹⁸)

1460 1592 1600 1625 Aliud
1628 1598 1941 1636 argumentum
1956 1591 2013 1636 ¹⁹).

1347 1666 1576 1700 Excusatoria
1596 1674 1665 1707 est,
1694 1667 1729 1699 in
1755 1680 1824 1712 qua
1851 1666 2006 1699 rationes
2031 1665 2147 1698 reddit
2170 1677 2231 1698 ne-

1248 1717 1349 1761 glecti
1378 1718 1483 1750 officii
1515 1718 1552 1750 in
1582 1716 1719 1750 honore
1753 1717 1877 1762 optimi
1909 1717 2031 1756 amici,
2080 1721 2230 1761 suntque

1248 1770 1338 1802 duae
1366 1769 1601 1802 narrationes.
1661 1768 1781 1801 Altera
1805 1768 1957 1802 sumitur
1981 1779 1999 1800 a
2023 1766 2229 1800 crudelitate

1247 1819 1395 1852 Antonii
1421 1826 1454 1852 et
1480 1832 1498 1852 a
1520 1819 1676 1863 periculo
1702 1819 1927 1856 imminente;
1963 1818 2072 1851 altera
2092 1829 2110 1849 a
2135 1823 2229 1850 statu

1248 1870 1462 1915 reipublicae
1487 1870 1684 1903 miserrime
1710 1870 1851 1903 afflicto.
1916 1867 2145 1901 Excusationi
2169 1869 2229 1900 ad-

1248 1921 1300 1954 dit
1325 1921 1600 1960 correctionem,
1642 1914 1711 1965 qua
1741 1921 1853 1953 defert
1887 1919 1999 1952 amico
2024 1916 2128 1952 'suum
2156 1919 2230 1951 offi-

1248 1973 1359 2012 cium,
1394 1972 1513 2005 addita
1545 1971 1734 2016 petitione,
1775 1983 1819 2003 ne
1849 1982 1951 2014 aegre
1983 1971 2092 2010 ferat,
2133 1970 2230 2014 quod

1248 2030 1395 2067 propter
1435 2029 1547 2057 certas
1586 2034 1707 2056 causas
1748 2021 1904 2055 noluerit
1944 2021 2065 2054 venire
2101 2020 2138 2053 in
2179 2032 2231 2054 se-

1247 2080 1383 2108 natum.

1287 2211 1332 2239 15)
1352 2208 1419 2233 Huic
1443 2206 1503 2231 voci
1528 2205 1554 2228 in
1573 2205 1655 2229 Editt.
1677 2204 1768 2231 1540„
1788 2204 1860 2227 1514.
1873 2220 1880 2233 ‚
1901 2203 1992 2233 1554,
2012 2202 2086 2229 1557.
2111 2204 2232 2234 praefixa

1318 2245 1381 2268 sunt
1400 2242 1454 2267 Cic.
1473 2241 1559 2264 verba
1579 2237 1618 2270 (ξ.
1635 2236 1689 2268 1.);
1716 2238 1809 2262 Meum
1828 2239 1965 2262 studium.

1284 2296 1330 2322 16)
1349 2295 1406 2317 Hoc
1429 2291 1617 2321 argumentum
1642 2287 1768 2311 exhibent
1791 2287 1875 2311 Editt.
1900 2287 2013 2311 1537-
2027 2287 2119 2320 1554.,
2146 2288 2231 2320 1552,

1318 2328 1408 2357 1560.,
1430 2326 1504 2349 ¹601.

1284 2380 1330 2409 17)
1350 2379 1402 2402 Pro
1427 2376 1468 2400 his
1495 2374 1549 2398 Cic.
1578 2373 1669 2397 verbis
1694 2372 1720 2396 in
1745 2372 1829 2396 Editt.
1853 2372 1944 2402 1545.‚
1971 2372 2044 2397 1560.
2069 2372 2130 2396 hnic
2152 2374 2233 2397 ,ωηο

1319 2413 1440 2444 praefixa
1456 2410 1519 2432 suut
1537 2407 1693 2438 sequentia:
1731 2407 1850 2437 Siquid
1873 2407 1945 2437 erit,
1981 2406 2075 2435 quibus
2100 2407 2182 2431 etiam
2205 2407 2232 2430 in

1317 2448 1366 2472 Ed.
1387 2444 1460 2469 1537.
1480 2444 1546 2466 haec
1564 2443 1629 2465 nota
1649 2442 1676 2465 in
1695 2441 1818 2472 margine
1836 2442 1879 2464 est
1898 2440 2032 2471 apposita.

1284 2501 1330 2527 18)
1350 2497 1408 2525 his]
1428 2492 1656 2521 sicEditt.1537.,
1678 2492 1761 2521 1560„
1783 2492 1856 2517 1601.
1873 2491 1900 2515 in
1915 2492 1990 2515 textu
2005 2491 2032 2514 et
2045 2489 2128 2514 Editt.
2145 2491 2232 2520 1540..

1318 2533 1409 2557 154⁴..
1433 2528 1522 2557 1543,
1544 2527 1634 2555 1554„
1656 2526 1728 2551 1557.
1755 2526 1782 2549 in
1801 2526 1856 2550 Cic.
1882 2525 1973 2548 verbis
1997 2524 2057 2548 huic
2080 2525 2160 2548 notae
2179 2525 2230 2548 ad-

1319 2565 1446 2594 scriptis,
1466 2563 1492 2585 iu
1512 2563 1586 2584 textu
1608 2562 1697 2583 autem
1716 2560 1800 2584 Editt.
1824 2560 1908 2588 1544„
1929 2558 2015 2589 1545„
2036 2558 2123 2589 ¹546„
2145 2559 2230 2591 1554,

1318 2599 1392 2624 ¹557.
1411 2602 1496 2626 aeque
1514 2601 1546 2618 ac
1564 2595 1612 2619 Ed.
1634 2595 1719 2618 Orell.
1737 2595 1837 2618 habent
1856 2594 1902 2617 iis.

1284 2651 1328 2680 19)
1347 2650 1404 2674 Hoc
1421 2646 1610 2702 argumenttum
1629 2646 1656 2669 et
1676 2645 1730 2669 tria
1749 2643 1890 2674 sequentia
1908 2642 1936 2667 in
1953 2641 2036 2667 Editt.
2055 2641 2144 2672 15⁵6„
2166 2643 2231 2667 156³

1317 2699 1348 2705 .-
1361 2683 1433 2708 1596.
1454 2682 1549 2704 exstan
1564 2698 1569 2703 .
