2351 2990
97 109 175 146 897

100 203 245 229 tonsura
266 194 408 238 capitis,
437 200 499 227 aut
513 194 555 226 de
571 194 676 226 rebus
697 193 770 226 eius
793 194 897 237 gestis
910 220 918 233 ‚
955 194 1101 238 quando

99 246 285 291 navigavit
308 246 346 278 in
364 245 656 289 Hellespontum,
693 245 753 277 ubi
783 257 861 277 cum
889 251 979 278 esset
1001 257 1103 289 prae-

100 298 211 331 fectus
228 297 367 337 classis,
395 297 521 330 ducem
545 296 718 329 exercitus
735 296 833 329 varie
854 295 1101 335 circumduxit,

103 361 230 395 quem,
257 361 336 381 cum
354 348 477 381 fuisset
493 347 525 380 ei
545 360 625 380 cum
642 347 704 379 illo
721 347 870 380 societas
897 360 1040 380 mensae
1063 359 1102 379 ac

101 409 287 432 sacrorum
313 403 459 441 propter
486 405 673 440 paternam
698 397 911 437 amicitiam,
951 410 1026 430 non
1052 404 1103 431 est

102 448 237 482 veritus
255 460 419 482 accusare
435 448 566 481 iudicio
588 448 702 481 laesae
720 449 925 483 maiestatis.
963 449 1101 482 Omitto

103 506 139 533 et
164 500 339 533 actionem
367 505 490 532 contra
513 499 693 539 Mediam,
730 501 773 533 de
799 499 977 544 colaphis,
1013 512 1102 545 quos

103 551 240 595 accepit
256 551 292 583 in
309 549 511 589 orchestra,
540 563 619 584 cum
642 551 746 584 ludos
772 552 921 589 facerem
958 558 992 584 et
1014 563 1102 596 quo-

102 603 213 635 modo
231 602 375 646 triginta
396 601 503 635 minis
525 602 676 646 acceptis
695 603 869 636 destiterit
893 604 935 636 ab
961 615 1102 635 accusa-

103 653 222 693 tione,
249 659 282 686 et
300 653 501 686 vendiderit
522 654 647 697 populi
672 654 896 688 sententiam.
950 654 1046 686 Haec
1069 659 1103 686 et

104 704 235 738 similia
261 704 330 737 alia
356 705 467 737 multa
493 705 799 748 praetermittam,
828 718 901 738 non
920 705 1102 749 praevari-

106 761 249 789 caturus
269 761 331 788 aut
347 768 426 788 cum
447 767 508 788 reo
534 756 752 795 collusurus,
786 758 845 790 sed
871 756 953 801 quia
979 756 1102 796 timeo,

104 818 150 839 ne
165 806 354 840 fastidiatis
369 805 457 839 haec
472 813 591 840 vetera
610 814 644 840 et
661 808 883 851 pervulgata,
913 814 1103 852 quantum-

104 858 157 891 vis
174 869 257 890 vera
276 857 357 891 sint.
398 857 487 890 Cum
507 864 627 891 autem
647 865 721 891 tam
737 865 836 891 vetus
853 858 999 891 infamia
1016 858 1102 891 citra

103 908 216 942 ullam
241 908 502 942 dubitationem
525 907 672 942 haereat
702 910 739 942 in
760 907 1022 949 Demosthene,
1064 916 1104 943 ut

103 957 194 993 mihi
210 961 407 993 verendum
426 960 481 999 sit,
506 972 550 992 ne
567 960 791 994 fastidiosum
809 961 854 994 sit
869 968 941 993 tam
960 961 1103 1004 vulgata

103 1017 286 1056 repetere,
325 1011 554 1056 quantumvis
580 1024 663 1045 vera
687 1012 777 1052 sint,
819 1019 940 1045 utrum
971 1024 1103 1045 corona

103 1074 152 1096 an
168 1062 434 1106 vituperatione
451 1063 579 1107 dignus
595 1063 761 1096 videtur?
795 1063 848 1096 De
865 1070 897 1096 te
915 1076 1000 1096 vero
1018 1063 1104 1108 quid

103 1114 335 1148 statuendum
367 1113 443 1147 est?
487 1120 609 1147 utrum
633 1116 778 1147 tandem
809 1121 843 1147 te
876 1122 1103 1148 contemnere

104 1165 237 1198 iudicia
255 1165 376 1205 decet,
401 1165 529 1198 salsum
546 1165 583 1198 in
609 1166 752 1210 publico
782 1167 924 1199 decreto
950 1167 1104 1200 scriben-

104 1222 199 1256 tem,
227 1228 272 1249 an
288 1215 407 1260 potius
424 1216 640 1260 reipublicae
657 1229 791 1260 poenas
808 1217 919 1249 dare?
968 1217 1021 1250 De
1040 1230 1104 1262 pu-

102 1267 206 1301 blicis
230 1266 438 1300 criminibus
455 1267 630 1311 prolixior
650 1268 765 1300 oratio
785 1269 904 1301 sutura
924 1275 985 1302 est.
1039 1269 1105 1301 Ac-

106 1318 201 1363 cipio
220 1324 357 1357 autem,
388 1316 669 1351 Demosthenem
686 1319 928 1352 defensionem
946 1331 1048 1352 suam
1068 1319 1104 1351 in

106 1375 264 1415 quatuor
287 1375 472 1413 tempora,
507 1370 635 1415 quibus
660 1370 734 1414 ipse
760 1370 1018 1414 rempublicam
1044 1371 1106 1403 ad-

106 1420 345 1459 ministravit,
390 1420 665 1454 distributurum
696 1433 780 1455 esse.
849 1421 1033 1461 Primum,
1067 1428 1107 1455 ut

107 1471 239 1512 audio,
266 1477 406 1515 tempus
432 1471 520 1505 illud
542 1484 614 1505 esse
640 1471 752 1511 dicet,
780 1485 851 1517 quo
875 1473 1005 1505 bellum
1026 1485 1105 1506 cum

107 1521 279 1567 Philippo
310 1529 459 1567 propter
489 1521 725 1567 Amphipolin
760 1523 949 1567 gessimus,
993 1525 1106 1557 donec

107 1586 179 1619 pax
196 1586 276 1608 cum
293 1571 463 1618 Philippo
486 1576 578 1607 facta
604 1581 654 1608 est
679 1581 713 1607 et
733 1575 901 1614 societas,
931 1575 1028 1609 cuius
1046 1587 1107 1609 au—

107 1632 206 1659 tores
221 1626 368 1659 fuerunt
382 1623 605 1659 Philocrates
621 1632 655 1658 et
671 1625 746 1659 iste.
807 1626 1009 1659 Secundum
1034 1639 1107 1661 6556

108 1676 220 1716 dicet,
247 1688 319 1721 quo
339 1688 463 1720 pacem
480 1675 720 1716 habebamus,
749 1678 862 1709 donec
879 1677 1021 1722 tuipse,
1046 1690 1108 1710 an-

108 1734 166 1761 tea
189 1727 286 1772 pacis
310 1734 434 1768 autor,
470 1735 592 1772 postea
622 1729 853 1772 perturbator
877 1730 994 1772 pacis,
1030 1741 1109 1763 sua-

108 1779 186 1814 sisti
216 1779 350 1812 bellum
385 1791 457 1813 esse
491 1779 769 1823 suscipiendum.
838 1779 1000 1814 Tertium
1026 1780 1110 1813 belli

109 1837 253 1874 tempus
271 1831 316 1863 ad
335 1830 470 1863 cladem
491 1843 603 1876 usque
628 1830 665 1862 in
682 1828 890 1864 Chaeronea
916 1838 1109 1876 acceptam.

111 1882 291 1928 Quartum
313 1894 482 1926 praesens
505 1888 657 1926 tempus.
718 1882 814 1915 Haec
838 1889 1000 1927 tempora
1029 1896 1108 1917 cum

108 1933 347 1974 recensuerit,
375 1933 529 1973 iubebit,
556 1940 595 1966 ut
620 1933 747 1973 audio,
774 1946 830 1966 me
849 1934 984 1974 dicere,
1012 1935 1110 1969 cuius

109 1984 283 2029 temporis
307 1996 362 2019 res
384 1991 499 2029 gestas
523 1997 703 2024 accusem,
744 1991 777 2017 et
804 1997 894 2030 quae
918 1984 1110 2031 reprehen-

111 2037 195 2070 dam
214 2035 373 2070 consilia.
427 2036 499 2069 Ubi
516 2036 545 2069 si
570 2036 682 2068 nolim
707 2038 944 2080 respondere,
972 2039 1031 2071 sed
1050 2039 1111 2071 ob-

111 2089 254 2122 volutus
274 2088 475 2132 aufugiam,
509 2094 643 2131 reteget
666 2100 741 2128 me,
776 2095 809 2121 et
833 2090 1047 2133 productum
1073 2090 1110 2122 in

113 2145 316 2185 suggestum
336 2146 436 2184 coget
451 2140 681 2183 respondere.
736 2140 894 2173 Proinde
916 2153 960 2173 ne
987 2141 1050 2174 iste
1075 2141 1111 2173 vi

112 2198 255 2231 utatur,
284 2197 317 2224 et
334 2197 374 2224 ut
390 2204 453 2226 vos
470 2191 568 2235 prius
586 2197 697 2224 totam
714 2204 789 2224 rem
809 2193 1049 2235 cognoscatis,
1078 2199 1112 2225 et

110 2250 151 2278 ut
167 2256 231 2288 ego
249 2242 464 2276 satisfaciam
490 2255 569 2275 cum
594 2242 788 2283 iudicibus,
824 2249 899 2277 tum
924 2243 1002 2278 aliis
1027 2243 1111 2277 civi-

111 2296 178 2330 bus
204 2307 244 2328 ac
268 2294 432 2334 Graecis,
477 2294 537 2340 qui
573 2294 743 2328 audiendi
774 2292 878 2329 huius
908 2295 1111 2329 certaminis

112 2358 217 2382 causa
248 2358 314 2379 nos
339 2345 587 2383 circumstant;
626 2346 729 2379 video
766 2353 884 2380 autem
917 2348 1036 2392 plures
1066 2348 1111 2380 ad

111 2398 182 2433 hoc
200 2397 371 2431 iudicium
389 2397 617 2437 confluxisse,
647 2410 754 2443 quam
772 2410 932 2443 unquam
960 2405 1041 2432 ante
1067 2400 1111 2432 ad

112 2451 228 2485 ullum
247 2448 361 2482 aliud:
389 2450 589 2493 respondeo
602 2475 611 2489 ,
637 2462 694 2482 me
715 2450 877 2483 omnium
895 2457 1111 2495 temporum,

115 2513 208 2549 quae
230 2500 397 2545 partiris,
433 2500 579 2535 consilia
602 2499 876 2545 reprehendere.
938 2502 983 2535 Et
1006 2502 1035 2536 si
1051 2501 1111 2534 Dii

113 2554 248 2593 volent,
275 2559 309 2585 et
326 2552 458 2586 iudices
474 2565 539 2586 nos
554 2552 651 2586 iuxta
671 2553 830 2593 audient,
858 2560 891 2587 et
908 2566 972 2598 ego
989 2554 1109 2587 omnia

116 2606 177 2640 abs
196 2612 229 2638 te
247 2604 401 2648 turpiter
420 2604 511 2636 facta
531 2616 813 2638 commemorare
830 2612 978 2650 potero,
1006 2617 1110 2650 spero

115 2670 173 2691 me
199 2657 304 2689 fidem
327 2656 505 2689 facturum
531 2668 604 2690 esse
623 2655 817 2690 iudicibus:
853 2657 948 2692 Deos
965 2658 1109 2703 quidem

115 2708 220 2743 nobis
239 2707 360 2742 salutis
378 2714 520 2741 autores
537 2707 663 2747 fuisse,
697 2708 759 2753 qui
783 2709 1024 2743 calamitatum
1047 2721 1111 2743 no-

171 2767 353 2798 MELANTH.
377 2767 484 2799 Orza.
508 2767 592 2798 Von.
616 2766 723 2797 xvn.

299 107 486 142 XXXVIII.
526 107 753 143 INTERPR.
782 106 1043 143 ORATIOMS
1068 105 1312 141 AESCHIMS
1341 105 1540 141 CONTRA
1568 105 1954 142 CTESIPHONTEM.

2078 107 2152 144 898

1155 199 1312 226 strarum
1338 192 1450 226 exitus
1471 191 1675 226 tolerabiles
1696 204 1769 226 csse
1793 193 2000 231 voluerunt3
2037 200 2153 227 caete-

1155 256 1236 277 rum
1262 256 1374 277 unum
1398 241 1678 277 Demosthenem
1712 244 1873 276 omnium
1907 244 2153 278 calamitatum

1156 301 1318 328 autorem
1337 307 1421 329 esse.
1462 294 1554 327 Utar
1573 301 1691 327 autem
1711 294 1836 327 ordine
1855 294 1914 327 illo
1934 295 1971 328 in
1987 295 2152 336 dicendo,

1155 358 1262 390 quem
1279 346 1394 390 ipsum
1414 352 1617 379 secuturum
1637 358 1709 379 esse
1727 345 1874 389 accipie.
1927 346 1978 379 Ac
1993 347 2152 390 primum

1156 397 1198 429 de
1218 397 1336 441 primo
1353 403 1536 441 tempore,
1563 403 1685 441 postea
1704 397 1747 430 de
1763 397 1938 437 secundo,
1965 398 2092 431 deinde
2109 399 2151 431 de

1156 448 1280 487 tertio,
1323 455 1451 494 quarto
1485 449 1527 480 de
1557 448 1735 492 praesenti
1761 454 1855 481 statu
1879 448 2037 482 dicturus
2062 462 2153 483 sum.

1155 499 1339 543 Principio
1357 499 1464 543 igitur
1480 500 1523 532 de
1546 511 1652 544 pace,
1687 512 1777 545 quae
1802 506 1860 533 tua
1887 506 1920 532 et
1937 497 2154 534 Philocratis

1156 551 1343 594 rogatione
1360 551 1451 583 facta
1472 556 1542 590 est,
1570 551 1698 584 dicam.
1739 550 1886 584 Licebat
1900 551 2020 591 vobis,
2049 551 2154 591 cives,

1156 613 1278 646 pacem
1296 602 1394 634 illam
1414 601 1571 646 priorem
1589 602 1695 635 simul
1715 614 1795 635 cum
1819 601 1965 647 reliquis
1981 602 2153 636 Graeciae

1156 653 1298 697 populis
1313 653 1489 687 universis
1505 653 1621 685 sacere
1635 679 1644 693 ,
1679 653 1707 686 si
1728 653 1874 698 quidam
1900 653 2064 687 sivissent
2089 666 2154 687 vos

1156 710 1341 748 expectare
1359 704 1511 747 legatos,
1540 716 1630 749 quos
1648 703 1708 736 illo
1732 710 1894 748 tempore
1922 705 1966 737 ad
1992 705 2079 739 alias
2107 704 2154 737 ci-

1156 755 1282 789 vitates
1304 755 1503 796 miseratis,
1547 756 1590 787 ad
1617 755 1822 788 societatem
1846 756 2067 789 suadendam
2093 756 2155 788 ad·

1156 818 1278 840 versus
1296 804 1518 851 Philippum.
1580 805 1630 838 Ea
1658 806 1842 840 occasione
1866 807 2069 850 potuissetis
2094 808 2155 840 de-

1157 858 1240 891 inde
1272 870 1484 902 recuperare
1515 857 1757 901 principatum
1788 858 1825 890 in
1857 857 2020 892 Graecia.
2084 858 2155 892 Sed

1156 907 1243 942 haec
1259 909 1500 954 impedierunt
1509 906 1769 942 Demosthenes
1785 914 1817 941 et
1833 906 2066 949 Philocrates,
2094 910 2157 955 qui

1158 961 1318 1005 corrupti
1347 962 1516 994 adversus
1549 960 1727 1004 publicam
1757 960 1948 993 utilitatem
1975 961 2157 1004 conspira-

1158 1018 1296 1046 verant.
1349 1012 1458 1046 sicui
1478 1024 1562 1044 vero
1587 1009 1675 1045 haec
1703 1011 1818 1044 oratio
1842 1010 1960 1055 primo
1988 1013 2157 1056 adspectu

1158 1075 1232 1096 non
1262 1063 1346 1097 satis
1376 1063 1553 1097 credibilis
1586 1063 1745 1103 videtur,
1788 1063 1817 1097 is
1843 1064 2037 1106 suspendat
2064 1063 2157 1096 iudi-

1158 1114 1272 1155 cium,
1307 1115 1420 1148 donec
1444 1114 1581 1159 reliqua
1609 1115 1774 1148 audierit.
1827 1114 1877 1146 Ut
1894 1114 1923 1148 si
1945 1115 1987 1147 ‹le
2003 1114 2156 1158 pecunia

1159 1178 1311 1210 expensa
1328 1166 1452 1200 falsam
1479 1166 1687 1210 opinionem
1707 1167 1816 1198 domo
1842 1165 2082 1199 attulissemus
2109 1167 2154 1199 ad

1158 1218 1425 1251 subducendam
1458 1217 1656 1257 rationem,
1696 1229 1803 1249 nemo
1834 1222 1885 1249 est
1909 1223 1981 1249 tam
2003 1217 2157 1261 ineptus,

1159 1268 1220 1313 qui
1237 1275 1318 1312 post
1332 1269 1542 1302 subductam
1567 1268 1744 1301 rationem
1768 1280 1842 1301 non
1868 1268 1971 1301 malit
1993 1268 2158 1303 assentiri

1160 1319 1321 1359 calculis,
1366 1332 1473 1365 quam
1503 1332 1587 1353 suae
1619 1319 1792 1364 pristinae
1823 1318 2003 1363 opinioni:
2047 1320 2096 1353 ita
2123 1326 2158 1353 et

1159 1382 1272 1409 nunc,
1301 1371 1330 1404 si
1347 1371 1409 1416 qui
1425 1368 1518 1403 hanc
1536 1371 1733 1404 attulerunt
1752 1370 1960 1415 opinionem
1984 1372 2092 1405 domo
2119 1371 2157 1404 in

1160 1421 1351 1461 iudicium,
1397 1423 1494 1466 quod
1525 1420 1784 1456 Demosthenes
1812 1434 1999 1468 nunquam
2030 1423 2159 1456 faverit

1159 1470 1329 1517 Philippo
1342 1499 1351 1513 ,
1379 1471 1415 1505 hi
1433 1485 1507 1506 non
1524 1474 1781 1517 pronuntient,
1808 1473 2017 1519 priusquam
2035 1474 2158 1507 omnia

1161 1524 1358 1562 audierint;
1402 1536 1519 1569 neque
1545 1524 1640 1557 enim
1664 1525 1794 1558 iustum
1824 1531 1886 1559 est.
1953 1525 2020 1558 Sed
2048 1526 2077 1560 si
2101 1538 2158 1559 me

1160 1575 1343 1619 paulisper
1380 1575 1566 1609 audieritis
1602 1576 1822 1619 redigentem
1860 1576 1960 1610 vobis
1996 1577 2159 1611 omnium

1161 1633 1366 1670 temporum
1385 1627 1532 1660 consilia
1549 1626 1587 1659 in
1607 1627 1819 1660 memoriam
1832 1654 1842 1668 ,
1878 1634 1912 1661 et
1934 1626 2160 1662 exhibentem

1162 1678 1344 1711 decretum
1364 1705 1373 1719 ,
1425 1679 1522 1723 quod
1559 1691 1638 1711 cum
1674 1677 1880 1712 Philocrate
1918 1679 2059 1724 scripsit
2090 1680 2161 1713 De-

1162 1727 1386 1770 mosthenes,
1433 1742 1585 1775 cumque
1617 1742 1700 1763 vera
1735 1730 2010 1764 ratiocinatione
2041 1731 2161 1764 convi-

1164 1792 1265 1820 cero,
1293 1779 1573 1814 Demosthenem
1592 1781 1703 1814 multa
1722 1782 1862 1814 decreta
1882 1782 1925 1814 de
1943 1794 2030 1825 pace
2048 1794 2088 1815 ac
2105 1795 2161 1816 so-

1164 1831 1288 1865 cietate
1307 1844 1386 1865 cum
1402 1830 1606 1865 Philocrate
1629 1832 1768 1872 fecisse,
1797 1838 1831 1865 et
1852 1832 2161 1877 impudentissime

1164 1883 1349 1917 adulatum
1383 1896 1455 1917 esse
1479 1881 1668 1928 Philippo,
1708 1890 1742 1916 et
1771 1883 1927 1917 reditum
1960 1885 2161 1929 legatorum

1163 1941 1372 1968 nostrorum
1405 1935 1449 1968 ab
1479 1935 1540 1968 illo
1569 1948 1644 1968 non
1676 1941 1895 1979 expectasse,
1930 1941 1965 1968 et
1997 1943 2160 1970 autorem

1163 1986 1268 2020 fuisse
1284 1987 1438 2031 populo,
1466 1999 1510 2019 ne
1528 1998 1597 2031 pax
1620 1999 1699 2020 cum
1722 1986 1868 2031 reliquis
1888 1986 2033 2021 Graecis
2049 1988 2161 2029 fieret,

1165 2043 1199 2070 et
1223 2037 1421 2082 prodidisse
1444 2036 1614 2084 Philippo
1644 2050 1764 2082 regem
1787 2036 1985 2079 Thraciae,
2025 2039 2162 2073 socium

1165 2096 1199 2122 et
1230 2089 1386 2123 amicum
1419 2096 1562 2123 nostrae
1596 2089 1760 2124 civitatis.
1829 2089 1926 2123 Haec
1950 2102 2030 2123 cum
2060 2091 2162 2126 vobis

1166 2142 1375 2181 ostendero,
1402 2142 1554 2185 rogabo,
1581 2141 1617 2174 id
1641 2142 1737 2187 quod
1755 2141 2008 2186 aequissimum
2028 2148 2098 2183 est,
2124 2149 2164 2176 ut

1165 2190 1254 2225 mihi
1276 2192 1521 2226 assentiamini
1547 2193 1665 2237 primo
1687 2199 1849 2237 tempore
1874 2193 2026 2237 turpiter
2050 2195 2094 2227 ab
2120 2206 2161 2228 eo

1165 2244 1424 2289 rempublicam
1442 2244 1729 2278 administratam
1748 2255 1834 2278 esse.
1887 2244 2025 2290 Sequar
2043 2252 2162 2280 autem

1165 2295 1202 2328 in
1228 2297 1411 2329 narrando
1433 2308 1514 2329 eum
1538 2296 1701 2330 ordinem
1716 2323 1726 2337 ,
1767 2308 1873 2342 quem
1897 2297 2163 2343 subsequentes,

1164 2347 1330 2380 facillime
1358 2347 1562 2392 intelligetis
1594 2348 1736 2388 omnia,
1785 2348 1883 2393 quod
1912 2348 2038 2382 ordine
2065 2356 2163 2394 gesta

1165 2404 1259 2432 sunt.
1311 2398 1504 2433 Decretum
1530 2399 1670 2444 scripsit
1686 2397 1927 2441 Philocrates,
1954 2400 2060 2434 licere
2077 2400 2163 2436 Phi-

1164 2450 1264 2495 lippo
1281 2447 1352 2484 huc
1367 2451 1503 2495 legatos
1517 2450 1660 2485 mittere
1675 2450 1772 2495 pacis
1788 2457 1823 2484 et
1839 2451 2016 2487 societatis
2030 2453 2162 2487 facien-

1165 2502 1231 2535 dae
1252 2514 1369 2537 causa.
1402 2502 1594 2536 Accusatus
1612 2508 1663 2537 est
1678 2500 2040 2546 autemPhilocrates,
2066 2506 2164 2552 quod

1166 2559 1289 2587 contra
1305 2554 1399 2598 leges
1415 2554 1606 2598 scripserit.
1661 2553 1752 2588 Cum
1768 2554 1922 2589 venisset
1938 2555 2060 2590 iudicii
2074 2564 2163 2591 tem-

1164 2617 1251 2649 pus,
1279 2612 1462 2640 accusator
1480 2611 1556 2639 erat
1572 2604 1747 2650 Lycinus,
1773 2604 1996 2642 Philocrates
2019 2620 2161 2642 causam

1165 2657 1323 2698 dicebat,
1366 2658 1560 2703 aderatque
1593 2657 1625 2690 ei
1655 2656 1929 2693 Demosthenes.
1996 2659 2160 2693 Tandem

1166 2708 1348 2743 absolutus
1376 2715 1427 2743 est
1442 2707 1677 2744 Philocrates.
1729 2710 1858 2744 Postea
1885 2716 2050 2756 praetore
2066 2710 2161 2746 The-

1598 2759 1647 2795 57
