2294 2975
114 127 135 160 10

140 124 161 157 Q·

171 125 181 157 ,-.

360 203 493 237 Aliud
522 206 847 246 argumentum.

213 275 312 307 Bona
330 285 411 317 pars
429 271 596 315 epistolae
615 266 833 300 consumitur
850 264 885 295 in
900 263 1005 303 iocis,
1033 263 1093 308 qui

112 332 191 360 sunt
215 325 405 357 admodum
432 321 579 357 hilares,
613 328 765 362 quorum
793 314 1015 347 occasionem
1039 326 1095 347 su-

111 377 175 409 mit
192 388 231 408 ex
246 375 369 408 litteris
387 371 556 406 Trebatii.
609 365 820 409 l'erstringit
844 371 961 398 autem
987 376 1096 397 venu-

113 426 260 461 stissime
289 425 362 457 eius
394 421 674 467 persuasionem,
723 417 819 462 quod
856 415 1029 448 existimet
1061 426 1096 448 se

113 489 196 522 prae
216 476 378 509 omnibus
401 473 476 505 aliis
503 468 712 512 iurisperitis
737 468 831 511 apud
848 467 1033 499 Caesarem
1060 465 1096 497 in

113 540 248 561 summa
267 537 337 558 esse
362 521 608 555 admiratione.
662 518 798 551 Deinde
822 517 997 560 allegoriis
1021 516 1098 561 qui-

112 579 259 611 busdam
294 574 382 607 ludit
411 574 452 605 de
487 572 590 604 rebus
613 569 792 607 Trebatii,
827 581 886 601 seu
912 569 954 600 de
978 566 1097 600 condi-

115 629 229 665 tione,
265 632 297 657 et
322 625 363 657 de
389 623 462 656 eius
486 621 738 654 consuetudine
764 619 921 662 fugiendi
948 618 1098 657 labores,

115 678 173 722 qui
193 675 323 709 hahent
340 674 474 718 aliquid
492 671 650 717 periculi.
702 671 829 703 Postea
848 675 898 702 est
919 668 1097 701 excusatio

115 724 383 760 intermissionis
402 725 600 756 litterarum
617 722 661 754 ad
679 721 885 759 Caesarem,
921 719 976 752 cui
1002 718 1099 751 addi-

114 786 170 810 tur
188 775 391 809 adhortatio
408 775 451 807 ad
469 773 692 807 scribendum
705 798 713 811 ‚
742 771 860 804 addita
879 782 940 804 sua
964 775 1100 803 senten-

115 829 161 860 tia
185 829 225 860 de
243 826 461 872 profectione
477 823 649 857 Trebatii.

359 907 494 940 Aliud
531 911 859 950 argumentum.

216 977 309 1010 Tota
329 975 474 1020 epistola
502 974 721 1006 consumitur
744 969 1017 1004 narratiunculis
1041 969 1103 1002 ali-

117 1035 223 1075 quot,
248 1039 336 1072 quae
355 1031 500 1070 propter
518 1025 612 1057 iocos
630 1034 808 1067 aspersos,
838 1027 942 1065 atque
959 1020 1103 1059 ironias,

117 1079 244 1125 quihus
261 1078 383 1109 irridet
402 1075 629 1114 Trebatium,
656 1074 786 1106 mirum
805 1072 841 1104 in
858 1072 1006 1104 modum
1032 1071 1099 1103 ele-

118 1136 238 1173 gantes
258 1134 349 1162 sunt.
403 1125 442 1159 In
459 1127 526 1158 fine
544 1125 658 1158 brevis
676 1130 726 1157 est
743 1121 969 1162 adhortatio,
990 1127 1030 1154 ut
1054 1121 1104 1154 di-

119 1182 266 1223 ligenter
281 1178 421 1212 scribat.
474 1176 535 1209 Est
555 1182 587 1208 et
603 1175 722 1208 addita
742 1172 963 1218 pollicitatio.

272 1276 458 1312 Scholia
486 1275 530 1307 in
559 1273 800 1319 epistolam
827 1271 952 1317 XLM).

224 1355 254 1400 ξ.
273 1356 305 1388 1.
334 1356 415 1394 Quis
431 1354 519 1385 em'm
541 1356 589 1385 tor
609 1347 833 1395 interr-cyme]
861 1347 1105 1391 Interregnum

123 1415 171 1441 est
188 1405 254 1439 hoc
273 1413 430 1448 tempus,
459 1402 554 1447 quod
574 1407 648 1433 erat
665 1400 757 1431 inter
780 1399 980 1432 consulatus
1006 1409 1106 1441 supe-

121 1460 250 1491 riores,
279 1463 311 1488 et
329 1456 418 1487 inter
439 1452 581 1485 comitia
601 1450 821 1489 consularia,
856 1449 983 1494 quibus
1005 1448 1107 1491 elige—

120 1511 251 1541 bantur
271 1506 329 1538 alii
353 1504 523 1537 consules.

229 1557 258 1601 ξ.
276 1560 309 1591 2.
348 1557 410 1589 Sin
437 1553 571 1596 frustra
592 1548 799 1596 dittiitts⁵⁶)]
834 1550 869 1582 id
895 1556 963 1589 est,
996 1548 1025 1582 si
1048 1548 1108 1581 diu

124 1611 253 1642 frustra
282 1605 452 1643 abfueris,
494 1609 527 1635 et
550 1602 665 1634 inanis
687 1601 852 1639 redieris,
896 1599 1109 1632 deridebunt

124 1667 157 1691 te
175 1658 284 1691 mimi.
339 1657 452 1689 Porro
473 1655 564 1686 inter
580 1652 708 1685 mimos
728 1651 937 1695 praecipuus
963 1650 1028 1683 fuit
1042 1649 1109 1682 La-

125 1710 252 1743 berius.

415 1790 740 1832 Argumentum
757 1786 815 1830 ⁵⁶).

230 1859 292 1892 Est
318 1864 350 1890 et
375 1855 460 1890 haec
486 1855 651 1899 epistola,
693 1853 782 1886 sicut
807 1853 895 1885 aliae
922 1852 1109 1896 pleraeque

128 1911 231 1945 huius
258 1909 356 1947 libri,
398 1919 508 1951 paene
536 1912 608 1938 tota
634 1905 764 1937 iocosa.
835 1903 871 1935 ln
904 1902 1110 1935 narratione

128 1961 312 2006 dupliciter
328 1960 464 1991 iocatur
481 1969 560 1989 cum
577 1955 747 1988 Trebatio
759 1981 768 1993 ‚
804 1954 958 1998 primum
979 1954 1020 1985 de
1038 1965 1111 1986 sus-

133 2019 230 2057 cepta
250 2008 553 2054 peregrlnatione,
580 2012 767 2050 propterea
787 2006 895 2049 quod,
911 2005 939 2037 si
958 2003 1111 2036 maxime

128 2062 195 2096 hoc
212 2069 370 2105 tempore
388 2059 523 2091 Romae
548 2063 654 2095 esset,
686 2055 801 2088 nullos
827 2062 944 2087 tamen
969 2054 1111 2099 esset⁵⁷)

128 2110 496 2146 liabiturus,clientes.
560 2106 698 2139 Deinde
731 2112 877 2150 propter
908 2105 1111 2138 iactantiam

130 2162 306 2199 Trebatii,
351 2160 410 2206 qui
437 2159 502 2192 sibi
526 2157 712 2190 videbatur
741 2157 777 2188 in
802 2168 929 2200 magna
957 2167 1028 2189 esse
1054 2156 1114 2188 ad-

131 2214 318 2246 miratione
338 2211 430 2255 apud
448 2210 647 2246 Caesarem,
675 2220 693 2239 a
712 2219 781 2251 quo
800 2208 840 2240 de
858 2206 1018 2239 maximis
1035 2218 1115 2239 cau-

134 2266 178 2297 sis
204 2264 465 2301 consuleretur,
499 2266 532 2292 et
556 2258 712 2292 contInet
732 2255 787 2289 hic
810 2258 906 2291 iocus
930 2263 1114 2290 venustam

169 2394 214 2423 54)
236 2394 320 2416 Huius
354 2394 432 2417 etiam
468 2392 601 2422 epistotae.
632 2394 792 2419 argumento
824 2390 1007 2414 Melanthonis
1033 2390 1116 2414 Editt.

204 2427 406 2457 1537-1554.‚
429 2428 516 2456 1557..
540 2426 629 2456 1560„
651 2426 725 2450 1601.
744 2427 853 2453 careut3
886 2427 1072 2454 argumentum
1092 2424 1117 2446 in

204 2461 285 2483 Editt.
306 2461 396 2484 1546..
430 2461 502 2483 1601.
534 2461 594 2484 huic
620 2460 753 2490 epistolae
780 2459 839 2482 sine
864 2459 985 2482 auctoris
1011 2458 1118 2482 nomine

205 2494 419 2523 superpositum.
444 2496 486 2516 est
506 2494 638 2517 Asceusii.

167 2537 216 2563 55)
237 2537 287 2559 Sin
305 2536 419 2566 frustra
438 2536 563 2564 diutius]
583 2536 622 2559 sic
640 2536 704 2560 ittae
724 2535 807 2558 Editt.
831 2540 944 2563 omncs;
963 2534 1012 2559 Ed.
1034 2534 1117 2559 oren.

204 2571 230 2594 εἰ
248 2570 358 2593 diutius
377 2570 501 2600 frustra.

171 2613 218 2639 56)
239 2612 294 2634 noc
313 2614 499 2640 argumentum
519 2612 545 2633 et
564 2610 614 2634 duo
634 2611 777 2640 sequentia
795 2612 828 2634 ab
847 2610 929 2634 Editt.
945 2610 1034 2641 ¹558„
1055 2610 1120 2634 1565

210 2659 235 2663 —
252 2645 324 2668 1596.
345 2647 518 2674 praebentur.

174 2689 220 2715 57)
241 2688 328 2715 esset]
350 2686 537 2715 Editt.1565.‚
559 2685 633 2709 1569.
654 2691 750 2710 errore
770 2688 895 2717 typogt.:
924 2693 994 2710 ene.

686 113 807 148 pult..
840 110 951 146 MEL.
986 109 1186 145 SCRIPTA
1218 110 1552 147 PHILOLOGICA.

2057 111 2130 148 252

1147 197 1377 237 allusionem,
1405 210 1495 243 quae
1518 210 1558 231 ex
1583 198 1755 231 vocabulo
1774 197 1907 237 oritur,
1936 198 2132 232 consulere.

1147 248 1312 293 Sequitur
1336 247 1558 289 adhortatio,
1593 255 1632 282 ut
1657 255 1716 282 aut
1740 249 1908 293 perduret
1935 249 2030 292 apud
2047 248 2134 282 Cae-

1147 310 1281 339 sarem,
1308 306 1368 332 aut
1388 306 1541 332 maturet
1562 300 1733 339 reditum,
1763 299 1792 333 si
1814 299 1930 332 minus
1953 300 2133 332 fructuosa

1148 350 1309 382 videatur
1326 350 1575 394 peregrinatio.
1629 350 1690 384 Est
1707 356 1741 383 et
1757 350 1793 383 in
1810 348 1877 382 hoc
1893 350 1970 382 loco
1994 350 2133 394 elegans

1149 400 1245 433 iocus
1268 401 1310 433 de
1337 401 1472 441 mimis,
1511 413 1529 433 a
1557 401 1683 446 quibus
1709 402 1854 434 domum
1878 412 2038 435 reversus
2061 412 2135 433 non

1149 451 1185 483 in
1211 457 1369 495 tempore
1388 452 1489 484 saelle
1515 452 1632 484 notari
1657 451 1767 496 possit
1788 451 1988 486 Trebatitts.
2044 450 2136 484 Con-

1151 501 1259 535 clusio
1279 502 1437 535 eontinet
1454 502 1701 546 repetitionem
1718 501 1990 536 adhortationis.

1400 585 1535 619 Aliud
1564 593 1889 631 argumentum.

1256 652 1396 686 locatur
1414 666 1491 687 cum
1503 653 1673 687 Trebatio
1693 655 1735 687 de
1754 653 1992 698 profectione,
2018 659 2057 686 ut
2071 652 2137 685 mi-

1152 709 1239 736 nuat
1263 704 1475 737 desiderium
1501 704 1621 744 urbis,
1660 711 1693 737 et
1719 703 1925 737 dehortatur
1954 702 2138 737 hominem

1154 755 1196 786 ab
1218 754 1276 787 illa
1300 755 1444 788 levitate
1467 755 1570 799 plane
1596 755 1743 799 puerili,
1776 755 1893 788 statim
1917 755 2064 788 domum
2085 765 2140 786 re-

1154 805 1297 839 deundi.
1360 805 1497 838 Deinde
1521 806 1648 839 iterum
1672 805 1876 849 perstringit
1900 806 1972 839 eius
1996 816 2141 849 persua-

1155 855 1310 895 sionem,
1345 856 1463 889 addita
1490 855 1757 896 adhortatione,
1794 868 1838 888 ne
1864 862 1994 889 temere
2018 856 2141 888 redeat

1155 907 1288 950 peritus
1305 907 1546 941 mordacitatis
1563 907 1773 945 mimorum,
1801 919 1818 939 a
1836 907 1962 952 quibus
1977 906 2142 938 facillime

1156 963 1351 991 notaretur.
1404 956 1443 990 In
1459 959 1527 991 fine
1545 964 1594 991 est
1609 957 1772 1001 repetitio
1799 956 2057 990 adhortationis
2081 957 2142 989 ad-

1156 1008 1228 1041 dita
1247 1008 1503 1052 pollicitatione
1520 1008 1573 1042 sui
1592 1008 1708 1042 officii.

1398 1092 1535 1124 Aliud

1258 1157 1425 1191 Narratio
1447 1164 1515 1198 est,
1549 1157 1586 1191 in
1611 1170 1680 1203 qua
1704 1158 1841 1192 iocatur
1865 1171 1944 1192 cum
1961 1158 2144 1198 Trebatio,

1160 1209 1255 1252 quod
1270 1208 1362 1241 ultra
1375 1235 1383 1248 ‚
1413 1221 1519 1254 quam
1537 1209 1647 1249 decet,
1676 1210 1717 1242 de
1735 1221 1770 1242 se
1787 1209 1927 1249 sentiat,
1955 1215 2030 1242 tum
2047 1210 2144 1254 quod

1159 1258 1332 1292 instabilis
1348 1259 1392 1292 sit
1409 1259 1445 1291 in
1464 1260 1562 1292 omni
1585 1260 1769 1304 proposito
1781 1286 1790 1299 ,
1818 1260 1922 1293 simul
1939 1257 2145 1300 adhortans,

1159 1315 1198 1342 ut
1219 1315 1362 1342 maneat
1386 1311 1480 1354 apud
1502 1310 1686 1343 Caesarem
1713 1310 1889 1343 tolerabili
1920 1310 2038 1355 aliqua
2064 1321 2146 1342 con-

1160 1360 1294 1392 ditione
1313 1360 1442 1394 oblata.
1495 1360 1535 1393 lu
1552 1362 1619 1394 stne
1637 1361 1753 1394 brevis
1772 1367 1823 1394 cst
1838 1361 2058 1405 pollicitatio.

1574 1099 1902 1136 argumentum.

1210 1458 1535 1502 Argumentum
1571 1467 1612 1493 et
1647 1458 1821 1493 scholia
1857 1460 1900 1492 in
1932 1460 2096 1504 episto—

1565 1511 1648 1543 lam
1677 1510 1749 1544 Xll.

1260 1584 1381 1631 Ista⁵⁸)
1405 1592 1455 1619 est
1482 1586 1619 1619 erudita
1647 1585 1806 1629 epistola.
1869 1585 2004 1619 Alludit
2027 1593 2146 1619 autem

1162 1635 1198 1668 in
1227 1647 1266 1668 ea
1289 1637 1332 1668 ad
1370 1635 1553 1670 historiam
1578 1635 1706 1680 Pyrrhi
1733 1634 1834 1679 regis.
1904 1636 2145 1682 Tarentini⁵⁹)

1161 1688 1304 1719 suerunt
1320 1687 1467 1720 studiosi
1484 1687 1678 1731 Epicureae
1694 1687 1888 1720 doctrinae.
1925 1687 2042 1720 Pansa
2059 1699 2147 1733 quo·

1164 1750 1230 1782 que
1246 1737 1429 1771 familiaris
1446 1744 1520 1770 erat
1539 1737 1692 1776 Caesari,
1710 1743 1743 1770 et
1759 1737 1935 1771 studiosus
1950 1737 2145 1782 Epicureae

1164 1787 1372 1828 doctrinae,
1413 1788 1502 1822 sicut
1538 1789 1610 1821 fere
1651 1800 1772 1821 omnes
1803 1787 1961 1822 Caesaris
1996 1789 2146 1821 familia-

1163 1851 1217 1872 res
1233 1837 1292 1884 ⁶⁰).

1265 1887 1295 1932 ᾗ.
1321 1890 1356 1924 2.
1404 1891 1560 1923 Formzda
1590 1887 1752 1936 fiduciae]
1788 1889 1932 1922 Fiducia
1971 1896 2021 1923 est
2054 1896 2148 1923 certa

1164 1940 1340 1984 quaedam
1371 1940 1501 1984 species
1533 1947 1797 1980 contractuum,
1840 1952 1946 1986 quarn
1981 1951 2148 1974 vocamus

1164 1989 1437 2033 resignationem
1461 1992 1504 2024 ad
1530 1991 1647 2024 fideles
1678 2003 1824 2031 manus,
1857 1998 1897 2024 ut
1920 2004 1998 2025 cum
2022 1991 2148 2036 aliquis

1165 2042 1273 2074 tradit
1294 2041 1395 2074 alteri
1414 2043 1579 2082 domum,
1601 2042 1656 2075 vel
1672 2042 1738 2074 alia
1756 2043 1870 2082 bona,
1896 2049 1936 2075 ut
1952 2043 1996 2075 ad
2014 2048 2148 2075 certum

1165 2098 1302 2136 ternpus
1319 2092 1385 2125 sibi
1402 2092 1582 2133 restituat,
1607 2094 1667 2126 sed
1691 2099 1811 2125 tamen
1833 2098 1872 2125 ut
1896 2093 1983 2125 alter
2008 2093 2150 2125 interim

1166 2143 1214 2176 eis
1229 2149 1349 2176 utatur
1364 2149 1534 2189 tanquam
1549 2144 1653 2178 rebus
1670 2143 1739 2176 suis
1756 2143 2002 2189 propriisffla).
2055 2145 2150 2177 Inter

1166 2195 1266 2227 bonos
1290 2195 1368 2227 bene
1394 2193 1507 2242 ayier]
1542 2194 1636 2227 Haec
1663 2193 1896 2239 formulafflb)
1924 2194 2077 2239 pertinet
2104 2195 2149 2226 ad

1201 2312 1250 2341 58)
1270 2311 1338 2335 nuic
1362 2311 1422 2335 voci
1446 2310 1474 2334 in
1491 2310 1574 2335 Editt.
1594 2310 1684 2341 1540„
1705 2311 1777 2335 1544.
1790 2327 1798 2341 ,
1818 2311 1910 2342 1554.,
1930 2310 2005 2336 155⁷.
2030 2310 2149 2340 praefixa

1237 2348 1301 2369 sunt
1320 2345 1374 2370 Cic.
1393 2346 1478 2368 verba
1496 2343 1535 2376 (ᾗ.
1554 2345 1610 2372 ¹.):
1634 2345 1784 2375 Mirabar,
1804 2346 1873 2376 quid
1890 2346 1972 2370 esset.

1203 2388 1251 2416 59)
1271 2387 1423 2416 Tarentini]
1447 2387 1487 2410 sic
1511 2386 1594 2409 Editt.
1612 2386 1703 2415 1537..
1724 2388 1816 2415 1545..
1837 2388 1927 2419 1560.;
1963 2387 2047 2412 Editt.
2066 2388 2150 2417 1540..

1240 2423 1331 2452 1544„
1352 2422 1442 2450 1554..
1465 2420 1537 2445 1557.
1563 2420 1648 2444 Porro
1668 2422 1817 2446 Tarentini.

1204 2465 1251 2493 60)
1271 2465 1328 2488 Hoc
1347 2465 1534 2494 argumentum
1548 2463 1630 2486 Editt.
1648 2464 1845 2493 1537—1545.‚
1865 2464 1951 2491 1554..
1971 2463 2056 2489 1557..
2077 2464 2150 2487 ¹560.

1240 2500 1356 2529 habent3
1381 2498 1467 2521 Editt.
1489 2498 1579 2526 1546..
1601 2498 1673 2520 1601.
1693 2499 1817 2522 exhibent
1835 2498 1908 2521 aliud
1927 2499 1954 2521 et
1971 2499 2003 2521 ah
2022 2498 2072 2520 hoc
2090 2499 2116 2521 et
2134 2503 2152 2521 a

1240 2532 1412 2562 sequentibus
1425 2531 1592 2562 argumentis
1606 2531 1758 2563 diversum,
1777 2532 1853 2556 cuius
1872 2533 2011 2555 auctorem
2030 2531 2150 2555 iudicare

1241 2572 1294 2590 non
1313 2572 1467 2595 possumus.

1205 2609 1272 2637 60³)
1292 2608 1370 2633 conf.
1391 2607 1530 2631 Dirksenii
1549 2609 1674 2632 manuale
1693 2615 1713 2633 S.
1733 2615 1758 2632 V.
1777 2607 1881 2632 fiducia.

1208 2650 1274 2679 60¹1)
1294 2651 1334 2674 De
1353 2651 1402 2674 hac
1420 2650 1537 2674 soi-muta
1554 2650 1735 2675 vid.Brts0nii
1753 2651 1786 2673 de
1805 2651 1928 2674 formulis
1950 2653 1977 2674 et
1996 2650 2151 2674 solennibus

1244 2685 1337 2715 popuii
1355 2685 1431 2709 Rom.
1450 2684 1542 2708 verbis
1562 2685 1606 2710 lib.
1622 2685 1655 2709 V.
1677 2690 1718 2708 nr.
1733 2685 1808 2710 XVI.
