2294 2975
94 119 167 157 125
263 119 385 157 XXIII.

88 206 241 242 sumitur
256 207 300 241 ab
319 207 504 242 occasione
520 207 710 242 scribendi.
763 206 933 253 Sequitur
949 212 1086 247 votum,

88 260 186 304 quod
211 259 408 304 praemittit
431 259 688 304 propositioni:
726 258 874 292 Utinam
900 265 975 293 tum
1003 270 1085 292 con-

87 311 325 352 venissemus,
361 323 440 344 cum
458 311 583 356 profici
609 310 745 357 aliquid
771 311 926 345 consiliis
949 310 1083 355 potuit;

85 374 181 396 nunc
204 362 319 403 enim,
349 368 540 407 postquam
568 375 624 397 res
649 364 695 396 ad
721 375 822 396 arma
846 364 997 396 deducta
1021 368 1084 402 est,

86 414 216 448 frustra
235 414 527 448 consultabimus.
579 414 735 449 Additur
751 415 844 448 ratio
864 415 939 447 voti
959 426 977 447 a
1000 426 1083 447 con-

84 464 163 499 silio
182 465 312 498 Servii:
341 465 434 510 Quia
453 466 525 499 scio
543 472 576 499 te
593 478 734 511 semper
748 466 854 500 fuisse
872 466 1081 499 inclinatum

84 517 130 549 ad
150 529 286 561 pacem.
347 516 486 551 Deinde
509 524 560 551 est
584 517 801 563 propositio:
837 517 1007 551 Libenter
1032 523 1082 550 te-

85 580 164 601 cum
197 568 423 609 deliberabo,
465 569 550 615 quid
583 570 686 604 nobis
719 569 919 603 faciendum
952 570 1016 609 sit,
1053 568 1081 602 si

85 619 228 665 quidem
249 620 466 664 reipublicae
484 633 558 654 non
576 622 752 665 possimus
768 621 962 655 consulere.
1009 620 1080 652 Ra-

84 671 134 703 tio
156 672 414 716 propositionis
439 679 490 706 est
511 679 654 717 sumpta
678 686 696 706 a
720 685 894 716 persona,
936 672 979 705 ab
1003 684 1080 711 usu,

82 722 126 756 ab
145 723 376 767 experientia,
405 736 422 756 a
442 724 632 768 prudentia
650 724 778 769 ipsius:
809 724 901 769 Quia
919 736 953 757 es
969 721 1079 756 homo

81 774 228 818 peritus.
279 774 451 819 Epilogus
476 775 634 809 continet
659 776 973 820 amplificationem
997 774 1080 808 isto-

82 837 162 858 rum
188 826 365 859 malorum
392 833 425 859 et
448 826 697 871 repetitionem
721 826 998 871 propositionis,
1034 825 1080 859 si-

81 877 157 911 mul
178 883 319 921 petens,
346 884 386 911 ut
403 878 617 919 constituat,
645 879 706 912 nbi
725 877 881 923 colloqui
900 877 995 911 velit.

328 960 466 996 Aliud
494 968 829 1007 argumentum.

181 1028 377 1063 Exordium
414 1029 559 1063 ductum
597 1036 648 1064 est
689 1043 730 1063 ex
773 1029 959 1064 occasione
995 1027 1079 1062 scri-

78 1080 198 1115 bendi.
266 1080 434 1126 Sequitur
458 1081 658 1125 propositio
683 1083 833 1125 figurata
861 1093 880 1114 a
906 1087 990 1114 voto
1015 1092 1079 1124 per

79 1133 263 1178 quandam
294 1131 574 1165 dubitationem:
629 1132 698 1166 Vix
735 1145 924 1176 possumus
955 1132 1078 1165 iuvare

78 1183 348 1228 rempublicam.
400 1182 539 1217 Deinde
556 1190 607 1218 est
623 1183 797 1228 expositio
821 1183 1078 1228 propositionis

80 1235 190 1268 veluti
207 1235 383 1280 quaedam
400 1235 582 1276 narratio,
617 1235 804 1269 continens
828 1247 950 1268 causas
976 1234 1077 1267 dubi-

80 1286 226 1320 tationis
248 1298 310 1319 seu
338 1286 596 1329 desperationis
621 1287 664 1320 de
688 1287 882 1331 republica.
944 1285 1075 1318 Addita

80 1344 131 1371 est
148 1337 370 1370 adversativa
388 1337 426 1370 in
451 1338 678 1372 conclusione
702 1336 977 1383 propositionis:
1006 1336 1076 1369 Ta-

80 1401 163 1422 men
186 1395 302 1422 tecum
332 1388 437 1433 cupio
464 1389 675 1424 deliberare.
735 1389 843 1423 Ratio
869 1387 978 1422 babet
1002 1400 1076 1420 am-

79 1440 333 1485 plificationem
352 1452 393 1473 ex
410 1452 576 1485 persona.
637 1440 678 1474 In
704 1441 794 1482 fine,
830 1440 961 1486 epilogi
989 1439 1076 1480 vice,

79 1498 131 1525 est
144 1491 309 1536 repetitio
329 1503 515 1526 causarum
534 1492 793 1537 desperationis
811 1505 876 1538 per
892 1492 1073 1539 quandam

78 1542 291 1591 congeriem.

299 1624 435 1659 Aliud
463 1632 780 1670 argumentum
794 1626 853 1674 14).

180 1693 342 1739 Epistola
367 1699 417 1727 est
440 1693 578 1737 generis
602 1693 837 1728 deliberativi.
890 1693 1075 1727 Deliberat

78 1745 192 1787 enim,
221 1744 307 1791 quid
322 1745 523 1778 faciendum
541 1745 585 1778 sit
603 1745 640 1777 in
658 1746 766 1779 tantis
783 1746 939 1780 mothus
962 1746 1074 1779 bello-

76 1810 157 1832 rum
180 1796 351 1830 civilium.
418 1796 618 1829 Exordium
640 1798 793 1830 sumitur
819 1797 862 1830 ab
888 1797 1073 1831 occasione

78 1848 266 1884 scribendi.
326 1848 495 1893 Sequitur
518 1853 642 1881 votum
669 1855 751 1881 ante
775 1848 1072 1892 propositionem,

78 1913 150 1947 quo
167 1900 340 1944 significat
356 1911 392 1933 se
409 1906 533 1944 optare
551 1899 714 1945 quidem,
745 1906 786 1933 ut
801 1912 947 1945 quoquo
964 1901 1072 1933 modo

77 1952 338 1985 calamitatibus
354 1950 569 1995 reipublicae
588 1951 858 1991 subveniretur,
893 1952 954 1984 sed
978 1963 1073 1985 nunc

76 2003 320 2047 maximopere
337 2002 470 2043 vereri,
499 2004 596 2048 quod
613 2002 883 2036 imminentibus
906 2003 1011 2036 malis
1035 2003 1072 2036 in

76 2055 255 2100 republica
281 2067 356 2088 non
381 2054 494 2099 possit
517 2054 665 2089 mederi.
729 2054 922 2088 Adduntur
947 2066 1071 2088 causae

77 2107 177 2142 istius
201 2106 445 2140 dubitationis.
511 2105 650 2139 Deinde
674 2112 725 2140 est
749 2105 967 2151 propositio:
1003 2105 1072 2139 Cu-

76 2159 137 2205 pio
155 2165 270 2192 tecum
290 2157 500 2190 deliberare.
544 2157 652 2191 Ratio
671 2157 947 2202 propositionis:
977 2157 1070 2202 Quia

78 2223 113 2245 es
136 2207 246 2243 homo
270 2209 415 2254 peritus.
482 2208 654 2253 Epilogus
687 2210 868 2255 querelam
901 2209 1071 2249 continet,

77 2269 112 2296 ct
140 2261 389 2306 repetitionem
413 2261 690 2304 propositionis,
725 2261 831 2296 simul
856 2267 999 2305 petens,
1032 2267 1072 2294 ut

75 2313 286 2352 constituat,
314 2311 375 2345 ubi
391 2311 547 2357 colloqui
562 2312 659 2347 velit.

125 2423 451 2468 Argumentum
486 2429 528 2456 et
555 2420 731 2457 scholia
766 2423 811 2457 in
844 2422 1018 2468 episto-

491 2474 579 2507 lam
606 2473 649 2509 ΙΙ.

176 2549 397 2584 Deliberatio
423 2555 494 2591 est,
529 2562 575 2584 an
596 2551 641 2586 sit
665 2551 876 2596 fugiendum
904 2564 945 2586 ex
968 2550 1068 2585 Italia

75 2609 109 2636 et
142 2603 342 2648 sequendus
373 2601 579 2646 Pompeius.
657 2601 764 2637 Initio
798 2603 1068 2638 narratiuncula

111 2739 158 2767 14)
177 2738 235 2763 Hoc
252 2738 443 2769 argumentum
462 2737 496 2761 ab
513 2735 596 2761 Editt.
618 2736 809 2762 1565—1596.
832 2737 982 2763 exhibetur.

437 118 749 156 ARGUMENTA
774 118 840 155 ΕΤ
866 117 1069 155 SCHOLIA
1092 118 1141 156 IN
1165 118 1315 156 EPIST.
1341 118 1455 158 FAM.
1484 120 1568 157 CIC.
1595 121 1684 158 LIB.
1702 121 1761 159 IV.
1787 122 1860 160 ΕΡ.
1885 125 1916 161 1.
1935 128 1971 162 2.

2066 127 2139 164 126

1141 213 1212 248 est,
1240 206 1278 240 in
1295 219 1363 254 qua
1382 208 1563 244 distribuit
1576 209 1675 245 locos
1690 208 1885 247 honestatis
1909 219 1942 246 et
1961 212 2136 248 utilitatis.

1139 259 1330 293 Postremo
1354 261 1536 296 constituit
1559 264 1602 296 de
1627 263 1802 304 discessu,
1836 271 1871 297 et
1893 265 1993 298 addit
2012 277 2137 311 quere-

1138 311 1209 345 lam
1220 338 1229 353 ,
1259 323 1350 357 quae
1365 310 1473 347 babet
1487 315 1800 359 amplificationem
1820 316 2038 352 difficultatis
2052 317 2109 364 15).

1240 362 1270 408 ξ.
1291 364 1324 397 1.
1352 367 1409 398 Ad
1432 367 1570 400 tertiam
1588 368 1723 401 Calend.
1735 364 1808 413 16)]
1836 366 2019 403 Narratio.

1241 414 1271 459 ἓ.
1287 417 1323 451 2.
1353 417 1445 457 Quod
1460 429 1567 452 meum
1582 416 1778 465 consilium]
1805 418 2029 463 Propositio:
2064 418 2135 454 Ne-

1136 466 1227 507 scio,
1256 467 1342 512 quid
1358 469 1552 504 consulam.
1630 471 1692 510 Si,
1721 471 1802 516 quid
1816 468 2061 517 rectissimum]
2097 471 2134 504 id

1137 525 1206 558 est,
1252 518 1281 552 si
1299 518 1343 564 ¹⁷)
1379 520 1544 555 volumus
1578 518 1727 554 honeste
1760 521 1894 562 facere,
1940 534 2134 567 sequamur

1134 569 1369 614 Pompeium;
1407 570 1462 604 sin
1472 570 1516 618 l³⁷³)
1547 574 1712 606 volumus
1735 573 1899 607 utilitatis
1921 571 2053 606 babere
2077 585 2134 606 ra-

1135 621 1291 661 tionem,
1332 619 1390 654 hic
1413 623 1649 659 manebimus.
1753 626 1816 665 Si,
1851 626 1933 670 quid
1958 621 2130 671 maaez’me]

1133 672 1271 706 Divisio
1286 672 1344 718 ¹⁹).

1237 722 1267 768 ἓ.
1286 724 1321 757 3.
1349 726 1439 767 Erqo
1455 731 1513 759 unt
1527 723 1691 772 probare]
1726 725 1915 760 Conclusio
1935 725 2133 767 divisionis,

1133 774 1170 807 in
1198 787 1269 820 qua
1301 775 1422 808 omnia
1454 777 1615 809 membra
1643 776 1866 812 reiiciuntur.
1981 779 2133 813 Probare

1133 824 1277 873 oportet]
1305 826 1437 860 scilicet
1453 827 1482 860 si
1498 825 1555 861 bic
1569 827 1807 862 manebimus.

1238 877 1268 921 ἓ.
1288 877 1322 912 4.
1353 880 1496 912 Omnino
1514 877 1634 927 quum]
1662 878 1773 913 Addit
1796 879 1893 914 aliud
1917 880 2132 921 membrum,

1133 930 1316 975 querelam
1331 929 1508 965 videlicet.

1346 1015 1482 1050 Aliud
1515 1023 1830 1061 argumentum
1848 1017 1907 1065 ²⁰).

1236 1084 1447 1129 Quaesierat
1466 1084 1610 1119 Servius
1626 1098 1690 1129 per
1705 1085 1862 1126 litteras,
1891 1098 1937 1120 an
1954 1092 2043 1120 esset
2067 1085 2131 1119 ali-

1133 1147 1204 1180 quo
1246 1136 1454 1179 fugiendum
1493 1148 1535 1169 ex
1564 1136 1685 1177 Italia,
1731 1149 1777 1170 an
1812 1150 1897 1170 vero
1927 1138 2129 1183 sequendus

1131 1186 1345 1231 Pompeius,
1373 1187 1435 1233 qui
1458 1187 1645 1221 videbatur
1668 1189 1927 1232 rempublicam
1952 1189 2042 1222 velle
2069 1190 2129 1221 de-

1131 1238 1273 1271 fendere
1305 1251 1323 1270 a
1358 1239 1560 1283 tyrannide.
1632 1239 1687 1271 Ad
1721 1252 1799 1272 eam
1831 1240 2127 1273 deliberationem

1130 1287 1197 1322 bac
1229 1289 1377 1334 epistola
1413 1291 1606 1333 respondet
1631 1290 1774 1331 Cicero,
1813 1303 1993 1335 exponens
2025 1303 2128 1325 suam

1130 1341 1356 1380 sententiam,
1374 1340 1460 1386 quid
1478 1342 1592 1374 facere
1611 1342 1833 1375 constituerit
1851 1343 1888 1375 in
1907 1349 2007 1376 tanto
2025 1348 2127 1376 motu

1129 1392 1213 1425 belli
1239 1392 1369 1432 civilis,
1398 1404 1547 1436 nempe,
1583 1394 1679 1438 quod
1706 1405 1822 1439 neque
1838 1394 2036 1438 Pompeio,
2064 1405 2126 1427 ne-

1130 1456 1198 1489 que
1218 1443 1361 1477 Caesari
1378 1444 1462 1477 velit
1476 1457 1511 1478 se
1529 1445 1766 1489 coniungere,
1798 1446 1859 1479 sed
1882 1446 2007 1490 procul
2032 1457 2127 1480 sece-

1129 1499 1211 1531 dere
1229 1496 1266 1528 in
1283 1496 1439 1541 aliquem
1457 1496 1593 1535 locum,
1621 1496 1743 1541 ibique
1764 1496 1894 1538 latere,
1927 1498 2040 1530 donec
2061 1496 2126 1529 ali-

1129 1561 1200 1595 quo
1217 1548 1341 1582 saltem
1356 1548 1465 1580 modo
1484 1559 1539 1580 res
1558 1554 1845 1591 componeretur.
1903 1548 2028 1581 Primo
2044 1548 2124 1581 loco

1128 1599 1275 1646 ponitur
1306 1598 1467 1632 narratio
1499 1599 1693 1632 admodum
1724 1599 1910 1633 familiaris
1938 1601 1981 1633 de
2003 1598 2125 1634 Philo-

1128 1653 1215 1686 timo
1227 1679 1236 1692 ,
1264 1650 1378 1684 Servii
1394 1650 1522 1683 liberto
1534 1677 1542 1690 ,
1571 1657 1604 1683 et
1622 1652 1664 1683 de
1681 1651 1863 1684 voluntate
1882 1663 1943 1685 seu
1960 1651 2125 1696 precibus

1126 1703 1248 1738 uxoris
1273 1709 1307 1735 et
1329 1702 1391 1735 filii
1411 1701 1537 1735 Servii.
1591 1702 1759 1748 Sequitur
1783 1702 1969 1747 responsio
1996 1704 2041 1736 ad
2065 1703 2126 1736 de-

1126 1755 1375 1789 liberationem
1393 1765 1412 1786 a
1429 1752 1670 1791 dubitatione;
1705 1760 1826 1799 estque
1850 1752 1937 1787 haec
1960 1754 2125 1799 proposi-

1127 1808 1194 1841 tio:
1222 1807 1305 1841 Non
1323 1818 1468 1850 possum
1485 1804 1586 1845 scire,
1603 1805 1690 1851 quid
1707 1805 1771 1838 tibi
1790 1806 1984 1840 consulam.
2020 1806 2122 1838 Hanc

1127 1859 1278 1903 explicat
1293 1870 1357 1902 per
1373 1856 1584 1890 divisionem
1598 1883 1607 1896 ,
1641 1868 1927 1891 commemorans
1944 1857 2042 1891 locos
2057 1854 2122 1890 ho-

1126 1909 1271 1943 nestatis
1298 1915 1332 1942 et
1353 1908 1528 1941 utilitatis.
1581 1908 1769 1942 Postremo
1794 1908 1873 1941 loco
1896 1908 1996 1942 addit
2016 1921 2121 1943 suum

1127 1961 1336 2000 consilium,
1366 1960 1462 2004 quod
1479 1958 1579 2003 sequi
1599 1960 1746 1992 omnino
1771 1959 1972 2000 constituit,
1998 1959 2121 1992 addita

1124 2013 1225 2046 brevi
1250 2010 1414 2057 querela,
1448 2021 1539 2054 quae
1562 2008 1669 2042 habet
1692 2010 2004 2054 amplificationem
2031 2010 2122 2043 disfi-

1126 2063 1276 2097 cultatis.
1329 2060 1369 2094 In
1384 2061 1452 2093 fine
1470 2066 1614 2101 monet,
1642 2066 1681 2093 ut
1699 2067 1887 2106 sequatur,
1915 2061 2012 2107 quod
2029 2061 2121 2106 opti-

1125 2128 1223 2149 mum
1248 2125 1320 2148 esse
1345 2111 1543 2151 videbitur,
1579 2117 1613 2144 et
1635 2111 1740 2145 simul
1763 2112 1953 2153 deliberet,
1986 2125 2033 2146 an
2058 2125 2119 2146 ne-

1125 2179 1217 2201 cesse
1235 2166 1281 2200 sit
1296 2163 1416 2198 venire
1432 2163 1470 2196 in
1488 2162 1691 2197 Cumanum
1709 2163 1909 2208 praedium.

1160 2301 1506 2361 15)5z{(pc¹÷(131bgiumentum
1542 2300 1641 2324 hahent
1674 2298 1758 2325 Editt.
1788 2298 1995 2332 1537—1554.‚
2029 2301 2115 2335 1552,

1195 2338 1205 2361 1
1263 2353 1286 2367 .,
1377 2353 1382 2358 .

1159 2388 1406 2448 lsshitdhteritium
1425 2387 1558 2416 Calena]
1577 2386 1619 2411 sic
1637 2385 1702 2410 inae
1721 2385 1822 2417 Editt,;
1851 2385 1901 2410 Ed.
1920 2386 2006 2412 orell.
2027 2388 2059 2413 A.
2078 2389 2113 2414 D.

1242 2442 1248 2448 .
1298 2430 1316 2447 a
1332 2441 1338 2447 .

1158 2474 1204 2502 17)
1224 2474 1264 2503 si]
1285 2473 1335 2498 Ed.
1356 2471 1430 2496 1545.
1450 2471 1502 2495 sin.

1156 2525 1202 2558 18)
1222 2525 1280 2554 sin]
1299 2525 1349 2549 Ed.
1369 2524 1444 2548 1545.
1465 2522 1497 2546 si.

1156 2577 1201 2609 19)
1222 2578 1296 2601 Haec
1314 2576 1380 2600 nota
1398 2574 1423 2598 in
1438 2573 1522 2598 Editt.
1539 2573 1625 2601 1540..
1645 2572 1731 2605 1544„
1752 2573 1838 2605 1554„
1860 2574 1935 2600 1557.
1954 2581 2011 2598 cnm
2031 2581 2114 2605 prae-

1188 2613 1303 2636 cedente
1321 2611 1349 2634 in
1367 2615 1447 2634 unam
1467 2608 1507 2631 sic
1525 2609 1569 2631 est
1587 2607 1746 2632 coniuncta:
1773 2610 1804 2633 Si
1823 2609 1895 2640 quid
1912 2611 1998 2638 νει-Μ
2019 2610 2045 2633 id
2059 2612 2112 2642 est,

1186 2648 1312 2671 volumus
1333 2656 1363 2661 —
1383 2642 1558 2667 manebimus.
1594 2643 1646 2667 Est
1664 2645 1754 2667 autem
1773 2643 1881 2668 divisio.

1151 2699 1200 2727 20)
1219 2699 1276 2722 Hoc
1294 2695 1482 2727 argumentum
1501 2695 1529 2719 et
1547 2694 1599 2719 duo
1617 2694 1762 2726 sequentia
1780 2694 1807 2719 in
1826 2695 1909 2721 Editt.
1926 2695 2017 2726 1556.‚
2045 2695 2112 2720 ¹565

1185 2732 1302 2756 —1596.
1320 2729 1503 2760 reperiuntur.
1527 2753 1533 2755 ,
