2351 2990
197 122 270 159 981
780 119 904 157 PHIL.
935 117 1051 156 MEL.
1083 116 1286 154 SCRIPTA
1315 118 1654 159 PHILOLOGICA.

202 221 271 256 que
286 208 458 241 maiorem
477 207 663 252 pecuniam
681 206 930 246 intervertisse,
957 217 1064 251 quam
1081 217 1194 251 quan-

202 267 277 295 tum
302 260 468 293 collatum
495 266 570 292 erat
594 259 630 291 in
654 259 818 297 classem,
843 270 912 303 qua
930 257 1052 291 civitas
1069 263 1191 291 nostra

201 310 506 345 Lacedaemonios
523 310 559 343 in
577 309 678 344 Naxo
696 308 791 342 vicit.

303 379 360 413 Sic
380 385 497 412 antem
518 376 763 422 praemunitus
782 388 816 410 es
836 374 1042 415 calumniis,
1068 381 1109 408 ut
1127 374 1193 407 im-

201 431 355 476 pendeat
381 429 574 474 pericnlum
601 440 674 460 non
700 427 785 467 tibi,
819 439 898 461 cum
929 427 1074 472 aliquod
1094 426 1193 470 flagi-

202 482 291 515 tium
309 480 499 518 admisisti,
534 480 595 513 sed
612 477 686 517 his,
720 479 829 524 quite
845 484 1023 512 accusant.
1074 477 1193 511 Habes

203 533 241 566 in
274 546 334 566 ore
361 531 624 570 Alexandrum,
674 527 904 575 Philippum,
950 528 1193 562 calumniandi

202 596 304 617 causa
317 610 326 623 ,
354 582 455 626 fingis
472 581 559 615 alios
579 582 719 615 obstare
731 609 739 622 ‚
768 594 839 627 quo
853 581 971 614 minus
989 580 1193 614 occasiones

203 635 339 668 oblatas
354 640 478 677 urgeat
494 633 704 677 respublica,
718 633 807 666 bene
826 631 1006 677 promittis
1023 632 1060 664 in
1076 638 1193 676 poste-

200 698 279 719 rum
298 712 307 726 ,
357 691 590 730 posteaquam
621 684 656 717 in
692 684 892 729 praesentia
931 684 1102 717 damnum
1133 684 1193 716 de-

200 736 294 770 disti.
344 735 396 769 Ita
413 748 491 769 cum
510 741 544 768 te
559 742 740 780 postremo
759 736 796 769 in
812 735 983 769 iudicium
1002 740 1193 768 vocaturus

200 800 332 827 essem,
359 786 563 821 subornasti
584 788 775 832 quosdam,
805 793 844 820 ut
860 786 1063 820 Anaxinum
1090 797 1193 830 cape-

199 846 280 873 rent
298 845 473 872 ementem
494 850 627 872 merces
646 838 873 884 Olympiadi,
906 835 1001 871 hunc
1023 837 1092 871 tuis
1117 849 1193 870 ma-

199 891 304 924 nibus
328 889 506 923 subiecisti
530 890 739 930 tormentis,
781 896 815 923 et
837 889 1023 923 decrevisti
1050 887 1194 933 capitali

199 941 373 986 supplicio
407 940 630 974 afficiendum
667 953 752 975 esse.
817 941 864 974 At
893 942 988 986 apud
1021 940 1120 973 illum
1155 939 1193 972 in

200 993 296 1027 Oreo
315 992 528 1032 (1118118135,
561 998 595 1025 81
614 991 796 1025 communi
812 1004 933 1026 mensa
954 1004 1034 1025 cum
1052 1003 1093 1024 eo
1109 1003 1193 1025 usus

198 1045 335 1084 fueras,
361 1041 475 1084 hunc,
504 1056 583 1076 cum
599 1055 669 1076 una
690 1043 903 1083 comederis,
927 1043 1078 1083 biberis,
1105 1042 1193 1075 liba-

198 1095 290 1129 veris
309 1107 387 1128 cum
408 1107 469 1135 eo,
498 1100 532 1127 et
547 1095 629 1127 data
653 1095 775 1128 dextra
798 1094 991 1128 amicitiam
1016 1101 1049 1128 et
1073 1092 1194 1139 hospi-

197 1146 287 1180 tium
303 1145 459 1180 iunxeris
471 1172 480 1186 ‚
509 1145 679 1180 occidisti.

299 1212 397 1245 Haec
437 1224 517 1245 cum
558 1211 624 1244 tibi
660 1212 851 1246 obiicerem
887 1223 1008 1245 coram
1045 1211 1193 1257 populo,

198 1276 350 1309 cumque
378 1270 410 1296 te
436 1263 636 1296 convictum
660 1264 876 1308 appellarem
895 1263 1112 1308 parricidam
1129 1261 1194 1296 ho-

198 1315 318 1360 spitis,
346 1327 419 1347 non
444 1314 581 1358 negasti
602 1315 753 1355 sactum,
787 1316 847 1348 sed
872 1314 1107 1359 respondisti,
1134 1326 1194 1347 ur-

196 1367 250 1400 bis
267 1367 376 1399 salem
395 1365 506 1410 pluris
523 1372 556 1398 te
571 1365 710 1406 fecisse,
738 1379 847 1411 quam
864 1364 1077 1410 hospitalem
1095 1376 1194 1398 men-

197 1430 285 1452 sam.
340 1418 457 1462 Quam
481 1429 604 1450 vocem
629 1418 816 1451 universus
837 1417 992 1461 populus
1015 1423 1049 1450 et
1071 1428 1194 1449 omnes

197 1467 375 1513 hospites,
404 1468 522 1514 quiin
541 1468 712 1502 concione
737 1469 905 1508 aderant,
940 1468 1096 1501 maximo
1125 1467 1194 1500 cla-

197 1533 298 1554 more
329 1520 638 1564 improbaverunt.
715 1518 854 1552 Omitto
886 1519 983 1552 fictas
1015 1518 1193 1563 epistolas,

199 1578 320 1616 captos
338 1572 576 1616 speculatores
597 1577 630 1603 et
647 1577 824 1604 tormenta
839 1597 848 1611 ,
883 1577 1031 1615 propter
1055 1569 1193 1614 pericu-

196 1623 272 1656 losa
290 1622 460 1662 crimina,
486 1628 526 1655 ut
552 1634 608 1654 1118
631 1628 832 1666 suspectum
858 1622 1023 1654 redderet
1047 1621 1193 1661 civibus,

198 1680 372 1720 tanquam
389 1685 500 1706 novas
515 1685 570 1706 res
588 1673 625 1705 in
642 1673 782 1706 civitate
799 1673 1018 1706 molientem.

299 1741 428 1775 Postea
447 1740 576 1774 dicitur
592 1752 648 1774 me
672 1741 956 1785 interrogaturus
980 1752 1075 1781 esse,
1107 1752 1194 1786 qua-

197 1793 240 1828 lis
256 1793 414 1826 medicus
432 1792 686 1826 existimandus
707 1792 771 1833 sit,
808 1792 869 1838 qui
891 1805 971 1825 cum
995 1792 1194 1836 aegrotanti

199 1843 291 1879 nihil
312 1843 466 1878 voluerit
488 1844 690 1885 consulere,
716 1843 852 1877 mortui
872 1856 957 1876 vero
981 1843 1118 1877 inferiis
1140 1844 1194 1876 in-

201 1896 320 1938 tersit,
357 1902 392 1930 et
414 1895 509 1928 dicat
531 1895 673 1936 amicis,
715 1895 801 1941 quid
827 1896 940 1928 facere
962 1895 1062 1929 illum
1088 1907 1194 1939 opor-

201 1948 328 1989 tuerit,
356 1947 453 1993 quod
477 1946 667 1990 profuisset
690 1948 734 1980 ad
755 1947 1036 1991 recuperandam
1063 1946 1194 1980 sanita-

201 2007 285 2034 tem.
340 1999 437 2044 Quin
453 1995 513 2031 hic
530 2004 563 2031 te
587 1998 702 2043 ipsum
726 1998 943 2042 interrogas,
975 1998 1089 2043 qualis
1114 2010 1194 2031 ora-

201 2058 259 2085 tor
276 2050 531 2085 existimandus
547 2049 610 2090 sit‚
638 2049 698 2096 qui
716 2062 795 2083 cum
817 2050 1024 2083 adularetur
1046 2049 1194 2094 populo,

201 2110 323 2136 tamen
346 2100 547 2135 vendiderit
573 2101 776 2135 occasiones
805 2101 1000 2135 servandae
1024 2101 1195 2145 reipubli-

202 2166 284 2196 cae,
312 2160 347 2187 et
367 2154 456 2187 118118
475 2152 665 2187 sentientes
680 2153 771 2187 cives
789 2152 977 2187 calumniis
995 2152 1195 2186 absterrue-

202 2205 270 2247 rit,
303 2218 348 2239 ne
372 2205 508 2250 patriae
533 2204 778 2246 consulerent,
810 2210 845 2237 et
867 2211 1058 2251 postquam
1083 2204 1196 2238 evasit

204 2270 247 2291 ex
263 2257 450 2302 periculis,
479 2268 649 2289 coronam
667 2256 759 2290 ausit
774 2268 938 2301 poscere,
966 2262 1138 2301 tanquam
1156 2268 1194 2289 re

205 2309 295 2342 bene
313 2315 427 2353 gest-‘13
455 2320 567 2354 quum
588 2308 715 2341 urbem
740 2307 778 2340 in
802 2307 1080 2341 immedicabiles
1103 2307 1195 2340 cala-

204 2360 346 2394 mitates
363 2359 569 2400 adduxerit,
595 2371 746 2405 cumque
762 2359 849 2392 boni
870 2356 961 2392 nihil
984 2358 1106 2392 fecerit
1130 2370 1195 2392 un-

206 2422 315 2457 quam
335 2437 345 2452 ,
388 2412 450 2445 sed
483 2409 645 2444 omnium
677 2411 856 2444 malorum
892 2416 996 2444 autor
1031 2410 1196 2445 extiterit.

205 2461 311 2498 Nunc
328 2463 470 2496 demum
485 2462 515 2496 si
530 2462 725 2506 interroget
744 2462 832 2496 alios
855 2461 1114 2495 circumventos
1140 2473 1196 2495 83-

205 2513 351 2548 lumniis
368 2519 472 2554 tunc,
499 2525 578 2547 cum
593 2514 809 2558 reipublicae
824 2514 958 2560 aliquid
977 2513 1053 2557 opis
1070 2513 1195 2546 afferre

207 2571 394 2610 poterant,
426 2576 535 2609 quare
561 2578 635 2598 non
659 2564 909 2609 prohibuerint
933 2564 1043 2609 ipsius
1067 2570 1196 2605 errata,

208 2615 323 2650 habeo
341 2617 438 2661 quod
454 2617 701 2659 respondeam.
762 2617 849 2651 Post
864 2628 1019 2661 pugnam
1037 2628 1111 2648 non
1130 2615 1196 2649 suit

209 2667 312 2701 nohis
330 2667 440 2700 otium
461 2667 505 2699 ad
522 2672 552 2698 te
577 2667 818 2711 puniendum,
855 2670 915 2702 sed
939 2667 1115 2701 abfuimus
1139 2679 1195 2699 oc-

211 2719 328 2763 cupati
345 2717 581 2762 legationibus
602 2729 668 2762 pro
693 2720 804 2752 salute
826 2719 984 2763 patriae3
1015 2731 1110 2752 nunc
1134 2729 1196 2752 au-

2162 122 2238 161 932

1245 210 1315 238 tem
1327 232 1337 246 ‚
1363 212 1553 253 postquam
1570 207 1636 241 tibi
1651 219 1726 241 non
1741 207 1825 242 satis
1843 213 1893 242 est
1906 207 2055 253 impune
2072 208 2236 250 evasisse,

1245 268 1368 290 verum
1386 259 1494 292 audes
1513 258 1618 292 etiam
1635 259 1834 304 praemium
1852 265 1971 304 petere
1990 272 2070 294 cum
2091 260 2236 305 publica

1245 307 1396 343 civitatis
1412 309 1576 351 infamia,
1603 310 1684 344 ideo
1708 322 1803 345 nunc
1830 311 1915 344 duxi
1936 316 1970 344 te
1997 312 2237 347 accusandum

1245 371 1330 394 esse.

1346 418 1413 452 Sed
1435 419 1521 465 quid
1539 420 1672 454 audio?
1704 419 1962 456 Demosthenes
1979 428 2165 467 comparat
2179 434 2238 456 me

1245 468 1446 509 Sirenibus;
1481 471 1530 504 ait
1553 472 1648 506 8111111
1672 484 1747 505 11011
1769 473 1983 518 permulceri
2005 471 2171 508 homines
2194 473 2239 507 ab

1245 520 1334 561 illis,
1374 523 1434 555 sed
1457 522 1628 564 interfici,
1668 523 1821 570 ideoque
1851 531 1993 558 cantum
2018 537 2142 559 earum
2163 536 2240 558 non

1245 572 1405 616 probari.
1455 572 1507 607 Ita
1525 574 1618 608 dicet
1633 587 1749 608 meam
1767 576 2008 622 eloquentiam
2029 582 2171 610 tantum
2194 576 2241 609 ad

1244 625 1447 657 nocendum
1466 631 1712 669 comparatam
1729 638 1814 661 esse.
1866 627 1963 661 Haec
1978 633 2097 661 autem
2114 626 2239 661 simili-

1245 674 1332 707 tudo
1349 675 1386 708 in
1404 688 1461 709 me
1481 688 1554 709 non
1569 677 1756 721 competit;
1783 684 1886 722 turpe
1910 684 1962 712 est
1984 679 2079 712 enim
2103 678 2240 712 crimen

1246 725 1423 760 obiectum
1438 739 1512 760 non
1528 739 1630 772 posse
1647 740 1685 762 re
1702 729 1776 773 ipsa
1792 729 1950 774 probari.
2002 728 2077 762 Iam
2094 735 2135 763 ut
2149 727 2241 763 mihi

1247 777 1354 811 obiici
1377 785 1515 822 posset,
1557 785 1650 812 certe
1672 778 1908 814 Demostheni
1935 791 2009 813 non
2031 781 2241 814 conveniret

1246 829 1305 861 illa
1327 841 1416 869 vox,
1449 831 1509 863 sed
1527 830 1634 864 alicui
1651 831 1730 864 viro
1747 831 1850 872 forti,
1886 830 1966 876 qui,
1995 843 2075 865 cum
2091 843 2241 877 magnas

1245 892 1301 914 res
1319 880 1497 925 gessisset,
1522 893 1597 914 non
1619 889 1739 926 posset
1764 895 1822 917 eas
1843 882 2007 916 oratione
2033 895 2163 917 ornare
2187 889 2241 917 at-

1246 944 1315 977 que
1338 932 1443 967 tueri.
1503 932 1570 966 Hic
1594 934 1801 968 adversario
1825 933 1958 968 diserto
1982 939 2017 967 et
2037 934 2169 968 idoneo
2195 934 2242 968 ad

1244 983 1450 1027 fingendum
1461 1010 1472 1024 ,
1499 996 1590 1030 quae
1605 996 1681 1018 non
1696 986 1852 1026 fecisset,
1878 983 1948 1019 hoc
1964 986 2074 1020 modo
2092 997 2241 1031 respon-

1246 1035 1329 1068 dere
1348 1041 1479 1079 posset.

1348 1094 1437 1139 Quis
1453 1101 1572 1128 autem
1590 1095 1699 1135 ferat,
1732 1101 1766 1129 te
1791 1092 1975 1129 hominem
2003 1095 2243 1141 compositum

1248 1156 1289 1178 ex
1309 1145 1468 1179 vanitate
1487 1153 1521 1179 et
1540 1146 1657 1180 verbis
1677 1146 1930 1187 amarulentis,
1964 1146 2133 1181 simulare
2158 1148 2242 1183 sim-

1246 1195 1442 1240 plicitatem
1465 1204 1499 1231 et
1522 1197 1637 1231 videri
1652 1198 1899 1242 magnitudine
1915 1210 2038 1232 rerum
2062 1205 2243 1244 gestarum

1247 1249 1446 1288 confidere,
1473 1249 1529 1282 cui
1552 1250 1581 1282 si
1604 1249 1724 1293 lingua
1739 1255 1901 1293 exempta
1916 1250 2044 1290 fuerit,
2071 1257 2244 1296 tanquam

1247 1298 1341 1333 tibiis
1357 1297 1447 1332 nihil
1463 1300 1570 1333 fuerit
1587 1300 1777 1345 reliquum.
1831 1300 1947 1333 Miror
1964 1306 2082 1334 autem
2093 1327 2105 1342 ,
2130 1308 2166 1335 et
2181 1313 2244 1335 au-

1247 1349 1323 1383 dire
1348 1350 1473 1394 cupio,
1515 1363 1623 1396 quam
1651 1351 1696 1384 ob
1724 1362 1866 1384 causam
1888 1351 2036 1395 probari
2060 1352 2242 1387 decretum

1247 1401 1376 1445 possit,
1402 1414 1489 1434 num
1508 1403 1590 1448 quia
1607 1402 1742 1446 legibus
1759 1408 2038 1435 consentaneum
2053 1402 2130 1436 est?
2181 1403 2246 1436 At-

1247 1452 1308 1497 qui
1324 1452 1461 1486 nullum
1487 1465 1646 1498 unquam
1675 1454 1855 1486 decretum
1879 1453 2031 1497 perinde
2056 1465 2136 1488 curn
2157 1454 2244 1499 legi·

1245 1503 1311 1536 bus
1325 1503 1509 1548 pugnavit.
1561 1505 1619 1537 An
1634 1516 1718 1537 vero
1737 1501 1978 1548 Ctesiphontis
1993 1504 2167 1539 autoritas
2184 1506 2245 1539 de-

1246 1555 1366 1587 sendet
1387 1554 1583 1598 scriptum?
1637 1554 1705 1588 Sed
1728 1555 1758 1589 si
1783 1555 1890 1588 talem
1915 1553 2102 1590 hominem
2127 1556 2244 1591 ahsol-

1247 1606 1353 1646 vetis,
1379 1618 1526 1650 prorsus
1544 1606 1641 1639 nulla
1660 1618 1807 1640 censura
1826 1607 1869 1640 de
1884 1607 2046 1642 moribus
2063 1608 2159 1653 apud
2174 1619 2241 1642 nos

1245 1657 1382 1702 reliqua
1404 1663 1466 1691 est.

1346 1715 1438 1750 Illud
1466 1723 1585 1750 autem
1617 1717 1784 1750 acerbum
1815 1722 1882 1751 est:
1926 1717 2024 1751 Olim
2049 1715 2243 1753 Orchestra

1247 1768 1350 1813 plena
1367 1774 1443 1802 erat
1460 1768 1614 1808 coronis,
1641 1780 1731 1814 quae
1749 1768 1883 1813 populo
1900 1769 1944 1802 ab
1961 1767 2162 1814 hospitibus
2177 1770 2242 1803 do-

1247 1821 1445 1858 nabantur;
1473 1832 1568 1853 nunc
1584 1832 1663 1853 cum
1686 1826 1834 1864 propter
1848 1818 2104 1855 Demosthenis
2126 1821 2242 1855 consi-

1246 1871 1293 1904 lia
1327 1877 1464 1904 tantam
1499 1871 1738 1904 calamitatem
1764 1871 1886 1905 civitas
1917 1872 2112 1916 acceperit,
2150 1872 2242 1906 nulli

1247 1920 1403 1956 honores
1418 1920 1596 1956 habentur
1619 1922 1771 1963 civitati,
1805 1928 1839 1955 et
1861 1929 1983 1956 tamen
2006 1923 2072 1957 iste
2093 1934 2241 1968 praeco-

1247 1973 1315 2008 niis
1331 1975 1514 2008 ornandus
1530 1979 1592 2008 est.

1351 2033 1458 2078 Quod
1482 2033 1511 2068 si
1532 2031 1660 2078 aliquis
1683 2031 1720 2064 in
1745 2030 1958 2075 tragoediis,
2001 2043 2092 2077 quae
2115 2038 2240 2080 postea

1249 2082 1478 2125 exhibentur,
1517 2084 1666 2128 fingeret
1687 2081 1887 2116 Thersitem
1918 2095 1938 2115 a
1963 2082 2109 2117 Graecis
2139 2095 2242 2117 coro-

1247 2136 1346 2177 nari,
1386 2148 1493 2169 nemo
1527 2141 1684 2169 vestrum
1715 2134 1922 2175 sustineret,
1957 2133 2041 2180 quia
2063 2133 2244 2170 Homerus

1248 2187 1388 2232 scripsit
1417 2188 1518 2221 illum
1548 2187 1652 2220 fuisse
1681 2185 1849 2230 ignavum
1872 2192 1906 2219 et
1932 2185 2241 2222 calumniatorem.

1247 2238 1371 2285 Itaque
1387 2251 1467 2272 cum
1486 2238 1591 2271 talem
1609 2237 1726 2271 virum
1751 2237 1987 2278 coronabitis‚
2020 2249 2098 2271 non
2123 2237 2241 2272 existi-

1248 2290 1353 2324 matis
1373 2290 1531 2324 futurum
1545 2316 1555 2330 ,
1588 2295 1628 2323 ut
1644 2289 1771 2323 Graeci
1794 2289 1851 2322 vel
1872 2288 1988 2323 tacitis
2013 2288 2239 2334 cogitationi-

1247 2343 1313 2377 bus
1331 2341 1498 2375 exibilent
1514 2339 1603 2375 vos?

1350 2409 1507 2443 Maiores
1528 2407 1636 2442 vestri
1660 2420 1715 2442 res
1740 2419 1887 2452 magnas
1910 2413 1944 2441 et
1968 2405 2138 2442 honestas
2160 2407 2241 2443 uni-

1250 2474 1351 2495 verso
1378 2461 1513 2506 populo
1537 2460 1857 2500 commendabant,
1889 2459 2031 2504 negotia
2059 2459 2183 2493 odiosa
2205 2465 2242 2493 et
2273 2468 2277 2471 “

1250 2513 1393 2547 sordida
1409 2512 1628 2545 mandabant
1645 2511 1712 2545 illis
1730 2510 1950 2551 oratoribus,
1974 2510 2012 2543 in
2028 2510 2156 2556 quibus
2173 2510 2241 2543 mi-

1249 2565 1386 2597 nimum
1407 2570 1482 2596 erat
1499 2563 1693 2607 dignitatis.
1755 2559 1922 2607 Ctesipho
1940 2567 2058 2595 autem
2077 2561 2172 2602 vult,
2198 2567 2239 2596 ut

1250 2615 1416 2655 infamia,
1454 2615 1556 2659 culpa
1579 2611 1831 2647 Demosthenis
1858 2619 2038 2647 contracta
2061 2612 2100 2645 in
2123 2624 2238 2657 popu—

1250 2668 1322 2700 lum
1349 2667 1595 2700 transferatur.
1662 2665 1789 2699 Dicitis
1818 2665 1911 2698 enim
1942 2677 2005 2698 vos
2034 2664 2239 2697 fortunatos

1250 2731 1342 2760 esse,
1368 2724 1408 2753 ut
1423 2717 1524 2759 estis,
1549 2717 1608 2751 sed
1626 2716 1663 2750 in
1678 2714 1746 2750 hoc
1762 2717 1855 2750 bello
1881 2727 1903 2749 a
1923 2716 2067 2749 fortuna
2092 2714 2240 2750 destitu-
