2351 2990
56 1348 164 1381 *num
199 1347 422 1385 deseruerat,
465 1347 741 1379 condemnatam
779 1346 988 1379 vendidistis
1007 1345 1073 1389 Π).

73 129 148 164 795
201 128 355 163 XXXIV.
398 127 625 163 INTERPR.
652 125 914 161 ORATIOMS
930 125 956 161 Ι.
979 106 1324 162 DEMOSTHEMS
1349 127 1549 162 CONTRA
1572 128 1989 165 AfflSTOGlTONEM.

76 215 188 249 beret.
255 215 301 248 Et
333 215 430 260 quod
460 212 548 247 haec
572 225 655 246 vera
682 213 773 253 sint,
817 225 954 248 accerse
989 211 1079 247 mihi

76 265 183 299 istum
197 292 208 305 ‚
235 267 334 300 cuius
351 267 557 299 admorsum
576 277 704 298 nasum
722 266 921 299 devoravit.
969 265 1078 309 Egre-

77 318 135 362 gia
165 318 256 350 sacta
290 316 444 350 rhetoris
478 329 721 350 commemoro
739 316 806 363 ⁷5),
841 317 989 360 dignum
1015 324 1078 357 est,

79 369 211 403 scilicet
232 367 328 403 hunc
352 369 414 402 tali
440 380 501 401 ore
528 368 715 402 consilium
742 369 960 413 reipublicae
981 370 1077 402 darc.

75 419 152 454 Iam
168 433 243 454 non
259 422 371 466 pudet
386 433 469 460 vos,
496 432 575 453 cum
602 420 736 453 scelesti
762 433 802 453 ac
829 421 990 453 damnati
1013 418 1078 453 ho-

77 473 192 506 mines
208 472 244 505 in
265 484 404 505 carcere
421 472 490 504 tale
512 473 554 505 de
581 484 623 504 eo
645 471 816 505 iudicium
839 473 1006 511 fecerint,
1040 477 1079 504 ut

76 524 329 557 interdixerint
358 523 389 556 ei
423 523 679 557 consuetudine
709 523 885 563 aliorum,
918 522 1013 557 hunc
1042 522 1078 554 in

78 576 208 609 civium
233 587 424 608 numerum
449 576 627 619 recipere,
663 587 742 608 cum
771 588 851 609 euin
877 576 969 619 leges
994 573 1079 606 civi-

79 633 151 660 tate
167 626 332 670 exigant?
368 626 434 660 Sed
453 627 538 671 quid
557 627 675 660 verbis
692 639 780 671 opus
797 633 865 666 est,
892 625 982 659 nihil
998 625 1079 658 fecit

79 691 239 724 unquam
260 678 406 722 dignum
427 679 551 718 laude,
584 676 674 710 nihil
692 691 766 711 non
784 679 938 711 alienum
959 676 1077 709 officio

77 730 165 763 honi
190 729 270 762 viri.
338 729 439 762 Adeo
468 736 518 763 est
542 730 693 774 impius,
733 730 903 769 crudelis,
939 728 1079 762 sacrile-

78 793 161 826 gus,
202 779 446 826 sycophanta,
484 788 518 814 et
541 794 620 814 cum
648 779 702 814 his
724 781 884 814 moribus
909 781 1016 812 audet
1042 779 1077 811 in

79 833 246 866 omnibus
271 831 503 865 concionibus
533 833 743 871 vociferari,
787 845 822 865 se
854 844 965 865 unum
998 830 1079 863 reli-

79 897 191 931 quum
209 896 281 917 csse
299 884 516 928 reipublicae
534 884 697 915 columen
710 911 718 923 ,
747 884 836 916 alios
854 896 978 916 omues
996 894 1079 915 con-

79 936 231 981 spirasse
246 935 283 967 in
299 935 495 980 perniciem
513 934 678 974 civitatis,
705 935 866 978 proditos
883 947 955 968 esse
975 934 1079 971 cives,

79 987 234 1032 denique
251 998 287 1020 se
306 998 417 1020 unum
438 992 620 1030 praestare
638 987 795 1019 debitam
814 987 949 1030 populo
972 986 1078 1018 bene-

75 1038 282 1072 volentiam.
335 1037 469 1070 Verum
490 1037 751 1081 expendamus,
781 1038 909 1083 quibus
933 1049 974 1070 ex
998 1049 1079 1069 cau-

78 1091 124 1125 sis
138 1096 237 1122 tanta
253 1101 335 1133 erga
354 1101 418 1122 vos
440 1089 690 1122 benevolentia
718 1088 992 1134 manaveritffi),
1027 1094 1079 1127 ut,

78 1142 107 1176 si
138 1153 221 1174 vera
254 1147 324 1180 est,
367 1140 518 1173 credatis
549 1141 578 1173 ei
613 1147 768 1174 vestram
803 1141 973 1177 salutem3
1024 1139 1078 1173 sin

79 1199 197 1227 autem
230 1192 320 1226 falso
351 1192 560 1231 simulatur,
611 1193 776 1225 caveatis.
852 1191 982 1225 Ideone
1015 1203 1078 1224 vos

77 1252 150 1278 tam
175 1243 402 1276 familiariter
427 1242 547 1275 amat?
589 1244 671 1288 quia
700 1250 837 1287 patrem
866 1244 940 1276 eius
964 1243 1078 1286 capite

77 1295 294 1334 damnastis,
337 1301 371 1327 et
390 1300 564 1333 matrem,
605 1294 686 1339 quia
713 1295 931 1327 manumissa
959 1300 1079 1338 patro-

76 1404 226 1444 propter
242 1395 331 1431 haec
348 1397 576 1430 arbitramini
596 1410 658 1430 vos
675 1398 727 1429 illi
745 1409 857 1443 usque
882 1399 971 1430 adeo
998 1394 1080 1429 cha-

79 1463 138 1484 ros
153 1448 250 1483 esse?
279 1462 403 1482 verum
421 1447 513 1481 nihil
531 1448 678 1482 alienius
695 1449 780 1493 fingi
797 1455 924 1493 potest.
985 1448 1077 1482 Nam

78 1502 106 1536 si
120 1507 287 1546 parentes
305 1500 450 1539 amavit,
477 1507 511 1533 et
526 1507 677 1533 naturae
694 1501 771 1533 iura
788 1501 956 1540 servavit,
984 1512 1079 1532 colu-

79 1552 238 1587 munitet
253 1559 288 1585 et
304 1550 512 1585 hominibus
531 1558 565 1585 et
586 1552 700 1585 brutis
724 1552 857 1592 indita,
892 1559 931 1585 ut
956 1563 1079 1584 amore

77 1610 268 1650 parentum
301 1604 532 1643 adiiciantur,
566 1616 706 1637 necesse
733 1610 783 1637 est
808 1616 886 1637 eum
912 1604 1077 1649 iniquum

78 1669 151 1691 esse
172 1654 228 1690 his
240 1683 248 1696 ,
274 1668 338 1699 per
354 1668 443 1700 quos
458 1662 623 1700 parentes
641 1655 770 1689 amisit.

182 1706 305 1752 ltaque
330 1719 403 1740 non
427 1707 574 1740 dubium
603 1714 674 1745 est,
715 1707 802 1752 quin
830 1707 874 1740 sit
900 1705 1079 1739 infestissi-

79 1771 158 1793 mus
174 1756 281 1792 huius
299 1759 451 1792 civitatis
468 1757 590 1792 hostis.
645 1758 706 1791 Sin
725 1765 843 1791 autem
870 1758 1007 1791 nemini
1033 1757 1080 1789 ci-

79 1811 177 1844 vium
194 1817 395 1850 succenset,
433 1810 511 1856 quis
537 1810 588 1842 illi
613 1811 719 1843 fidem
742 1807 891 1849 habeat,
929 1822 1007 1842 cum
1039 1821 1080 1841 ex

80 1862 201 1896 animo
238 1869 428 1907 parentum
463 1874 623 1894 amorem
661 1862 823 1900 eiecerit,
876 1860 1079 1893 adfirmanti

80 1915 177 1961 quod
195 1914 297 1948 vobis
312 1915 403 1947 bene
421 1913 610 1958 cupiatss).
662 1912 738 1956 Ego
757 1925 830 1945 non
856 1914 964 1945 modo
990 1909 1079 1944 nihil

81 1967 113 2000 ei
129 1966 211 2000 fidei
230 1964 367 2006 habeo,
395 1967 456 1999 sed
475 1972 509 1998 et
525 1965 603 1999 Diis
620 1965 772 1998 invisum
791 1965 886 1997 iuxta
906 1977 945 1996 ae
965 1962 1080 1996 homi-

79 2019 185 2052 nibus
201 2030 273 2051 esse
293 2018 474 2057 existimo,
503 2017 564 2062 qui
580 2022 745 2061 parentes
765 2016 968 2060 neglexerit.
1010 2015 1077 2048 Sed

83 2069 166 2115 quia
195 2069 458 2102 condemnastis
482 2082 562 2102 eum
590 2069 742 2101 relatum
770 2068 806 2100 in
833 2068 1010 2105 aerarios,
1046 2073 1079 2099 et

81 2121 135 2155 his
152 2120 349 2154 coniecistis
364 2121 402 2153 in
420 2132 616 2159 carcerem,
655 2126 688 2152 et
718 2120 833 2163 ipsum
864 2126 898 2152 et
919 2120 1079 2157 fratrem,

81 2185 168 2206 num
194 2172 274 2205 ideo
299 2185 362 2206 vos
386 2172 544 2215 impense
573 2171 694 2204 amat?
748 2170 786 2203 ld
816 2183 900 2203 vero
931 2170 1077 2203 stultum

83 2231 133 2259 est
151 2225 305 2258 credere.
357 2225 460 2258 Anne.
485 2224 566 2269 quia
591 2224 771 2267 repulsam
796 2235 917 2266 passus
942 2228 993 2254 est
1019 2234 1079 2265 pe-

81 2283 159 2310 tens
181 2276 450 2320 magistratum,
485 2281 546 2308 aut
573 2275 655 2320 quia
682 2276 939 2307 condemnatus
964 2280 1014 2306 est
1042 2274 1078 2305 in

81 2328 213 2362 iudicio
241 2334 387 2371 rogatae
411 2327 496 2371 legis
522 2326 762 2371 perniciosae,
791 2333 852 2359 aut
871 2325 951 2371 quia
977 2325 1079 2370 quin-

116 2465 164 2497 75)
183 2467 216 2489 Η.
236 2466 253 2487 l.
273 2465 300 2487 iu
320 2464 403 2489 Editt.
425 2463 519 2491 1527„
540 2464 613 2487 1547.
634 2466 699 2488 nota
718 2463 851 2489 marein:
879 2464 979 2491 πάθος,

119 2515 166 2548 76)
187 2516 220 2539 Η.
242 2516 259 2540 l.
278 2515 306 2538 iu
325 2514 408 2537 Editt.
431 2514 514 2540 1559.,
536 2515 725 2539 ¹564—1587.
747 2516 811 2538 nota
832 2515 964 2545 margins
991 2516 1080 2539 Beue-

155 2550 279 2574 volentia
296 2548 498 2579 Aristogitonis
518 2555 586 2579 erga
603 2550 796 2579 rempublicam
816 2549 978 2575 cuiusmodi.

119 2602 167 2631 77)
186 2602 218 2626 Η.
238 2601 256 2625 l.
277 2601 303 2624 in
321 2600 405 2624 Editt.
430 2599 515 2624 1527..
536 2599 610 2625 1547.
630 2602 696 2624 nota
715 2601 849 2631 margum:
874 2599 933 2631 δίκη
953 2598 1080 2626 ἀποστα-

155 2637 219 2660 σίου
236 2635 308 2659 actio
328 2636 389 2659 erat
410 2634 546 2658 adversus
566 2635 696 2666 libertos,
716 2636 761 2665 qui
781 2636 964 2659 deseruerant
983 2639 1080 2666 patro-

153 2677 220 2700 110S,
247 2672 275 2693 et
301 2670 479 2700 quaesierant
502 2675 590 2693 novos
616 2671 757 2699 patronos.
784 2670 878 2699 (Conf.
898 2671 980 2695 Petiti
1007 2671 1079 2701 legg.

153 2705 236 2729 Attic.
255 2705 274 2728 l.
286 2705 319 2728 11.
339 2704 382 2729 tit.
400 2704 446 2728 w.
467 2702 493 2735 §.
510 2704 535 2729 9,
552 2703 617 2734 10.).

117 2756 166 2785 78)
185 2757 217 2780 Η.
232 2756 250 2782 l.
267 2755 295 2780 in
305 2755 390 2781 Editt.
405 2755 488 2779 1527..
512 2754 584 2779 1547.
599 2756 663 2779 nota
677 2756 812 2788 margin„-
831 2756 930 2780 Mirum
946 2757 1079 2781 dilemma.
1106 2769 1109 2775 ·

2046 131 2122 167 794

1133 226 1200 259 que
1236 215 1377 248 talentis
1407 215 1624 255 mulctas-tis,
1673 222 1734 248 aut
1769 216 1851 261 quia
1888 217 1999 261 digito
2034 215 2128 251 hunc

1132 267 1334 306 ostenditis,
1377 279 1456 300 cum
1489 266 1792 311 improbissimum
1823 268 2038 301 nebulonem
2071 271 2129 303 de—

1131 318 1272 362 signare
1291 319 1418 358 vultis,
1445 325 1507 352 aut
1524 319 1606 365 quia
1627 320 1732 356 salvis
1757 320 1893 363 legibus
1916 332 1990 352 non
2013 327 2129 365 potest

1133 382 1205 403 esse
1223 369 1412 403 incolumis
1424 397 1432 409 ,
1460 377 1521 403 aut
1538 370 1620 416 quia
1638 377 1766 404 natura
1785 371 1974 415 impudens
1984 371 2027 412 79)
2054 372 2129 406 est?

1131 420 1241 466 Atqui
1277 421 1493 465 impudentis
1529 422 1805 466 appellationem
1842 422 1925 455 inde
1960 430 2130 464 meretur,

1132 472 1213 517 quia
1233 473 1378 505 mentiri
1396 474 1515 517 palam
1534 472 1624 506 nihil
1643 475 1763 518 pudet.
1817 474 2004 507 Postremo
2023 476 2128 507 etiam

1132 524 1174 556 de
1194 535 1296 557 causa
1307 523 1376 569 ³⁰),
1406 536 1444 556 ea
1463 537 1553 569 quae
1578 525 1857 569 praetermisisse
1871 525 2056 571 Lycurgus
2080 527 2131 558 vi-

1133 576 1256 614 detur,
1284 575 1432 607 dicenda
1453 582 1544 610 sunt.
1608 576 1671 610 Est
1696 584 1813 609 autem
1843 576 1880 609 in
1906 575 1973 610 hoc
1998 578 2130 611 iudicio

1133 626 1280 670 perinde
1298 627 1402 660 nobis
1418 628 1617 661 faciendum
1631 655 1640 667 ,
1669 635 1775 674 atque
1793 628 1820 661 si
1840 629 1882 661 de
1906 629 2046 662 funebri
2071 642 2131 674 pe-

1133 678 1235 710 cunia
1255 678 1411 721 cognitio
1430 680 1540 712 fieret.
1594 680 1630 711 Si
1649 679 1743 711 enim
1763 687 1987 714 accusaretur
2003 681 2131 726 aliquis

1133 729 1260 761 debere
1282 736 1414 761 certam
1440 731 1648 774 pecuniam;
1685 737 1720 763 at
1743 731 1801 763 ille
1827 738 1949 764 contra
1973 739 2131 776 negaret,

1132 780 1191 813 ubi
1217 781 1490 824 cognovissetis,
1530 795 1601 827 quo
1629 788 1733 825 pacto
1758 789 1938 827 sumptum
1967 790 2130 817 mutuum

1134 838 1242 871 esset,
1268 839 1301 864 et
1317 833 1478 876 prolatae
1503 833 1642 866 litterae
1667 839 1802 873 essent,
1839 834 2042 868 iudicaretis
2065 835 2131 868 im-

1135 884 1325 927 pudentem
1344 896 1415 917 esse
1433 898 1512 917 eum
1526 912 1533 921 ,
1561 885 1621 930 qui
1645 897 1678 917 se
1698 885 1824 917 debere
1842 893 2014 929 negasset.
2069 886 2130 919 Sin

1135 941 1253 967 autem
1279 936 1439 968 deessent
1463 936 1686 976 testimonia,
1729 943 1914 970 accusator
1943 938 2132 982 impudens

1133 986 1322 1020 diceretur.
1383 986 1433 1019 lta
1458 994 1491 1020 et
1517 986 1603 1020 haec
1625 1000 1682 1021 res
1708 1000 1742 1021 se
1768 985 1887 1021 habet.
1942 988 2046 1022 Extat
2071 1002 2132 1033 pa-

1134 1044 1227 1070 ctum
1238 1037 1305 1083 ⁸¹),
1333 1050 1374 1070 ex
1400 1052 1471 1084 quo
1495 1040 1599 1072 debet
1615 1039 1859 1083 Aristogiton,
1894 1041 1985 1083 leges
2010 1040 2132 1073 videli-

1133 1095 1205 1129 cet,
1248 1101 1400 1134 quarum
1432 1091 1624 1123 autoritate
1658 1091 1694 1123 in
1727 1091 1884 1124 aerarios
1913 1092 2045 1125 relatus
2071 1099 2132 1126 est.

1134 1140 1261 1173 Cautio
1280 1141 1345 1186 ³²³¹),
1387 1142 1506 1175 tabula
1536 1142 1650 1187 posita
1678 1142 1715 1174 in
1738 1154 1840 1181 arce,
1884 1143 1922 1175 in
1946 1143 2132 1176 Minervae

1132 1193 1238 1231 sano,
1275 1193 1370 1237 quod
1397 1193 1425 1226 si
1451 1193 1514 1227 ista
1542 1194 1679 1227 sublata
1706 1200 1807 1233 sunt,
1837 1200 1870 1226 et
1887 1195 2041 1228 deletum
2069 1207 2133 1227 no-

1133 1256 1214 1276 men
1226 1271 1234 1283 ,
1262 1256 1328 1277 nos
1345 1245 1441 1278 stulti
1463 1252 1496 1278 et
1515 1245 1636 1279 iniusti
1653 1257 1794 1285 sumus,
1822 1246 1883 1290 qui
1899 1243 1994 1279 hunc
2012 1253 2133 1291 postu-

1135 1296 1258 1329 lamus.
1313 1295 1375 1328 Sin
1393 1295 1507 1329 adlmc
1531 1303 1651 1329 extant
1676 1297 1839 1336 tabulae,
1875 1299 1990 1331 donec
2012 1299 2131 1342 reipu-

1134 1346 1244 1379 blicae
1268 1347 1485 1381 satisfactum
1514 1348 1640 1389 suerit,
1669 1349 1859 1381 sceleratus
1883 1357 1934 1382 est
1957 1349 2133 1393 Aristogi-

1134 1403 1216 1436 ton,
1252 1398 1313 1442 qui
1334 1399 1388 1431 ius
1413 1400 1594 1443 publicum
1620 1400 1761 1432 abolere
1787 1407 1946 1434 conatur.
2008 1401 2133 1446 'Neque

1132 1461 1228 1481 nunc
1252 1449 1423 1482 iudicium
1449 1457 1519 1491 est,
1555 1452 1723 1484 omniane
1750 1449 1865 1484 adhuc
1889 1453 2036 1490 delicat,
2073 1454 2131 1485 sed

1134 1506 1273 1533 tantum
1300 1499 1367 1533 hoc
1393 1502 1597 1546 quaeritur,
1635 1508 1754 1536 utrum
1781 1504 1918 1537 debeat.
1985 1503 2031 1537 Et
2053 1517 2131 1537 cum

1134 1558 1237 1584 atrox
1254 1564 1369 1596 poena
1389 1553 1580 1587 constituta
1599 1554 1697 1588 sitin
1721 1566 1780 1587 eos
1794 1581 1802 1593 ,
1837 1555 1898 1600 qui
1924 1556 2027 1588 relati
2051 1561 2134 1589 sunt

1135 1603 1171 1635 in
1189 1604 1367 1645 aerarios,
1396 1605 1535 1639 etiamsi
1555 1606 1690 1651 alioqui
1711 1605 1836 1639 lex-iter
1859 1607 2060 1650 peccarint,
2088 1619 2132 1639 ne

1134 1655 1178 1688 sit
1196 1655 1227 1687 ei
1244 1655 1409 1699 impune,
1439 1657 1501 1702 qui
1519 1670 1647 1701 magna
1666 1657 1799 1700 flagitia
1819 1658 1981 1697 admisit,
2010 1659 2132 1691 etiam-

1134 1707 1163 1739 si
1191 1708 1299 1740 seme}
1331 1714 1436 1753 atque
1471 1708 1599 1741 iterum
1634 1710 1677 1741 ad
1707 1709 1800 1741 diem
1833 1711 2043 1754 dependerit
2071 1711 2132 1742 ali-

1135 1765 1322 1804 quantum.
1376 1759 1420 1792 Et
1437 1766 1537 1799 suut,
1573 1766 1611 1793 ut
1634 1760 1748 1799 scitis,
1784 1761 1936 1794 mulctae
1960 1768 2030 1794 tres
2052 1774 2133 1805 per-

1134 1811 1286 1854 scriptae
1304 1810 1342 1842 in
1360 1823 1459 1850 arce,
1486 1818 1634 1855 propter
1651 1823 1737 1856 quas
1757 1811 1792 1843 in
1817 1812 1870 1845 ius
1894 1819 2039 1846 vocatus
2064 1819 2132 1850 est;

1134 1868 1166 1894 et
1186 1861 1317 1894 iudicio
1335 1863 1447 1895 victus
1467 1870 1536 1899 est,
1566 1864 1654 1896 duas
1679 1864 1830 1896 mulctas
1855 1864 1982 1896 debere
1993 1863 2061 1909 ⁸3),
2090 1865 2132 1897 de

1134 1913 1235 1946 tertia
1259 1913 1373 1957 litigat
1391 1912 1525 1953 adime,
1563 1921 1596 1947 et
1611 1914 1816 1948 Aristonem
1840 1915 1877 1947 in
1903 1916 1955 1949 ius
1982 1916 2133 1955 vocavit,

1135 1977 1152 1997 a
1173 1977 1243 2010 quo
1263 1965 1392 1998 iniuste
1412 1966 1460 1998 ait
1478 1978 1513 1999 se
1534 1966 1569 1998 in
1585 1967 1743 1999 aerarios
1759 1967 1911 2000 relatum
1930 1980 2013 2000 esse.
2065 1968 2130 2001 Sed

1134 2018 1187 2049 sac
1206 2017 1249 2048 al)
1266 2017 1433 2050 Aristone.
1452 2018 1620 2050 iniuriam
1639 2018 1704 2050 tihi
1722 2018 1850 2051 factam
1870 2031 1961 2057 esse,
1989 2031 2063 2052 non
2081 2026 2133 2052 ta·

1134 2080 1216 2101 men
1234 2068 1297 2101 tibi
1318 2069 1416 2101 licuit
1435 2069 1510 2102 iure
1530 2082 1644 2113 agere.
1697 2070 1765 2103 Sed
1792 2070 1890 2114 prius
1917 2071 2077 2114 oportuit
2098 2077 2132 2104 te

1134 2120 1336 2164 persolvere
1355 2121 1510 2166 reliquas
1528 2121 1694 2160 mulctas,
1723 2127 1756 2153 et
1782 2122 1897 2154 facere
1924 2122 2132 2161 iudicatum,

1135 2184 1241 2216 quam
1270 2172 1435 2217 cuiquam
1462 2172 1560 2205 litem
1587 2173 1800 2206 intenderes.
1870 2173 1904 2206 Si
1933 2174 2026 2206 euim
2052 2173 2132 2206 licet

1134 2224 1198 2256 tibi
1225 2236 1328 2267 agere
1354 2224 1389 2256 in
1415 2225 1514 2263 foro,
1550 2231 1722 2270 tanquam
1751 2222 1823 2263 his,
1860 2225 1920 2270 qui
1945 2237 2019 2257 non
2050 2231 2133 2258 sunt

1166 2343 1214 2370 79)
1235 2344 1308 2366 Haec
1326 2348 1380 2365 vox
1401 2341 1427 2364 in
1446 2340 1529 2363 Editt.
1552 2340 1642 2364 1559..
1671 2341 1863 2364 1564—1587.
1891 2341 1917 2364 iu
1943 2341 2069 2372 margine
2089 2344 2131 2366 est

1201 2377 1328 2407 repetita.

1167 2422 1215 2449 80)
1236 2422 1267 2444 Η.
1290 2420 1306 2443 Ι.
1326 2420 1352 2443 in
1372 2419 1454 2443 Editt.
1477 2419 1568 2443 1527..
1596 2418 1670 2442 1547.
1696 2421 1761 2442 nota
1782 2419 1915 2449 margins
1945 2420 1994 2443 Hic
2014 2420 2130 2443 inseruit

1203 2455 1292 2479 obiter
1311 2455 1444 2484 quandam
1465 2454 1626 2483 particulam
1645 2454 1678 2476 de
1698 2459 1782 2476 causa
1802 2461 1851 2477 seu
1871 2454 1904 2478 de
1923 2455 2032 2479 mulcta.

1167 2498 1214 2529 81)
1236 2499 1310 2521 Haec
1329 2503 1383 2521 vox
1402 2497 1428 2520 in
1449 2497 1532 2520 Editt.
1557 2496 1648 2522 1559.,
1680 2497 1871 2521 1564—1537.
1900 2497 1925 2521 in
1946 2498 2069 2528 margine
2089 2500 2131 2522 est

1203 2533 1330 2563 repetita.

1168 2575 1215 2607 32)
1237 2576 1304 2599 Huic
1322 2575 1399 2600 voci.
1420 2580 1472 2604 qua
1490 2574 1629 2599 Demostli.
1651 2580 1702 2597 vox
1724 2572 1786 2606 ὅρος
1805 2581 1821 2598 a
1840 2575 2015 2599 Melanthone
2035 2575 2129 2605 expri-

1202 2611 1301 2637 mitur,
1327 2610 1354 2632 in
1374 2609 1456 2632 Editt.
1479 2609 1570 2634 1527..
1592 2609 1665 2633 1547.
1686 2609 1829 2639 adscripta
1849 2611 1892 2633 est
1912 2612 1976 2634 nota
1995 2610 2131 2640 marg-inst

1203 2642 1265 2676 ὅρος
1284 2645 1384 2668 cautio.
1422 2644 1451 2666 lu
1468 2644 1552 2667 Editt.
1570 2645 1654 2671 1559.,
1677 2644 1762 2675 1564.‚
1784 2645 1858 2668 1570.
1879 2645 1941 2668 sola
1959 2651 2013 2669 vox
2032 2644 2130 2668 Cautio

1202 2680 1231 2703 in
1249 2679 1375 2709 margine
1396 2678 1506 2713 legitur.

1167 2723 1215 2750 83)
1236 2723 1351 2751 debere]
1371 2722 1410 2745 sic
1424 2721 1508 2745 Editt.
1528 2722 1727 2748 1527-1559..
1751 2723 1959 2752 1564-1587.;
1987 2722 2035 2745 Ed.
2053 2721 2127 2748 1562.

1205 2757 1292 2781 debet.
