2351 2990
78 128 153 164 845
311 128 448 163 XXXV.

184 213 306 247 Gloria
326 215 420 247 enim
437 213 578 247 virtutis
593 213 717 246 similis
733 219 802 252 est,
826 219 971 246 eventus
989 225 1074 246 vero

82 264 267 298 dissimiles
284 266 445 304 fuerunt,
474 271 514 298 ut
530 264 626 298 Deus
648 277 707 298 eos
733 265 956 307 gubernavit.
1010 264 1075 297 Hic

83 322 122 349 tu
149 318 343 349 execrande
368 317 501 356 scriba,
542 322 581 349 ut
602 314 689 348 mihi
718 316 1004 349 benevolentiam
1029 316 1076 349 ci-

82 367 181 400 vium
199 367 346 411 eripias,
375 367 531 401 recitasti
548 365 720 411 trophaea
739 374 773 400 et
788 367 921 411 proelia
944 374 1075 407 vetera,

84 430 174 463 quae
199 425 279 451 tuae
308 418 525 452 accusationi
545 419 724 452 contraria
743 425 836 452 sunt.
889 418 964 462 Ego
990 431 1074 451 vero

82 470 229 503 daturus
259 470 396 514 patriae
428 470 614 504 consilium
646 472 688 503 de
724 482 861 504 summa
892 471 1076 514 dignitate,

83 523 276 555 ascendens
292 521 329 553 in
347 528 547 566 suggestum
567 534 675 567 quarn
693 522 820 554 afferre
841 528 996 554 mentem
1017 523 1076 553 de-

81 572 175 604 beo?
218 572 311 606 Num
337 579 376 605 ut
402 571 467 606 hac
491 574 671 617 republica
704 573 850 616 indigna
879 571 1075 607 suadeam?

82 622 142 655 Me
169 635 252 655 vero
272 624 422 657 interfici
446 625 576 658 iustum
603 631 701 658 esset.
763 624 836 658 Nec
860 637 923 657 vos
949 625 1072 656 eodem

80 673 202 706 animo
230 674 388 718 privatas
419 676 679 709 controversias
708 682 741 708 et
768 676 927 719 publicas
953 686 1073 707 causas

81 725 276 758 diiudicare
291 727 406 763 decet;
432 729 490 760 sed
507 727 637 771 privati
654 733 854 760 contractus
870 726 973 758 certis
988 725 1075 768 legi-

79 776 145 809 hus
161 782 194 809 et
212 777 322 820 pactis
338 785 522 821 reguntur,
540 778 679 822 publica
700 790 783 810 vero
803 778 944 821 negotia
958 789 1073 809 exem-

79 827 148 872 plis
185 828 386 869 maiorum,
431 837 464 862 et
496 842 566 863 una
601 842 679 862 cum
713 829 841 861 baculo
875 834 908 860 et
940 834 1072 861 tessara

79 879 122 911 de
154 879 303 923 publicis
333 881 484 924 negotiis
518 879 709 914 iudicaturi
745 892 885 913 sensum
923 879 1073 912 civitatis

77 931 264 970 assumite,
306 931 335 965 si
373 933 478 976 digna
522 938 555 965 et
591 931 839 964 convenientia
875 931 1072 963 maioribus

78 992 181 1025 agere
198 982 314 1015 vultis.

181 1032 249 1066 Sed
276 1034 360 1067 dum
389 1034 426 1066 in
449 1033 641 1066 recitandis
661 1033 839 1066 maiorum
859 1033 959 1066 sactis
976 1045 1072 1065 com-

78 1095 222 1125 moror,
256 1084 433 1130 interrupi
465 1085 710 1118 narrationem
740 1097 884 1125 eorum,
921 1083 1072 1130 quaein

77 1131 145 1167 hoc
162 1136 255 1168 bello
274 1143 351 1169 acta
369 1143 450 1170 sunt
471 1143 504 1169 et
520 1138 672 1170 decreta.
715 1138 771 1169 Ad
789 1134 876 1169 haec
895 1136 1001 1180 igitur
1018 1148 1072 1168 re-

76 1186 257 1220 deundum
275 1195 336 1221 est.
371 1186 718 1221 CumenimThebas
730 1188 957 1226 venissemus,
977 1200 1071 1220 com-

74 1237 233 1281 perimus
250 1239 297 1271 ibi
318 1240 436 1272 adesse
446 1237 604 1283 Philippi
621 1246 654 1271 et
666 1237 920 1272 Thessalorum
939 1245 972 1271 et
984 1239 1071 1271 alio-

74 1299 155 1321 rum
181 1290 361 1323 sociorum
380 1291 512 1334 legatos
526 1317 534 1330 ,
570 1297 603 1322 et
619 1297 754 1323 vestros
772 1290 905 1323 amicos
920 1291 957 1321 in
974 1296 1071 1323 metu

78 1351 166 1380 esse,
185 1340 278 1374 illius
295 1354 379 1374 vero
397 1342 590 1375 admodum
608 1342 836 1375 confidentes.
892 1341 1070 1385 Quodque

75 1388 163 1425 haec
177 1405 252 1425 non
268 1393 383 1425 dicam
398 1405 492 1426 nunc
506 1394 661 1437 primuni
684 1399 830 1437 propter
846 1399 1068 1437 praesentem

70 1444 265 1476 ‘utilitatem
278 1471 286 1483 ,
308 1444 416 1477 recita
434 1445 619 1489 epistolam
632 1471 640 1483 ,
670 1456 776 1489 quam
796 1451 880 1478 tunc
898 1444 1070 1478 misimus.

76 1493 192 1527 Tanta
212 1502 262 1528 est
279 1502 397 1528 autem
415 1497 605 1529 virulentia
622 1496 657 1528 in
676 1494 743 1528 hoc
758 1495 990 1541 sycophanta,
1018 1502 1070 1535 ut,

75 1559 155 1580 cum
181 1547 317 1592 aliquid
341 1553 435 1580 recte
460 1548 593 1581 factum
619 1554 689 1587 est,
734 1548 869 1581 tribuat
902 1547 1069 1591 tempori,

75 1599 245 1631 adversus
268 1611 353 1631 vero
378 1611 476 1632 casus
503 1612 626 1632 omnes
644 1600 680 1631 in
698 1611 754 1631 me
773 1605 807 1631 et
823 1611 939 1632 meam
957 1600 1070 1631 fortu-

73 1662 159 1682 nam
185 1651 355 1683 conserat.
423 1650 584 1696 Cumque
612 1652 677 1684 sim
706 1657 847 1690 orator,
882 1663 939 1691 ea,
979 1662 1069 1696 quae

74 1701 223 1735 consilio
250 1708 283 1733 et
300 1702 449 1734 dicendo
468 1709 660 1746 reguntur,
688 1709 796 1745 negat
816 1703 860 1734 ad
880 1714 935 1734 me
958 1701 1066 1746 perti-

72 1765 177 1791 nere,
215 1765 270 1785 me
293 1765 377 1785 vero
406 1753 550 1786 unicum
583 1754 798 1786 vociferatur
828 1766 968 1786 causam
997 1764 1069 1785 esse

76 1804 184 1838 cladis
200 1805 234 1836 in
256 1804 394 1848 proelio
416 1812 592 1848 acceptae.
647 1805 840 1849 Quomodo
859 1811 976 1848 posset
997 1816 1069 1838 esse

76 1857 255 1890 crudelior
274 1862 307 1888 et
323 1856 566 1889 detestabilior
583 1854 827 1900 sycophanta?

405 1938 739 1983 Epistolassss).

177 2023 373 2069 Postquam
393 2023 501 2068 igitur
521 2022 687 2057 Thebani
705 2023 877 2067 populum
895 2036 1068 2056 convoca-

75 2081 177 2114 runt,
204 2076 362 2120 primum
388 2076 487 2116 illos,
524 2088 565 2108 eo
590 2077 687 2121 quod
712 2082 826 2109 essent
853 2075 956 2116 socii,
985 2088 1068 2119 pro—

75 2127 151 2160 dire
168 2127 309 2167 iubent,
332 2127 393 2172 qui
410 2129 628 2171 prodeuntes
645 2127 845 2159 orationem
866 2125 1068 2160 habuerunt

75 2178 214 2223 magnis
240 2178 404 2212 laudibus
429 2179 614 2213 efferentes
629 2177 859 2223 Philippum,
886 2191 951 2212 nos
981 2191 1066 2212 vero

107 2301 156 2329 ³3]
174 2301 205 2324 In
225 2301 452 2330 praecedentibus
470 2301 631 2326 documenta
650 2307 666 2325 a
682 2302 866 2325 Demosthene
885 2301 912 2323 in
931 2301 980 2324 hac
999 2307 1066 2325 ora-

141 2336 216 2359 tione
235 2336 346 2359 laudata
365 2341 419 2359 non
439 2337 527 2359 solum
546 2337 644 2367 titulis,
666 2337 714 2360 sed
733 2337 833 2363 etiam,
854 2336 924 2365 quod
945 2336 1064 2366 videtur,

142 2370 212 2400 ipsis
234 2371 328 2394 verbis
346 2372 410 2394 sunt
428 2371 514 2394 allata
533 2372 642 2399 [horum
662 2377 730 2396 vero
751 2372 971 2394 documentorum
991 2372 1066 2394 certe

145 2405 333 2434 psephismata
352 2405 497 2428 subditicia
517 2412 594 2434 esse,
619 2407 651 2429 at]
670 2408 702 2429 Α.
723 2406 858 2429 Boeckhio
879 2406 903 2429 in
929 2405 1067 2428 disserta-

142 2439 217 2462 tione
242 2439 273 2462 de
298 2439 482 2463 Archontihus
508 2441 740 2471 pseudeponymis
765 2441 823 2468 [in:
858 2440 990 2464 Ahhandl.
1016 2440 1065 2463 der

141 2473 228 2497 Akad.
257 2474 305 2497 der
324 2474 502 2498 avissensch.
527 2481 564 2498 zu
590 2476 690 2498 Berlin.
713 2475 802 2503 1822]
830 2477 857 2498 et
876 2476 975 2499 Franc.
998 2475 1067 2499 ufi-

142 2508 267 2532 niewski
286 2508 314 2532 in
333 2508 441 2539 epilogo
469 2510 723 2533 commentariorum
742 2510 839 2533 histor.
861 2511 888 2533 et
907 2510 1066 2540 chronolog.

142 2543 170 2566 in
189 2543 379 2567 Demosthenis
405 2543 558 2567 orationem
585 2545 617 2567 de
636 2550 739 2568 corona
759 2545 893 2573 [monast.
917 2544 990 2568 1829.
1023 2545 1065 2572 8.]

145 2578 393 2609 demonstrarunt,
430 2579 500 2602 conf.
533 2577 712 2609 §Demosthenes
737 2579 805 2604 mehe
831 2579 874 2611 fiir
902 2579 939 2604 bie
967 2577 1066 2603 amne.

146 2612 203 2637 mm
222 2612 374 2644 &initiumq
399 2613 449 2638 unb
467 2613 661 2644 2tnn1cttun9en
681 2618 730 2638 oon
749 2613 845 2646 [vicht.
865 2614 963 2644 Sacobe
985 2611 1068 2645 [tem

144 2647 182 2678 &ig
203 2647 276 2672 ¹833.
302 2646 341 2679 8.]
362 2655 387 2678 p,
405 2649 454 2671 155
466 2650 540 2678 sq.)3
573 2649 622 2672 hoc
640 2650 731 2671 autem
756 2650 816 2672 loco
839 2650 866 2672 et
893 2650 919 2672 in
940 2648 1066 2678 sequenti

145 2682 280 2706 orationis
294 2684 373 2712 parte
388 2689 441 2706 non
456 2683 515 2713 ipsa
533 2683 711 2715 documenta,
731 2684 793 2706 sedt
806 2684 978 2707 antummodo
994 2682 1068 2706 tituli

144 2722 236 2740 eorum
256 2717 418 2748 afferuntur,
432 2719 502 2743 conf.
519 2719 635 2742 lacobsii
649 2719 841 2749 interpretatio
856 2719 936 2743 modo
954 2718 1067 2742 laudata

141 2758 167 2781 p.
188 2752 246 2775 182.
264 2754 332 2776 nota
348 2752 405 2776 113.

498 125 896 162 INTERPRETATIO
924 125 1185 162 ORATIONIS
1212 125 1553 161 DEMOSTHEMS
1580 126 1644 160 DE
1673 126 1883 161 CORONA.

2049 125 2124 162 846

1130 213 1299 246 atrociter
1342 219 1545 247 accusantes
1587 213 1713 257 procul
1746 212 1906 257 repetitis
1946 213 2124 255 omnibus,

1131 277 1222 310 quae
1250 277 1408 311 unquam
1434 271 1557 298 contra
1578 263 1770 298 Thebanos
1795 264 1932 307 egistis:
1970 266 2123 310 denique

1130 317 1315 360 petebant,
1342 323 1382 349 ut
1402 314 1571 360 Philippo
1597 329 1661 361 pro
1686 315 1864 348 beneficiis
1889 317 2019 359 gratias
2043 318 2124 350 red-

1130 369 1275 408 derent,
1305 369 1347 401 de
1375 368 1475 401 vobis
1501 380 1585 401 vero
1604 379 1738 412 poenas
1755 373 1936 400 sumerent
1955 374 2036 400 utro
2052 369 2124 401 vel-

1128 420 1202 452 lent
1223 420 1354 459 modo,
1382 420 1437 452 vel
1464 420 1669 463 praebendo
1695 419 1905 457 transitum,
1938 419 1993 450 vel
2018 419 2124 453 simul

1130 471 1165 503 in
1184 471 1338 503 Atticam
1357 471 1594 514 irruptionem
1623 470 1804 507 saciendo;
1834 476 1867 502 et
1890 471 2123 503 ostendebant

1129 523 1298 566 praedam
1325 522 1540 555 abducturos
1565 535 1636 555 esse
1662 534 1703 554 ex
1727 521 1841 554 Attica
1866 521 1902 552 in
1919 521 2123 561 Boeotiam,

1129 574 1298 617 pecudes,
1324 585 1445 606 servos
1461 579 1494 605 et
1512 573 1598 606 alias
1614 586 1669 606 res
1687 573 1800 606 utiles.
1841 572 1877 605 Si
1894 585 1979 605 vero
1998 579 2121 606 nostro

1129 624 1278 656 consilio
1298 625 1567 663 assentirentur,
1588 625 1721 667 praeda
1738 625 1814 656 fore
1831 623 1998 669 utrinque
2008 624 2123 657 Boeo-

1127 676 1227 708 tiam.
1280 675 1376 707 Haec
1393 682 1426 707 et
1444 675 1511 707 alia
1532 677 1642 708 inulta
1659 676 1782 707 eodem
1803 675 2015 719 pertinentia
2042 688 2121 709 cum

1128 727 1305 765 dicerent,
1331 739 1396 759 nos
1413 738 1472 759 eos
1490 727 1742 765 refutavimus,
1771 732 1804 758 et
1822 726 1907 771 quid
1924 728 1967 758 ad
1984 727 2121 770 singula

1127 777 1427 821 responderinnis,
1458 779 1545 810 adeo
1564 778 1718 821 optarim
1737 789 1831 810 nunc
1849 778 1990 810 recitari
2007 791 2121 822 posse,

1127 836 1224 862 utne
1241 829 1349 861 vitam
1372 829 1514 874 quidem
1534 829 1647 872 magis
1665 835 1796 872 optem.
1836 828 1904 861 Sed
1923 842 2001 861 cum
2020 842 2122 873 prae-

1127 881 1223 913 teriit
1248 887 1405 923 tempus,
1440 881 1545 913 simul
1571 880 1789 924 extinguitur
1814 881 1988 912 memoria
2015 893 2122 925 nego-

1325 931 1445 976 Quare
1468 939 1608 971 metuo,
1635 944 1679 964 ne
1704 931 1908 965 existimetis
1933 930 2024 964 hanc
2043 945 2123 964 ora-

1802 982 1870 1015 Sed
1892 989 2012 1015 tamen
2037 983 2122 1028 quid

1127 932 1271 965 tiorum.

1127 984 1260 1016 tionem
1280 984 1423 1016 inanem
1448 983 1635 1027 strepitum
1662 995 1746 1016 esse.

1125 1034 1424 1079 persuaserimus,
1461 1041 1494 1067 et
1519 1034 1605 1080 quid
1632 1034 1735 1067 nobis
1761 1034 2032 1078 responderint,
2062 1047 2123 1067 au-

1125 1087 1197 1119 dite
1223 1086 1281 1132 ΣΗ).

1333 1164 1573 1206 Responsio
1604 1164 1916 1196 Thebanorum.

1227 1248 1356 1281 Postea
1377 1260 1455 1281 cum
1474 1260 1536 1281 vos
1555 1255 1787 1288 accerserent,
1807 1247 1975 1281 eduxistis
1993 1247 2123 1281 exerci-

1126 1306 1213 1339 tum,
1233 1312 1334 1343 opem
1347 1299 1488 1339 tulistis,
1507 1311 1559 1339 ac,
1576 1300 1734 1332 utmulta
1752 1300 1789 1332 in
1808 1300 1926 1332 medio
1946 1300 2123 1340 omittam,

1125 1352 1213 1382 adeo
1236 1351 1462 1383 familiariter
1486 1363 1548 1384 vos
1574 1358 1806 1395 exceperunt,
1831 1357 1888 1390 ut,
1917 1363 1996 1383 cum
2025 1351 2123 1396 equi-

1125 1408 1175 1434 tes
1194 1408 1227 1433 et
1245 1402 1379 1445 pedites
1399 1402 1513 1434 nostri
1538 1409 1635 1435 extra
1657 1404 1781 1435 urbem
1810 1403 1971 1435 mansuri
1994 1409 2121 1443 essent,

1124 1453 1325 1497 receperint
1348 1466 1407 1486 eos
1434 1453 1527 1485 intra
1554 1454 1700 1493 urbem,
1728 1460 1760 1486 et
1786 1453 1822 1485 in
1850 1455 1952 1487 aedes
1972 1466 2051 1487 suas
2077 1455 2122 1487 ad

1123 1504 1255 1537 liberos
1277 1511 1310 1537 et
1327 1505 1512 1548 coniuges,
1541 1511 1575 1537 et
1592 1518 1629 1537 ea
1644 1532 1652 1544 ,
1681 1517 1772 1550 quae
1795 1503 1959 1538 homines
1988 1503 2122 1538 habent

1125 1554 1349 1593 charissima;
1387 1568 1500 1600 eoque
1528 1556 1584 1588 die
1614 1556 1721 1589 trium
1748 1556 1985 1589 maximarum
2011 1557 2123 1589 virtu-

1124 1614 1199 1640 tum
1221 1608 1362 1640 laudem
1389 1607 1490 1640 vobis
1508 1606 1673 1640 Thebani
1697 1607 1918 1647 tribuerunt,
1941 1608 2122 1641 fortitudi-

1122 1658 1198 1698 nis,
1225 1658 1380 1691 iustitiae
1398 1664 1431 1691 et
1450 1659 1701 1693 continentiae.
1758 1659 1864 1704 Quod
1883 1659 1976 1692 enim
2005 1660 2122 1693 vohis-

1124 1722 1202 1742 cum
1227 1722 1262 1742 se
1296 1709 1558 1743 coniunxerunt
1589 1711 1726 1755 potius,
1769 1717 1970 1744 statuerunt
1998 1724 2061 1744 vos
2089 1717 2123 1744 et

1122 1761 1288 1794 fortiores
1308 1767 1341 1793 et
1358 1761 1522 1795 iustiores
1548 1774 1640 1801 esse,
1677 1769 1710 1794 et
1735 1763 1832 1806 quod
1860 1768 1997 1795 vestrae
2022 1769 2122 1806 pote-

1123 1813 1205 1846 stati
1230 1812 1472 1856 permiserunt
1493 1813 1658 1856 coniuges
1685 1819 1718 1845 et
1741 1813 1893 1853 liberos,
1938 1813 1999 1857 qui
2026 1814 2121 1857 apud

1123 1865 1219 1908 ipsos
1239 1870 1272 1896 et
1292 1864 1387 1908 apud
1410 1876 1532 1898 ornnes
1560 1864 1829 1907 diligentissime
1858 1865 2122 1905 custodiuntur,

1123 1916 1300 1948 confidere
1318 1927 1353 1948 se
1372 1922 1508 1948 vestrae
1529 1915 1770 1948 continentiae
1797 1917 2050 1955 ostenderunt,
2087 1922 2122 1949 et

1123 1973 1298 2012 quantum
1325 1967 1362 1999 in
1385 1967 1486 2000 vobis
1512 1967 1601 2007 suit,
1630 1974 1722 2000 recte
1751 1967 1967 2000 iudicarunt.
2027 1968 2121 2001 Nam

1123 2031 1201 2051 cum
1228 2018 1321 2050 intra
1348 2030 1490 2052 murum
1518 2020 1650 2062 recepti
1678 2025 1812 2058 essent,
1838 2031 1944 2051 nemo
1968 2031 2121 2063 usquam

1123 2076 1266 2115 questus
1283 2076 1352 2110 est,
1381 2070 1450 2102 ulla
1473 2083 1508 2103 se
1525 2070 1655 2103 iniuria
1679 2070 1845 2103 affectum
1863 2082 1948 2104 esse.
2002 2070 2120 2103 Tanta

1120 2121 1189 2153 suit
1212 2127 1327 2154 vestra
1353 2121 1528 2155 modestia
1556 2128 1590 2154 et
1613 2121 1846 2155 continentia.
1898 2122 1944 2154 Et
1970 2121 2006 2153 in
2033 2123 2121 2155 duo-

1121 2173 1185 2205 bus
1206 2172 1350 2216 proeliis
1367 2172 1479 2205 altero
1506 2174 1548 2206 ad
1566 2173 1699 2206 flumen
1712 2200 1721 2213 ,
1750 2173 1861 2205 altero
1879 2171 2030 2207 hiberno
2046 2185 2121 2207 non

1121 2224 1236 2259 solum
1270 2224 1345 2258 sine
1369 2222 1648 2268 reprehensione
1679 2224 1892 2264 dimicastis,
1927 2225 1988 2258 sed
2012 2225 2119 2259 etiam

1121 2275 1249 2308 eximia
1273 2276 1340 2309 fuit
1361 2276 1554 2310 admiratio
1582 2276 1719 2309 ordinis
1744 2276 1852 2309 vestri
1877 2287 2060 2308 armorum
2088 2282 2122 2311 et

1120 2327 1283 2368 virtutis,
1318 2334 1466 2371 propter
1489 2340 1580 2373 quae
1605 2335 1639 2361 et
1664 2327 1724 2360 alii
1751 2340 1814 2360 vos
1840 2327 2057 2367 laudabant,
2085 2333 2120 2360 et

1120 2391 1182 2412 vos
1208 2378 1245 2411 in
1269 2379 1356 2412 urbe
1378 2379 1509 2423 gratias
1534 2379 1691 2423 agebatis
1708 2377 1784 2411 Deo
1813 2378 1963 2422 publicis
1989 2378 2120 2412 sacrifi-

1120 2430 1182 2464 ciis
1200 2437 1234 2463 et
1252 2431 1499 2475 congressibus
1514 2430 1572 2476 35).

1153 2537 1200 2569 34)
1228 2538 1378 2568 Postquam
1405 2537 1491 2569 igitur
1512 2536 1633 2561 Thebani
1652 2537 1781 2566 populum
1799 2550 1834 2554 —
1854 2537 2048 2567 responderint
2066 2542 2119 2561 au-

1190 2573 1269 2602 dite]
1297 2574 1363 2596 haec
1381 2572 1577 2596 Demosthenis
1608 2572 1693 2594 verba
1713 2572 1737 2595 in
1757 2572 1806 2596 Ed.
1823 2572 1896 2597 ¹562.
1920 2572 1992 2595 falso
2013 2572 2051 2594 ita
2070 2573 2118 2602 ty-

1186 2607 1229 2638 pis
1250 2607 1389 2637 exscripta
1408 2608 1489 2637 sunt,
1510 2606 1589 2636 quasi
1607 2606 1740 2635 epistolae
1755 2606 1882 2630 laudatae
1898 2607 1982 2630 verba
1997 2607 2100 2629 essent.

1094 2649 1095 2662 ¹
1153 2649 1201 2682 35)
1229 2651 1329 2674 Postea
1356 2656 1415 2673 cum
1442 2655 1492 2673 vos
1520 2650 1698 2673 accerserent
1722 2661 1757 2666 —
1782 2649 1897 2679 publicis
1921 2648 2066 2672 sacrificiis
2091 2648 2119 2671 et

1187 2685 1407 2716 congressibus]
1427 2685 1494 2707 haec
1509 2690 1613 2714 quoque
1628 2684 1823 2708 Demosthenis
1838 2685 1922 2707 verba
1941 2684 1965 2706 in
1979 2683 2028 2706 Ed.
2043 2683 2117 2706 1562.

1187 2720 1265 2750 typis
1284 2720 1354 2743 male
1373 2719 1412 2742 ita
1432 2719 1497 2742 sunt
1516 2718 1671 2748 exscripta,
1692 2719 1770 2748 quasi
1785 2719 1974 2743 Thebanorum
1994 2723 2117 2747 respon-

1193 2761 1251 2778 sum
1271 2754 1454 2778 continerent.
