2351 2990
82 121 157 157 817

80 213 155 241 tam
170 218 248 240 rem
262 206 471 248 moliretur,
498 212 618 240 tamen
638 213 783 240 econtra
802 206 839 239 in
858 207 981 248 vobis,
1016 207 1078 254 qui

77 256 313 293 Athenienses
346 259 448 298 estis,
483 264 518 292 et
545 258 706 305 quotidie
732 257 911 292 maiorum
937 259 1077 303 egregia

79 310 173 343 facta
199 310 341 343 recitari
363 309 512 349 auditis,
547 310 728 354 ignaviam
752 322 825 343 esse
849 316 1006 350 tantam,
1039 317 1079 344 ut

78 361 239 394 volentes
258 368 292 395 et
308 362 402 395 ultro
421 361 608 396 offerentes
625 362 825 395 libertatem
845 361 877 394 ei
896 362 1078 396 cederetis.

78 411 158 445 Hoc
174 424 254 446 cum
271 425 378 446 nemo
395 413 511 446 dicere
525 426 631 448 ausus
647 419 756 453 essct,
783 413 962 459 reliquum
989 419 1078 453 erat,

79 470 121 497 ut
136 464 319 498 adversari
336 464 448 510 ipsius
463 465 649 499 conatibus
666 477 808 498 necesse
835 471 942 503 esset;
981 466 1078 510 quod

80 515 226 561 quidem
249 515 373 556 initio,
408 522 449 549 ut
471 516 606 557 decuit,
641 516 836 550 faciebatis.
888 515 935 550 Et
956 528 1078 550 suaso-

77 578 155 600 rem
171 578 228 599 me
244 566 350 601 fuisse
369 567 485 601 fateor
502 568 540 601 in
558 568 601 602 iis
618 569 743 608 rebus,
771 579 859 613 quas
883 567 1077 612 gerebatis;

78 623 184 664 teque
201 618 317 662 ipsum
342 618 547 664 interrogo,
581 620 668 666 quid
692 631 748 652 me
770 620 885 652 facere
910 625 1078 663 oportue-

78 668 138 702 rit.
198 668 273 703 Iam
310 670 405 704 enim
445 671 572 705 omitto
610 669 867 716 Amphipolin,
900 670 1077 715 Pydnam,

77 720 311 762 Potidaeam,
350 721 593 763 Hulonesum,
635 735 701 756 nec
733 721 955 755 mentionem
984 721 1076 754 facio

78 769 293 818 Serrhiiw),
320 772 476 808 Doriscii
495 780 530 808 et
548 773 701 808 aliorum
720 773 957 818 oppidorum,
986 784 1077 818 quae

75 823 182 858 nobis
201 831 322 868 erepta
339 831 444 865 sunt,
478 837 570 872 quae
593 825 737 872 quidem
761 836 807 857 an
830 824 983 864 fuerint,
1012 836 1076 868 ego

78 875 221 915 nescio,
248 875 313 910 etsi
329 876 512 910 mentione
538 889 664 910 eorum
689 875 888 909 accendisse
915 888 971 908 me
995 875 1076 909 odia

78 926 249 961 adversus
265 939 346 960 eum
364 927 467 967 dicis,
495 940 574 961 cum
591 929 732 961 decreta
751 927 793 960 de
811 926 896 970 ipsis
912 939 987 960 non
1004 928 1078 960 sue-

77 977 152 1010 rint
167 990 266 1018 mea‚
293 979 354 1012 sed
369 978 514 1013 Eubuli.
564 979 638 1015 Nec
657 979 769 1024 pudet
792 984 826 1011 te
851 978 1001 1012 futiliter
1027 978 1079 1011 di-

78 1040 178 1070 cere,
205 1029 376 1076 quicquid
390 1030 456 1065 vis.
508 1030 589 1064 Alia
615 1043 711 1064 nunc
735 1030 931 1074 interrogo.
987 1029 1078 1063 Cum

77 1078 266 1114 Euboeam
285 1089 496 1127 occuparet,
524 1088 559 1116 et
579 1082 892 1127 propugnaculum
910 1083 1079 1115 adversus

75 1130 231 1165 Atticam
251 1131 462 1175 instrueret,
477 1134 684 1179 perfodiens
700 1139 845 1178 portum
858 1160 867 1173 ,
885 1139 920 1166 et
935 1133 972 1166 in
981 1133 1079 1167 Oreo

78 1181 306 1218 Philistidem
350 1192 545 1231 tyrannum
582 1185 822 1225 constituens,
867 1184 904 1217 in
936 1184 1078 1218 Eretria

81 1247 168 1269 vero
196 1234 436 1277 Clstarchum,
473 1243 507 1270 et
539 1243 712 1281 occupato
748 1236 982 1280 Hellesponto
1009 1236 1080 1281 By-

81 1286 241 1320 zantium
260 1294 470 1332 occuparet,
490 1294 524 1321 et
543 1287 698 1322 Graecas
712 1287 818 1321 urbes
836 1287 967 1331 partim
986 1288 1080 1320 dele·

79 1344 153 1378 ret,
180 1339 313 1383 partim
338 1339 508 1373 servitute
535 1339 757 1384 opprimeret
781 1338 936 1372 reductis
962 1339 999 1371 in
1022 1351 1080 1372 cas

79 1389 253 1424 exulibus.
305 1390 402 1423 Haec
417 1403 498 1424 cum
523 1391 673 1430 faceret,
708 1396 831 1424 utrum
854 1390 987 1423 iniuria
1014 1402 1080 1423 nos

79 1440 257 1474 afficiebat
273 1453 320 1475 an
340 1453 435 1482 non,
464 1448 585 1476 utrum
609 1443 735 1475 foedus
759 1447 793 1475 et
818 1453 943 1486 pacem
967 1441 1080 1474 viola-

78 1492 141 1525 bat
156 1504 202 1525 an
219 1505 315 1533 non,
343 1499 377 1526 et
396 1505 562 1527 censesne
587 1499 672 1527 tunc
697 1505 778 1526 eum
800 1493 1080 1538 opprimendum

78 1543 187 1578 fuisse
212 1544 348 1577 necne?
386 1544 455 1578 Sed
484 1544 618 1579 otiosos
643 1557 709 1578 nos
733 1551 893 1589 spectare
920 1544 1082 1589 oportuit

78 1595 281 1630 viventibus
323 1593 601 1630 Atheniensibus
641 1596 846 1630 universam
891 1596 1081 1630 Graeciam

80 1646 177 1687 fieri,
211 1653 252 1681 ut
282 1647 320 1680 in
350 1648 544 1692 proverbio
578 1648 727 1688 dicitur,
758 1647 945 1693 Mysorum
979 1659 1082 1692 prae-

83 1699 167 1732 dam
178 1697 254 1746 ¹⁰³).
306 1698 439 1732 Fateor
457 1706 491 1733 et
509 1699 689 1733 civitatem
707 1705 741 1731 et
758 1712 815 1732 me
833 1699 985 1739 curiose,
1005 1710 1080 1732 non

83 1750 286 1784 necessario
308 1748 377 1783 hoc
401 1757 583 1784 certamen
607 1750 819 1794 suscepisse,
857 1763 986 1796 meque
1010 1750 1082 1783 cul-

82 1802 243 1847 pandum
260 1814 345 1836 esse.
398 1802 461 1836 Sin
482 1809 601 1836 autem
619 1803 662 1835 ab
689 1801 809 1847 aliquo
834 1801 1083 1845 reprimendus

82 1859 182 1894 erat,
207 1865 226 1885 a
247 1865 319 1898 quo
337 1854 456 1898 potius
469 1853 538 1887 suit
561 1852 784 1898 suscipienda
809 1851 896 1885 haec
924 1852 1082 1886 defensio

84 1916 194 1951 quam
210 1916 229 1937 a
247 1905 383 1949 populo
400 1903 636 1939 Atheniensi?
664 1904 727 1938 His
745 1903 901 1937 consiliis
918 1910 1003 1937 tunc
1030 1903 1084 1936 in-

83 1956 211 1996 terfui,
239 1962 368 1990 etcum
385 1956 545 1990 viderem
562 1969 643 1990 eum
670 1968 793 1990 ornnes
817 1955 855 1987 in
876 1956 1083 1989 servitutem

84 2007 265 2051 redigere,
293 2009 499 2042 adversatus
518 2020 610 2042 sum.
662 2007 729 2041 Fui
747 2007 926 2047 monitor,
953 2019 997 2040 ne
1018 2019 1084 2040 nos

85 2058 182 2103 ipsos
201 2058 237 2090 in
257 2059 464 2094 servitutem
490 2059 761 2105 proiiceremus.
811 2058 862 2091 Ac
883 2071 1008 2103 pacem
1034 2059 1084 2091 fa-

85 2115 178 2143 ctam
197 2109 255 2142 ille
270 2110 437 2152 violavit,
472 2124 546 2144 non
562 2111 705 2151 civitas,
741 2110 838 2156 quod
866 2123 907 2143 ex
935 2110 1085 2144 decretis

86 2167 121 2194 et
144 2161 218 2195 eius
243 2161 392 2206 epistola
416 2163 567 2207 intelligi
582 2169 712 2208 potest.
766 2161 850 2195 [nde
874 2161 967 2195 enim
993 2161 1085 2195 veri-

86 2219 139 2247 tas
157 2214 329 2247 sumenda
347 2220 419 2255 est,
447 2214 526 2260 quis
542 2226 646 2249 causa
666 2213 750 2248 belli
767 2213 885 2247 fuerit.

462 2302 707 2334 Decretum.

188 2370 351 2402 Praetore
368 2369 488 2403 Neocle
503 2381 614 2403 mense
622 2371 773 2414 Augusto
788 2371 823 2403 in
839 2370 994 2403 concione
1006 2379 1085 2402 con-

85 2424 200 2453 vocata
225 2432 245 2453 a
268 2420 407 2453 ducibus
431 2421 579 2454 Eubulus
601 2423 750 2456 censuit:
780 2423 959 2466 Postquam
984 2422 1083 2454 duces

87 2473 294 2504 nuntiarunt
323 2473 444 2515 viginti
467 2477 601 2506 nostras
622 2485 722 2506 naves
740 2472 907 2516 frumenti
930 2477 1084 2506 transce-

86 2523 188 2556 liendi
221 2535 323 2556 causa
355 2525 496 2563 missas,
539 2525 580 2557 ab
599 2526 750 2568 Amynta
781 2526 818 2558 in
845 2525 1085 2559 Macedoniam

123 2656 170 2684 ιο)
180 2646 311 2685 'serrum
331 2656 372 2679 sic
394 2655 559 2687 scripsimus
580 2665 612 2677 =
631 2655 765 2690 Σέῥρων;
785 2657 833 2681 Ed.
856 2657 930 2681 1562.
948 2656 1039 2681 Sirrii.

125 2707 156 2730 10
164 2708 190 2735 ὃ)
209 2708 354 2737 Mysorum
369 2708 514 2738 praedam]
531 2708 564 2731 de
578 2707 628 2732 hoc
642 2708 786 2739 proverbio
801 2709 873 2733 conf.
884 2709 992 2732 Erasmi
1003 2708 1084 2740 adag.

156 2742 216 2766 chit.
236 2742 255 2765 l.
275 2744 346 2766 cent.
364 2743 399 2766 X.
419 2749 497 2772 prov.
516 2743 558 2767 92.

89 2782 272 2813 Mamm«.
297 2784 404 2814 Oeen.
428 2783 513 2814 Vm..
538 2783 646 2814 XVII.

324 120 464 155 XXXV.
490 119 890 156 INTERPRETATIO
919 120 1182 158 ORATIONIS
1209 121 1552 158 DEMOSTHENIS
1579 121 1645 157 DE
1675 123 1883 159 CORONA.

2052 126 2126 161 818

1131 210 1249 242 ductas
1269 221 1359 250 esse,
1394 215 1426 244 et
1449 211 1629 249 custodiri,
1666 215 1844 244 curaturos
1867 223 1937 245 esse
1960 212 2127 246 Senatum

1131 264 1163 293 et
1180 261 1298 300 daces,
1328 266 1364 295 ut
1382 263 1513 296 Senatu
1537 265 1710 296 convocato
1732 262 1834 305 leyati
1855 263 2041 307 eliyantur‚
2068 265 2128 310 qui

1131 312 1175 344 ad
1198 312 1390 355 Philippum
1414 315 1592 353 accedant,
1631 318 1662 346 et
1685 314 1813 346 dimitti
1833 315 2040 358 praefectum
2062 327 2128 349 na-

1132 364 1221 395 vium
1235 368 1372 405 petant,
1404 369 1437 397 et
1460 366 1585 398 milites
1608 369 1641 398 et
1666 376 1785 405 naves,
1820 369 1853 398 et
1879 367 1909 398 si
1931 378 2048 400 errore
2068 367 2128 400 hoc

1131 415 1301 457 Amyntas
1320 414 1422 457 fecit,
1458 416 1547 449 nihil
1568 417 1754 459 expostulet
1775 417 1894 450 civitas
1914 428 1987 450 cum
2011 429 2065 458 eo3
2093 421 2130 451 at

1131 466 1162 497 si
1179 467 1253 498 sine
1269 468 1442 500 mandatis
1457 468 1614 513 deliquit,
1643 469 1856 501 considerata
1875 479 1912 501 re
1928 469 2047 502 civitas
2066 479 2128 511 pro

1130 517 1248 550 damni
1266 519 1360 551 modo
1373 520 1495 560 puniri
1512 530 1586 552 enm
1599 523 1704 561 petat.
1755 520 1823 553 Sin
1842 524 1953 552 autem
1971 524 2129 552 neutrum

1131 568 1251 601 horum
1266 573 1333 608 est,
1359 570 1418 602 sed
1431 571 1573 612 propria
1588 571 1638 603 cel
1652 572 1818 604 mittentis
1837 571 1888 603 vel
1911 571 2008 604 missi
2031 571 2128 613 calpa

1130 623 1198 659 est,
1226 621 1262 652 id
1279 621 1364 664 quod
1376 626 1588 662 exponatur,
1618 626 1653 654 ut
1668 633 1704 654 re
1721 622 1887 667 inquisita
1907 622 2048 664 populus
2068 623 2127 655 de·

1130 670 1266 710 liberet,
1295 672 1376 716 quid
1393 673 1439 704 sit
1456 674 1632 715 agendum.

1235 720 1312 754 Hoc
1341 721 1524 756 decretum
1547 722 1708 756 Eubulus
1740 723 1899 768 scripsit,
1939 735 2013 756 non
2046 736 2129 768 ego;

1132 772 1229 816 quod
1267 785 1353 806 vero
1387 774 1548 819 sequitur
1576 771 1799 819 Aristophon
1832 781 1866 808 et
1897 774 2025 808 deinde
2056 774 2129 809 alii.

1130 822 1254 857 Recita
1269 823 1464 859 decretum.

1509 920 1758 952 Decretum.

1234 989 1399 1021 Praetore
1421 987 1541 1021 Neocle
1564 989 1712 1030 Augusti
1736 987 1851 1022 ultimo
1875 989 1949 1028 die,
1984 990 2023 1021 de
2052 1000 2131 1022 sen-

1130 1039 1238 1072 tentia
1255 1040 1422 1079 Senatus,
1447 1044 1619 1072 senatores
1633 1044 1665 1073 et
1686 1040 1787 1072 duces
1807 1044 1973 1083 roqarunt
1995 1044 2133 1073 senten-

1131 1091 1200 1122 tias
1214 1091 1255 1123 de
1269 1091 1341 1130 his,
1369 1102 1454 1136 quae
1472 1092 1680 1124 inconcione
1704 1095 1781 1124 acta
1806 1096 1925 1131 erant,
1952 1092 2038 1137 quod
2058 1092 2133 1134 pla-

1132 1145 1205 1174 ceat
1231 1142 1350 1184 populo
1380 1143 1505 1186 legatos
1534 1143 1657 1186 eliyere
1686 1143 1731 1175 ad
1755 1142 1949 1185 Philippum
1969 1145 2010 1176 de
2031 1144 2132 1176 redu-

1132 1194 1241 1226 ctione
1255 1195 1410 1233 nacium,
1446 1199 1478 1227 et
1494 1195 1579 1227 dare
1605 1195 1766 1227 mandata
1786 1198 1818 1227 et
1841 1195 1975 1228 decreta
1999 1196 2132 1228 concio-

1133 1246 1207 1285 nis,
1241 1249 1273 1278 et
1295 1245 1468 1288 elegerunt
1492 1246 1570 1285 hos,
1611 1246 1922 1288 Cephisophontem,
1952 1246 2133 1289 Anaphly-

1133 1297 1255 1336 stium,
1279 1298 1553 1340 Anayyrasium,
1578 1297 1788 1340 Polycritam
1804 1301 1835 1330 et
1853 1297 2057 1331 Gothocidem
2074 1296 2132 1343 ¹¹).

1213 1364 1262 1397 Ut
1278 1371 1397 1397 autem
1416 1362 1691 1409 ego,Aeschine,
1709 1362 1796 1398 haec
1812 1365 1953 1398 decreta
1969 1366 2132 1406 ostendo,

1134 1415 1183 1448 ita
1200 1422 1235 1448 et
1250 1422 1288 1448 tu
1311 1417 1498 1456 ostendas,
1533 1417 1630 1462 quod
1654 1417 1798 1450 fecerim
1823 1429 1985 1463 unquam
2010 1418 2132 1451 decre-

1135 1473 1231 1507 tum,
1267 1479 1339 1512 quo
1362 1467 1491 1500 fuerim
1518 1468 1603 1501 belli
1627 1480 1744 1502 causa.
1797 1468 1865 1502 Sed
1889 1481 1963 1501 non
1986 1469 2132 1514 poteris.

1133 1517 1225 1552 Illud
1241 1519 1336 1551 enim
1354 1518 1455 1564 prius
1472 1517 1699 1554 exhibuisses.
1751 1519 1803 1553 Ac
1819 1532 1863 1553 ne
1889 1520 2034 1566 quidem
2049 1518 2134 1554 Phi-

1134 1570 1253 1614 lippus
1285 1583 1342 1604 me
1376 1577 1536 1612 accusat,
1572 1584 1651 1605 cum
1684 1577 1823 1605 accuset
1847 1571 1946 1606 alios.
2008 1572 2132 1606 Recita

1135 1622 1336 1667 epistolam.

1416 1717 1617 1759 Epistola
1645 1718 1862 1760 Philippi.

1187 1786 1265 1817 Res
1289 1785 1514 1818 Macedonum
1538 1785 1716 1828 Philippus
1740 1787 1886 1820 Senatui
1909 1792 1941 1820 et
1964 1789 2081 1830 populo

1523 1836 1738 1870 Atheniensi.

1241 1905 1362 1947 Leyati
1391 1906 1512 1943 vestri,
1550 1906 1608 1950 qui
1628 1906 1673 1938 ad
1696 1917 1748 1938 me
1772 1911 1954 1946 venerant,
1991 1920 2090 1941 naves
2111 1921 2133 1942 a

1137 1967 1187 1989 me
1202 1957 1330 1989 dimitti
1344 1956 1544 1997 petiverunt.
1602 1956 1704 1989 Valde
1720 1962 1831 1990 autem
1847 1959 2014 2001 simplices
2042 1961 2133 1992 vide-

1138 2009 1243 2045 mini,
1270 2007 1301 2039 si
1315 2008 1444 2048 putatis
1469 2019 1520 2040 me
1544 2009 1673 2040 nescire
1696 2009 1758 2041 has
1784 2021 1884 2042 naves
1907 2011 2030 2044 missas
2050 2023 2134 2051 esse,

1138 2063 1174 2091 ut
1192 2058 1408 2102 Selymbrian
1415 2059 1444 2090 is
1459 2070 1480 2090 a
1496 2070 1547 2091 me
1561 2060 1682 2092 cinctis
1697 2060 1866 2093 obsidione
1884 2072 1975 2103 opem
1987 2061 2135 2105 ferrent,

1138 2111 1276 2155 quinon
1301 2110 1529 2151 comprehensi
1554 2115 1633 2143 sunt
1658 2112 1694 2143 in
1718 2116 1831 2144 nostro
1850 2111 2005 2154 foedere,
2029 2125 2134 2156 prae-

1137 2165 1269 2195 textum
1300 2172 1375 2194 vero
1402 2173 1473 2194 esse
1504 2163 1782 2195 transvectionem
1811 2162 1979 2205 frumenti
2002 2167 2038 2198 in
2064 2167 2133 2199 Le-

1138 2224 1264 2246 mnum.
1325 2213 1404 2246 Scio
1435 2224 1508 2246 cere
1528 2212 1734 2256 praefectum
1763 2216 1898 2247 navium
1922 2227 1988 2248 non
2010 2216 2134 2251 habere

1138 2265 1299 2297 mandata
1316 2276 1336 2296 a
1358 2265 1496 2306 populo,
1532 2267 1591 2297 sed
1612 2277 1633 2297 a
1655 2267 1801 2307 privatis
1823 2266 2039 2311 quibusdam,
2075 2269 2134 2313 qui

1135 2316 1291 2358 populum
1308 2316 1353 2348 ad
1368 2316 1487 2349 bellum
1505 2321 1621 2349 contra
1636 2328 1687 2349 me
1704 2319 1868 2356 incitant,
1896 2318 2016 2362 quibus
2031 2320 2134 2353 multo

1137 2368 1261 2399 maiori
1277 2378 1378 2399 curae
1393 2372 1459 2406 est,
1478 2371 1515 2400 ut
1533 2379 1593 2400 nos
1611 2370 1837 2407 committant,
1857 2380 1958 2413 quam
1974 2374 2010 2403 ut
2025 2373 2133 2404 auxi—

1112 2436 1113 2444 1
1137 2418 1220 2451 lium
1234 2417 1350 2460 ferant
1366 2418 1639 2462 Selymbrianis,
1666 2424 1697 2452 et
1715 2421 1870 2464 quaestui
1893 2420 1959 2453 sibi
1979 2421 2039 2454 hoc
2063 2422 2133 2455 bel-

1173 2537 1219 2564 11)
1246 2535 1517 2566 Ceymisophontem,
1542 2545 1577 2552 —-·
1606 2535 1635 2559 et
1667 2534 1875 2565 Cothocidem]
1908 2536 1948 2560 sic
1978 2538 2028 2562 Ed.
2054 2539 2131 2564 1562.

1207 2571 1286 2594 varie
1304 2570 1466 2599 discrepans
1489 2575 1506 2592 a
1524 2574 1626 2599 graeco
1645 2570 1737 2601 textu,
1765 2571 1810 2600 qui
1828 2571 1864 2594 ad
1888 2572 2001 2596 verbum
2025 2573 2065 2597 sio
2089 2575 2133 2597 est

1207 2604 1435 2628 transferendus:
1464 2604 1720 2635 Cephisophontem
1740 2605 1856 2630 Cleonis
1873 2604 1967 2636 filium
1984 2606 2134 2639 Anaphly-

1111 2652 1112 2679 1
1206 2640 1311 2670 stium,
1343 2639 1542 2663 Democritum
1561 2639 1769 2670 Demophontis
1794 2639 1888 2671 fitium
1907 2641 2131 2672 Anaqyrasium.

1110 2700 1112 2710 A
1206 2674 1387 2702 Polycritam
1411 2673 1566 2704 Apemanti
1595 2672 1691 2704 filium
1717 2674 1917 2704 Cothocidem,
1948 2677 2132 2706 praesidente

1110 2721 1113 2766 3
1204 2709 1286 2733 tribu
1312 2708 1547 2739 Hippothoontia.
1598 2708 1776 2739 Aristophon
1806 2709 1981 2738 Colyttensis
2008 2717 2129 2741 praeses

1206 2743 1292 2768 dimit.

1566 2776 1614 2813 52
