2351 2990
95 123 169 158 409
235 120 356 158 XXIII.
406 118 716 157 ARGUMENTA
740 119 806 156 ET
834 119 1038 155 SCHOLIA
1062 119 1111 156 IN
1138 121 1286 159 EPIST.
1312 122 1425 159 FAM.
1455 122 1538 158 CIC.
1566 123 1655 160 LIB.
1673 124 1730 160 XI.
1765 125 1836 163 ΕΡ.
1854 125 1914 160 26.
1932 125 1993 160 27.
2062 126 2135 160 410

409 208 790 256 Argumentumss).

200 277 283 312 Non
307 277 499 322 respondet
527 276 651 310 Cicero
683 278 729 310 ad
759 276 946 321 epistolam
973 275 1090 316 Matii,

99 329 159 362 sed
176 341 276 362 suam
296 341 377 373 erga
394 341 475 362 eum
492 328 779 362 benevolentiam
798 327 965 361 defendit.
1013 326 1089 360 Imo

98 380 240 413 videtur
256 379 387 413 Matius
404 380 628 413 extimulatus
648 391 721 413 esse
743 377 809 412 hac
827 379 1007 412 Ciceronis
1031 379 1090 411 de-

98 430 277 471 fensione,
304 437 343 464 ut
358 430 605 477 sequentem9)
634 431 820 475 epistolam
839 430 1028 469 scriberet,
1057 435 1090 462 et

100 483 320 515 voluntatem
347 482 421 516 eius
445 483 625 526 probaret.
686 482 778 516 Nam
804 494 882 515 cum
899 480 1088 515 Trebatius

100 533 263 566 Ciceroni
296 533 472 567 retulisset
504 533 686 579 querelam
718 533 821 566 Matii
852 534 894 566 de
927 530 1088 566 hostibus

99 584 276 624 Caesaris,
316 584 377 629 qui
410 584 476 628 ipsi
509 584 736 625 invitlebant,
777 585 874 629 qnod
900 583 1086 618 Caesarem

98 634 205 668 etiam
222 641 404 669 mortuum
423 643 571 677 amaret,
586 635 735 680 sumpsit
745 635 869 669 Cicero
886 635 969 668 inde
990 646 1088 667 occa-

98 685 233 720 sionem
251 687 429 720 scribendi
446 687 580 728 Matio,
608 687 752 733 eiusque
780 686 893 720 officia
919 691 1087 725 recenset,

98 749 252 782 quorum
270 738 415 772 nomine
431 745 640 783 perpetuam
659 739 710 771 illi
726 737 1011 772 benevolentiam
1030 738 1088 770 de-

96 789 190 823 beat.
251 789 400 823 Constat
430 790 538 834 igitur
569 790 713 834 epistola
749 790 885 824 duabus
915 788 1088 834 partibus.

97 839 219 873 Altera
236 841 534 882 demonstrativa,
563 842 672 875 altera
693 841 879 875 iudicialis.
930 840 1088 874 Demon-

99 892 246 924 strativa
267 899 335 932 est,
365 905 455 938 quae
478 892 634 926 continet
659 893 856 926 officiorum
875 891 979 925 Matii
1005 904 1089 925 cnu-

100 943 354 984 merationem,
390 950 423 977 et
447 956 486 977 ea
512 944 595 978 satis
613 945 718 988 longa
737 950 798 978 est.
852 943 1029 977 Iudicialis
1048 955 1087 976 ex

96 993 210 1037 priori
237 994 416 1039 sequitur,
443 996 563 1041 quoad
589 996 768 1041 querelam
788 995 909 1035 Matii,
943 1007 1088 1038 respon-

96 1046 174 1085 det,
203 1047 299 1090 quod
315 1045 437 1078 Cicero
457 1052 490 1079 et
510 1047 571 1079 alii
598 1048 719 1092 inique
742 1047 877 1079 ferrent
900 1046 1086 1080 Caesarem

96 1108 115 1128 a
151 1108 186 1129 se
209 1094 347 1129 honore
375 1097 466 1129 affici
483 1097 540 1142 ¹⁰).
600 1097 797 1131 Exordium
828 1099 871 1131 ab
903 1097 1087 1130 occasione

96 1148 241 1180 ductum
258 1153 309 1180 est
324 1159 386 1191 per
402 1146 594 1193 ἀποῤῥίαν.
646 1147 786 1182 Deinde
805 1155 855 1182 est
870 1149 987 1182 brevis
1005 1160 1087 1192 pro-

94 1198 225 1243 positio
257 1210 322 1242 per
353 1198 582 1239 divisionem,
624 1211 733 1244 quam
764 1199 924 1244 sequitur
949 1199 1086 1244 prolixa

96 1249 276 1289 narratio,
315 1262 384 1294 qua
409 1251 554 1294 exponit
579 1250 692 1283 officia
718 1250 833 1284 Matii.
893 1250 956 1284 Est
980 1250 1085 1283 etiam

97 1301 365 1334 accommodata
383 1301 542 1334 narratio
553 1302 598 1334 ad
614 1301 815 1335 institutum
825 1313 889 1346 per
899 1301 1087 1335 subiectio-

94 1365 189 1387 nem.
255 1352 419 1385 Tandem
443 1353 634 1396 respondet
656 1353 701 1385 ad
728 1353 910 1397 querelam
933 1352 1086 1385 maxime

94 1416 159 1448 per
184 1403 452 1443 infitiationem,
493 1410 526 1436 et
551 1403 674 1436 callide
700 1404 853 1437 ostendit
878 1416 913 1437 se
932 1403 1085 1437 Matium

94 1457 132 1488 in
150 1461 243 1488 recte
260 1455 359 1488 factis
384 1455 514 1500 ubique
540 1455 755 1495 defendisse,
789 1461 822 1488 et
851 1455 924 1488 eius
946 1467 1086 1499 semper

94 1505 290 1540 honorifice
309 1506 521 1539 meminisse.
573 1505 625 1538 Ita
646 1512 795 1539 testatur
818 1519 919 1539 suam
941 1506 1085 1550 integri-

94 1564 203 1591 tatem
226 1557 263 1589 in
287 1557 433 1590 colenda
457 1556 612 1589 amicitia
631 1556 745 1591 Matii.
800 1557 989 1591 Conclusio
1007 1558 1086 1590 bre-

93 1609 146 1642 vis
177 1608 297 1641 addita
331 1614 399 1649 est,
442 1608 480 1640 in
510 1620 580 1653 qua
608 1607 716 1652 petit,
752 1614 792 1641 ut
818 1620 854 1642 se
881 1615 1084 1643 excusatum

94 1658 235 1694 habeat.

336 1735 474 1769 Aliud
507 1742 835 1780 argumentum.

195 1803 355 1849 Epistola
374 1811 425 1838 est
441 1803 658 1838 excusatoria
676 1809 710 1836 et
723 1803 956 1838 nuntiatoria.
1005 1804 1084 1837 Pri-

92 1869 191 1890 mum
219 1855 312 1888 enim
341 1863 470 1901 purgat
495 1868 529 1888 se
554 1856 596 1888 de
614 1855 699 1888 falsa
717 1854 935 1899 suspicione,
961 1855 1083 1888 videli-

93 1914 146 1941 cet
169 1908 266 1953 quod
287 1920 472 1952 nunquam
491 1906 666 1940 studuerit
690 1906 829 1938 laedere
855 1906 1084 1939 existimatio-

91 1971 173 1993 nem
191 1958 307 1992 Mutii.
368 1959 506 1992 Deinde
532 1964 655 1990 monet
680 1958 723 1989 de
747 1969 808 1990 sua
835 1957 1018 2001 diligentia
1044 1970 1083 1990 ac

91 2012 159 2045 fide
177 2010 213 2043 in
232 2022 273 2043 eo
298 2011 531 2043 defendendo.
591 2008 788 2042 Exordium
815 2008 1005 2052 figuratum
1034 2015 1085 2042 est

93 2061 314 2096 dubitatione
347 2063 389 2095 de
419 2064 574 2095 adventu
605 2066 639 2093 et
662 2059 885 2094 sermonibus
911 2059 1082 2094 Trebatii.

92 2113 260 2148 Narratio
280 2118 417 2147 constat
433 2114 538 2157 longa
556 2111 825 2144 enumeratione
842 2111 970 2145 veteris
994 2111 1083 2144 ami-

93 2165 194 2198 citiae
231 2171 264 2198 et
299 2165 495 2198 multorum
529 2163 810 2203 beneficiorum,
859 2163 953 2195 unde
986 2163 1082 2195 colli-

92 2217 142 2261 git
158 2227 232 2249 non
250 2228 321 2250 esse
338 2216 528 2250 verisimile
539 2241 548 2255 ‚
583 2215 680 2260 quod
696 2225 856 2259 unquam
872 2220 933 2247 aut
951 2214 1082 2257 cogita-

91 2267 183 2301 verit
211 2273 272 2300 aut
304 2267 432 2300 dixerit
461 2266 596 2312 aliquid
622 2265 709 2298 mali
742 2266 784 2298 de
821 2270 920 2297 tanto
955 2265 1081 2299 amico.

91 2317 344 2353 Narrationem
363 2319 522 2364 sequitur
538 2317 757 2362 propositio,
791 2329 825 2350 se
847 2314 938 2349 nihil
961 2317 1080 2350 secisse

91 2370 246 2403 alienum
264 2369 314 2410 *ab
339 2370 513 2409 amicitia,
547 2369 668 2402 addita
691 2368 933 2402 confutatione
957 2380 1082 2413 quere-

122 2480 154 2508 8)
172 2479 231 2502 Hoc
248 2477 438 2508 argumentum
457 2476 484 2499 et
509 2475 561 2499 duo
587 2475 731 2506 sequentia
755 2475 785 2499 in
803 2476 995 2507 Editt,1556.,
1015 2476 1082 2500 1565

157 2513 275 2537 -1596,
297 2511 481 2535 inveniuntur.

121 2558 153 2586 9)
171 2555 343 2586 sequentem]
362 2553 403 2577 sic
417 2552 598 2582 Editt.1565.‚
619 2552 704 2583 1571„
725 2553 817 2582 15⁹6.;
842 2554 890 2579 Ed.
904 2554 977 2578 1556.
997 2560 1080 2584 prae-

157 2591 298 2614 cedentem
318 2588 459 2618 (quoniam
479 2586 597 2616 epistola
621 2587 777 2617 „Magnam
796 2589 964 2617 voluptatem
990 2587 1079 2619 etc.”,

154 2626 189 2648 ad
207 2630 285 2654 quam
304 2625 370 2647 haec
390 2622 532 2651 spectant,
552 2620 579 2643 in
592 2621 642 2644 hac
656 2621 706 2644 Ed.
725 2622 794 2645 hanc
813 2622 957 2651 epistolam
976 2624 1080 2646 ...Non-

155 2660 218 2682 dum
236 2659 303 2682 satis
321 2654 391 2682 etc.''
413 2661 468 2680 non
487 2654 628 2685 sequitur,
654 2656 704 2679 sed
723 2656 748 2679 ei
765 2657 921 2688 praecedit,
947 2657 1009 2681 vide
1028 2663 1080 2681 uo-

155 2696 209 2716 tam
228 2695 252 2716 4.
272 2711 277 2715 .

119 2736 165 2765 10)
184 2692 271 2764 affici}
290 2733 332 2758 sic
350 2733 434 2759 Editt.
452 2731 537 2763 1565„
558 2731 642 2763 1571„
664 2731 755 2763 1596.;
777 2732 826 2756 Ed.
844 2733 917 2758 1556.
938 2733 1077 2764 prosequi.

1145 210 1212 244 lae.
1253 209 1339 244 Item
1357 210 1487 244 additis
1502 211 1614 245 causis
1632 223 1696 255 per
1713 212 1996 251 translationem,
2025 224 2134 257 quare

1144 262 1186 294 de
1217 275 1257 295 eo
1291 263 1370 307 plus
1402 268 1598 308 querantur
1629 261 1804 297 homines.
1846 262 1948 296 'Inde
1977 271 2133 297 recenset

1144 326 1318 346 summam
1336 314 1577 347 defensionem
1595 326 1660 358 pro
1680 314 1814 354 Matio,
1841 327 1910 359 qua
1929 314 2131 358 saepissime

1141 371 1274 398 utatur.
1327 364 1366 397 In
1390 366 1456 397 line
1480 366 1661 409 praedicat
1684 366 1757 399 eius
1786 365 1911 398 merita
1937 377 2017 408 erga
2041 377 2132 397 rem-

1141 416 1340 460 publicam,
1365 423 1396 448 et
1416 423 1538 449 monet
1554 416 1659 450 simul
1674 418 1717 451 de
1735 417 1918 451 occasione
1940 428 2001 450 seu
2027 428 2130 449 causa

1141 467 1407 501 scribendarum
1430 467 1641 502 litterarum.

1395 553 1531 587 Aliud
1565 561 1889 599 argumentum.

1243 619 1403 664 Epistola
1438 628 1488 655 est
1519 623 1750 656 excusatoria.
1814 621 2011 655 Exordium
2037 634 2131 655 sum-

1141 676 1241 714 ptum
1260 678 1310 705 est
1328 684 1346 704 a
1365 672 1599 707 dubitatione.
1653 673 1831 718 Significat
1855 680 1971 707 autem
1995 685 2029 706 se
2056 685 2130 705 non

1140 722 1265 756 leviter
1294 725 1541 767 perturbatum
1572 725 1692 758 audita
1716 725 1858 770 querela
1875 724 1978 757 Mutii
2003 736 2021 756 a
2044 724 2131 757 Tre-

1141 773 1250 808 batio.
1309 774 1500 815 Narratio,
1534 788 1624 821 quae
1649 777 1827 821 sequitur,
1859 773 1965 808 habet
1986 775 2129 819 longam

1142 825 1398 870 expositionem
1443 828 1603 871 inceptae
1645 827 1821 860 amicitiae
1839 854 1847 866 ,
1901 827 2130 859 confirmatae

1141 877 1260 911 multis
1278 888 1317 910 ac
1334 879 1472 922 magnis
1487 878 1620 912 officiis.
1673 878 1749 912 Hoc
1771 879 1849 911 ideo
1876 884 2130 911 commemorat

1141 928 1178 961 in
1200 929 1426 970 narratione,
1469 936 1507 963 ut
1532 930 1694 963 ostendat
1717 942 1752 963 se
1776 941 1969 962 memorem
1997 935 2029 961 et
2053 941 2131 972 gra-

1141 986 1217 1014 tum
1244 992 1316 1014 esse
1340 992 1405 1024 pro
1431 981 1582 1024 acceptis
1603 981 1800 1018 beneficiis;
1845 987 1919 1013 tum
1939 980 2065 1019 etiam,
2092 987 2131 1013 ut

1141 1029 1208 1064 hoc
1223 1033 1331 1064 modo
1350 1032 1480 1065 iustum
1499 1032 1633 1065 aditum
1649 1032 1756 1065 faeiat
1773 1033 1816 1064 ad
1837 1031 2130 1076 propositionem.

1141 1083 1310 1127 Sequitur
1325 1083 1524 1127 propositio
1550 1084 1804 1123 excusationis,
1839 1095 1874 1116 se
1896 1081 1987 1115 nihil
2011 1083 2131 1115 fecisse

1141 1134 1297 1167 alienum
1315 1134 1483 1168 amidtia.
1536 1134 1674 1167 Deinde
1693 1136 1873 1168 adduntur
1896 1145 2020 1167 causae
2047 1146 2130 1178 que-

1139 1186 1296 1219 relarum
1314 1186 1356 1218 de
1373 1185 1505 1225 Matio,
1541 1186 1672 1219 scilicet
1699 1185 1891 1229 indignitas
1918 1191 1951 1218 et
1973 1185 2130 1217 malevo-

1139 1237 1246 1269 lentia
1265 1234 1473 1277 hominum,
1503 1248 1593 1282 quae
1610 1249 1750 1281 semper
1774 1237 1861 1281 petit
1885 1237 1998 1269 claros
2021 1236 2130 1270 viros.

1138 1287 1184 1320 Et
1203 1288 1302 1320 addit
1318 1288 1360 1320 de
1375 1300 1438 1320 suo
1457 1288 1593 1328 officio,
1621 1289 1718 1333 quod
1739 1299 1876 1322 summa
1900 1287 2128 1320 contentione

1140 1338 1280 1372 resistat
1306 1338 1482 1372 eiusmodi
1505 1339 1677 1384 querelis,
1713 1345 1818 1384 atque
1843 1340 2008 1372 defendat
2033 1350 2052 1370 a
2074 1352 2129 1371 ca-

1138 1390 1283 1423 lumniis
1306 1389 1472 1423 Matium.
1538 1389 1707 1434 Epilogus
1732 1388 1838 1423 habet
1864 1390 2045 1435 obliqiiam
2069 1391 2129 1422 ad-

1138 1439 1401 1482 hortationem,
1425 1453 1469 1474 ne
1487 1441 1574 1487 quid
1591 1442 1787 1486 suspicetur
1808 1443 1850 1475 de
1870 1441 2051 1475 Cicerone.

1148 1537 1165 1550 ι
1358 1523 1497 1557 Aliud
1525 1525 1906 1571 argumentumfl).

1240 1592 1332 1626 Huic
1356 1592 1524 1637 epistolae
1545 1592 1725 1628 Ciceronis
1751 1592 1979 1638 respondebit
1996 1592 2128 1624 Matius

1138 1644 1301 1688 sequenti
1330 1644 1490 1688 epistola.
1551 1643 1705 1678 Excusat
1727 1651 1844 1678 autem
1872 1657 1906 1678 se
1934 1644 2057 1677 Cicero
2087 1644 2128 1675 de

1138 1695 1198 1734 iis,
1226 1707 1317 1740 quae
1332 1695 1447 1727 Matio
1467 1695 1628 1728 nuntiata
1649 1703 1768 1736 erant,
1805 1697 1900 1742 quod
1920 1707 1992 1728 non
2011 1706 2130 1738 repre-

1138 1744 1302 1779 henderit
1317 1746 1420 1778 Matii
1438 1747 1570 1779 factum
1582 1774 1591 1788 ,
1618 1748 1678 1780 sed
1695 1747 1812 1791 potius
1830 1754 1863 1780 et
1879 1748 1982 1780 fidem
2001 1746 2074 1779 eius
2093 1745 2129 1777 in

1138 1797 1298 1831 Caesaris
1314 1797 1467 1830 amicitia
1484 1798 1651 1837 laudarit,
1680 1805 1713 1830 et
1730 1799 1797 1831 alia
1818 1799 1891 1832 eius
1906 1799 2009 1837 facta,
2039 1808 2128 1842 quae

1137 1848 1248 1881 invidi
1269 1848 1569 1888 criminabantur,
1594 1849 1800 1883 defenderit.
1852 1848 2046 1882 Exordium
2066 1846 2129 1880 lia-

1135 1900 1194 1932 bet
1226 1897 1440 1943 patheticam
1473 1900 1733 1933 dubitationem
1760 1913 1778 1933 a
1803 1900 1930 1933 nuntio
1955 1899 2126 1932 Trebatii.

1135 1950 1274 1983 Deinde
1291 1951 1450 1995 sequitur
1468 1951 1573 1993 longa
1596 1951 1777 1991 narratio,
1812 1953 1849 1983 in
1876 1964 1944 1996 qua
1973 1962 2127 1983 comme-

1136 2008 1255 2034 morat
1278 2001 1445 2034 beneficia
1466 2001 1571 2034 Matii
1594 2001 1632 2034 in
1656 2014 1691 2035 se
1715 2003 1860 2042 collata,
1899 2008 1938 2036 ut
1964 2002 2127 2034 ostendat

1135 2066 1171 2086 se
1189 2054 1231 2085 de
1248 2050 1393 2085 homine
1411 2052 1458 2086 sic
1474 2053 1709 2086 benemerito
1726 2066 1799 2086 non
1817 2066 1918 2097 posse
1936 2053 2027 2085 male
2049 2064 2126 2086 sen-

1135 2104 1213 2138 tire.
1268 2104 1431 2137 Tandem
1448 2105 1642 2148 respondet
1665 2105 1709 2137 ad
1736 2105 1918 2150 querelam
1944 2104 2056 2143 illius,
2092 2110 2125 2135 et

1136 2156 1318 2201 quomodo
1342 2156 1431 2188 facta
1456 2155 1560 2188 Matii
1584 2156 1799 2195 defenderit,
1835 2155 1998 2190 ostendit.
2059 2153 2125 2187 Le-

1135 2219 1232 2251 gem,
1260 2207 1302 2239 de
1323 2219 1390 2252 qua
1409 2203 1466 2239 hic
1482 2206 1586 2246 dicit,
1621 2214 1803 2251 exponunt
1826 2209 1868 2240 de
1895 2207 1980 2240 actis
2005 2218 2043 2240 ac
2067 2206 2126 2238 de-

1135 2258 1238 2292 cretis
1255 2258 1415 2292 Caesaris
1430 2269 1504 2290 non
1521 2258 1716 2292 abolendis.

1380 2343 1519 2377 Aliud
1553 2350 1880 2388 argumentum.

1238 2410 1276 2444 C.
1291 2409 1423 2444 Matius
1440 2410 1507 2444 fuit
1523 2422 1614 2444 unus
1633 2423 1674 2443 ex
1694 2411 1829 2445 intimis
1854 2410 1974 2445 amicis
1999 2411 2124 2445 Caesa-

1132 2461 1201 2502 ris,
1231 2468 1264 2494 et
1289 2461 1422 2495 amicus
1449 2461 1647 2501 Ciceronis,
1685 2468 1718 2495 et
1744 2469 1892 2506 apparet
1917 2475 1997 2497 eum
2018 2463 2123 2497 fuisse

1132 2513 1249 2546 virum
1266 2513 1394 2545 fortem
1413 2519 1447 2545 et
1466 2524 1582 2545 acrem
1595 2538 1604 2552 ,
1641 2519 1675 2546 et
1697 2513 1863 2557 inprimis
1885 2515 2122 2560 eloquentens.

1132 2563 1212 2604 Ille,
1247 2576 1327 2597 cum
1351 2564 1554 2597 interfectus
1579 2570 1667 2597 esset
1693 2564 1731 2598 C.
1756 2565 1901 2604 Caesar,
1945 2566 2025 2599 tulit
2049 2565 2122 2599 eius

1167 2699 1292 2757 ¹¹}},H⁰⁶{
1309 2689 1499 2729 argumentum
1519 2697 1546 2721 et
1564 2704 1684 2729 sequens
1709 2699 1741 2723 ab
1760 2699 1844 2725 Editt.
1862 2700 2053 2727 1565—1596.
2075 2710 2123 2728 ex-

1219 2741 1226 2757 ι
1246 2740 1278 2758 en
1293 2739 1333 2758 ur.
