2351 2990
117 106 192 143 653
263 107 386 143 XXXI.
436 106 721 142 ENARRATIO
743 106 873 140 LIBRI
898 107 940 142 X.
964 106 1356 142 INSTITUTIONUM
1379 106 1679 143 ORATORIAR.
1705 108 2015 154 QUINTILIAXI.
2088 109 2163 145 654

114 194 337 223 Academiarum
361 195 460 222 vicinis
483 194 511 221 in
537 194 607 222 locis
630 194 778 232 principes
800 195 837 222 D.
860 194 1013 231 Philippus
1029 193 1057 231 *)
1081 199 1110 221 et
1133 195 1169 223 D.
1193 194 1333 232 Stigelius
1349 194 1393 230 **)
1418 194 1536 231 dignuin
1564 195 1744 232 iudicarunt,
1769 202 1799 224 ut
1824 197 1936 233 publica
1961 198 2179 235 praelectione*

117 238 360 266 commendarent
383 244 413 266 et
437 237 629 266 illustrarent.
682 237 794 264 Horum
819 237 964 264 laboribus
987 247 1050 264 cum
1076 238 1162 265 sciam
1187 237 1327 274 plurimos
1351 237 1440 265 fuisse
1464 238 1491 265 iii
1516 237 1569 265 hac
1592 245 1677 275 parte
1701 239 1862 266 studiorum
1887 240 2014 268 feliciter
2037 241 2162 277 adiutos,

117 281 168 318 qui
191 281 246 307 iam
271 280 387 318 pridem
411 280 557 307 defunctis
581 280 702 317 gratiam
726 279 836 307 habent
860 289 912 317 pro
935 289 1042 317 opera,
1066 290 1152 317 quam
1177 285 1338 318 agnoscunt
1362 281 1412 307 sibi
1435 289 1491 307 non
1516 290 1619 318 pai-uni
1644 281 1808 319 profuisse,
1832 288 1861 309 et
1885 285 2000 310 omniuo
2017 284 2162 312 confidam

116 323 212 351 adhuc
234 324 326 351 inulto
349 324 466 361 pliireS,
490 323 593 360 quibus
617 331 666 350 eos
690 332 786 350 coram
811 323 948 350 audiendi
972 322 1094 350 facultas
1119 333 1177 350 non
1201 320 1340 359 contigit,
1366 332 1450 360 posse
1474 324 1582 360 iuvari,
1612 325 1634 351 si
1658 325 1694 352 ad
1719 335 1834 352 manum
1860 326 2003 363 habeant,
2027 337 2102 364 quae
2125 328 2160 355 ab

115 367 202 403 ipsis,
229 376 291 393 cum
316 365 394 393 hunc
418 365 524 393 librum
549 371 751 402 exponerent,
781 365 903 393 suerunt
926 366 1004 393 inter
1030 366 1263 403 praelegendum
1288 366 1392 402 allata,
1430 366 1500 393 nihil
1526 368 1635 395 veritus
1659 378 1720 395 suin
1745 368 1796 395 has
1821 369 2036 397 lucubrationes
2059 371 2160 407 edere,

117 418 190 447 quas
213 409 263 436 tihi
284 408 350 436 ideo
373 409 476 436 dedico
499 408 728 445 Christopliore,
760 415 790 436 ut
812 417 912 436 earum
938 409 1021 436 lectio
1045 414 1075 435 te
1100 417 1217 446 quoque
1241 408 1277 435 ad
1310 409 1407 436 cultae
1438 410 1590 446 orationis,
1628 411 1665 438 ad
1695 420 1782 448 quain
1814 417 1844 438 te
1876 412 1915 439 tui
1951 419 2159 449 praeceptores

117 451 232 479 aSSidue
256 451 471 487 assuefaciunt,
501 451 626 478 studium
650 451 769 487 invitet,
801 451 827 478 in
853 460 946 488 eoque
974 452 1053 478 iuvet
1076 457 1165 488 atque
1190 451 1352 478 confirmet.
1398 451 1523 478 Adiunxi
1548 460 1645 481 autem
1670 459 1699 481 et
1724 453 1908 482 Velcnriouis
1925 454 1983 491 **''‘)
2007 462 2036 482 et
2059 455 2160 482 Land-

124 493 306 532 sidelii****)
331 494 564 529 commentarios,
588 504 710 531 quorum
736 501 860 531 uterque
883 495 911 521 in
937 493 989 521 hac
1005 500 1089 532 parte
1105 495 1256 521 doctrinae
1272 493 1326 520 fuit
1343 494 1476 531 diligens,
1500 504 1533 521 ac
1555 505 1635 523 suain
1660 496 1776 523 laudem
1802 497 1910 534 optimo
1934 498 1997 525 iure
2022 504 2163 527 meretur.

246 536 330 564 Hunc
353 545 450 564 meum
475 543 609 564 conatum
634 543 665 563 nt
689 537 716 563 in
742 537 844 564 bonam
869 542 983 574 partein
1008 537 1132 574 accipias
1156 542 1185 564 et
1209 545 1272 563 cum
1298 537 1468 573 aequalibus
1493 538 1548 564 tuis
1578 547 1612 565 eo
1643 539 1795 566 commode
1826 540 1932 575 utaris,
1967 540 2160 568 vehementer

115 584 194 616 opto.
254 580 351 616 Atque
375 580 486 607 utinam
511 586 540 607 et
564 586 612 615 tu,
650 586 679 607 et
704 579 810 617 reliqui
834 579 1056 614 adolescentes,
1095 580 1142 616 qui
1166 579 1193 606 in
1219 578 1347 606 scholam
1373 579 1544 607 Porteiisem
1577 586 1713 619 tanquam
1737 581 1774 608 ad
1800 588 1995 610 mercaturam
2018 584 2161 611 bonarum

115 622 280 649 litterarum
304 632 321 650 a
344 623 515 659 parentibus
540 623 644 650 vestris
668 623 745 650 missi
770 623 856 657 estis,
894 629 952 651 tam
977 628 1097 650 strenue
1120 622 1249 658 pergatis
1273 622 1434 648 institutum
1460 632 1532 659 opus
1555 632 1588 650 ac
1611 624 1746 660 Spartam
1773 631 1898 652 vestram
1923 635 2030 663 urgere
2054 636 2088 654 ac
2111 637 2161 654 or-

114 673 204 701 nare,
236 674 322 702 quam
348 674 402 702 ego
427 665 629 692 candidissime
653 671 682 693 et
705 666 872 694 suavissime
895 666 924 692 in
949 666 1021 692 votis
1045 664 1156 700 haben,
1186 670 1215 690 ut
1239 663 1278 690 ita
1302 665 1479 700 emergaiis,
1510 666 1651 693 eiusmodi
1674 667 1831 704 aliqnando
1855 669 2002 704 evadatis,
2035 670 2073 697 ita
2097 670 2160 707 opi-

113 707 166 735 bus
189 708 363 736 accumulati
385 709 470 735 istinc
493 708 530 735 ad
554 714 666 735 vestros
692 714 830 745 parentes
854 708 1002 743 redeatis,
1025 713 1056 734 ut
1080 712 1288 744 praeceptores
1312 715 1447 743 quoque,
1471 708 1574 744 quibus
1598 719 1654 735 non
1679 710 1824 736 immerito
1849 712 1990 748 principia
2014 721 2065 739 seu
2090 722 2159 749 pro-

113 757 317 787 gymnasmata
340 751 503 779 studiorum
526 756 690 778 vestroruin
713 751 830 778 refertis
854 756 974 788 accepta
997 750 1124 786 aliquem
1149 748 1293 784 fructum,
1332 748 1385 775 hoc
1409 754 1470 784 est,
1507 750 1633 788 aliquam
1661 752 1876 789 voluptaculain
1909 762 1945 780 ex
1976 754 2030 781 isto
2060 754 2158 782 fructu

113 798 252 830 tanquam
282 804 332 821 suo
362 794 426 822 iure
457 794 509 821 sibi
531 795 643 831 possint
667 793 824 821 vindicare.
883 793 969 825 Quod
993 798 1052 820 tum
1077 792 1194 819 demum
1219 798 1248 819 et
1273 802 1322 819 vos
1346 792 1504 819 rectissime
1529 792 1675 830 feceritis,
1714 801 1743 822 et
1767 795 1821 832 ipsi
1845 798 2055 833 expectatione
2079 803 2160 825 tanta

115 845 173 863 non
198 836 356 871 excident,
388 837 411 863 si
433 837 647 874 cogitaveritis,
676 837 752 874 qnod
777 836 828 863 ille
846 834 885 873 ᾧ)
910 835 999 863 dixit:

630 876 784 917 Αἷσχρόν
808 889 857 907 τοι
882 875 975 916 δηρόν
999 888 1030 907 τε
1052 877 1175 916 μένειν,
1210 874 1315 905 κενεόν
1338 888 1369 906 τε
1394 877 1535 907 νέεσθαι.

241 921 302 949 Sed
325 921 396 948 haec
419 931 471 958 pro
494 930 560 948 ineo
584 921 612 948 iu
641 929 670 950 te
692 931 808 958 amore,
839 932 896 959 quo
921 929 950 949 te
974 929 1095 959 propter
1120 926 1271 957 parentem
1297 927 1395 956 tuum,
1436 922 1648 948 ornatissimum
1674 921 1785 959 virum,
1816 931 1995 961 prosequor,
2032 926 2081 952 tibi
2104 935 2162 953 non

113 962 241 991 dubitavi
265 965 455 1001 praecipere7
486 973 542 990 non
568 965 645 1000 quod
670 971 773 1002 putem
797 971 827 992 te
850 965 912 992 istic
938 974 976 992 ex
999 963 1256 1002 praeceptoribus,
1295 964 1342 1000 qul
1374 970 1402 990 te
1431 964 1617 991 formandum
1648 973 1861 1003 susceperunt,
1900 977 1957 994 nou
1989 968 2160 1005 saepissime

111 1006 230 1041 audire,
254 1007 306 1034 sed
334 1014 363 1034 ut
388 1006 476 1034 fidem
502 1006 551 1034 tibi
575 1006 695 1044 faciam,
719 1014 768 1035 tna
792 1008 888 1035 studia
912 1007 981 1034 inihi
1004 1016 1070 1035 esse
1093 1006 1182 1034 cordi.
1228 1005 1311 1033 Bene
1329 1006 1404 1034 vale.
1448 1007 1524 1034 Data
1543 1016 1581 1034 ex
1597 1010 1803 1045 praepositura
1818 1009 1969 1047 Lyssena‚
1997 1010 2024 1039 l.
2041 1010 2161 1038 Octobr.

112 1049 196 1076 Anno
219 1049 346 1076 Doinini.
371 1049 410 1076 M.
427 1049 464 1077 D.
480 1048 572 1078 LXX.

145 1140 178 1170 ἧι·)
198 1142 358 1165 Melanthon
378 1143 447 1165 hunc
467 1142 569 1165 libi-uni
589 1147 614 1167 a.
631 1140 707 1165 1534.
728 1143 837 1172 publica
855 1143 1042 1172 praelectione
1062 1142 1221 1173 enarravit,
1242 1142 1315 1167 conf.
1335 1143 1402 1165 nota
1421 1141 1448 1165 in
1468 1142 1520 1166 fine
1540 1142 1638 1165 harum
1658 1143 1868 1168 annotationum
1891 1145 1994 1169 addita.

146 1185 198 1213 ssss)
219 1186 336 1209 loannes
356 1186 506 1213 misenus,
535 1185 654 1215 insignis
675 1187 756 1215 poeta
778 1187 865 1209 seculi
886 1187 981 1213 XV1.,
1011 1187 1116 1210 Gotliac
1138 1187 1213 1212 15¹5.
1241 1188 1340 1215 natus,
1369 1185 1559 1215 frequentavit
1580 1186 1735 1209 academias
1754 1187 1893 1216 Lipsicani
1913 1192 1940 1212 et
1960 1189 2163 1217 xvitebergen-

182 1227 255 1250 sein,
286 1221 312 1243 in
340 1220 490 1249 posteriori
516 1220 607 1243 docuit
628 1221 712 1243 bonas
731 1221 842 1244 litteras
863 1223 889 1244 et
908 1221 1006 1251 poesin
1026 1228 1112 1251 usquc
1131 1221 1166 1243 ad
1184 1227 1285 1244 annum
1306 1221 1400 1245 1548..
1433 1227 1484 1250 quo
1505 1221 1617 1243 transiit
1637 1222 1671 1244 ad
1691 1222 1858 1246 academiam
1878 1224 2038 1255 lenensem,
2073 1225 2162 1255 ibique

184 1255 260 1278 1562.
280 1258 406 1278 mortuus
427 1256 476 1279 est.

146 1296 218 1325 ssssss)
239 1297 387 1325 Veicurm,
407 1302 447 1326 pr.
464 1297 584 1321 Bartliol.
600 1296 748 1319 Feldkircli
769 1296 806 1328 (s.
828 1298 950 1320 nai-thol.
971 1298 1121 1320 Bernliard.
1143 1298 1175 1321 de
1196 1298 1401 1325 Yeldkirclieii)
1424 1300 1505 1321 natus
1528 1298 1602 1321 1487.
1623 1298 1713 1321 studia
1733 1305 1784 1323 sua
1804 1302 1967 1329 prosecutus
1988 1303 2031 1325 cst
2051 1302 2076 1325 in
2096 1308 2162 1326 aca-

181 1332 269 1355 demia
288 1332 471 1359 Erfordiana.
504 1332 618 1361 primum
638 1331 768 1354 diaconus
789 1332 996 1362 Brandenliurgi
1018 1334 1044 1355 et
1067 1333 1270 1359 Hallicrstadii,
1304 1335 1402 1361 postea
1422 1334 1568 1362 professor
1588 1333 1720 1362 physicae
1739 1334 1939 1359 Aristotelicae
1968 1336 1994 1360 iii
2019 1338 2162 1361 academia

180 1366 394 1397 Witeiiergensi
415 1368 443 1389 et
462 1366 618 1396 theologiae
639 1366 854 1395 baccalaureus,
884 1366 999 1396 denique
1019 1368 1116 1396 pastor
1136 1369 1163 1390 et
1182 1368 1324 1397 inspector
1344 1367 1370 1390 in
1391 1367 1488 1396 oppido
1508 1368 1665 1398 Kemoerg,
1686 1371 1811 1392 mortuus
1837 1371 1910 1395 1551.

144 1409 236 1440 ssssssss)
257 1410 373 1439 Caspar.
389 1409 573 1439 Landsiedel,
594 1409 692 1440 philos.
713 1410 847 1441 magister
864 1410 1035 1441 Lipsiensis,
1055 1416 1079 1434 a.
1102 1411 1177 1434 1514.
1197 1412 1296 1441 natuS,
1316 1416 1340 1434 a.
1358 1411 1433 1436 1560.
1452 1411 1562 1442 Lipsiae
1582 1415 1725 1443 mortium,
1744 1414 1830 1437 notas
1850 1414 1877 1437 in
1897 1414 2060 1445 Quintiliani
2079 1416 2162 1440 insti-

180 1446 243 1468 tutt.
262 1446 368 1468 orator.
389 1444 518 1473 scripsit.

152 1486 189 1519 ἢ)
217 1488 295 1511 nom.
316 1487 346 1512 ιι.
366 1487 401 1516 11,
420 1486 480 1511 298.

244 1644 301 1681 IN
329 1643 657 1690 QUINTILIANI
684 1642 1109 1680 INSTITUTIONUM
1136 1640 1527 1678 ORATORIARUM
1553 1643 1755 1681 LIBRUM
1784 1646 2025 1684 DECIMUM

615 1704 1008 1734 ANNOTATioNEs
1044 1702 1253 1734 PHiLlPPl
1285 1703 1655 1734 MELANTHONIS.

152 1800 394 1834 Praefatio
422 1800 466 1832 in
494 1800 661 1833 librum
692 1799 733 1834 X.
763 1799 1068 1844 Quintiliani,
1161 1797 1298 1838 iuvant,
1327 1797 1395 1831 nisi
1417 1798 1495 1843 quis
1517 1806 1620 1832 antea
1638 1798 1767 1834 habeat
1783 1801 1869 1841 ἕξιν,
1898 1804 1959 1836 das
1977 1816 2014 1836 ei·
2032 1805 2162 1848 gewiss

1161 1850 1268 1881 reden
1287 1849 1398 1889 darff,
1426 1862 1470 1882 ne
1487 1850 1625 1884 titubet.
1678 1851 1746 1891 ἕξις
1770 1853 1865 1886 eiiiin
1886 1861 1936 1888 est
1958 1856 2058 1888 firma
2079 1857 2164 1889 faci-

1160 1900 1260 1940 litas,
1288 1901 1350 1934 das
1368 1901 1467 1934 einer
1489 1902 1586 1936 eines
1610 1904 1733 1947 dinges
1756 1905 1828 1937 kan
1852 1907 1980 1949 gewiss
2005 1909 2079 1941 und
2105 1921 2163 1952 ge-

1161 1952 1288 1996 waltig
1312 1952 1398 1986 sein.
1459 1953 1527 1988 Ars
1553 1961 1670 1988 autem
1696 1956 1771 1989 sinc
1794 1959 2047 1992 exercitatione
2071 1958 2163 1993 nihil

1161 2010 1223 2038 est.
1277 2003 1315 2036 In
1332 2004 1452 2037 libello
1473 2005 1681 2040 Dialectices
1697 2007 1746 2040 sic
1765 2009 1928 2055 definitss)
1946 2009 2038 2052 ἕξιν,
2063 2013 2161 2057 quod

1160 2055 1206 2088 sit
1223 2056 1376 2100 qualitas
1395 2057 1450 2089 vel
1467 2058 1578 2090 animi
1606 2059 1661 2091 vel
1686 2061 1868 2104 corporis,
1904 2064 2162 2097 consuetudine

1162 2108 1290 2151 agendi
1310 2114 1435 2152 parta,
1464 2122 1532 2154 qna
1560 2111 1697 2144 facilius
1721 2118 1755 2144 et
1779 2113 1907 2146 cei-tius
1931 2114 2066 2159 aliquid
2090 2115 2163 2159 agi-

1161 2172 1261 2199 mus,
1288 2159 1379 2193 sicut
1396 2161 1606 2204 palaestrica
1626 2164 1787 2208 corporis
1805 2163 1874 2204 ἕξις
1891 2172 1954 2205 est,
1982 2179 2052 2211 qua
2072 2167 2162 2201 ictus

1161 2211 1317 2255 regitur,
1346 2218 1379 2244 et
1405 2213 1533 2246 certius
1557 2214 1654 2249 serit.
1714 2216 1782 2249 Ars
1808 2217 1980 2260 pingendi
2005 2224 2056 2251 est
2081 2217 2161 2259 ἕξις,

106 1857 195 1912 Hic
217 1877 308 1910 liber
332 1876 489 1909 decimus
516 1875 731 1921 Quintiliani
759 1882 809 1909 est
834 1876 936 1922 quasi
959 1877 1106 1922 quidam

106 1930 235 1964 modus
250 1928 418 1962 studendi
435 1927 490 1960 vel
506 1928 599 1961 ratio
620 1927 798 1968 discendi,
834 1934 867 1960 et
889 1936 1028 1962 constat
1052 1927 1107 1963 his

108 1982 241 2021 tribus,
268 1980 439 2020 lectione,
464 1980 630 2013 exercitio
648 1979 746 2024 styli,
775 1986 809 2012 et
837 1980 1106 2013 declamationi-

106 2034 185 2067 bus.
251 2032 446 2077 Praecepta
481 2038 599 2065 autem
632 2044 706 2065 non
732 2031 867 2064 faciunt
894 2033 1044 2066 artifices
1070 2033 1106 2065 in

106 2085 181 2119 ullo
219 2096 368 2128 genere,
416 2083 484 2117 nisi
520 2084 665 2117 accedat
701 2083 907 2116 exercitatio
944 2090 977 2117 et
1013 2097 1106 2118 usus.

106 2136 199 2171 Nam
217 2136 376 2180 exempla
395 2135 473 2179 plus
489 2135 643 2176 faciunt,
672 2148 780 2182 quam
798 2142 999 2180 praecepta.
1037 2136 1106 2169 Sed

106 2193 296 2234 praecepta
316 2188 509 2221 ostendunt
524 2188 647 2228 nobis,
676 2189 860 2234 quomodo
886 2187 996 2234 sint1)
1020 2188 1107 2221 alio-

108 2254 189 2275 rum
209 2238 338 2284 scripta
358 2238 602 2283 intelligenda.

668 2321 678 2340 l
723 2334 731 2342 -

210 2369 255 2402 H,
310 2369 358 2402 rb
482 2308 505 2374 .S
523 2306 581 2401 cql}
600 2308 650 2375 0·l
699 2320 717 2342 a
766 2382 772 2388 V
796 2368 805 2400 l
852 2367 859 2374 ·
949 2369 969 2401 d
1094 2389 1108 2394 -
1196 2355 1227 2383 3)
1247 2354 1356 2394 definit]
1377 2354 1484 2378 scilicet
1497 2356 1672 2387 Melanthum
1698 2356 1740 2380 hic
1760 2357 1830 2380 enim
1848 2358 1925 2381 locus
1941 2360 1974 2383 al)
1989 2359 2095 2385 editore
2108 2362 2160 2385 ad-

206 2421 215 2428 ·
248 2382 276 2403 ic
324 2382 334 2402 l
362 2381 400 2402 er
424 2368 550 2414 QUIDU
566 2381 640 2401 lssssl
670 2375 722 2402 θὸῐ
751 2381 792 2402 xe
811 2374 861 2402 uti
885 2381 944 2401 ¹1¹0
974 2381 1013 2401 US
1036 2374 1092 2402 Stu
1132 2360 1138 2418 l
1230 2390 1303 2428 ditus
1331 2392 1389 2429 est,
1421 2391 1450 2413 ut
1480 2390 1568 2414 lector
1593 2392 1738 2430 utramque
1763 2392 1949 2431 Melantliouis
1977 2395 2162 2421 definitionem

107 2422 286 2519 dessfflbap
316 2471 331 2506 I
379 2470 397 2517 ἓ
428 2473 447 2506 l
470 2471 502 2518 2)
543 2473 670 2514 Quaen,
693 2470 782 2520 ⁸050]
819 2471 931 2517 Qum
957 2471 1106 2504 diceret,
1231 2426 2161 2518 35:1⁵0‘5:³15?:3¹’1³.‘³[5ff212351{¹54„01313352233‘332503¹⁶3?3¹52:

291 2498 299 2507 ·
334 2498 342 2506 ·
401 2497 409 2506 ο
453 2497 461 2506 ·
881 2494 890 2504 ‘
1101 2499 1107 2505 ·
1250 2494 1336 2517 siensi
1355 2499 1380 2518 a.
1404 2495 1478 2518 1545.
1505 2494 1546 2517 sic
1571 2494 1721 2518 inscriita:
1780 2496 1870 2519 ialecti
2083 2501 2087 2505 '

105 2526 285 2560 Hactenus
314 2524 446 2558 tradidi
475 2530 685 2569 praecepta,
729 2536 821 2570 quae
855 2535 930 2556 non
954 2523 1107 2557 multum
1232 2501 1406 2565 Bollectaera.
1429 2528 1497 2567 Pliil.
1516 2529 1579 2568 Mel.
1599 2502 1924 2570 Act-essertint'cacuffi‘s
1945 2501 2159 2572 ξᾷἶίιιθῐῗειέἓὲῗιῗὲἓ

1232 2564 1282 2586 etc.
1305 2570 1328 2592 p.
1350 2564 1407 2591 uu,
1430 2564 1472 2586 ubl
1491 2564 1524 2586 ab
1544 2564 1586 2586 liis
1606 2565 1697 2587 verbis
1719 2567 1828 2595 incipit:
1857 2567 1909 2590 Est
1929 2574 2001 2591 enim
2020 2566 2071 2597 ἵξις
2090 2575 2159 2599 qua-

144 2629 174 2656 1)
192 2628 261 2657 sint]
282 2627 332 2653 Ed.
354 2626 429 2651 1570,
448 2626 521 2648 sunt.
1231 2598 1296 2655 lxl'tgls.
1309 2597 2159 2666 {tell,ffliiill'isslidii!liggrimlgiileecttfica-e—preligcgalgiiels‘gfogxdld

144 2672 175 2699 2)
192 2671 289 2701 Capita
316 2672 344 2694 et
370 2669 558 2700 paragraphus
586 2668 734 2691 secundum
754 2667 818 2692 Car.
839 2669 923 2692 Henr.
943 2667 1107 2691 Frotsclieri
1132 2671 1136 2726 k
1231 2667 1422 2697 „Erotemata
1435 2651 1749 2693 Dialectices³”reciisa
1768 2672 1833 2693 sunt
1853 2672 1939 2699 (conf.
1955 2655 2160 2703 Prolegg.’illic

176 2706 324 2729 editionem
341 2704 423 2728 liuius
444 2703 507 2727 libri
521 2703 650 2727 institutt.
665 2704 786 2728 oratorr.
802 2703 964 2732 Quintiliani
979 2702 1108 2732 (Lipsiae
1231 2701 1412 2730 praeniissa),
1431 2708 1455 2731 p.
1470 2701 1530 2726 535,
1551 2708 1604 2726 nou
1618 2703 1703 2731 naec,
1722 2704 1772 2727 sed
1791 2705 1846 2728 alia
1865 2705 1986 2730 definitio
2006 2707 2085 2730 huius
2105 2713 2158 2732 vo-

178 2740 256 2765 1826.
280 2739 321 2770 8.)
341 2739 488 2769 adscripsi.
1130 2729 1135 2759 l
1232 2735 1272 2758 cis
1293 2735 1438 2765 reperitur.
