2294 2975
111 121 181 155 123

109 206 299 239 servabunt
318 201 421 247 lior⁴)
440 214 581 248 quoque
606 202 726 247 pueri,
760 200 950 233 dictionem
976 198 1013 230 in
1037 195 1091 231 1115

108 258 151 289 ad
166 255 326 288 Scrxium
350 254 505 298 epistolis
522 254 592 285 sere
611 266 681 286 esse
706 252 829 290 aliam,
855 262 962 295 quarn
986 261 1091 294 supra

108 307 143 339 in
163 305 266 338 tertio
292 306 381 338 libro
401 305 477 338 suit.
538 304 625 337 Sunt
651 303 743 335 enim
769 301 888 334 omnia
915 300 1093 340 molliora,

108 357 204 402 quod
223 363 256 389 et
273 362 519 400 argumentum
537 355 579 387 sit
599 354 692 386 aliud
710 359 742 385 et
761 364 913 396 persona
933 351 1021 391 alia,
1050 352 1093 384 ad

108 420 214 453 quani
231 408 362 441 scribit.
416 405 568 438 Maxime
585 405 677 437 0111111
695 404 997 436 accommodanda
1016 414 1095 435 ora-

109 459 158 491 tio
179 464 227 492 est
245 456 299 492 his
315 458 470 493 duobus,
497 467 687 499 personae,
715 461 748 487 et
764 454 927 498 negotio,
961 455 1002 487 de
1024 466 1094 499 quo

109 509 240 542 scribit.
292 508 470 552 Epistulae
486 512 602 538 autem
621 504 725 539 liuius
744 506 862 550 quarti
886 505 968 538 libri
994 505 1096 537 intel-

108 560 168 603 ligi
196 567 341 602 posstnit
369 570 409 591 ex
433 556 570 589 decimo
596 557 687 590 libro
714 557 944 601 epistolarum
975 557 1019 590 ad
1035 556 1096 589 At-

108 618 227 643 ticum.

411 688 511 722 Alia
544 690 791 734 praefatio.

210 755 391 801 lipistolae
421 754 526 790 huius
555 757 639 790 libri
668 770 796 802 magna
827 770 868 791 ex
901 764 1002 802 parte
1024 770 1099 791 non

109 815 256 855 possunt
280 807 448 851 intelligi,
482 808 550 841 nisi
575 815 714 853 tempus
735 809 999 849 consideretur,
1027 821 1097 855 quo

110 860 260 904 scriptae
284 864 365 892 sunt
390 871 409 891 a
435 858 616 893 Cicerone.
683 861 774 893 Sunt
807 867 926 894 autem
948 861 1098 905 scriptae

110 913 174 947 sub
197 909 337 943 initium
360 910 443 942 belli
471 910 601 951 civilis,
638 923 679 943 eo
707 918 886 956 tempore,
922 924 1001 946 cum
1027 912 1100 944 iam

112 964 241 997 Caesar
268 961 304 993 in
327 960 515 1005 Hispanias
549 961 737 1006 cogitaret,
781 969 814 995 et
841 963 1034 1008 Pompeius
1062 963 1100 995 in

113 1013 298 1049 Graeciam
323 1013 515 1046 traiecisset
530 1013 560 1059 5)
596 1025 638 1046 ex
662 1012 783 1054 ltalia,
825 1020 864 1047 ut
885 1014 935 1047 ibi
961 1020 1101 1058 cogeret

112 1076 281 1109 magnum
313 1063 503 1097 exercitum
535 1066 702 1098 adversus
734 1065 933 1100 Caesarem.
1007 1065 1101 1110 Quia

113 1128 197 1149 vero
215 1114 414 1147 inciderunt
432 1114 553 1148 Cicero
574 1121 608 1148 et
621 1115 763 1150 Servius
785 1117 916 1149 summi
939 1116 976 1149 in
997 1128 1102 1160 repu-

112 1167 201 1200 blica
228 1165 295 1198 viri
317 1165 353 1197 in
379 1177 418 1198 ea
446 1173 628 1210 tempora,
664 1167 791 1212 quibus
814 1174 962 1212 propter
985 1167 1100 1200 civilia

112 1218 203 1251 bella
226 1228 299 1249 11011
322 1216 426 1249 dubie
453 1217 638 1251 videbatur
662 1218 860 1263 respublica
889 1219 1102 1262 collapsura,

113 1269 270 1314 primum
292 1267 375 1300 sacti
397 1274 478 1300 sunt
503 1268 705 1302 tristissimi.
768 1269 907 1302 Deinde
935 1282 1013 1302 011111
1038 1269 1103 1301 1111-

115 1320 211 1353 nime
234 1318 431 1363 probarent
452 1331 572 1353 causas
593 1319 694 1359 belli,
737 1321 929 1364 optabant,
965 1326 1004 1353 ut
1026 1319 1104 1365 qui-

116 1372 321 1414 buscunque
339 1370 482 1403 tandem
507 1370 770 1404 conditionibus
793 1383 848 1404 res
874 1383 1104 1415 componere-

117 1429 187 1455 tur.
254 1419 420 1465 Inprimis
449 1427 568 1454 autem
592 1421 715 1455 Cicero
749 1434 829 1455 cum
854 1434 895 1455 ex
918 1421 1103 1466 provincia

117 1472 296 1511 rediisset,
325 1484 447 1505 omnes
462 1473 618 1506 rationes
633 1472 814 1505 faciendae
831 1473 927 1517 pacis
944 1473 1105 1506 tentavit.

118 1523 163 1557 Et
190 1522 333 1568 quidem
357 1522 544 1555 Caesarem
578 1523 615 1555 111
645 1536 745 1556 suain
770 1524 980 1557 sententiam
1004 1524 1105 1557 facile

118 1573 336 1613 adduxisset,
363 1574 421 1606 sed
441 1574 614 1618 Pompeio
632 1571 700 1607 1100
725 1574 870 1607 minime
894 1576 1106 1619 persuadere

120 1624 246 1669 potuit.
299 1622 381 1656 Ideo
400 1623 506 1658 1111115
522 1624 678 1669 epistolis
704 1632 845 1669 praeter
869 1633 1006 1659 caetera
1029 1638 1106 1671 gra-

120 1675 283 1709 vissimae
307 1677 490 1719 querelae,
531 1683 565 1709 et
592 1674 839 1710 honestissima
874 1677 1019 1711 consilia
1046 1678 1107 1711 ob-

120 1726 294 1761 servanda
313 1732 406 1760 sunt.

162 1827 486 1872 Argumentum
524 1833 566 1859 et
601 1826 778 1861 scholia
815 1828 860 1861 in
893 1827 1064 1873 episto-

514 1878 599 1911 lam
626 1877 705 1924 I.⁶).

225 1953 300 1986 Hae
319 1953 526 2000 epistolae⁷)
546 1961 694 1999 possunt
711 1954 858 2000 intelligi
875 1967 916 1988 ex
933 1955 1025 1988 libro
1050 1956 1111 1989 de-

124 2006 215 2039 cimo
234 2005 463 2049 epistolarum
480 2006 525 2039 ad
541 2006 710 2042 Atticum.
772 2007 868 2040 Haec
893 2013 1010 2040 autem
1036 2019 1111 2040 non

125 2063 197 2089 tam
216 2063 265 2089 est
283 2056 490 2089 deliberatio
516 2069 623 2102 quam
647 2059 802 2103 querela.
860 2056 965 2090 Initio
987 2064 1112 2091 narrat

126 2114 159 2140 et
177 2107 347 2151 proponit
363 2107 476 2140 Servii
502 2108 724 2152 petitionem.
775 2109 905 2142 Postea
929 2109 1027 2142 addit
1050 2122 1112 2142 vo-

124 2164 213 2192 tum.
265 2157 401 2191 Deinde
420 2160 612 2203 respondet
625 2160 734 2203 ipsius
748 2160 932 2205 petitioni,
959 2160 1032 2193 sive
1053 2161 1113 2193 ad-

127 2209 178 2241 dit
195 2210 395 2254 querelam,
422 2209 460 2253 111
475 2222 545 2256 qua
560 2211 705 2255 exponit
727 2223 762 2245 se
787 2210 876 2245 nihil
900 2211 1038 2245 consilii
1062 2211 1114 2245 vi-

127 2261 209 2292 dere
222 2259 265 2302 ⁸).

168 2367 200 2392 4)
219 2366 282 2393 hoc]
303 2366 344 2390 sie
364 2366 413 2391 Ed.
435 2367 525 2397 1556.;
552 2367 579 2391 in
598 2367 682 2393 Editt.
703 2367 894 2391 1565—1577,
913 2368 999 2392 deest.

165 2408 196 2438 5)
216 2407 397 2445 in‘Graeciam
411 2409 581 2438 traiecisset]
601 2410 642 2433 sic
654 2409 738 2433 Editt.
753 2409 960 2441 1565—157‘7.;
979 2411 1028 2435 Ed.
1041 2411 1115 2436 1556.

199 2444 357 2464 11316015561
375 2443 401 2465 111
421 2443 571 2467 Graeciam.

164 2482 196 2511 6)
215 2482 251 2511 1.]
271 2483 298 2506 111
316 2483 398 2506 Editt.
420 2485 511 2514 1545„
537 2486 627 2512 1546..
656 2486 748 2517 1601.,
780 2486 900 2510 numeris
926 2488 1115 2517 praecedentis

201 2516 261 2539 libri
281 2518 462 2544 continuatis,
487 2520 553 2543 haec
571 2521 686 2550 epistola
705 2527 817 2545 numero
835 2521 895 2553 43.‚
926 2528 1044 2552 sequens
1063 2529 1116 2546 nu-

202 2556 278 2574 mero
297 2552 339 2573 44.
359 2554 410 2576 etc.
429 2553 554 2582 signatae
574 2557 646 2578 suut.

166 2591 198 2621 7)
218 2593 274 2616 Hae
294 2593 441 2622 epistolae]
460 2595 500 2618 sic
514 2596 694 2627 Edam-537„
714 2597 800 2628 1540„
820 2598 906 2629 1544„
922 2598 1008 2628 1554„
1025 2598 1116 2630 1557.;

203 2626 287 2649 Editt.
304 2627 388 2657 1545„
410 2628 494 2658 1546„
515 2630 600 2661 1560„
624 2631 697 2655 1601.
717 2632 775 2655 Hae
792 2634 939 2662 sequentes
960 2632 1100 2663 epistolae.

166 2668 198 2698 8)
217 2669 274 2692 Hoc
297 2671 487 2699 argumentum
510 2672 544 2695 ab
567 2672 650 2698 Editt.
672 2673 881 2707 1537—1554.,
911 2675 1006 2708 1557„
1030 2675 1118 2708 1560„

203 2703 277 2728 1601.
298 2703 451 2733 praebetur.

682 115 804 150 PHIL.
839 113 951 148 MEL.
985 107 1187 147 SCRIPTA
1222 111 1558 147 PHILOLOGICA.

2059 112 2131 149 124

1247 196 1277 242 ξ.
1298 199 1330 232 1.
1345 198 1462 233 'Gaius
1489 196 1686 246 Trebatius]
1722 196 1904 232 Narratio.
1985 200 2133 239 Utinam,

1145 248 1263 296 Scri-i]
1298 249 1431 283 Votum
1456 255 1537 282 ante
1561 249 1857 295 propositionem.
1950 251 2135 293 cognoram

1145 298 1303 347 enim⁹)]
1334 300 1441 333 Ratio
1459 300 1545 334 voti.
1621 302 1803 345 I’uynandi
1825 298 2037 347 cupidorum]
2066 299 2136 333 Eo-

1145 364 1225 385 rum
1243 351 1393 392 scilicet,
1421 352 1483 397 qui
1501 358 1602 385 erant
1617 353 1711 396 apud
1721 351 1946 395 Pompeium.
2024 353 2137 392 Nunc,

1147 401 1322 450 quoniam]
1361 403 1584 447 Propositio:
1635 404 1748 448 Cupio
1782 408 1898 436 tecum
1929 401 2138 436 deliberare.

1147 456 1219 488 Nec
1240 456 1330 488 enim
1352 453 1636 503 clarissimorum]
1672 453 1860 487 Rationes:
1903 453 1996 499 Quia
2021 465 2056 487 es
2079 465 2139 498 pe-

1148 505 1237 538 ritus
1248 504 1305 550 ¹⁰).

1252 554 1281 600 §-
1297 558 1332 591 2.
1359 557 1425 589 Res
1440 552 1548 602 vides]
1577 554 1751 599 Querela,
1779 568 1869 601 quae
1888 553 1996 588 habet
2014 555 2139 599 ampli-

1150 607 1352 640 ficationem
1386 605 1516 640 horum
1549 607 1740 640 malorum.
1833 609 1899 641 Sin
1925 611 2033 640 antem
2057 604 2138 653 tibi]

1150 658 1257 691 Redit
1272 659 1317 690 ad
1332 657 1615 702 propositionem
1627 684 1636 698 ‚
1662 664 1702 691 ut
1717 657 1926 698 constituat,
1955 657 2016 691 ubi
2033 657 2140 691 collo-

1152 710 1213 755 qui
1233 709 1342 742 velint
1352 708 1410 755 ¹¹).

1371 791 1507 826 Aliud
1536 792 1928 839 argumentumm).

1254 861 1370 894 Porro
1380 860 1450 907 ¹⁴³³)
1467 868 1716 905 argumentum
1733 861 1870 906 primae
1887 860 2055 905 epistolae
2080 865 2143 900 est,

1154 912 1251 957 quod
1268 912 1416 945 omnino
1445 912 1564 957 cupiat
1591 913 1787 945 deliberare
1811 925 1890 946 cum
1907 911 2051 952 Servio,
2082 912 2144 944 sed

1153 963 1219 996 sibi
1236 963 1347 996 videri
1366 963 1472 997 nimis
1490 975 1605 997 seram
1621 976 1692 997 esse
1712 963 2021 997 consultationem.
2075 962 2143 996 Or-

1154 1014 1251 1047 ditur
1268 1021 1386 1048 autem
1413 1027 1431 1047 a
1454 1014 1662 1047 narratione
1676 1041 1684 1055 ,
1718 1014 1755 1046 in
1776 1026 1844 1059 qua
1868 1015 2026 1047 breviter
2049 1025 2146 1046 com-

1153 1073 1350 1107 memorat,
1378 1078 1468 1111 quae
1483 1065 1674 1099 Trebatius
1697 1066 1740 1098 de
1761 1065 1934 1098 sententia
1951 1064 2066 1098 Servii
2087 1076 2146 1098 ex·

1154 1117 1324 1161 posuerit.
1390 1117 1644 1151 Narrationem
1666 1116 1826 1161 sequitur
1849 1116 1988 1160 elegans
2009 1122 2146 1155 votum,

1156 1168 1252 1213 quod
1274 1167 1517 1212 praemittitur
1542 1166 1800 1212 propositioni:
1839 1167 1988 1200 Utinam
2019 1179 2146 1200 conve-

1155 1219 1341 1259 nissemus,
1365 1231 1444 1252 cum
1464 1231 1519 1252 res
1536 1219 1697 1252 nondum
1715 1218 1864 1251 deducta
1882 1225 1958 1252 erat
1974 1218 2018 1252 ad
2035 1229 2146 1252 arma.

1155 1270 1249 1304 Nam
1264 1270 1313 1302 ibi
1330 1269 1484 1303 consiliis
1508 1269 1637 1303 nostris
1663 1269 1798 1314 aliquid
1821 1270 1988 1314 perficere
2012 1269 2147 1314 potuis-

1156 1333 1284 1354 semus.
1336 1320 1540 1365 Propositio
1564 1326 1616 1354 est
1638 1321 1815 1366 quaedam
1838 1320 1948 1354 veluti
1971 1320 2146 1364 mitigatio

1156 1372 1250 1404 voti:
1279 1370 1393 1415 Cupio
1412 1378 1534 1404 tamen
1560 1378 1677 1405 tecum
1703 1372 1746 1404 de
1769 1371 1900 1406 nostris
1922 1372 2026 1405 rebus
2052 1383 2147 1404 com-

1156 1423 1351 1456 municare.
1416 1423 1523 1455 Ratio
1553 1422 1810 1467 propositionis
1833 1422 1986 1456 sumitur
2016 1434 2036 1455 a
2068 1434 2148 1466 per-

1158 1486 1245 1507 sona
1279 1473 1427 1514 Servii‚·
1459 1475 1556 1519 quod
1590 1474 1635 1507 sit
1665 1474 1720 1506 vir
1751 1474 1907 1518 prudens
1938 1479 1972 1506 et
2001 1474 2149 1518 peritus.

1157 1525 1284 1558 Postea
1301 1524 1448 1569 ponitur
1463 1525 1579 1569 gravis
1597 1525 1739 1570 querela
1750 1551 1759 1565 ,
1785 1525 1845 1558 sed
1862 1525 2055 1558 admodum
2071 1525 2150 1557 bre-

1159 1575 1210 1609 vis
1227 1576 1270 1608 de
1286 1575 1480 1609 miserabili
1495 1588 1535 1608 ac
1550 1576 1749 1620 periculoso
1767 1582 1861 1609 statu
1881 1575 1989 1609 urbis.
2051 1575 2150 1609 Con-

1160 1626 1268 1660 clusio
1297 1632 1434 1660 constat
1457 1627 1668 1671 repetitione
1691 1626 1967 1671 propositionis,
2002 1633 2041 1659 ut
2069 1638 2149 1660 cum

1159 1678 1310 1711 libenter
1328 1677 1465 1724 velit13)
1483 1678 1747 1711 communicare
1768 1690 1847 1710 cum
1864 1677 1986 1711 Servio
2010 1678 2052 1710 de
2078 1677 2150 1722 pri-

1161 1728 1249 1762 vatis
1268 1728 1394 1769 rebus,
1422 1728 1496 1773 ipse
1520 1729 1730 1769 constituat,
1764 1728 1827 1762 ubi
1851 1729 1962 1762 velint
1983 1728 2150 1774 colloqui,

1161 1780 1266 1825 idque
1283 1780 1454 1824 significet
1469 1792 1534 1825 per
1551 1786 1686 1814 certum
1701 1780 1856 1825 aliquem
1872 1779 2051 1814 nuntium.

1407 1863 1545 1899 Aliud
1572 1869 1901 1909 argumentum.

1263 1932 1359 1965 Haec
1383 1933 1530 1977 epistola
1552 1932 1679 1977 scripta
1706 1938 1777 1973 est,
1810 1938 2001 1978 postquam
2027 1931 2150 1965 Cicero

1164 1996 1181 2017 e
1223 1984 1408 2028 provincia
1439 1983 1593 2016 Romam
1637 1983 1753 2018 rediit.
1832 1982 2000 2016 Continet
2034 1989 2151 2016 autem

1164 2036 1345 2080 quandam
1362 2035 1542 2081 querelam
1561 2035 1603 2067 de
1620 2034 1720 2068 bellis
1737 2033 1915 2074 civilibus,
1942 2040 1976 2067 et
1993 2033 2059 2068 ista
2074 2045 2154 2078 per-

1164 2086 1367 2119 turbatione
1393 2085 1553 2119 omnium
1585 2097 1705 2118 rerum
1740 2097 1779 2118 ac
1811 2085 1984 2123 tumultu3
2026 2084 2152 2118 deinde

1166 2137 1271 2170 etiam
1288 2136 1583 2171 consultationem
1599 2136 1636 2168 in
1653 2148 1779 2180 genere
1798 2135 2044 2176 deliberativo,
2067 2135 2154 2181 quid

1166 2188 1296 2222 scilicet
1319 2188 1521 2222 faciendum
1543 2187 1588 2221 sit
1610 2187 1648 2220 in
1671 2187 1778 2221 tantis
1801 2187 1955 2221 motibus
1977 2186 2155 2220 bellorum

1167 2240 1336 2275 civilium.
1401 2238 1589 2279 Narratio,
1624 2250 1714 2284 quae
1737 2238 1884 2283 ponitur
1907 2238 1982 2271 vice
2007 2237 2154 2278 exordii,

1201 2358 1232 2386 9)
1251 2358 1341 2387 enim]
1359 2357 1411 2382 Ed.
1432 2356 1508 2381 1540.
1527 2356 1562 2381 ei.

1204 2400 1249 2432 10)
1270 2402 1344 2425 Haec
1362 2401 1428 2424 nota
1444 2399 1472 2423 in
1490 2398 1573 2422 Editt.
1593 2397 1684 2430 1545„
1704 2398 1778 2424 1560.
1798 2398 1884 2422 deest.

1204 2445 1251 2472 11)
1270 2443 1372 2472 velint]
1391 2441 1474 2466 Editt.
1496 2441 1587 2473 1545„
1609 2441 1684 2467 1560,
1703 2442 1779 2466 velit.

1204 2486 1251 2514 12)
1269 2487 1326 2509 Hoc
1343 2484 1532 2515 argumentum
1551 2484 1578 2507 et
1600 2483 1652 2508 duo
1671 2483 1811 2515 sequentia
1829 2483 1857 2508 in
1877 2482 1960 2509 Editt.
1976 2482 2069 2515 1556„
2089 2483 2156 2509 1565

1237 2519 1352 2543 -1596,
1370 2518 1557 2543 inveniuntur.

1204 2561 1271 2593 12⁸)
1291 2561 1392 2590 Porro]
1412 2561 1463 2584 hac
1485 2565 1553 2583 voce
1576 2559 1626 2583 hoc
1645 2561 1836 2589 argumentum
1855 2560 1956 2583 duabus
1975 2559 2155 2589 praefationi-

1238 2597 1304 2627 bus,
1341 2600 1409 2626 quae
1434 2595 1463 2619 in
1487 2594 1545 2618 iuis
1568 2594 1652 2618 Editt.
1676 2595 1801 2625 proxime
1824 2594 2004 2625 antecedunt,
2041 2596 2083 2618 est
2104 2599 2156 2618 311-

1237 2636 1346 2655 nexum.

1204 2672 1387 2732 withlibznter
1404 2670 1489 2701 velit]
1513 2669 1554 2696 sic
1571 2670 1657 2699 Editt.
1675 2670 1885 2702 1565-1577.;

1252 2715 1259 2732 ι
1279 2714 1312 2733 en
1327 2712 1357 2732 er

1920 2669 1970 2696 Ed.
1990 2670 2066 2696 1556.
2089 2669 2157 2694 velit
