2351 2990
147 123 221 159 499

148 207 315 253 Sequitur
337 207 535 251 propositio
561 208 745 241 continens
767 206 988 251 petitionem.

149 260 249 302 logus
269 255 375 292 habet
391 259 536 293 brevem
554 259 803 304 repetitionem
825 257 1020 302 petitionis.

1053 207 1138 252 Epi-

398 334 533 369 Aliud
567 340 893 379 argumentum.

256 400 407 435 Caecina
426 403 509 435 olim
527 402 725 445 negotiatus
741 402 857 435 fuerat
872 401 909 434 in
925 399 1023 435 Asia.
1074 399 1144 434 De—

154 451 235 484 inde
254 452 404 485 conflato
424 454 515 485 bello
540 453 634 485 civili
656 459 774 496 partes
790 452 955 497 Pompeii
978 452 1143 486 defende-

155 509 228 541 rat,
256 509 288 535 et
305 504 475 535 maledico
493 503 624 546 scripto
640 504 678 535 in
691 503 879 537 Caesarem
896 503 1055 537 invectus
1070 504 1144 537 sue-

155 559 221 586 rat.
261 553 380 597 Quare
399 560 431 586 et
449 566 467 586 a
481 554 631 587 Caesare
650 554 754 587 exilio
770 555 960 589 mulctatus
975 555 1012 588 in
1022 553 1144 588 Asiam

155 603 328 648 proficisci
346 603 487 644 statuit,
514 610 554 637 ut
577 611 611 638 et
635 604 685 638 ibi
710 612 805 639 tutus
832 612 937 647 esset,
969 612 1003 639 et
1026 606 1144 639 debita

154 666 193 686 ac
209 653 374 698 reliquias
394 655 520 689 veteris
536 656 788 699 negotiationis
803 657 992 701 colligeret.
1021 657 1145 691 Cicero

155 702 248 737 hunc
278 705 449 746 Servilio,
490 706 550 751 qui
576 708 768 751 proconsul
793 708 897 742 Asiae
922 714 1015 748 erat,
1049 720 1147 740 com-

155 756 311 788 mendat.
351 755 484 802 Estque
500 756 586 791 llaec
606 759 751 802 epistola
771 759 899 803 scripta
917 759 1029 791 altero
1049 770 1144 790 anno

156 812 235 850 post
250 807 382 840 bellum
404 808 504 841 civile
521 809 614 842 inter
628 809 843 854 Pompeium
863 815 897 842 et
914 809 1113 844 Caesarem.

306 896 491 932 Scholia
520 900 564 932 in
593 901 835 945 epistolam
864 898 1000 935 LXVII.

260 964 290 1009 ἓ.
310 967 340 999 1.
369 965 631 1014 Eoeprovincia]
659 967 895 1014 Narratioffi).

261 1015 291 1060 ᾗ.
308 1019 342 1052 2.
371 1019 503 1051 feceris
519 1017 639 1066 iyitur]
667 1018 811 1052 Petitio.

486 1092 648 1138 Argum
661 1101 824 1128 entum.

260 1160 446 1194 Praedicat
464 1161 672 1203 amicitiam,
700 1174 789 1208 quae
805 1161 871 1195 fuit
887 1175 964 1195 cum
975 1162 1147 1195 Androne

158 1208 316 1254 hospite,
343 1218 514 1258 rogatque
525 1213 727 1253 Servilium,
754 1219 793 1246 ut
810 1226 889 1246 eum
907 1211 1037 1247 habeat
1053 1226 1148 1247 com-

158 1262 473 1297 mendatissimum.
528 1264 678 1297 Orditnr
695 1271 811 1297 autem
835 1276 853 1296 a
875 1265 1083 1298 narratione
1104 1265 1148 1298 de

157 1312 311 1346 amicitia
333 1320 366 1346 et
390 1314 512 1348 officiis
528 1315 727 1354 Andronis;
762 1315 845 1347 item
871 1316 914 1348 de
938 1328 1040 1349 causa
1065 1315 1149 1349 scri-

158 1363 265 1395 bendi
289 1377 350 1397 seu
375 1366 706 1400 commendationis.
772 1366 901 1400 Postea
935 1372 986 1400 est
1009 1366 1148 1412 petitio,

159 1420 197 1447 nt
214 1426 293 1449 eum
311 1415 347 1448 in
366 1417 530 1450 omnibus
548 1418 651 1450 rebus
667 1416 821 1450 adiuvet.

406 1491 538 1524 Aliud
567 1496 894 1535 argumentum.

261 1556 428 1591 Narratio
441 1585 449 1598 ,
478 1571 547 1603 qua
563 1558 743 1602 praedicat
760 1570 823 1602 per
841 1557 1145 1602 comparationem

160 1609 280 1641 laudes
292 1609 486 1649 Andronis,
515 1616 547 1641 et
566 1609 708 1642 additur
726 1608 925 1649 consilium,
952 1620 1063 1654 quare
1081 1609 1145 1643 ista

159 1659 300 1693 scribat.
346 1659 484 1693 Deinde
500 1660 659 1706 sequitur
673 1659 871 1705 propositio
888 1659 1073 1695 continens
1087 1673 1147 1705 pe-

158 1709 332 1745 titionem.

302 1794 482 1829 Scholia
512 1796 556 1828 in
585 1795 825 1840 epistolam
853 1792 1007 1828 LXVIII.

264 1863 293 1907 ξ.
319 1865 351 1897 1.
395 1866 521 1898 Graiae
555 1864 761 1897 vehementer
794 1860 965 1909 mihi³⁷)]
1000 1860 1146 1908 εὐχαρι-

161 1912 275 1959 σῑική.
328 1914 549 1958 Propositio:
577 1915 654 1956 Ago
676 1914 817 1957 gratias.
871 1915 965 1955 Quod
981 1914 1145 1959 reliquum

158 1966 223 2009 esi]
251 1965 399 2004 Petitio,
426 1972 465 1998 ut
481 1965 574 1996 idem
593 1964 746 1996 officium
764 1970 930 2007 praestet.

264 2016 293 2061 ᾗ.
310 2019 344 2052 2.
374 2017 462 2058 Quid
476 2012 676 2062 (φαίην-33)]
705 2014 826 2047 Defert
842 2013 970 2047 similia
994 2013 1120 2047 officia.

452 2091 776 2133 Argumentum
795 2088 854 2135 ³⁹).

261 2159 364 2194 Nulla
383 2165 432 2192 est
455 2157 716 2191 commendatio
740 2157 777 2188 in
799 2154 865 2189 hac
891 2155 1059 2199 epistola,
1086 2156 1147 2189 sed

163 2213 351 2256 respondet
376 2216 512 2243 tantum
527 2208 596 2254 ³⁹³)
617 2208 660 2241 ad
678 2208 812 2240 litteras
829 2206 989 2246 Servilii,
1025 2207 1146 2240 addita

195 2329 242 2356 36)
262 2329 333 2352 Haec
352 2330 417 2352 nota
434 2330 461 2351 et
480 2333 598 2357 sequens
617 2326 644 2350 in
656 2325 740 2350 Editt.
754 2323 839 2355 1532,
859 2323 944 2350 1540„
966 2323 1050 2353 1545,
1072 2324 1145 2352 1560,

231 2365 356 2393 exstant3
384 2364 411 2386 in
431 2363 513 2387 Editt.
536 2363 628 2392 1544„
651 2361 742 2387 1554.,
764 2358 836 2382 1557.
858 2358 964 2381 desunt.

197 2404 244 2431 37)
263 2406 440 2429 rehementer
457 2405 540 2432 mihi]
559 2403 599 2427 sic
618 2403 701 2428 Editt.
720 2401 806 2431 1537„
827 2401 918 2428 1545„
940 2401 1032 2429 1560.,
1054 2402 1146 2427 itan:

234 2439 315 2461 mitt.
336 2439 409 2461 1540.
428 2440 468 2466 (in
488 2439 537 2461 nac
557 2439 651 2465 nota),
679 2437 770 2465 1544.‚
798 2435 888 2466 1546„
910 2435 1002 2465 1554.‚
1024 2436 1098 2459 1557.
1119 2438 1146 2459 et

233 2473 281 2496 Ed.
302 2472 386 2496 Orett.
403 2474 473 2496 mihi
492 2473 677 2496 veliementer.

197 2515 245 2541 38)
264 2514 316 2537 Pro
331 2515 372 2537 his
386 2514 442 2538 Cic.
455 2515 546 2537 verbis
562 2515 589 2536 i'n
603 2513 686 2537 Editt.
696 2512 781 2541 1545..
800 2511 875 2535 1560.
890 2509 950 2534 huic
966 2512 1046 2535 notae
1065 2517 1146 2542 prae·

232 2550 285 2572 fixa
302 2551 363 2572 sunt
381 2548 585 2572 antecedentia:
613 2549 675 2578 Eyo
697 2548 735 2571 ud
753 2549 788 2571 te.

195 2592 241 2623 ³9)
263 2592 319 2614 Hoc
336 2592 522 2620 argumentum
542 2592 569 2614 et
587 2590 639 2614 duo
659 2589 803 2621 sequentia
820 2589 854 2612 ab
869 2588 952 2612 Editt.
969 2588 1061 2620 1556„
1080 2589 1146 2613 1565

230 2625 348 2649 -1596,
372 2625 538 2648 exhibentur.

196 2668 264 2694 ³9³)
283 2667 399 2695 tantum]
419 2666 461 2690 sic
483 2666 568 2691 Editt.
589 2665 682 2697 1565.)
702 2665 793 2695 1571.‚
813 2665 905 2696 1596.3

231 2703 319 2727 dcent.

943 2663 971 2688 in
997 2663 1046 2690 Ed.
1069 2663 1143 2691 1556.

719 120 841 157 PHIL.
875 119 989 158 MEL.
1022 119 1225 164 SCRIPTA
1259 120 1597 160 PfflLOLOGICA.

2108 123 2183 161 500

1194 207 1384 252 petitione,
1411 216 1450 243 ut
1465 210 1605 255 saepius
1620 211 1751 244 scribat
1769 211 1810 244 de
1835 210 1939 244 rebus
1959 210 2184 255 provinciae;

1195 259 1278 291 item
1307 261 1550 301 excusatione,
1588 274 1698 307 quare
1722 262 1838 295 rarius
1861 261 2012 295 scribere
2036 262 2120 295 velit
2140 264 2184 295 de

1195 310 1387 353 republica.
1453 311 1603 346 Ortlitur
1628 320 1747 346 autem
1772 325 1790 346 a
1814 312 2081 358 propositione,
2115 325 2186 358 qua

1196 361 1327 404 gratias
1345 362 1417 405 agit
1436 375 1502 407 pro
1523 363 1638 397 missis
1658 364 1796 398 litteris.
1856 363 2025 409 Sequitur
2046 363 2186 410 petitio,

1196 417 1235 445 ut
1253 412 1383 446 scribat
1398 413 1439 446 de
1456 420 1549 448 statu
1567 415 1785 458 provinciae.
1843 414 1981 448 Deinde
2009 421 2060 449 est
2084 427 2186 448 excu-

1196 462 1307 503 sati0,
1342 463 1461 498 addita
1485 465 1759 510 pollicitatione,
1796 467 1894 512 quod
1917 466 2001 500 velit
2022 465 2187 500 scribere.

1196 513 1324 547 Postea
1341 516 1495 548 ostendit
1511 528 1611 550 suam
1630 517 1841 551 sententiam
1859 517 1902 550 de
1918 517 2035 551 reditu
2053 529 2093 551 ex
2103 516 2186 550 Asia

1199 565 1395 610 provincia.
1448 565 1487 600 In
1503 567 1571 600 fine
1588 569 1701 601 defert
1715 581 1818 602 sunm
1837 568 2005 603 officium.

1444 657 1580 693 Aliud
1607 667 1932 705 argumentum.

1301 725 1461 770 Epistola
1480 733 1531 760 est
1556 725 1803 774 εὖχαριστική.
1862 726 2010 761 Exordii
2029 727 2109 760 loco
2137 733 2188 760 est

1198 776 1414 820 propositio:
1447 777 1525 821 Ago
1550 779 1700 821 gratias,
1736 779 1832 823 quod
1857 779 2042 822 diligenter
2063 778 2108 811 ad
2130 789 2188 810 me

1199 827 1380 871 scripsisti.
1446 828 1614 874 Sequitur
1643 829 1789 874 petitio,
1828 835 1869 863 nt
1903 829 1998 862 idem
2032 828 2188 861 officium

1200 885 1378 922 praestare
1394 879 1478 912 velit
1494 880 1530 912 in
1551 880 1738 913 scribendo
1761 880 1803 913 de
1829 886 1905 913 toto
1926 885 2020 913 statu
2043 878 2189 923 provin-

1200 928 1286 963 ciae.
1338 929 1476 963 Deinde
1496 930 1570 975 ipse
1586 931 1700 964 defert
1716 931 1843 964 similia
1863 930 1989 964 officia.
2034 928 2189 962 Additur

1200 980 1385 1013 consilium
1408 993 1471 1025 per
1496 982 1765 1016 correctionem.
1827 979 1867 1015 In
1886 982 1955 1015 fine
1979 986 2031 1015 est
2053 979 2190 1026 pollici-

1200 1031 1287 1064 tatio
1304 1032 1422 1066 officii.

1455 1115 1590 1150 Aliud
1617 1123 1932 1161 argumentum.

1300 1182 1503 1218 Faniiliaris
1519 1185 1679 1229 epistola.
1720 1185 1843 1218 Primo
1861 1184 1967 1229 petit,
1993 1189 2033 1217 ut
2048 1182 2188 1227 saepius

1200 1235 1340 1269 scribat.
1373 1234 1512 1268 Deinde
1527 1235 1712 1269 subiicitur
1728 1236 1844 1269 brevis
1860 1235 2019 1268 narratio
2036 1235 2079 1267 de
2094 1239 2188 1267 statu

1199 1286 1427 1331 reipublicae.
1469 1286 1657 1320 Postremo
1676 1287 1788 1320 desert
1805 1287 1857 1320 illi
1873 1299 1976 1320 suum
1997 1284 2163 1319 officium„

1352 1401 1534 1437 Scholia
1570 1404 1614 1437 in
1642 1404 1884 1449 epistolam
1913 1403 2035 1439 LXIX.

1304 1476 1334 1521 ἓ.
1356 1480 1388 1511 1.
1417 1482 1518 1512 Gaius
1537 1475 1688 1522 Curtius]
1715 1479 1953 1523 Narratiow).

1305 1527 1335 1572 ᾗ.
1351 1531 1387 1565 2.
1413 1531 1494 1562 Peto
1509 1525 1630 1575 igitur]
1658 1527 1803 1562 Petitio.

1488 1611 1813 1656 Argumentum
1829 1611 1889 1657 ²¹¹).

1303 1678 1541 1712 Commendat
1557 1678 1728 1722 singulari
1744 1677 1925 1722 diligentia
1942 1688 2083 1710 causam
2100 1675 2188 1708 Cur-

1200 1729 1260 1769 tii,
1289 1741 1395 1775 quam
1412 1727 1535 1763 habuit
1552 1731 1595 1762 de
1610 1730 1721 1762 fundo
1740 1742 1818 1762 cum
1836 1729 1991 1774 quodam
2009 1723 2187 1770 Colopho-

1199 1780 1272 1814 nio.
1333 1779 1483 1813 Orditur
1508 1793 1525 1813 a
1549 1780 1776 1820 narratione,
1811 1791 1903 1825 qnae
1928 1783 2066 1811 constat
2086 1788 2187 1821 pra-e-

1199 1830 1376 1864 dicatione
1399 1831 1597 1865 officiorum
1625 1831 1750 1865 Curtii.
1815 1829 1952 1863 Deinde
1976 1834 2026 1861 est
2048 1827 2186 1871 petitio,

1198 1888 1237 1915 ut
1253 1894 1333 1915 eum
1348 1882 1492 1915 adiuvet
1507 1882 1544 1915 in
1561 1894 1662 1916 cansa
1681 1881 1889 1921 iustissima,
1926 1879 2044 1912 addita
2064 1879 2186 1912 lauda·

1198 1934 1294 1966 tione
1311 1934 1504 1967 modestiae
1522 1940 1555 1967 et
1573 1932 1797 1977 gratitudinis
1823 1931 1943 1976 ipsius.
1995 1928 2186 1963 Conclusio

1199 1982 1306 2016 habet
1321 1984 1465 2018 brevem
1482 1984 1743 2030 repetitionem.
1796 1981 1836 2016 In
1857 1984 1925 2016 fine
1949 1981 2063 2014 desert
2081 1992 2185 2015 suum

1200 2034 1367 2069 officium.

1448 2118 1582 2153 Aliud
1609 2124 1935 2163 argumentum.

1300 2187 1469 2222 Narratio
1486 2186 1671 2220 continens
1687 2186 1830 2219 brevem
1846 2185 2102 2231 expositionem
2124 2187 2184 2221 be·

1199 2239 1405 2271 neficiorum
1423 2238 1548 2272 Curtii.
1599 2237 1767 2282 Sequitur
1783 2237 1920 2282 petitio,
1946 2243 1986 2271 ut
2003 2237 2061 2270 illa
2081 2238 2185 2278 adsit,

1199 2295 1234 2322 et
1258 2289 1294 2321 in
1319 2301 1468 2322 numero
1494 2288 1690 2321 amicorum
1717 2286 1857 2322 habeat.
1905 2288 2059 2322 Additur
2080 2300 2184 2333 argu-

1199 2346 1358 2372 mentum
1376 2341 1418 2372 de
1434 2339 1606 2373 modestia
1622 2337 1796 2380 hominis,
1824 2341 1917 2385 quod
1934 2352 2007 2372 non
2031 2340 2181 2374 nimium

1199 2391 1372 2435 petiturus
1395 2390 1459 2429 sit,
1492 2402 1606 2434 neque
1632 2391 1733 2423 oneri
1756 2392 1893 2425 futurus
1919 2390 2082 2425 Servilio.
2142 2389 2182 2423 ln

1198 2443 1266 2475 fine
1285 2447 1335 2474 est
1352 2441 1467 2474 brexis
1483 2440 1691 2486 pollicitatio
1710 2441 1826 2477 officii.

1231 2576 1278 2603 40)
1297 2575 1369 2598 llaec
1387 2574 1453 2596 nota
1472 2573 1499 2595 et
1520 2578 1638 2602 sequens
1658 2572 1872 2599 inmitem-32.
1893 2573 1978 2601 154⁰„
1999 2573 2083 2604 1545„
2105 2574 2176 2600 Ιῡω,

1263 2609 1432 2638 afferuntur5
1457 2606 1485 2630 in
1502 2606 1585 2630 Editt.
1603 2608 1696 2637 1544„
1717 2607 1807 2637 1554„
1827 2606 1901 2630 1557.
1920 2607 2027 2631 desunt.

1229 2662 1277 2688 41)
1297 2660 1353 2683 Hoc
1370 2659 1559 2689 argumentum
1578 2659 1605 2683 et
1624 2664 1741 2689 sequens
1758 2658 1786 2682 tn
1800 2658 1883 2682 Editt.
1897 2659 1981 2688 1556„
2002 2659 2169 2686 1565—1598

1265 2696 1383 2720 exstant.
