<?xml version="1.0" encoding="UTF-8"?>
<!DOCTYPE html PUBLIC "-//W3C//DTD XHTML 1.0 Transitional//EN"
    "http://www.w3.org/TR/xhtml1/DTD/xhtml1-transitional.dtd">
<html xmlns="http://www.w3.org/1999/xhtml" xml:lang="en" lang="en">
 <head>
  <title>
</title>
<meta http-equiv="Content-Type" content="text/html;charset=utf-8" />
  <meta name='ocr-system' content='tesseract 3.04.00' />
  <meta name='ocr-capabilities' content='ocr_page ocr_carea ocr_par ocr_line ocrx_word'/>
</head>
<body>
  <div class='ocr_page' id='page_1' title='image "./operaquaesupersu17melauoft/operaquaesupersu17melauoft_0491.png"; bbox 0 0 2351 2990; ppageno 0'>
   <div class='ocr_carea' id='block_1_1' title="bbox 148 127 222 163">
    <p class='ocr_par' dir='ltr' id='par_1_1' title="bbox 148 127 222 163">
     <span class='ocr_line' id='line_1_1' title="bbox 148 127 222 163; baseline 0 -1"><span class='ocrx_word' id='word_1_1' title='bbox 148 127 222 163; x_wconf 88' lang='grc'>957</span> 
     </span>
    </p>
   </div>
   <div class='ocr_carea' id='block_1_2' title="bbox 144 212 1156 823">
    <p class='ocr_par' dir='ltr' id='par_1_2' title="bbox 144 212 1156 823">
     <span class='ocr_line' id='line_1_2' title="bbox 144 212 1155 258; baseline -0.004 -10"><span class='ocrx_word' id='word_1_2' title='bbox 144 216 308 249; x_wconf 83' lang='lat' dir='ltr'>membra</span> <span class='ocrx_word' id='word_1_3' title='bbox 335 215 507 255; x_wconf 87' lang='lat' dir='ltr'>civitatis,</span> <span class='ocrx_word' id='word_1_4' title='bbox 534 213 785 257; x_wconf 79' lang='lat' dir='ltr'>magistratus,</span> <span class='ocrx_word' id='word_1_5' title='bbox 816 213 971 254; x_wconf 87' lang='lat' dir='ltr'>iudices,</span> <span class='ocrx_word' id='word_1_6' title='bbox 1004 212 1155 258; x_wconf 85' lang='lat' dir='ltr'>privati:</span> 
     </span>
     <span class='ocr_line' id='line_1_3' title="bbox 146 262 1156 301; baseline -0.004 0"><span class='ocrx_word' id='word_1_7' title='bbox 146 265 186 301; x_wconf 91' lang='lat' dir='ltr'>hi</span> <span class='ocrx_word' id='word_1_8' title='bbox 205 280 329 301; x_wconf 89' lang='lat' dir='ltr'>omnes</span> <span class='ocrx_word' id='word_1_9' title='bbox 349 267 442 300; x_wconf 90' lang='lat' dir='ltr'>inter</span> <span class='ocrx_word' id='word_1_10' title='bbox 459 278 495 300; x_wconf 91' lang='lat' dir='ltr'>se</span> <span class='ocrx_word' id='word_1_11' title='bbox 520 265 676 299; x_wconf 90' lang='lat' dir='ltr'>devincti</span> <span class='ocrx_word' id='word_1_12' title='bbox 697 271 781 299; x_wconf 91' lang='lat' dir='ltr'>sunt</span> <span class='ocrx_word' id='word_1_13' title='bbox 804 265 1039 298; x_wconf 89' lang='lat' dir='ltr'>iureiurando</span> <span class='ocrx_word' id='word_1_14' title='bbox 1062 262 1156 297; x_wconf 84' lang='lat' dir='ltr'>hanc</span> 
     </span>
     <span class='ocr_line' id='line_1_4' title="bbox 149 316 1155 364; baseline -0.004 -12"><span class='ocrx_word' id='word_1_15' title='bbox 149 319 196 353; x_wconf 93' lang='lat' dir='ltr'>ob</span> <span class='ocrx_word' id='word_1_16' title='bbox 225 331 390 359; x_wconf 83' lang='lat' dir='ltr'>causam,</span> <span class='ocrx_word' id='word_1_17' title='bbox 420 318 502 364; x_wconf 88' lang='lat' dir='ltr'>quia</span> <span class='ocrx_word' id='word_1_18' title='bbox 526 316 629 350; x_wconf 89' lang='lat' dir='ltr'>multi</span> <span class='ocrx_word' id='word_1_19' title='bbox 654 329 789 361; x_wconf 78' lang='lat' dir='ltr'>poenas</span> <span class='ocrx_word' id='word_1_20' title='bbox 813 317 968 361; x_wconf 86' lang='lat' dir='ltr'>effugere</span> <span class='ocrx_word' id='word_1_21' title='bbox 994 322 1155 361; x_wconf 87' lang='lat' dir='ltr'>possunt,</span> 
     </span>
     <span class='ocr_line' id='line_1_5' title="bbox 151 368 1154 416; baseline -0.003 -13"><span class='ocrx_word' id='word_1_22' title='bbox 151 383 240 416; x_wconf 84' lang='lat' dir='ltr'>quas</span> <span class='ocrx_word' id='word_1_23' title='bbox 266 368 433 403; x_wconf 90' lang='lat' dir='ltr'>homines</span> <span class='ocrx_word' id='word_1_24' title='bbox 460 370 502 402; x_wconf 91' lang='lat' dir='ltr'>de</span> <span class='ocrx_word' id='word_1_25' title='bbox 531 368 695 402; x_wconf 79' lang='lat' dir='ltr'>sontibus</span> <span class='ocrx_word' id='word_1_26' title='bbox 728 375 894 406; x_wconf 85' lang='lat' dir='ltr'>sumunt;</span> <span class='ocrx_word' id='word_1_27' title='bbox 936 375 973 401; x_wconf 90' lang='lat' dir='ltr'>at</span> <span class='ocrx_word' id='word_1_28' title='bbox 996 368 1154 402; x_wconf 88' lang='lat' dir='ltr'>iudcium</span> 
     </span>
     <span class='ocr_line' id='line_1_6' title="bbox 151 419 1155 466; baseline -0.003 -11"><span class='ocrx_word' id='word_1_29' title='bbox 151 428 186 455; x_wconf 85' lang='lat' dir='ltr'>et</span> <span class='ocrx_word' id='word_1_30' title='bbox 203 434 339 466; x_wconf 85' lang='lat' dir='ltr'>poenas</span> <span class='ocrx_word' id='word_1_31' title='bbox 357 421 496 455; x_wconf 82' lang='lat' dir='ltr'>divinas</span> <span class='ocrx_word' id='word_1_32' title='bbox 524 432 633 453; x_wconf 89' lang='lat' dir='ltr'>nemo</span> <span class='ocrx_word' id='word_1_33' title='bbox 662 420 817 464; x_wconf 82' lang='lat' dir='ltr'>effugere</span> <span class='ocrx_word' id='word_1_34' title='bbox 841 426 958 464; x_wconf 90' lang='lat' dir='ltr'>potest</span> <span class='ocrx_word' id='word_1_35' title='bbox 973 419 1039 466; x_wconf 72' lang='lat'>53),</span> <span class='ocrx_word' id='word_1_36' title='bbox 1067 426 1101 452; x_wconf 92' lang='lat' dir='ltr'>et</span> <span class='ocrx_word' id='word_1_37' title='bbox 1126 419 1155 452; x_wconf 89' lang='lat' dir='ltr'>si</span> 
     </span>
     <span class='ocr_line' id='line_1_7' title="bbox 149 471 1155 518; baseline -0.003 -12"><span class='ocrx_word' id='word_1_38' title='bbox 149 485 226 506; x_wconf 89' lang='lat' dir='ltr'>non</span> <span class='ocrx_word' id='word_1_39' title='bbox 245 473 340 518; x_wconf 86' lang='lat' dir='ltr'>ipse,</span> <span class='ocrx_word' id='word_1_40' title='bbox 368 480 487 506; x_wconf 87' lang='lat' dir='ltr'>tamen</span> <span class='ocrx_word' id='word_1_41' title='bbox 506 471 639 516; x_wconf 83' lang='lat' dir='ltr'>posteri</span> <span class='ocrx_word' id='word_1_42' title='bbox 661 478 694 505; x_wconf 90' lang='lat' dir='ltr'>et</span> <span class='ocrx_word' id='word_1_43' title='bbox 720 477 834 505; x_wconf 89' lang='lat' dir='ltr'>totum</span> <span class='ocrx_word' id='word_1_44' title='bbox 863 484 974 516; x_wconf 82' lang='lat' dir='ltr'>genus</span> <span class='ocrx_word' id='word_1_45' title='bbox 1000 472 1037 504; x_wconf 93' lang='lat' dir='ltr'>in</span> <span class='ocrx_word' id='word_1_46' title='bbox 1063 471 1155 504; x_wconf 80' lang='lat' dir='ltr'>cala-</span> 
     </span>
     <span class='ocr_line' id='line_1_8' title="bbox 151 522 1152 570; baseline -0.004 -12"><span class='ocrx_word' id='word_1_47' title='bbox 151 524 294 559; x_wconf 84' lang='lat' dir='ltr'>mitates</span> <span class='ocrx_word' id='word_1_48' title='bbox 312 536 459 568; x_wconf 88' lang='lat' dir='ltr'>magnas</span> <span class='ocrx_word' id='word_1_49' title='bbox 478 523 649 557; x_wconf 87' lang='lat' dir='ltr'>incident.</span> <span class='ocrx_word' id='word_1_50' title='bbox 703 522 860 570; x_wconf 84' lang='lat' dir='ltr'><strong>Ideoque</strong></span> <span class='ocrx_word' id='word_1_51' title='bbox 889 530 971 556; x_wconf 81' lang='lat' dir='ltr'>ante</span> <span class='ocrx_word' id='word_1_52' title='bbox 995 535 1152 568; x_wconf 86' lang='lat' dir='ltr'>pugnam</span> 
     </span>
     <span class='ocr_line' id='line_1_9' title="bbox 150 574 1154 610; baseline -0.002 -1"><span class='ocrx_word' id='word_1_53' title='bbox 150 577 196 609; x_wconf 83' lang='lat' dir='ltr'>ad</span> <span class='ocrx_word' id='word_1_54' title='bbox 213 576 379 610; x_wconf 75' lang='lat' dir='ltr'>Plataeas</span> <span class='ocrx_word' id='word_1_55' title='bbox 398 574 507 610; x_wconf 82' lang='lat' dir='ltr'>simili</span> <span class='ocrx_word' id='word_1_56' title='bbox 523 575 729 609; x_wconf 90' lang='lat' dir='ltr'>iuramento</span> <span class='ocrx_word' id='word_1_57' title='bbox 748 588 784 608; x_wconf 91' lang='lat' dir='ltr'>se</span> <span class='ocrx_word' id='word_1_58' title='bbox 803 588 927 608; x_wconf 91' lang='lat' dir='ltr'>omnes</span> <span class='ocrx_word' id='word_1_59' title='bbox 943 574 1073 608; x_wconf 90' lang='lat' dir='ltr'>Graeci</span> <span class='ocrx_word' id='word_1_60' title='bbox 1092 574 1154 607; x_wconf 88' lang='lat' dir='ltr'>ob-</span> 
     </span>
     <span class='ocr_line' id='line_1_10' title="bbox 148 626 1153 673; baseline -0.002 -13"><span class='ocrx_word' id='word_1_61' title='bbox 148 628 326 672; x_wconf 83' lang='lat' dir='ltr'>ligarunt,</span> <span class='ocrx_word' id='word_1_62' title='bbox 355 627 453 673; x_wconf 92' lang='lat' dir='ltr'>quod</span> <span class='ocrx_word' id='word_1_63' title='bbox 471 626 616 672; x_wconf 88' lang='lat' dir='ltr'>quidem</span> <span class='ocrx_word' id='word_1_64' title='bbox 632 640 706 660; x_wconf 88' lang='lat' dir='ltr'>non</span> <span class='ocrx_word' id='word_1_65' title='bbox 723 633 807 660; x_wconf 91' lang='lat' dir='ltr'>tunc</span> <span class='ocrx_word' id='word_1_66' title='bbox 830 627 1065 666; x_wconf 86' lang='lat' dir='ltr'>invenerunt,</span> <span class='ocrx_word' id='word_1_67' title='bbox 1093 626 1153 659; x_wconf 90' lang='lat' dir='ltr'>sed</span> 
     </span>
     <span class='ocr_line' id='line_1_11' title="bbox 149 678 1154 724; baseline -0.002 -12"><span class='ocrx_word' id='word_1_68' title='bbox 149 679 352 724; x_wconf 84' lang='lat' dir='ltr'>exemplum</span> <span class='ocrx_word' id='word_1_69' title='bbox 370 691 389 712; x_wconf 87' lang='lat' dir='ltr'>a</span> <span class='ocrx_word' id='word_1_70' title='bbox 406 685 522 712; x_wconf 82' lang='lat' dir='ltr'>vestra</span> <span class='ocrx_word' id='word_1_71' title='bbox 541 678 682 712; x_wconf 85' lang='lat' dir='ltr'>civitate</span> <span class='ocrx_word' id='word_1_72' title='bbox 701 685 924 718; x_wconf 80' lang='lat' dir='ltr'><strong>sumserunt,</strong></span> <span class='ocrx_word' id='word_1_73' title='bbox 954 680 1050 724; x_wconf 89' lang='lat' dir='ltr'>quod</span> <span class='ocrx_word' id='word_1_74' title='bbox 1070 689 1154 710; x_wconf 83' lang='lat' dir='ltr'>con-</span> 
     </span>
     <span class='ocr_line' id='line_1_12' title="bbox 147 728 1152 774; baseline -0.002 -10"><span class='ocrx_word' id='word_1_75' title='bbox 147 730 364 771; x_wconf 84' lang='lat' dir='ltr'>siderantes,</span> <span class='ocrx_word' id='word_1_76' title='bbox 393 737 433 764; x_wconf 90' lang='lat' dir='ltr'>ut</span> <span class='ocrx_word' id='word_1_77' title='bbox 449 728 564 764; x_wconf 78' lang='lat' dir='ltr'>adhuc</span> <span class='ocrx_word' id='word_1_78' title='bbox 578 730 749 774; x_wconf 89' lang='lat' dir='ltr'>scriptum</span> <span class='ocrx_word' id='word_1_79' title='bbox 768 737 863 763; x_wconf 87' lang='lat' dir='ltr'>extat</span> <span class='ocrx_word' id='word_1_80' title='bbox 886 729 1034 763; x_wconf 87' lang='lat' dir='ltr'>minutis</span> <span class='ocrx_word' id='word_1_81' title='bbox 1060 729 1152 762; x_wconf 87' lang='lat' dir='ltr'>litte—</span> 
     </span>
     <span class='ocr_line' id='line_1_13' title="bbox 151 781 830 823; baseline 0 -8"><span class='ocrx_word' id='word_1_82' title='bbox 151 782 220 823; x_wconf 85' lang='lat' dir='ltr'>ris,</span> <span class='ocrx_word' id='word_1_83' title='bbox 249 783 419 816; x_wconf 81' lang='lat' dir='ltr'>virtutem</span> <span class='ocrx_word' id='word_1_84' title='bbox 437 782 568 815; x_wconf 86' lang='lat' dir='ltr'>civium</span> <span class='ocrx_word' id='word_1_85' title='bbox 586 781 830 816; x_wconf 81' lang='lat' dir='ltr'>admiramini.</span> 
     </span>
    </p>
   </div>
   <div class='ocr_carea' id='block_1_3' title="bbox 447 893 847 927">
    <p class='ocr_par' dir='ltr' id='par_1_3' title="bbox 447 893 847 927">
     <span class='ocr_line' id='line_1_14' title="bbox 447 893 847 927; baseline -0.005 -1"><span class='ocrx_word' id='word_1_86' title='bbox 447 893 847 927; x_wconf 75' lang='lat' dir='ltr'>Iusiurandum.</span> 
     </span>
    </p>
   </div>
   <div class='ocr_carea' id='block_1_4' title="bbox 145 961 1153 1365">
    <p class='ocr_par' dir='ltr' id='par_1_4' title="bbox 145 961 1153 1365">
     <span class='ocr_line' id='line_1_15' title="bbox 252 961 1153 1006; baseline -0.004 -10"><span class='ocrx_word' id='word_1_87' title='bbox 252 964 330 996; x_wconf 80' lang='lat' dir='ltr'>Non</span> <span class='ocrx_word' id='word_1_88' title='bbox 342 963 454 1006; x_wconf 74' lang='lat' dir='ltr'>pluris</span> <span class='ocrx_word' id='word_1_89' title='bbox 466 961 596 1005; x_wconf 69' lang='lat' dir='ltr'>faciam</span> <span class='ocrx_word' id='word_1_90' title='bbox 614 963 717 995; x_wconf 73' lang='lat' dir='ltr'>vitam</span> <span class='ocrx_word' id='word_1_91' title='bbox 733 973 857 1001; x_wconf 84' lang='lat' dir='ltr'>meam,</span> <span class='ocrx_word' id='word_1_92' title='bbox 886 972 986 1006; x_wconf 79' lang='lat' dir='ltr'>quam</span> <span class='ocrx_word' id='word_1_93' title='bbox 1009 961 1153 993; x_wconf 74' lang='lat' dir='ltr'>liberta-</span> 
     </span>
     <span class='ocr_line' id='line_1_16' title="bbox 147 1015 1152 1054; baseline -0.003 -7"><span class='ocrx_word' id='word_1_94' title='bbox 147 1020 235 1054; x_wconf 79' lang='lat' dir='ltr'>tem,</span> <span class='ocrx_word' id='word_1_95' title='bbox 268 1026 327 1047; x_wconf 81' lang='lat' dir='ltr'>uec</span> <span class='ocrx_word' id='word_1_96' title='bbox 343 1015 495 1047; x_wconf 79' lang='lat' dir='ltr'><strong><em>deseram</em></strong></span> <span class='ocrx_word' id='word_1_97' title='bbox 518 1015 618 1046; x_wconf 75' lang='lat' dir='ltr'>duces</span> <span class='ocrx_word' id='word_1_98' title='bbox 642 1015 730 1046; x_wconf 70' lang='lat' dir='ltr'>vivos</span> <span class='ocrx_word' id='word_1_99' title='bbox 752 1018 811 1046; x_wconf 80' lang='lat' dir='ltr'>aut</span> <span class='ocrx_word' id='word_1_100' title='bbox 835 1017 1003 1052; x_wconf 72' lang='lat' dir='ltr'>mortuos,</span> <span class='ocrx_word' id='word_1_101' title='bbox 1039 1017 1070 1045; x_wconf 84' lang='lat' dir='ltr'>et</span> <span class='ocrx_word' id='word_1_102' title='bbox 1097 1023 1152 1044; x_wconf 80' lang='lat' dir='ltr'>so-</span> 
     </span>
     <span class='ocr_line' id='line_1_17' title="bbox 147 1065 1152 1109; baseline -0.003 -10"><span class='ocrx_word' id='word_1_103' title='bbox 147 1068 217 1100; x_wconf 76' lang='lat' dir='ltr'>cios</span> <span class='ocrx_word' id='word_1_104' title='bbox 236 1065 431 1109; x_wconf 71' lang='lat' dir='ltr'>interfectos</span> <span class='ocrx_word' id='word_1_105' title='bbox 447 1067 484 1098; x_wconf 80' lang='lat' dir='ltr'>in</span> <span class='ocrx_word' id='word_1_106' title='bbox 505 1065 634 1108; x_wconf 79' lang='lat' dir='ltr'>proelio</span> <span class='ocrx_word' id='word_1_107' title='bbox 656 1065 837 1107; x_wconf 44' lang='lat' dir='ltr'>sepeliam&amp;</span> <span class='ocrx_word' id='word_1_108' title='bbox 873 1069 903 1097; x_wconf 75' lang='lat' dir='ltr'>et</span> <span class='ocrx_word' id='word_1_109' title='bbox 931 1076 1005 1096; x_wconf 84' lang='lat' dir='ltr'>cum</span> <span class='ocrx_word' id='word_1_110' title='bbox 1030 1065 1152 1102; x_wconf 72' lang='lat' dir='ltr'>vicero,</span> 
     </span>
     <span class='ocr_line' id='line_1_18' title="bbox 148 1115 1152 1161; baseline -0.004 -10"><span class='ocrx_word' id='word_1_111' title='bbox 148 1118 276 1151; x_wconf 72' lang='lat' dir='ltr'>nullius</span> <span class='ocrx_word' id='word_1_112' title='bbox 299 1119 525 1156; x_wconf 82' lang='lat' dir='ltr'>Graecorum,</span> <span class='ocrx_word' id='word_1_113' title='bbox 563 1118 620 1161; x_wconf 71' lang='lat' dir='ltr'>qui</span> <span class='ocrx_word' id='word_1_114' title='bbox 653 1116 732 1149; x_wconf 77' lang='lat' dir='ltr'>huic</span> <span class='ocrx_word' id='word_1_115' title='bbox 754 1115 800 1160; x_wconf 74' lang='lat'>⁵¹)</span> <span class='ocrx_word' id='word_1_116' title='bbox 830 1116 958 1158; x_wconf 74' lang='lat' dir='ltr'>proelio</span> <span class='ocrx_word' id='word_1_117' title='bbox 986 1115 1152 1158; x_wconf 71' lang='lat' dir='ltr'>interfue-</span> 
     </span>
     <span class='ocr_line' id='line_1_19' title="bbox 146 1168 1153 1212; baseline -0.004 -9"><span class='ocrx_word' id='word_1_118' title='bbox 146 1175 246 1211; x_wconf 80' lang='lat' dir='ltr'>runt,</span> <span class='ocrx_word' id='word_1_119' title='bbox 275 1170 444 1203; x_wconf 69' lang='lat' dir='ltr'>civitatem</span> <span class='ocrx_word' id='word_1_120' title='bbox 459 1169 587 1207; x_wconf 69' lang='lat' dir='ltr'>deleb03</span> <span class='ocrx_word' id='word_1_121' title='bbox 615 1168 725 1200; x_wconf 84' lang='lat' dir='ltr'><em>delebo</em></span> <span class='ocrx_word' id='word_1_122' title='bbox 740 1173 852 1201; x_wconf 79' lang='lat' dir='ltr'>autem</span> <span class='ocrx_word' id='word_1_123' title='bbox 868 1179 945 1206; x_wconf 83' lang='lat' dir='ltr'>eas,</span> <span class='ocrx_word' id='word_1_124' title='bbox 975 1178 1059 1212; x_wconf 80' lang='lat' dir='ltr'>quae</span> <span class='ocrx_word' id='word_1_125' title='bbox 1078 1179 1153 1199; x_wconf 79' lang='lat' dir='ltr'>eum</span> 
     </span>
     <span class='ocr_line' id='line_1_20' title="bbox 147 1219 1152 1261; baseline -0.004 -7"><span class='ocrx_word' id='word_1_126' title='bbox 147 1222 266 1255; x_wconf 77' lang='lat' dir='ltr'>Persis</span> <span class='ocrx_word' id='word_1_127' title='bbox 281 1225 470 1254; x_wconf 73' lang='lat' dir='ltr'>senserunt.</span> <span class='ocrx_word' id='word_1_128' title='bbox 520 1222 592 1253; x_wconf 80' lang='lat' dir='ltr'>IVec</span> <span class='ocrx_word' id='word_1_129' title='bbox 607 1231 729 1252; x_wconf 79' lang='lat' dir='ltr'>rursus</span> <span class='ocrx_word' id='word_1_130' title='bbox 747 1225 928 1255; x_wconf 71' lang='lat' dir='ltr'>exstruam,</span> <span class='ocrx_word' id='word_1_131' title='bbox 946 1219 1070 1261; x_wconf 75' lang='lat' dir='ltr'>templa</span> <span class='ocrx_word' id='word_1_132' title='bbox 1096 1220 1152 1251; x_wconf 78' lang='grc' dir='ltr'>ἰη-</span> 
     </span>
     <span class='ocr_line' id='line_1_21' title="bbox 145 1271 1153 1310; baseline -0.005 -4"><span class='ocrx_word' id='word_1_133' title='bbox 145 1285 245 1307; x_wconf 81' lang='lat' dir='ltr'>censa</span> <span class='ocrx_word' id='word_1_134' title='bbox 262 1278 321 1306; x_wconf 76' lang='lat' dir='ltr'>aut</span> <span class='ocrx_word' id='word_1_135' title='bbox 337 1284 452 1306; x_wconf 79' lang='lat' dir='ltr'>eversa</span> <span class='ocrx_word' id='word_1_136' title='bbox 472 1283 493 1303; x_wconf 88' lang='grc' dir='ltr'><em>α</em></span> <span class='ocrx_word' id='word_1_137' title='bbox 517 1272 693 1310; x_wconf 74' lang='lat' dir='ltr'>barbaris,</span> <span class='ocrx_word' id='word_1_138' title='bbox 730 1272 788 1303; x_wconf 78' lang='lat' dir='ltr'>sed</span> <span class='ocrx_word' id='word_1_139' title='bbox 810 1271 922 1303; x_wconf 73' lang='lat' dir='ltr'>sinum</span> <span class='ocrx_word' id='word_1_140' title='bbox 946 1282 1003 1303; x_wconf 82' lang='lat' dir='ltr'>eas</span> <span class='ocrx_word' id='word_1_141' title='bbox 1030 1272 1153 1303; x_wconf 73' lang='lat' dir='ltr'>ruinas</span> 
     </span>
     <span class='ocr_line' id='line_1_22' title="bbox 147 1323 832 1365; baseline -0.006 -7"><span class='ocrx_word' id='word_1_142' title='bbox 147 1326 353 1358; x_wconf 76' lang='lat' dir='ltr'>monimenta</span> <span class='ocrx_word' id='word_1_143' title='bbox 369 1335 440 1357; x_wconf 78' lang='lat' dir='ltr'>esse</span> <span class='ocrx_word' id='word_1_144' title='bbox 458 1324 616 1356; x_wconf 75' lang='lat' dir='ltr'>Persicae</span> <span class='ocrx_word' id='word_1_145' title='bbox 632 1323 832 1365; x_wconf 73' lang='lat' dir='ltr'>impietatis.</span> 
     </span>
    </p>
   </div>
   <div class='ocr_carea' id='block_1_5' title="bbox 145 1400 1152 2396">
    <p class='ocr_par' dir='ltr' id='par_1_5' title="bbox 145 1400 1152 1590">
     <span class='ocr_line' id='line_1_23' title="bbox 249 1400 1151 1435; baseline -0.006 -2"><span class='ocrx_word' id='word_1_146' title='bbox 249 1401 326 1434; x_wconf 86' lang='lat' dir='ltr'>Hoc</span> <span class='ocrx_word' id='word_1_147' title='bbox 336 1400 584 1433; x_wconf 89' lang='lat' dir='ltr'>iusiurandum</span> <span class='ocrx_word' id='word_1_148' title='bbox 596 1411 674 1431; x_wconf 86' lang='lat' dir='ltr'>cum</span> <span class='ocrx_word' id='word_1_149' title='bbox 686 1404 805 1431; x_wconf 89' lang='lat' dir='ltr'>sancte</span> <span class='ocrx_word' id='word_1_150' title='bbox 816 1403 1003 1430; x_wconf 76' lang='lat' dir='ltr'>servarent</span> <span class='ocrx_word' id='word_1_151' title='bbox 1014 1408 1151 1435; x_wconf 91' lang='lat' dir='ltr'>omnes,</span> 
     </span>
     <span class='ocr_line' id='line_1_24' title="bbox 145 1446 1152 1494; baseline -0.006 -8"><span class='ocrx_word' id='word_1_152' title='bbox 145 1452 213 1486; x_wconf 92' lang='lat' dir='ltr'>Dei</span> <span class='ocrx_word' id='word_1_153' title='bbox 228 1451 518 1485; x_wconf 76' lang='lat' dir='ltr'>benevolentiam</span> <span class='ocrx_word' id='word_1_154' title='bbox 539 1450 645 1483; x_wconf 86' lang='lat' dir='ltr'>etiam</span> <span class='ocrx_word' id='word_1_155' title='bbox 658 1448 922 1494; x_wconf 73' lang='lat' dir='ltr'>opitulatricem</span> <span class='ocrx_word' id='word_1_156' title='bbox 936 1446 1152 1487; x_wconf 82' lang='lat' dir='ltr'>habuerunt,</span> 
     </span>
     <span class='ocr_line' id='line_1_25' title="bbox 148 1501 1152 1550; baseline -0.007 -12"><span class='ocrx_word' id='word_1_157' title='bbox 148 1517 302 1550; x_wconf 88' lang='lat' dir='ltr'>cumque</span> <span class='ocrx_word' id='word_1_158' title='bbox 318 1503 427 1537; x_wconf 88' lang='lat' dir='ltr'>suerit</span> <span class='ocrx_word' id='word_1_159' title='bbox 445 1515 574 1546; x_wconf 83' lang='lat' dir='ltr'>magna</span> <span class='ocrx_word' id='word_1_160' title='bbox 596 1501 708 1534; x_wconf 78' lang='lat' dir='ltr'>virtus</span> <span class='ocrx_word' id='word_1_161' title='bbox 726 1502 887 1533; x_wconf 89' lang='lat' dir='ltr'>omnium</span> <span class='ocrx_word' id='word_1_162' title='bbox 901 1528 908 1539; x_wconf 86' lang='lat'>,</span> <span class='ocrx_word' id='word_1_163' title='bbox 947 1506 1067 1532; x_wconf 82' lang='lat' dir='ltr'>tamen</span> <span class='ocrx_word' id='word_1_164' title='bbox 1094 1512 1152 1532; x_wconf 61' lang='lat' dir='ltr'>ve-</span> 
     </span>
     <span class='ocr_line' id='line_1_26' title="bbox 148 1553 763 1590; baseline -0.003 -1"><span class='ocrx_word' id='word_1_165' title='bbox 148 1563 219 1590; x_wconf 87' lang='lat' dir='ltr'>stra</span> <span class='ocrx_word' id='word_1_166' title='bbox 239 1556 364 1589; x_wconf 82' lang='lat' dir='ltr'>civitas</span> <span class='ocrx_word' id='word_1_167' title='bbox 382 1554 529 1588; x_wconf 85' lang='lat' dir='ltr'>caeteris</span> <span class='ocrx_word' id='word_1_168' title='bbox 548 1553 763 1587; x_wconf 88' lang='lat' dir='ltr'>antecelluit.</span> 
     </span>
    </p>

    <p class='ocr_par' dir='ltr' id='par_1_6' title="bbox 146 1611 1150 2025">
     <span class='ocr_line' id='line_1_27' title="bbox 255 1611 1149 1658; baseline -0.007 -9"><span class='ocrx_word' id='word_1_169' title='bbox 255 1616 344 1649; x_wconf 90' lang='lat' dir='ltr'>Cum</span> <span class='ocrx_word' id='word_1_170' title='bbox 366 1622 485 1649; x_wconf 89' lang='lat' dir='ltr'>autem</span> <span class='ocrx_word' id='word_1_171' title='bbox 504 1614 553 1646; x_wconf 88' lang='lat' dir='ltr'>illi</span> <span class='ocrx_word' id='word_1_172' title='bbox 573 1626 638 1658; x_wconf 85' lang='lat' dir='ltr'>pro</span> <span class='ocrx_word' id='word_1_173' title='bbox 657 1613 772 1658; x_wconf 84' lang='lat' dir='ltr'>patria</span> <span class='ocrx_word' id='word_1_174' title='bbox 795 1612 1015 1656; x_wconf 74' lang='lat' dir='ltr'>profundere</span> <span class='ocrx_word' id='word_1_175' title='bbox 1040 1611 1149 1643; x_wconf 61' lang='lat' dir='ltr'>vitam</span> 
     </span>
     <span class='ocr_line' id='line_1_28' title="bbox 148 1666 1150 1712; baseline -0.007 -11"><span class='ocrx_word' id='word_1_176' title='bbox 148 1668 225 1702; x_wconf 88' lang='lat' dir='ltr'>ausi</span> <span class='ocrx_word' id='word_1_177' title='bbox 249 1668 319 1702; x_wconf 90' lang='lat' dir='ltr'>sint</span> <span class='ocrx_word' id='word_1_178' title='bbox 332 1667 397 1712; x_wconf 75' lang='grc'>55),</span> <span class='ocrx_word' id='word_1_179' title='bbox 440 1666 728 1709; x_wconf 80' lang='lat' dir='ltr'>indignissimum</span> <span class='ocrx_word' id='word_1_180' title='bbox 756 1671 864 1703; x_wconf 89' lang='lat' dir='ltr'>esset,</span> <span class='ocrx_word' id='word_1_181' title='bbox 906 1676 969 1696; x_wconf 67' lang='lat' dir='ltr'>vos</span> <span class='ocrx_word' id='word_1_182' title='bbox 990 1675 1065 1695; x_wconf 87' lang='lat' dir='ltr'>non</span> <span class='ocrx_word' id='word_1_183' title='bbox 1090 1675 1150 1695; x_wconf 88' lang='lat' dir='ltr'>au-</span> 
     </span>
     <span class='ocr_line' id='line_1_29' title="bbox 146 1714 1150 1765; baseline -0.008 -11"><span class='ocrx_word' id='word_1_184' title='bbox 146 1722 230 1754; x_wconf 86' lang='lat' dir='ltr'>dere</span> <span class='ocrx_word' id='word_1_185' title='bbox 254 1732 407 1765; x_wconf 87' lang='lat' dir='ltr'>poenam</span> <span class='ocrx_word' id='word_1_186' title='bbox 433 1731 573 1752; x_wconf 81' lang='lat' dir='ltr'>sumere</span> <span class='ocrx_word' id='word_1_187' title='bbox 602 1719 645 1750; x_wconf 85' lang='lat' dir='ltr'>de</span> <span class='ocrx_word' id='word_1_188' title='bbox 676 1716 738 1755; x_wconf 83' lang='lat' dir='ltr'>iis,</span> <span class='ocrx_word' id='word_1_189' title='bbox 781 1728 936 1762; x_wconf 85' lang='lat' dir='ltr'>quorum</span> <span class='ocrx_word' id='word_1_190' title='bbox 964 1714 1150 1758; x_wconf 73' lang='lat' dir='ltr'>turpitudo</span> 
     </span>
     <span class='ocr_line' id='line_1_30' title="bbox 148 1767 1150 1807; baseline -0.007 -2"><span class='ocrx_word' id='word_1_191' title='bbox 148 1779 220 1806; x_wconf 88' lang='lat' dir='ltr'>tam</span> <span class='ocrx_word' id='word_1_192' title='bbox 238 1773 404 1805; x_wconf 75' lang='lat' dir='ltr'>laudatae</span> <span class='ocrx_word' id='word_1_193' title='bbox 425 1770 560 1803; x_wconf 60' lang='lat' dir='ltr'>civitati</span> <span class='ocrx_word' id='word_1_194' title='bbox 577 1769 744 1803; x_wconf 87' lang='lat' dir='ltr'>dedecori</span> <span class='ocrx_word' id='word_1_195' title='bbox 769 1774 839 1807; x_wconf 89' lang='lat' dir='ltr'>est,</span> <span class='ocrx_word' id='word_1_196' title='bbox 867 1780 930 1800; x_wconf 85' lang='lat' dir='ltr'>nec</span> <span class='ocrx_word' id='word_1_197' title='bbox 954 1767 1045 1800; x_wconf 89' lang='lat' dir='ltr'>tueri</span> <span class='ocrx_word' id='word_1_198' title='bbox 1073 1773 1150 1799; x_wconf 83' lang='lat' dir='ltr'>tan-</span> 
     </span>
     <span class='ocr_line' id='line_1_31' title="bbox 148 1817 1150 1866; baseline -0.009 -8"><span class='ocrx_word' id='word_1_199' title='bbox 148 1824 192 1858; x_wconf 89' lang='lat' dir='ltr'>tis</span> <span class='ocrx_word' id='word_1_200' title='bbox 210 1824 393 1857; x_wconf 79' lang='lat' dir='ltr'>laboribus</span> <span class='ocrx_word' id='word_1_201' title='bbox 410 1822 589 1855; x_wconf 86' lang='lat' dir='ltr'>maiorum</span> <span class='ocrx_word' id='word_1_202' title='bbox 608 1827 749 1866; x_wconf 81' lang='lat' dir='ltr'>partam</span> <span class='ocrx_word' id='word_1_203' title='bbox 768 1819 940 1863; x_wconf 80' lang='lat' dir='ltr'>gloriam,</span> <span class='ocrx_word' id='word_1_204' title='bbox 964 1831 1054 1864; x_wconf 87' lang='lat' dir='ltr'>quae</span> <span class='ocrx_word' id='word_1_205' title='bbox 1072 1817 1150 1850; x_wconf 84' lang='lat' dir='ltr'>tali-</span> 
     </span>
     <span class='ocr_line' id='line_1_32' title="bbox 147 1869 1150 1917; baseline -0.009 -7"><span class='ocrx_word' id='word_1_206' title='bbox 147 1878 213 1910; x_wconf 89' lang='lat' dir='ltr'>bus</span> <span class='ocrx_word' id='word_1_207' title='bbox 245 1875 436 1910; x_wconf 83' lang='lat' dir='ltr'>sceleribus</span> <span class='ocrx_word' id='word_1_208' title='bbox 465 1875 688 1908; x_wconf 85' lang='lat' dir='ltr'>obscuratur.</span> <span class='ocrx_word' id='word_1_209' title='bbox 756 1872 874 1917; x_wconf 82' lang='lat' dir='ltr'>Atque</span> <span class='ocrx_word' id='word_1_210' title='bbox 903 1883 966 1904; x_wconf 66' lang='lat' dir='ltr'>vos</span> <span class='ocrx_word' id='word_1_211' title='bbox 995 1869 1150 1903; x_wconf 79' lang='lat' dir='ltr'>maxime</span> 
     </span>
     <span class='ocr_line' id='line_1_33' title="bbox 147 1923 1149 1969; baseline -0.009 -7"><span class='ocrx_word' id='word_1_212' title='bbox 147 1929 241 1962; x_wconf 88' lang='lat' dir='ltr'>inter</span> <span class='ocrx_word' id='word_1_213' title='bbox 257 1929 415 1962; x_wconf 87' lang='lat' dir='ltr'>Graecos</span> <span class='ocrx_word' id='word_1_214' title='bbox 431 1928 531 1959; x_wconf 76' lang='lat' dir='ltr'>decet</span> <span class='ocrx_word' id='word_1_215' title='bbox 547 1938 619 1958; x_wconf 89' lang='lat' dir='ltr'>non</span> <span class='ocrx_word' id='word_1_216' title='bbox 637 1924 813 1969; x_wconf 79' lang='lat' dir='ltr'>negligere</span> <span class='ocrx_word' id='word_1_217' title='bbox 835 1923 988 1956; x_wconf 69' lang='lat' dir='ltr'>civitatis</span> <span class='ocrx_word' id='word_1_218' title='bbox 1012 1928 1149 1956; x_wconf 62' lang='lat' dir='ltr'>vestrae</span> 
     </span>
     <span class='ocr_line' id='line_1_34' title="bbox 150 1980 314 2025; baseline 0.006 -12"><span class='ocrx_word' id='word_1_219' title='bbox 150 1980 314 2025; x_wconf 85' lang='lat' dir='ltr'>gloriam.</span> 
     </span>
    </p>

    <p class='ocr_par' dir='ltr' id='par_1_7' title="bbox 148 2033 1150 2396">
     <span class='ocr_line' id='line_1_35' title="bbox 252 2033 1150 2084; baseline -0.01 -10"><span class='ocrx_word' id='word_1_220' title='bbox 252 2040 345 2073; x_wconf 84' lang='lat' dir='ltr'>Volo</span> <span class='ocrx_word' id='word_1_221' title='bbox 380 2046 499 2073; x_wconf 84' lang='lat' dir='ltr'>autem</span> <span class='ocrx_word' id='word_1_222' title='bbox 531 2050 642 2084; x_wconf 85' lang='lat' dir='ltr'>pauca</span> <span class='ocrx_word' id='word_1_223' title='bbox 676 2038 852 2082; x_wconf 77' lang='lat' dir='ltr'>quaedam</span> <span class='ocrx_word' id='word_1_224' title='bbox 878 2034 1038 2079; x_wconf 86' lang='lat' dir='ltr'>exempla</span> <span class='ocrx_word' id='word_1_225' title='bbox 1063 2033 1150 2066; x_wconf 85' lang='lat' dir='ltr'>reci-</span> 
     </span>
     <span class='ocr_line' id='line_1_36' title="bbox 150 2083 1150 2139; baseline -0.008 -14"><span class='ocrx_word' id='word_1_226' title='bbox 150 2099 226 2125; x_wconf 89' lang='lat' dir='ltr'>tare</span> <span class='ocrx_word' id='word_1_227' title='bbox 245 2092 313 2139; x_wconf 75' lang='grc'>56),</span> <span class='ocrx_word' id='word_1_228' title='bbox 342 2092 470 2138; x_wconf 90' lang='lat' dir='ltr'>quibus</span> <span class='ocrx_word' id='word_1_229' title='bbox 488 2089 783 2128; x_wconf 84' lang='lat' dir='ltr'>connuonesacti,</span> <span class='ocrx_word' id='word_1_230' title='bbox 812 2087 941 2120; x_wconf 82' lang='lat' dir='ltr'>rectius</span> <span class='ocrx_word' id='word_1_231' title='bbox 959 2092 993 2119; x_wconf 92' lang='lat' dir='ltr'>et</span> <span class='ocrx_word' id='word_1_232' title='bbox 1014 2086 1056 2118; x_wconf 89' lang='lat' dir='ltr'>de</span> <span class='ocrx_word' id='word_1_233' title='bbox 1082 2083 1150 2117; x_wconf 90' lang='lat' dir='ltr'>hoc</span> 
     </span>
     <span class='ocr_line' id='line_1_37' title="bbox 150 2137 1149 2187; baseline -0.007 -10"><span class='ocrx_word' id='word_1_234' title='bbox 150 2157 213 2177; x_wconf 85' lang='lat' dir='ltr'>reo</span> <span class='ocrx_word' id='word_1_235' title='bbox 233 2151 266 2177; x_wconf 87' lang='lat' dir='ltr'>et</span> <span class='ocrx_word' id='word_1_236' title='bbox 283 2146 324 2177; x_wconf 89' lang='lat' dir='ltr'>de</span> <span class='ocrx_word' id='word_1_237' title='bbox 342 2144 419 2178; x_wconf 83' lang='lat' dir='ltr'>aliis</span> <span class='ocrx_word' id='word_1_238' title='bbox 437 2144 558 2176; x_wconf 89' lang='lat' dir='ltr'>multis</span> <span class='ocrx_word' id='word_1_239' title='bbox 573 2141 725 2187; x_wconf 80' lang='lat' dir='ltr'>negotiis</span> <span class='ocrx_word' id='word_1_240' title='bbox 752 2140 950 2173; x_wconf 85' lang='lat' dir='ltr'>deliberare</span> <span class='ocrx_word' id='word_1_241' title='bbox 975 2137 1149 2182; x_wconf 85' lang='lat' dir='ltr'>poteritis.</span> 
     </span>
     <span class='ocr_line' id='line_1_38' title="bbox 148 2187 1150 2239; baseline -0.01 -9"><span class='ocrx_word' id='word_1_242' title='bbox 148 2196 298 2230; x_wconf 81' lang='lat' dir='ltr'>Excellit</span> <span class='ocrx_word' id='word_1_243' title='bbox 316 2196 410 2229; x_wconf 84' lang='lat' dir='ltr'>enim</span> <span class='ocrx_word' id='word_1_244' title='bbox 429 2193 494 2228; x_wconf 85' lang='lat' dir='ltr'>hac</span> <span class='ocrx_word' id='word_1_245' title='bbox 510 2196 585 2239; x_wconf 80' lang='lat' dir='ltr'>lege</span> <span class='ocrx_word' id='word_1_246' title='bbox 603 2200 724 2227; x_wconf 86' lang='lat' dir='ltr'>nostra</span> <span class='ocrx_word' id='word_1_247' title='bbox 748 2192 890 2231; x_wconf 69' lang='lat' dir='ltr'>civitas,</span> <span class='ocrx_word' id='word_1_248' title='bbox 919 2191 1016 2236; x_wconf 83' lang='lat' dir='ltr'>quod</span> <span class='ocrx_word' id='word_1_249' title='bbox 1040 2187 1150 2221; x_wconf 90' lang='lat' dir='ltr'>hone-</span> 
     </span>
     <span class='ocr_line' id='line_1_39' title="bbox 150 2243 1149 2293; baseline -0.01 -11"><span class='ocrx_word' id='word_1_250' title='bbox 150 2256 202 2283; x_wconf 85' lang='lat' dir='ltr'>sta</span> <span class='ocrx_word' id='word_1_251' title='bbox 223 2249 382 2293; x_wconf 81' lang='lat' dir='ltr'>exempla</span> <span class='ocrx_word' id='word_1_252' title='bbox 402 2249 550 2281; x_wconf 88' lang='lat' dir='ltr'>caeteris</span> <span class='ocrx_word' id='word_1_253' title='bbox 567 2246 712 2280; x_wconf 87' lang='lat' dir='ltr'>Graecis</span> <span class='ocrx_word' id='word_1_254' title='bbox 737 2243 920 2290; x_wconf 84' lang='lat' dir='ltr'>praebuit;</span> <span class='ocrx_word' id='word_1_255' title='bbox 958 2248 1149 2288; x_wconf 88' lang='lat' dir='ltr'>quantum-</span> 
     </span>
     <span class='ocr_line' id='line_1_40' title="bbox 150 2294 1148 2346; baseline -0.01 -12"><span class='ocrx_word' id='word_1_256' title='bbox 150 2313 218 2346; x_wconf 90' lang='lat' dir='ltr'>que</span> <span class='ocrx_word' id='word_1_257' title='bbox 251 2306 424 2334; x_wconf 80' lang='lat' dir='ltr'>vetustate</span> <span class='ocrx_word' id='word_1_258' title='bbox 459 2305 614 2332; x_wconf 83' lang='lat' dir='ltr'>caeteras</span> <span class='ocrx_word' id='word_1_259' title='bbox 649 2297 807 2331; x_wconf 74' lang='lat' dir='ltr'>civitates</span> <span class='ocrx_word' id='word_1_260' title='bbox 838 2294 967 2334; x_wconf 84' lang='lat' dir='ltr'>anteit,</span> <span class='ocrx_word' id='word_1_261' title='bbox 1008 2299 1148 2326; x_wconf 87' lang='lat' dir='ltr'>tantum</span> 
     </span>
     <span class='ocr_line' id='line_1_41' title="bbox 152 2352 652 2396; baseline -0.004 -10"><span class='ocrx_word' id='word_1_262' title='bbox 152 2365 277 2387; x_wconf 89' lang='lat' dir='ltr'>omnes</span> <span class='ocrx_word' id='word_1_263' title='bbox 298 2359 331 2385; x_wconf 84' lang='lat' dir='ltr'>et</span> <span class='ocrx_word' id='word_1_264' title='bbox 348 2352 478 2386; x_wconf 84' lang='lat' dir='ltr'>virtute</span> <span class='ocrx_word' id='word_1_265' title='bbox 496 2356 652 2396; x_wconf 88' lang='lat' dir='ltr'>superat.</span> 
     </span>
    </p>
   </div>
   <div class='ocr_carea' id='block_1_6' title="bbox 187 2480 1149 2553">
    <p class='ocr_par' dir='ltr' id='par_1_8' title="bbox 187 2480 1149 2553">
     <span class='ocr_line' id='line_1_42' title="bbox 187 2480 1149 2517; baseline -0.01 -5"><span class='ocrx_word' id='word_1_266' title='bbox 187 2488 236 2516; x_wconf 81' lang='lat'>53)</span> <span class='ocrx_word' id='word_1_267' title='bbox 255 2489 287 2512; x_wconf 84' lang='grc' dir='ltr'>Η.</span> <span class='ocrx_word' id='word_1_268' title='bbox 309 2488 327 2513; x_wconf 90' lang='lat' dir='ltr'>l.</span> <span class='ocrx_word' id='word_1_269' title='bbox 347 2487 373 2511; x_wconf 87' lang='lat' dir='ltr'>iu</span> <span class='ocrx_word' id='word_1_270' title='bbox 392 2487 476 2511; x_wconf 83' lang='lat' dir='ltr'>Editt.</span> <span class='ocrx_word' id='word_1_271' title='bbox 499 2487 591 2517; x_wconf 54' lang='lat'>1548„</span> <span class='ocrx_word' id='word_1_272' title='bbox 618 2487 692 2511; x_wconf 80' lang='lat'>1554.</span> <span class='ocrx_word' id='word_1_273' title='bbox 713 2487 779 2510; x_wconf 82' lang='lat' dir='ltr'>nota</span> <span class='ocrx_word' id='word_1_274' title='bbox 804 2483 940 2516; x_wconf 80' lang='lat' dir='ltr'>margin.:</span> <span class='ocrx_word' id='word_1_275' title='bbox 968 2480 1149 2505; x_wconf 73' lang='lat' dir='ltr'>iurisiurandi</span> 
     </span>
     <span class='ocr_line' id='line_1_43' title="bbox 220 2523 527 2553; baseline 0.003 -6"><span class='ocrx_word' id='word_1_276' title='bbox 220 2523 317 2547; x_wconf 79' lang='lat' dir='ltr'>violati</span> <span class='ocrx_word' id='word_1_277' title='bbox 335 2524 412 2547; x_wconf 79' lang='lat' dir='ltr'>certa.</span> <span class='ocrx_word' id='word_1_278' title='bbox 430 2528 527 2553; x_wconf 85' lang='lat' dir='ltr'>poena.</span> 
     </span>
    </p>
   </div>
   <div class='ocr_carea' id='block_1_7' title="bbox 185 2571 974 2605">
    <p class='ocr_par' dir='ltr' id='par_1_9' title="bbox 185 2571 974 2605">
     <span class='ocr_line' id='line_1_44' title="bbox 185 2571 974 2605; baseline -0.008 -5"><span class='ocrx_word' id='word_1_279' title='bbox 185 2577 234 2605; x_wconf 81' lang='lat'>54)</span> <span class='ocrx_word' id='word_1_280' title='bbox 254 2576 336 2604; x_wconf 70' lang='lat' dir='ltr'>huic]</span> <span class='ocrx_word' id='word_1_281' title='bbox 354 2576 396 2599; x_wconf 87' lang='lat' dir='ltr'>sic</span> <span class='ocrx_word' id='word_1_282' title='bbox 415 2575 463 2599; x_wconf 79' lang='lat' dir='ltr'>Ed.</span> <span class='ocrx_word' id='word_1_283' title='bbox 486 2575 578 2604; x_wconf 80' lang='lat'>1562.;</span> <span class='ocrx_word' id='word_1_284' title='bbox 601 2573 684 2598; x_wconf 76' lang='lat' dir='ltr'>Editt.</span> <span class='ocrx_word' id='word_1_285' title='bbox 705 2573 797 2603; x_wconf 59' lang='lat'>1548„</span> <span class='ocrx_word' id='word_1_286' title='bbox 827 2572 902 2597; x_wconf 78' lang='lat'>1554.</span> <span class='ocrx_word' id='word_1_287' title='bbox 919 2571 974 2594; x_wconf 74' lang='lat' dir='ltr'>laic.</span> 
     </span>
    </p>
   </div>
   <div class='ocr_carea' id='block_1_8' title="bbox 185 2620 1147 2690">
    <p class='ocr_par' dir='ltr' id='par_1_10' title="bbox 185 2620 1147 2690">
     <span class='ocr_line' id='line_1_45' title="bbox 185 2620 1147 2658; baseline -0.01 -5"><span class='ocrx_word' id='word_1_288' title='bbox 185 2629 234 2657; x_wconf 81' lang='lat'>55]</span> <span class='ocrx_word' id='word_1_289' title='bbox 255 2630 286 2654; x_wconf 83' lang='grc' dir='ltr'>Η.</span> <span class='ocrx_word' id='word_1_290' title='bbox 313 2629 331 2653; x_wconf 86' lang='lat'>1.</span> <span class='ocrx_word' id='word_1_291' title='bbox 360 2629 388 2652; x_wconf 84' lang='lat' dir='ltr'>in</span> <span class='ocrx_word' id='word_1_292' title='bbox 414 2628 498 2653; x_wconf 83' lang='lat' dir='ltr'>Editt.</span> <span class='ocrx_word' id='word_1_293' title='bbox 528 2627 619 2658; x_wconf 57' lang='lat'>1548„</span> <span class='ocrx_word' id='word_1_294' title='bbox 645 2626 719 2651; x_wconf 74' lang='lat'>1554.</span> <span class='ocrx_word' id='word_1_295' title='bbox 744 2627 811 2650; x_wconf 81' lang='lat' dir='ltr'>uota</span> <span class='ocrx_word' id='word_1_296' title='bbox 836 2623 969 2656; x_wconf 63' lang='lat' dir='ltr'>margum</span> <span class='ocrx_word' id='word_1_297' title='bbox 999 2620 1147 2647; x_wconf 84' lang='lat' dir='ltr'>Conclusio</span> 
     </span>
     <span class='ocr_line' id='line_1_46' title="bbox 219 2663 521 2690; baseline -0.007 -2"><span class='ocrx_word' id='word_1_298' title='bbox 219 2664 304 2688; x_wconf 82' lang='lat' dir='ltr'>totius</span> <span class='ocrx_word' id='word_1_299' title='bbox 323 2663 521 2690; x_wconf 75' lang='lat' dir='ltr'>accusationis,</span> 
     </span>
    </p>
   </div>
   <div class='ocr_carea' id='block_1_9' title="bbox 183 2709 1146 2778">
    <p class='ocr_par' dir='ltr' id='par_1_11' title="bbox 183 2709 1146 2778">
     <span class='ocr_line' id='line_1_47' title="bbox 183 2709 1146 2745; baseline -0.016 1"><span class='ocrx_word' id='word_1_300' title='bbox 183 2717 233 2745; x_wconf 75' lang='grc'>56)</span> <span class='ocrx_word' id='word_1_301' title='bbox 255 2718 289 2743; x_wconf 84' lang='lat' dir='ltr'>H.</span> <span class='ocrx_word' id='word_1_302' title='bbox 308 2717 327 2743; x_wconf 88' lang='grc'>1.</span> <span class='ocrx_word' id='word_1_303' title='bbox 346 2717 373 2742; x_wconf 84' lang='lat' dir='ltr'>in</span> <span class='ocrx_word' id='word_1_304' title='bbox 393 2717 488 2741; x_wconf 82' lang='lat' dir='ltr'>iisdem</span> <span class='ocrx_word' id='word_1_305' title='bbox 506 2715 591 2740; x_wconf 85' lang='lat' dir='ltr'>Editt.</span> <span class='ocrx_word' id='word_1_306' title='bbox 616 2715 682 2739; x_wconf 82' lang='lat' dir='ltr'>nota</span> <span class='ocrx_word' id='word_1_307' title='bbox 707 2713 839 2744; x_wconf 66' lang='lat' dir='ltr'>margum</span> <span class='ocrx_word' id='word_1_308' title='bbox 871 2712 912 2736; x_wconf 80' lang='lat' dir='ltr'>Ab</span> <span class='ocrx_word' id='word_1_309' title='bbox 937 2709 1060 2740; x_wconf 84' lang='lat' dir='ltr'>exemplo</span> <span class='ocrx_word' id='word_1_310' title='bbox 1085 2712 1146 2732; x_wconf 84' lang='lat' dir='ltr'>ma-</span> 
     </span>
     <span class='ocr_line' id='line_1_48' title="bbox 211 2757 310 2778; baseline 0.02 -2"><span class='ocrx_word' id='word_1_311' title='bbox 211 2757 310 2778; x_wconf 80' lang='lat' dir='ltr'>iorum.</span> 
     </span>
    </p>
   </div>
   <div class='ocr_carea' id='block_1_10' title="bbox 323 123 2029 171">
    <p class='ocr_par' dir='ltr' id='par_1_12' title="bbox 323 123 2029 171">
     <span class='ocr_line' id='line_1_49' title="bbox 323 123 2029 171; baseline 0.005 -9"><span class='ocrx_word' id='word_1_312' title='bbox 323 127 478 162; x_wconf 75' lang='lat' dir='ltr'>xxxtx.</span> <span class='ocrx_word' id='word_1_313' title='bbox 516 124 919 162; x_wconf 75' lang='lat' dir='ltr'>INTERPRETATIO</span> <span class='ocrx_word' id='word_1_314' title='bbox 948 123 1213 160; x_wconf 69' lang='lat' dir='ltr'>oeATloMs</span> <span class='ocrx_word' id='word_1_315' title='bbox 1242 126 1458 163; x_wconf 71' lang='lat' dir='ltr'>LYcuael</span> <span class='ocrx_word' id='word_1_316' title='bbox 1487 130 1687 165; x_wconf 67' lang='lat' dir='ltr'><strong>CONTRA</strong></span> <span class='ocrx_word' id='word_1_317' title='bbox 1716 133 2029 171; x_wconf 75' lang='lat' dir='ltr'><strong>LEOCRATEM.</strong></span> 
     </span>
    </p>
   </div>
   <div class='ocr_carea' id='block_1_11' title="bbox 2133 139 2206 173">
    <p class='ocr_par' dir='ltr' id='par_1_13' title="bbox 2133 139 2206 173">
     <span class='ocr_line' id='line_1_50' title="bbox 2133 139 2206 173; baseline 0.014 -1"><span class='ocrx_word' id='word_1_318' title='bbox 2133 139 2206 173; x_wconf 83' lang='lat'>958</span> 
     </span>
    </p>
   </div>
   <div class='ocr_carea' id='block_1_12' title="bbox 1204 215 2209 2116">
    <p class='ocr_par' dir='ltr' id='par_1_14' title="bbox 1204 215 2209 2116">
     <span class='ocr_line' id='line_1_51' title="bbox 1315 215 2208 269; baseline 0.01 -20"><span class='ocrx_word' id='word_1_319' title='bbox 1315 215 1501 261; x_wconf 81' lang='lat' dir='ltr'>Regnante</span> <span class='ocrx_word' id='word_1_320' title='bbox 1528 219 1646 253; x_wconf 89' lang='lat' dir='ltr'>Codro</span> <span class='ocrx_word' id='word_1_321' title='bbox 1668 220 1734 267; x_wconf 75' lang='lat'>5⁷),</span> <span class='ocrx_word' id='word_1_322' title='bbox 1769 228 1909 265; x_wconf 81' lang='lat' dir='ltr'>gentes,</span> <span class='ocrx_word' id='word_1_323' title='bbox 1947 236 2038 269; x_wconf 87' lang='lat' dir='ltr'>quae</span> <span class='ocrx_word' id='word_1_324' title='bbox 2065 231 2147 258; x_wconf 92' lang='lat' dir='ltr'>sunt</span> <span class='ocrx_word' id='word_1_325' title='bbox 2172 225 2208 258; x_wconf 87' lang='lat' dir='ltr'>in</span> 
     </span>
     <span class='ocr_line' id='line_1_52' title="bbox 1210 264 2209 320; baseline 0.014 -24"><span class='ocrx_word' id='word_1_326' title='bbox 1210 264 1461 311; x_wconf 87' lang='lat' dir='ltr'>Peloponneso</span> <span class='ocrx_word' id='word_1_327' title='bbox 1473 298 1481 310; x_wconf 90' lang='lat'>,</span> <span class='ocrx_word' id='word_1_328' title='bbox 1498 278 1647 317; x_wconf 86' lang='lat' dir='ltr'>propter</span> <span class='ocrx_word' id='word_1_329' title='bbox 1662 273 1884 306; x_wconf 80' lang='lat' dir='ltr'>sterilitatem</span> <span class='ocrx_word' id='word_1_330' title='bbox 1903 287 2061 317; x_wconf 69' lang='lat' dir='ltr'>egressae</span> <span class='ocrx_word' id='word_1_331' title='bbox 2079 277 2209 320; x_wconf 86' lang='lat' dir='ltr'>patria,</span> 
     </span>
     <span class='ocr_line' id='line_1_53' title="bbox 1209 314 2208 369; baseline 0.012 -20"><span class='ocrx_word' id='word_1_332' title='bbox 1209 314 1291 350; x_wconf 89' lang='lat' dir='ltr'>huic</span> <span class='ocrx_word' id='word_1_333' title='bbox 1308 321 1387 353; x_wconf 85' lang='lat' dir='ltr'>urbi</span> <span class='ocrx_word' id='word_1_334' title='bbox 1405 322 1536 356; x_wconf 85' lang='lat' dir='ltr'>bellum</span> <span class='ocrx_word' id='word_1_335' title='bbox 1557 324 1774 365; x_wconf 87' lang='lat' dir='ltr'>intulerunt,</span> <span class='ocrx_word' id='word_1_336' title='bbox 1804 331 1837 358; x_wconf 86' lang='lat' dir='ltr'>et</span> <span class='ocrx_word' id='word_1_337' title='bbox 1853 326 1960 369; x_wconf 86' lang='lat' dir='ltr'>pulsis</span> <span class='ocrx_word' id='word_1_338' title='bbox 1978 328 2108 361; x_wconf 84' lang='lat' dir='ltr'>nostris</span> <span class='ocrx_word' id='word_1_339' title='bbox 2134 341 2208 361; x_wconf 90' lang='lat' dir='ltr'>ma-</span> 
     </span>
     <span class='ocr_line' id='line_1_54' title="bbox 1209 368 2207 420; baseline 0.013 -20"><span class='ocrx_word' id='word_1_340' title='bbox 1209 368 1365 411; x_wconf 87' lang='lat' dir='ltr'>ioribus,</span> <span class='ocrx_word' id='word_1_341' title='bbox 1395 374 1521 417; x_wconf 85' lang='lat' dir='ltr'>partiri</span> <span class='ocrx_word' id='word_1_342' title='bbox 1537 375 1630 409; x_wconf 90' lang='lat' dir='ltr'>iuter</span> <span class='ocrx_word' id='word_1_343' title='bbox 1647 389 1681 409; x_wconf 86' lang='lat' dir='ltr'>se</span> <span class='ocrx_word' id='word_1_344' title='bbox 1700 388 1804 420; x_wconf 80' lang='lat' dir='ltr'>agros</span> <span class='ocrx_word' id='word_1_345' title='bbox 1823 378 2068 412; x_wconf 65' lang='lat' dir='ltr'>decrexerunt.</span> <span class='ocrx_word' id='word_1_346' title='bbox 2118 379 2207 413; x_wconf 88' lang='lat' dir='ltr'>Cum</span> 
     </span>
     <span class='ocr_line' id='line_1_55' title="bbox 1210 424 2208 470; baseline 0.012 -18"><span class='ocrx_word' id='word_1_347' title='bbox 1210 428 1327 455; x_wconf 82' lang='lat' dir='ltr'>autem</span> <span class='ocrx_word' id='word_1_348' title='bbox 1347 424 1560 470; x_wconf 85' lang='lat' dir='ltr'>Delphicum</span> <span class='ocrx_word' id='word_1_349' title='bbox 1583 428 1766 461; x_wconf 86' lang='lat' dir='ltr'>oraculum</span> <span class='ocrx_word' id='word_1_350' title='bbox 1787 430 2025 469; x_wconf 79' lang='lat' dir='ltr'>consulerent,</span> <span class='ocrx_word' id='word_1_351' title='bbox 2044 429 2208 464; x_wconf 79' lang='lat' dir='ltr'>anAthe-</span> 
     </span>
     <span class='ocr_line' id='line_1_56' title="bbox 1209 472 2208 523; baseline 0.012 -19"><span class='ocrx_word' id='word_1_352' title='bbox 1209 472 1263 506; x_wconf 90' lang='lat' dir='ltr'>nis</span> <span class='ocrx_word' id='word_1_353' title='bbox 1280 476 1429 518; x_wconf 85' lang='lat' dir='ltr'>potituri</span> <span class='ocrx_word' id='word_1_354' title='bbox 1450 485 1583 519; x_wconf 87' lang='lat' dir='ltr'>essent,</span> <span class='ocrx_word' id='word_1_355' title='bbox 1611 492 1823 523; x_wconf 82' lang='lat' dir='ltr'>responsum</span> <span class='ocrx_word' id='word_1_356' title='bbox 1843 487 1893 514; x_wconf 83' lang='lat' dir='ltr'>est</span> <span class='ocrx_word' id='word_1_357' title='bbox 1911 482 1981 521; x_wconf 88' lang='lat' dir='ltr'>eis,</span> <span class='ocrx_word' id='word_1_358' title='bbox 1999 482 2123 514; x_wconf 82' lang='lat' dir='ltr'>urbem</span> <span class='ocrx_word' id='word_1_359' title='bbox 2144 495 2208 516; x_wconf 87' lang='lat' dir='ltr'>no-</span> 
     </span>
     <span class='ocr_line' id='line_1_57' title="bbox 1208 530 2208 577; baseline 0.011 -21"><span class='ocrx_word' id='word_1_360' title='bbox 1208 530 1317 558; x_wconf 82' lang='lat' dir='ltr'>stram</span> <span class='ocrx_word' id='word_1_361' title='bbox 1335 535 1521 562; x_wconf 76' lang='lat' dir='ltr'>venturam</span> <span class='ocrx_word' id='word_1_362' title='bbox 1549 543 1621 564; x_wconf 87' lang='lat' dir='ltr'>esse</span> <span class='ocrx_word' id='word_1_363' title='bbox 1644 532 1681 564; x_wconf 87' lang='lat' dir='ltr'>in</span> <span class='ocrx_word' id='word_1_364' title='bbox 1708 531 1868 576; x_wconf 87' lang='lat' dir='ltr'>ipsorum</span> <span class='ocrx_word' id='word_1_365' title='bbox 1893 540 2127 577; x_wconf 85' lang='lat' dir='ltr'>potestatem,</span> <span class='ocrx_word' id='word_1_366' title='bbox 2155 534 2208 567; x_wconf 92' lang='lat' dir='ltr'>ni-</span> 
     </span>
     <span class='ocr_line' id='line_1_58' title="bbox 1208 576 2209 624; baseline 0.008 -14"><span class='ocrx_word' id='word_1_367' title='bbox 1208 576 1236 610; x_wconf 85' lang='lat' dir='ltr'>si</span> <span class='ocrx_word' id='word_1_368' title='bbox 1251 576 1296 622; x_wconf 60' lang='grc' dir='ltr'>ὅθ)</span> <span class='ocrx_word' id='word_1_369' title='bbox 1319 591 1437 624; x_wconf 87' lang='lat' dir='ltr'>regem</span> <span class='ocrx_word' id='word_1_370' title='bbox 1464 581 1622 616; x_wconf 85' lang='lat' dir='ltr'>Codrum</span> <span class='ocrx_word' id='word_1_371' title='bbox 1657 583 1908 618; x_wconf 83' lang='lat' dir='ltr'>interficerent.</span> <span class='ocrx_word' id='word_1_372' title='bbox 1973 585 2047 618; x_wconf 83' lang='lat' dir='ltr'>Hae</span> <span class='ocrx_word' id='word_1_373' title='bbox 2071 586 2209 619; x_wconf 86' lang='lat' dir='ltr'>oraculi</span> 
     </span>
     <span class='ocr_line' id='line_1_59' title="bbox 1208 631 2208 681; baseline 0.011 -21"><span class='ocrx_word' id='word_1_374' title='bbox 1208 642 1295 662; x_wconf 70' lang='lat' dir='ltr'>voce</span> <span class='ocrx_word' id='word_1_375' title='bbox 1319 631 1459 671; x_wconf 77' lang='lat' dir='ltr'>audita,</span> <span class='ocrx_word' id='word_1_376' title='bbox 1496 634 1757 677; x_wconf 79' lang='lat' dir='ltr'>expeditionem</span> <span class='ocrx_word' id='word_1_377' title='bbox 1788 643 2032 681; x_wconf 90' lang='lat' dir='ltr'>susceperunt.</span> <span class='ocrx_word' id='word_1_378' title='bbox 2086 636 2123 669; x_wconf 91' lang='lat' dir='ltr'>ld</span> <span class='ocrx_word' id='word_1_379' title='bbox 2147 650 2208 671; x_wconf 83' lang='lat' dir='ltr'>au·</span> 
     </span>
     <span class='ocr_line' id='line_1_60' title="bbox 1208 684 2208 734; baseline 0.01 -22"><span class='ocrx_word' id='word_1_380' title='bbox 1208 687 1278 713; x_wconf 86' lang='lat' dir='ltr'>tem</span> <span class='ocrx_word' id='word_1_381' title='bbox 1316 684 1499 717; x_wconf 85' lang='lat' dir='ltr'>oraculum</span> <span class='ocrx_word' id='word_1_382' title='bbox 1529 685 1748 720; x_wconf 82' lang='lat' dir='ltr'>Cleomantis</span> <span class='ocrx_word' id='word_1_383' title='bbox 1766 686 1812 734; x_wconf 70' lang='lat'>⁵9)</span> <span class='ocrx_word' id='word_1_384' title='bbox 1840 688 1986 733; x_wconf 81' lang='lat' dir='ltr'>quidam</span> <span class='ocrx_word' id='word_1_385' title='bbox 2012 687 2208 733; x_wconf 83' lang='lat' dir='ltr'>Delphicus</span> 
     </span>
     <span class='ocr_line' id='line_1_61' title="bbox 1207 733 2209 781; baseline 0.008 -16"><span class='ocrx_word' id='word_1_386' title='bbox 1207 733 1397 768; x_wconf 85' lang='lat' dir='ltr'>resciscens</span> <span class='ocrx_word' id='word_1_387' title='bbox 1421 736 1508 768; x_wconf 77' lang='lat' dir='ltr'>elam</span> <span class='ocrx_word' id='word_1_388' title='bbox 1526 736 1651 771; x_wconf 77' lang='lat' dir='ltr'>Atticis</span> <span class='ocrx_word' id='word_1_389' title='bbox 1670 738 1862 781; x_wconf 80' lang='lat' dir='ltr'>significat;</span> <span class='ocrx_word' id='word_1_390' title='bbox 1901 746 1999 772; x_wconf 86' lang='lat' dir='ltr'>tanta</span> <span class='ocrx_word' id='word_1_391' title='bbox 2024 741 2118 773; x_wconf 87' lang='lat' dir='ltr'>enim</span> <span class='ocrx_word' id='word_1_392' title='bbox 2142 741 2209 774; x_wconf 82' lang='lat' dir='ltr'>fuit</span> 
     </span>
     <span class='ocr_line' id='line_1_62' title="bbox 1207 785 2207 836; baseline 0.008 -19"><span class='ocrx_word' id='word_1_393' title='bbox 1207 785 1454 819; x_wconf 77' lang='lat' dir='ltr'>benevolentia</span> <span class='ocrx_word' id='word_1_394' title='bbox 1488 788 1592 821; x_wconf 82' lang='lat' dir='ltr'>etiam</span> <span class='ocrx_word' id='word_1_395' title='bbox 1622 790 1894 833; x_wconf 82' lang='lat' dir='ltr'>peregrinorum</span> <span class='ocrx_word' id='word_1_396' title='bbox 1926 798 2009 824; x_wconf 86' lang='lat' dir='ltr'>tunc</span> <span class='ocrx_word' id='word_1_397' title='bbox 2036 804 2115 836; x_wconf 81' lang='lat' dir='ltr'>erga</span> <span class='ocrx_word' id='word_1_398' title='bbox 2143 805 2207 825; x_wconf 86' lang='lat' dir='ltr'>no—</span> 
     </span>
     <span class='ocr_line' id='line_1_63' title="bbox 1207 838 2208 879; baseline 0.008 -10"><span class='ocrx_word' id='word_1_399' title='bbox 1207 843 1318 870; x_wconf 83' lang='lat' dir='ltr'>stram</span> <span class='ocrx_word' id='word_1_400' title='bbox 1338 838 1539 879; x_wconf 69' lang='lat' dir='ltr'>cix-itatem,</span> <span class='ocrx_word' id='word_1_401' title='bbox 1574 847 1610 873; x_wconf 85' lang='lat' dir='ltr'>ut</span> <span class='ocrx_word' id='word_1_402' title='bbox 1630 842 1672 874; x_wconf 92' lang='lat' dir='ltr'>de</span> <span class='ocrx_word' id='word_1_403' title='bbox 1699 848 1821 875; x_wconf 89' lang='lat' dir='ltr'>nostra</span> <span class='ocrx_word' id='word_1_404' title='bbox 1847 843 1960 876; x_wconf 82' lang='lat' dir='ltr'>salute</span> <span class='ocrx_word' id='word_1_405' title='bbox 1987 843 2130 876; x_wconf 82' lang='lat' dir='ltr'>solliciti</span> <span class='ocrx_word' id='word_1_406' title='bbox 2155 857 2208 878; x_wconf 88' lang='lat' dir='ltr'>es-</span> 
     </span>
     <span class='ocr_line' id='line_1_64' title="bbox 1206 893 2207 940; baseline 0.007 -19"><span class='ocrx_word' id='word_1_407' title='bbox 1206 896 1304 929; x_wconf 82' lang='lat' dir='ltr'>sent,</span> <span class='ocrx_word' id='word_1_408' title='bbox 1341 897 1374 923; x_wconf 90' lang='lat' dir='ltr'>et</span> <span class='ocrx_word' id='word_1_409' title='bbox 1398 903 1480 924; x_wconf 83' lang='lat' dir='ltr'>cura</span> <span class='ocrx_word' id='word_1_410' title='bbox 1505 899 1648 926; x_wconf 85' lang='lat' dir='ltr'>nostrae</span> <span class='ocrx_word' id='word_1_411' title='bbox 1673 893 1796 927; x_wconf 81' lang='lat' dir='ltr'>salutis</span> <span class='ocrx_word' id='word_1_412' title='bbox 1822 901 2049 938; x_wconf 78' lang='lat' dir='ltr'>angerentur.</span> <span class='ocrx_word' id='word_1_413' title='bbox 2110 895 2207 940; x_wconf 80' lang='lat' dir='ltr'>Quid</span> 
     </span>
     <span class='ocr_line' id='line_1_65' title="bbox 1207 940 2207 986; baseline 0.007 -13"><span class='ocrx_word' id='word_1_414' title='bbox 1207 940 1315 985; x_wconf 86' lang='lat' dir='ltr'>igitur</span> <span class='ocrx_word' id='word_1_415' title='bbox 1331 949 1441 986; x_wconf 81' lang='lat' dir='ltr'>agunt</span> <span class='ocrx_word' id='word_1_416' title='bbox 1466 943 1620 978; x_wconf 85' lang='lat' dir='ltr'>maiores</span> <span class='ocrx_word' id='word_1_417' title='bbox 1645 945 1779 985; x_wconf 82' lang='lat' dir='ltr'>nostri,</span> <span class='ocrx_word' id='word_1_418' title='bbox 1807 947 1895 979; x_wconf 87' lang='lat' dir='ltr'>urbe</span> <span class='ocrx_word' id='word_1_419' title='bbox 1923 946 2089 980; x_wconf 70' lang='lat' dir='ltr'>obsessa?</span> <span class='ocrx_word' id='word_1_420' title='bbox 2125 947 2207 981; x_wconf 76' lang='lat' dir='ltr'>Non</span> 
     </span>
     <span class='ocr_line' id='line_1_66' title="bbox 1205 993 2207 1041; baseline 0.006 -16"><span class='ocrx_word' id='word_1_421' title='bbox 1205 993 1380 1037; x_wconf 81' lang='lat' dir='ltr'>fugientes</span> <span class='ocrx_word' id='word_1_422' title='bbox 1398 995 1631 1029; x_wconf 81' lang='lat' dir='ltr'>deseruerunt</span> <span class='ocrx_word' id='word_1_423' title='bbox 1647 997 1800 1041; x_wconf 87' lang='lat' dir='ltr'>patriam</span> <span class='ocrx_word' id='word_1_424' title='bbox 1814 1024 1823 1038; x_wconf 91' lang='lat'>,</span> <span class='ocrx_word' id='word_1_425' title='bbox 1850 1004 1890 1031; x_wconf 90' lang='lat' dir='ltr'>ut</span> <span class='ocrx_word' id='word_1_426' title='bbox 1907 997 2097 1032; x_wconf 89' lang='lat' dir='ltr'>Leocrates</span> <span class='ocrx_word' id='word_1_427' title='bbox 2109 1025 2117 1037; x_wconf 90' lang='lat'>,</span> <span class='ocrx_word' id='word_1_428' title='bbox 2143 1011 2207 1032; x_wconf 86' lang='lat' dir='ltr'>nec</span> 
     </span>
     <span class='ocr_line' id='line_1_67' title="bbox 1206 1046 2207 1092; baseline 0.006 -15"><span class='ocrx_word' id='word_1_429' title='bbox 1206 1046 1297 1078; x_wconf 84' lang='lat' dir='ltr'>saeta</span> <span class='ocrx_word' id='word_1_430' title='bbox 1329 1046 1511 1079; x_wconf 82' lang='lat' dir='ltr'>deditione</span> <span class='ocrx_word' id='word_1_431' title='bbox 1546 1048 1659 1092; x_wconf 87' lang='lat' dir='ltr'>ipsam</span> <span class='ocrx_word' id='word_1_432' title='bbox 1685 1055 1719 1081; x_wconf 84' lang='lat' dir='ltr'>et</span> <span class='ocrx_word' id='word_1_433' title='bbox 1741 1062 1839 1082; x_wconf 89' lang='lat' dir='ltr'>sacra</span> <span class='ocrx_word' id='word_1_434' title='bbox 1865 1048 2027 1084; x_wconf 84' lang='lat' dir='ltr'>hostibus</span> <span class='ocrx_word' id='word_1_435' title='bbox 2052 1050 2207 1083; x_wconf 86' lang='lat' dir='ltr'>tradide—</span> 
     </span>
     <span class='ocr_line' id='line_1_68' title="bbox 1206 1099 2207 1146; baseline 0.006 -17"><span class='ocrx_word' id='word_1_436' title='bbox 1206 1103 1310 1137; x_wconf 87' lang='lat' dir='ltr'>runt,</span> <span class='ocrx_word' id='word_1_437' title='bbox 1338 1099 1398 1131; x_wconf 83' lang='lat' dir='ltr'>sed</span> <span class='ocrx_word' id='word_1_438' title='bbox 1415 1111 1493 1131; x_wconf 91' lang='lat' dir='ltr'>cum</span> <span class='ocrx_word' id='word_1_439' title='bbox 1514 1111 1665 1133; x_wconf 87' lang='lat' dir='ltr'>numero</span> <span class='ocrx_word' id='word_1_440' title='bbox 1684 1113 1758 1133; x_wconf 90' lang='lat' dir='ltr'>non</span> <span class='ocrx_word' id='word_1_441' title='bbox 1776 1108 1892 1135; x_wconf 86' lang='lat' dir='ltr'>essent</span> <span class='ocrx_word' id='word_1_442' title='bbox 1910 1114 2013 1146; x_wconf 88' lang='lat' dir='ltr'>pares</span> <span class='ocrx_word' id='word_1_443' title='bbox 2033 1100 2207 1142; x_wconf 84' lang='lat' dir='ltr'>hostibus,</span> 
     </span>
     <span class='ocr_line' id='line_1_69' title="bbox 1206 1148 2205 1198; baseline 0.006 -18"><span class='ocrx_word' id='word_1_444' title='bbox 1206 1148 1332 1183; x_wconf 89' lang='lat' dir='ltr'>inclusi</span> <span class='ocrx_word' id='word_1_445' title='bbox 1356 1150 1508 1184; x_wconf 82' lang='lat' dir='ltr'>moeniis</span> <span class='ocrx_word' id='word_1_446' title='bbox 1535 1152 1758 1185; x_wconf 86' lang='lat' dir='ltr'>obsidionem</span> <span class='ocrx_word' id='word_1_447' title='bbox 1788 1153 2024 1198; x_wconf 85' lang='lat' dir='ltr'>pertulerunt.</span> <span class='ocrx_word' id='word_1_448' title='bbox 2086 1153 2205 1186; x_wconf 86' lang='lat' dir='ltr'>Tanta</span> 
     </span>
     <span class='ocr_line' id='line_1_70' title="bbox 1207 1202 2207 1249; baseline 0.005 -16"><span class='ocrx_word' id='word_1_449' title='bbox 1207 1208 1323 1234; x_wconf 89' lang='lat' dir='ltr'>autem</span> <span class='ocrx_word' id='word_1_450' title='bbox 1343 1202 1379 1234; x_wconf 89' lang='lat' dir='ltr'>in</span> <span class='ocrx_word' id='word_1_451' title='bbox 1399 1202 1541 1246; x_wconf 82' lang='lat' dir='ltr'>regibus</span> <span class='ocrx_word' id='word_1_452' title='bbox 1560 1203 1672 1237; x_wconf 54' lang='lat' dir='ltr'>virtus</span> <span class='ocrx_word' id='word_1_453' title='bbox 1696 1204 1783 1244; x_wconf 84' lang='lat' dir='ltr'>fuit,</span> <span class='ocrx_word' id='word_1_454' title='bbox 1818 1211 1855 1238; x_wconf 90' lang='lat' dir='ltr'>ut</span> <span class='ocrx_word' id='word_1_455' title='bbox 1883 1217 1948 1249; x_wconf 90' lang='lat' dir='ltr'>pro</span> <span class='ocrx_word' id='word_1_456' title='bbox 1973 1205 2125 1239; x_wconf 70' lang='lat' dir='ltr'>cixitatis</span> <span class='ocrx_word' id='word_1_457' title='bbox 2153 1218 2207 1239; x_wconf 87' lang='lat' dir='ltr'>sa-</span> 
     </span>
     <span class='ocr_line' id='line_1_71' title="bbox 1206 1253 2206 1302; baseline 0.006 -18"><span class='ocrx_word' id='word_1_458' title='bbox 1206 1253 1278 1286; x_wconf 86' lang='lat' dir='ltr'>lute</span> <span class='ocrx_word' id='word_1_459' title='bbox 1298 1260 1450 1286; x_wconf 86' lang='lat' dir='ltr'>mortem</span> <span class='ocrx_word' id='word_1_460' title='bbox 1469 1261 1637 1299; x_wconf 86' lang='lat' dir='ltr'>oppetere</span> <span class='ocrx_word' id='word_1_461' title='bbox 1655 1256 1822 1297; x_wconf 85' lang='lat' dir='ltr'>mallent,</span> <span class='ocrx_word' id='word_1_462' title='bbox 1850 1269 1958 1302; x_wconf 90' lang='lat' dir='ltr'>quam</span> <span class='ocrx_word' id='word_1_463' title='bbox 1978 1256 2050 1289; x_wconf 79' lang='lat' dir='ltr'>vivi</span> <span class='ocrx_word' id='word_1_464' title='bbox 2075 1270 2092 1289; x_wconf 90' lang='lat' dir='ltr'>e</span> <span class='ocrx_word' id='word_1_465' title='bbox 2116 1257 2206 1290; x_wconf 88' lang='lat' dir='ltr'>sedi-</span> 
     </span>
     <span class='ocr_line' id='line_1_72' title="bbox 1206 1305 2205 1352; baseline 0.004 -15"><span class='ocrx_word' id='word_1_466' title='bbox 1206 1305 1271 1337; x_wconf 86' lang='lat' dir='ltr'>bus</span> <span class='ocrx_word' id='word_1_467' title='bbox 1289 1305 1360 1338; x_wconf 88' lang='lat' dir='ltr'>suis</span> <span class='ocrx_word' id='word_1_468' title='bbox 1387 1305 1554 1350; x_wconf 78' lang='lat' dir='ltr'>migrare.</span> <span class='ocrx_word' id='word_1_469' title='bbox 1609 1307 1769 1341; x_wconf 81' lang='lat' dir='ltr'>Narrant</span> <span class='ocrx_word' id='word_1_470' title='bbox 1792 1308 1900 1352; x_wconf 76' lang='lat' dir='ltr'>igitur</span> <span class='ocrx_word' id='word_1_471' title='bbox 1916 1309 2095 1349; x_wconf 86' lang='lat' dir='ltr'>Codrum,</span> <span class='ocrx_word' id='word_1_472' title='bbox 2126 1321 2205 1342; x_wconf 82' lang='lat' dir='ltr'>curn</span> 
     </span>
     <span class='ocr_line' id='line_1_73' title="bbox 1206 1356 2206 1405; baseline 0.006 -18"><span class='ocrx_word' id='word_1_473' title='bbox 1206 1356 1299 1389; x_wconf 73' lang='lat' dir='ltr'>cives</span> <span class='ocrx_word' id='word_1_474' title='bbox 1323 1356 1479 1390; x_wconf 89' lang='lat' dir='ltr'>iussisset</span> <span class='ocrx_word' id='word_1_475' title='bbox 1504 1359 1694 1392; x_wconf 57' lang='lat' dir='ltr'>observare</span> <span class='ocrx_word' id='word_1_476' title='bbox 1719 1372 1820 1393; x_wconf 87' lang='lat' dir='ltr'>suam</span> <span class='ocrx_word' id='word_1_477' title='bbox 1854 1367 2028 1400; x_wconf 88' lang='lat' dir='ltr'>mortem,</span> <span class='ocrx_word' id='word_1_478' title='bbox 2065 1367 2206 1405; x_wconf 87' lang='lat' dir='ltr'>sumpta</span> 
     </span>
     <span class='ocr_line' id='line_1_74' title="bbox 1208 1408 2204 1456; baseline 0.005 -17"><span class='ocrx_word' id='word_1_479' title='bbox 1208 1408 1362 1440; x_wconf 88' lang='lat' dir='ltr'>mendici</span> <span class='ocrx_word' id='word_1_480' title='bbox 1382 1416 1496 1449; x_wconf 63' lang='lat' dir='ltr'>veste,</span> <span class='ocrx_word' id='word_1_481' title='bbox 1522 1417 1561 1443; x_wconf 92' lang='lat' dir='ltr'>ut</span> <span class='ocrx_word' id='word_1_482' title='bbox 1578 1408 1697 1444; x_wconf 79' lang='lat' dir='ltr'>hostes</span> <span class='ocrx_word' id='word_1_483' title='bbox 1723 1411 1883 1451; x_wconf 80' lang='lat' dir='ltr'>falleret,</span> <span class='ocrx_word' id='word_1_484' title='bbox 1913 1412 2002 1445; x_wconf 84' lang='lat' dir='ltr'>clam</span> <span class='ocrx_word' id='word_1_485' title='bbox 2027 1424 2204 1456; x_wconf 82' lang='lat' dir='ltr'>egressum</span> 
     </span>
     <span class='ocr_line' id='line_1_75' title="bbox 1207 1461 2206 1507; baseline 0.005 -16"><span class='ocrx_word' id='word_1_486' title='bbox 1207 1466 1309 1504; x_wconf 86' lang='lat' dir='ltr'>porta</span> <span class='ocrx_word' id='word_1_487' title='bbox 1336 1466 1417 1493; x_wconf 84' lang='lat' dir='ltr'>ante</span> <span class='ocrx_word' id='word_1_488' title='bbox 1442 1461 1584 1494; x_wconf 85' lang='lat' dir='ltr'>moenia</span> <span class='ocrx_word' id='word_1_489' title='bbox 1611 1469 1789 1496; x_wconf 86' lang='lat' dir='ltr'>sarmenta</span> <span class='ocrx_word' id='word_1_490' title='bbox 1815 1464 2011 1507; x_wconf 82' lang='lat' dir='ltr'>collegisse;</span> <span class='ocrx_word' id='word_1_491' title='bbox 2041 1477 2120 1497; x_wconf 84' lang='lat' dir='ltr'>cum</span> <span class='ocrx_word' id='word_1_492' title='bbox 2145 1476 2206 1497; x_wconf 91' lang='lat' dir='ltr'>au-</span> 
     </span>
     <span class='ocr_line' id='line_1_76' title="bbox 1207 1511 2205 1560; baseline 0.003 -16"><span class='ocrx_word' id='word_1_493' title='bbox 1207 1518 1276 1545; x_wconf 88' lang='lat' dir='ltr'>tem</span> <span class='ocrx_word' id='word_1_494' title='bbox 1297 1512 1363 1544; x_wconf 70' lang='lat' dir='ltr'>viri</span> <span class='ocrx_word' id='word_1_495' title='bbox 1383 1525 1423 1545; x_wconf 80' lang='lat' dir='ltr'>ex</span> <span class='ocrx_word' id='word_1_496' title='bbox 1439 1511 1597 1546; x_wconf 86' lang='lat' dir='ltr'>bostium</span> <span class='ocrx_word' id='word_1_497' title='bbox 1616 1515 1739 1548; x_wconf 81' lang='lat' dir='ltr'>castris</span> <span class='ocrx_word' id='word_1_498' title='bbox 1758 1528 1837 1548; x_wconf 88' lang='lat' dir='ltr'>eum</span> <span class='ocrx_word' id='word_1_499' title='bbox 1863 1522 2051 1560; x_wconf 86' lang='lat' dir='ltr'>caperent,</span> <span class='ocrx_word' id='word_1_500' title='bbox 2086 1522 2126 1549; x_wconf 82' lang='lat' dir='ltr'>ut</span> <span class='ocrx_word' id='word_1_501' title='bbox 2141 1515 2205 1549; x_wconf 76' lang='lat' dir='ltr'>sci·</span> 
     </span>
     <span class='ocr_line' id='line_1_77' title="bbox 1207 1564 2203 1607; baseline 0.003 -10"><span class='ocrx_word' id='word_1_502' title='bbox 1207 1564 1423 1597; x_wconf 87' lang='lat' dir='ltr'>scitarentur</span> <span class='ocrx_word' id='word_1_503' title='bbox 1450 1566 1676 1599; x_wconf 88' lang='lat' dir='ltr'>obsessorum</span> <span class='ocrx_word' id='word_1_504' title='bbox 1702 1566 1870 1607; x_wconf 78' lang='lat' dir='ltr'>consilia,</span> <span class='ocrx_word' id='word_1_505' title='bbox 1906 1568 2056 1600; x_wconf 86' lang='lat' dir='ltr'>alterum</span> <span class='ocrx_word' id='word_1_506' title='bbox 2080 1579 2203 1600; x_wconf 88' lang='lat' dir='ltr'>eorum</span> 
     </span>
     <span class='ocr_line' id='line_1_78' title="bbox 1205 1615 2205 1662; baseline 0.004 -15"><span class='ocrx_word' id='word_1_507' title='bbox 1205 1616 1293 1648; x_wconf 73' lang='lat' dir='ltr'>falce</span> <span class='ocrx_word' id='word_1_508' title='bbox 1311 1615 1451 1650; x_wconf 81' lang='lat' dir='ltr'>occidit.</span> <span class='ocrx_word' id='word_1_509' title='bbox 1506 1617 1627 1662; x_wconf 82' lang='lat' dir='ltr'>Quare</span> <span class='ocrx_word' id='word_1_510' title='bbox 1645 1618 1733 1651; x_wconf 84' lang='lat' dir='ltr'>alter</span> <span class='ocrx_word' id='word_1_511' title='bbox 1760 1618 1920 1652; x_wconf 86' lang='lat' dir='ltr'>irritatus</span> <span class='ocrx_word' id='word_1_512' title='bbox 1945 1625 1978 1652; x_wconf 89' lang='lat' dir='ltr'>et</span> <span class='ocrx_word' id='word_1_513' title='bbox 2002 1618 2205 1652; x_wconf 85' lang='lat' dir='ltr'>mendicum</span> 
     </span>
     <span class='ocr_line' id='line_1_79' title="bbox 1206 1667 2206 1714; baseline 0.006 -15"><span class='ocrx_word' id='word_1_514' title='bbox 1206 1680 1279 1700; x_wconf 86' lang='lat' dir='ltr'>esse</span> <span class='ocrx_word' id='word_1_515' title='bbox 1300 1667 1526 1707; x_wconf 77' lang='lat' dir='ltr'>existimans,</span> <span class='ocrx_word' id='word_1_516' title='bbox 1554 1669 1676 1702; x_wconf 83' lang='lat' dir='ltr'>stricto</span> <span class='ocrx_word' id='word_1_517' title='bbox 1695 1670 1812 1714; x_wconf 78' lang='lat' dir='ltr'>gladio</span> <span class='ocrx_word' id='word_1_518' title='bbox 1833 1670 1992 1704; x_wconf 90' lang='lat' dir='ltr'>Codrum</span> <span class='ocrx_word' id='word_1_519' title='bbox 2018 1670 2206 1705; x_wconf 81' lang='lat' dir='ltr'>interfecit.</span> 
     </span>
     <span class='ocr_line' id='line_1_80' title="bbox 1206 1719 2204 1767; baseline 0.003 -16"><span class='ocrx_word' id='word_1_520' title='bbox 1206 1719 1314 1763; x_wconf 86' lang='lat' dir='ltr'>Quod</span> <span class='ocrx_word' id='word_1_521' title='bbox 1333 1732 1412 1752; x_wconf 88' lang='lat' dir='ltr'>cum</span> <span class='ocrx_word' id='word_1_522' title='bbox 1430 1721 1562 1753; x_wconf 83' lang='lat' dir='ltr'>sactum</span> <span class='ocrx_word' id='word_1_523' title='bbox 1581 1728 1692 1761; x_wconf 85' lang='lat' dir='ltr'>esset,</span> <span class='ocrx_word' id='word_1_524' title='bbox 1727 1721 1963 1756; x_wconf 86' lang='lat' dir='ltr'>Athenienses</span> <span class='ocrx_word' id='word_1_525' title='bbox 1989 1735 2204 1767; x_wconf 71' lang='lat' dir='ltr'>praeconem</span> 
     </span>
     <span class='ocr_line' id='line_1_81' title="bbox 1205 1768 2205 1818; baseline 0.004 -15"><span class='ocrx_word' id='word_1_526' title='bbox 1205 1772 1249 1803; x_wconf 80' lang='lat' dir='ltr'>ad</span> <span class='ocrx_word' id='word_1_527' title='bbox 1266 1768 1384 1804; x_wconf 88' lang='lat' dir='ltr'>hostes</span> <span class='ocrx_word' id='word_1_528' title='bbox 1410 1771 1604 1812; x_wconf 85' lang='lat' dir='ltr'>miserunt,</span> <span class='ocrx_word' id='word_1_529' title='bbox 1639 1773 1857 1817; x_wconf 84' lang='lat' dir='ltr'>petiturum,</span> <span class='ocrx_word' id='word_1_530' title='bbox 1895 1781 1934 1807; x_wconf 88' lang='lat' dir='ltr'>ut</span> <span class='ocrx_word' id='word_1_531' title='bbox 1958 1774 2050 1818; x_wconf 64' lang='lat' dir='ltr'>regis</span> <span class='ocrx_word' id='word_1_532' title='bbox 2076 1786 2205 1818; x_wconf 85' lang='lat' dir='ltr'>corpus</span> 
     </span>
     <span class='ocr_line' id='line_1_82' title="bbox 1205 1823 2204 1869; baseline 0.005 -15"><span class='ocrx_word' id='word_1_533' title='bbox 1205 1823 1248 1855; x_wconf 92' lang='lat' dir='ltr'>ad</span> <span class='ocrx_word' id='word_1_534' title='bbox 1268 1823 1488 1867; x_wconf 87' lang='lat' dir='ltr'>sepulturam</span> <span class='ocrx_word' id='word_1_535' title='bbox 1512 1825 1722 1865; x_wconf 84' lang='lat' dir='ltr'>redderent,</span> <span class='ocrx_word' id='word_1_536' title='bbox 1758 1832 1792 1858; x_wconf 89' lang='lat' dir='ltr'>et</span> <span class='ocrx_word' id='word_1_537' title='bbox 1818 1825 2006 1859; x_wconf 88' lang='lat' dir='ltr'>consilium</span> <span class='ocrx_word' id='word_1_538' title='bbox 2032 1825 2087 1859; x_wconf 88' lang='lat' dir='ltr'>sui</span> <span class='ocrx_word' id='word_1_539' title='bbox 2112 1825 2204 1869; x_wconf 84' lang='lat' dir='ltr'>regis</span> 
     </span>
     <span class='ocr_line' id='line_1_83' title="bbox 1205 1873 2204 1922; baseline 0.004 -16"><span class='ocrx_word' id='word_1_540' title='bbox 1205 1873 1289 1918; x_wconf 79' lang='lat' dir='ltr'>ipsis</span> <span class='ocrx_word' id='word_1_541' title='bbox 1306 1875 1411 1919; x_wconf 83' lang='lat' dir='ltr'>plane</span> <span class='ocrx_word' id='word_1_542' title='bbox 1430 1882 1682 1919; x_wconf 83' lang='lat' dir='ltr'>exposuerunt.</span> <span class='ocrx_word' id='word_1_543' title='bbox 1737 1876 1894 1910; x_wconf 84' lang='lat' dir='ltr'>Reddite</span> <span class='ocrx_word' id='word_1_544' title='bbox 1909 1877 2019 1921; x_wconf 79' lang='lat' dir='ltr'>igitur</span> <span class='ocrx_word' id='word_1_545' title='bbox 2041 1889 2204 1922; x_wconf 88' lang='lat' dir='ltr'>corpore,</span> 
     </span>
     <span class='ocr_line' id='line_1_84' title="bbox 1205 1923 2204 1969; baseline 0.003 -11"><span class='ocrx_word' id='word_1_546' title='bbox 1205 1923 1323 1960; x_wconf 81' lang='lat' dir='ltr'>hostes</span> <span class='ocrx_word' id='word_1_547' title='bbox 1341 1939 1419 1959; x_wconf 90' lang='lat' dir='ltr'>cum</span> <span class='ocrx_word' id='word_1_548' title='bbox 1438 1927 1568 1960; x_wconf 87' lang='lat' dir='ltr'>scirent</span> <span class='ocrx_word' id='word_1_549' title='bbox 1583 1940 1657 1960; x_wconf 90' lang='lat' dir='ltr'>non</span> <span class='ocrx_word' id='word_1_550' title='bbox 1677 1929 1823 1962; x_wconf 83' lang='lat' dir='ltr'>concedi</span> <span class='ocrx_word' id='word_1_551' title='bbox 1841 1929 1939 1969; x_wconf 88' lang='lat' dir='ltr'>satis,</span> <span class='ocrx_word' id='word_1_552' title='bbox 1974 1936 2013 1963; x_wconf 90' lang='lat' dir='ltr'>ut</span> <span class='ocrx_word' id='word_1_553' title='bbox 2040 1929 2123 1963; x_wconf 89' lang='lat' dir='ltr'>urbs</span> <span class='ocrx_word' id='word_1_554' title='bbox 2149 1941 2204 1961; x_wconf 92' lang='lat' dir='ltr'>ca-</span> 
     </span>
     <span class='ocr_line' id='line_1_85' title="bbox 1204 1979 2204 2022; baseline 0.003 -12"><span class='ocrx_word' id='word_1_555' title='bbox 1204 1984 1369 2022; x_wconf 84' lang='lat' dir='ltr'>peretur,</span> <span class='ocrx_word' id='word_1_556' title='bbox 1398 1979 1480 2011; x_wconf 88' lang='lat' dir='ltr'>inde</span> <span class='ocrx_word' id='word_1_557' title='bbox 1497 1979 1744 2014; x_wconf 82' lang='lat' dir='ltr'>discesserunt.</span> <span class='ocrx_word' id='word_1_558' title='bbox 1798 1980 1998 2014; x_wconf 87' lang='lat' dir='ltr'>Cleomanti</span> <span class='ocrx_word' id='word_1_559' title='bbox 2022 1993 2105 2014; x_wconf 71' lang='lat' dir='ltr'>xero</span> <span class='ocrx_word' id='word_1_560' title='bbox 2120 1980 2204 2013; x_wconf 87' lang='lat' dir='ltr'>Del-</span> 
     </span>
     <span class='ocr_line' id='line_1_86' title="bbox 1204 2028 2203 2075; baseline 0.001 -12"><span class='ocrx_word' id='word_1_561' title='bbox 1204 2028 1331 2074; x_wconf 90' lang='lat' dir='ltr'>phico,</span> <span class='ocrx_word' id='word_1_562' title='bbox 1373 2036 1407 2063; x_wconf 90' lang='lat' dir='ltr'>et</span> <span class='ocrx_word' id='word_1_563' title='bbox 1441 2031 1514 2064; x_wconf 89' lang='lat' dir='ltr'>eius</span> <span class='ocrx_word' id='word_1_564' title='bbox 1537 2032 1688 2075; x_wconf 89' lang='lat' dir='ltr'>posteris</span> <span class='ocrx_word' id='word_1_565' title='bbox 1714 2032 1837 2066; x_wconf 66' lang='lat' dir='ltr'>civitas</span> <span class='ocrx_word' id='word_1_566' title='bbox 1861 2040 1982 2067; x_wconf 86' lang='lat' dir='ltr'>nostra</span> <span class='ocrx_word' id='word_1_567' title='bbox 2009 2032 2141 2065; x_wconf 73' lang='lat' dir='ltr'>victum</span> <span class='ocrx_word' id='word_1_568' title='bbox 2167 2032 2203 2064; x_wconf 87' lang='lat' dir='ltr'>in</span> 
     </span>
     <span class='ocr_line' id='line_1_87' title="bbox 1205 2082 1490 2116; baseline 0.004 -2"><span class='ocrx_word' id='word_1_569' title='bbox 1205 2082 1300 2115; x_wconf 86' lang='lat' dir='ltr'>curia</span> <span class='ocrx_word' id='word_1_570' title='bbox 1321 2083 1490 2116; x_wconf 74' lang='lat' dir='ltr'>decrevit.</span> 
     </span>
    </p>
   </div>
   <div class='ocr_carea' id='block_1_13' title="bbox 1203 2158 2203 2464">
    <p class='ocr_par' dir='ltr' id='par_1_15' title="bbox 1203 2158 2203 2464">
     <span class='ocr_line' id='line_1_88' title="bbox 1308 2158 2203 2206; baseline 0.001 -14"><span class='ocrx_word' id='word_1_571' title='bbox 1308 2160 1434 2193; x_wconf 82' lang='lat' dir='ltr'>Videte</span> <span class='ocrx_word' id='word_1_572' title='bbox 1468 2167 1608 2200; x_wconf 87' lang='lat' dir='ltr'>autem,</span> <span class='ocrx_word' id='word_1_573' title='bbox 1644 2162 1828 2206; x_wconf 85' lang='lat' dir='ltr'>quomodo</span> <span class='ocrx_word' id='word_1_574' title='bbox 1859 2158 1946 2194; x_wconf 86' lang='lat' dir='ltr'>haec</span> <span class='ocrx_word' id='word_1_575' title='bbox 1972 2161 2130 2205; x_wconf 77' lang='lat' dir='ltr'>exempla</span> <span class='ocrx_word' id='word_1_576' title='bbox 2157 2163 2203 2194; x_wconf 90' lang='lat' dir='ltr'>ad</span> 
     </span>
     <span class='ocr_line' id='line_1_89' title="bbox 1204 2210 2202 2257; baseline 0.001 -13"><span class='ocrx_word' id='word_1_577' title='bbox 1204 2210 1415 2245; x_wconf 85' lang='lat' dir='ltr'>Leocratem</span> <span class='ocrx_word' id='word_1_578' title='bbox 1451 2219 1662 2257; x_wconf 80' lang='lat' dir='ltr'>congruant.</span> <span class='ocrx_word' id='word_1_579' title='bbox 1722 2212 1837 2257; x_wconf 82' lang='lat' dir='ltr'>Reges</span> <span class='ocrx_word' id='word_1_580' title='bbox 1862 2225 1904 2245; x_wconf 94' lang='lat' dir='ltr'>eo</span> <span class='ocrx_word' id='word_1_581' title='bbox 1933 2219 2093 2257; x_wconf 85' lang='lat' dir='ltr'>tempore</span> <span class='ocrx_word' id='word_1_582' title='bbox 2119 2225 2202 2246; x_wconf 88' lang='lat' dir='ltr'>eon-</span> 
     </span>
     <span class='ocr_line' id='line_1_90' title="bbox 1204 2262 2202 2304; baseline 0 -7"><span class='ocrx_word' id='word_1_583' title='bbox 1204 2264 1296 2297; x_wconf 91' lang='lat' dir='ltr'>sulto</span> <span class='ocrx_word' id='word_1_584' title='bbox 1315 2276 1350 2297; x_wconf 84' lang='lat' dir='ltr'>se</span> <span class='ocrx_word' id='word_1_585' title='bbox 1374 2262 1535 2298; x_wconf 87' lang='lat' dir='ltr'>hostibus</span> <span class='ocrx_word' id='word_1_586' title='bbox 1564 2264 1795 2298; x_wconf 88' lang='lat' dir='ltr'>trucidandos</span> <span class='ocrx_word' id='word_1_587' title='bbox 1818 2264 2053 2304; x_wconf 83' lang='lat' dir='ltr'>obiiciebant,</span> <span class='ocrx_word' id='word_1_588' title='bbox 2082 2271 2115 2297; x_wconf 90' lang='lat' dir='ltr'>et</span> <span class='ocrx_word' id='word_1_589' title='bbox 2140 2277 2202 2297; x_wconf 84' lang='lat' dir='ltr'>sua</span> 
     </span>
     <span class='ocr_line' id='line_1_91' title="bbox 1204 2315 2201 2361; baseline 0.001 -14"><span class='ocrx_word' id='word_1_590' title='bbox 1204 2315 1275 2348; x_wconf 68' lang='lat' dir='ltr'>vita</span> <span class='ocrx_word' id='word_1_591' title='bbox 1307 2316 1457 2349; x_wconf 81' lang='lat' dir='ltr'>salutem</span> <span class='ocrx_word' id='word_1_592' title='bbox 1488 2329 1715 2349; x_wconf 88' lang='lat' dir='ltr'>communem</span> <span class='ocrx_word' id='word_1_593' title='bbox 1743 2315 1987 2356; x_wconf 85' lang='lat' dir='ltr'>redimebant,</span> <span class='ocrx_word' id='word_1_594' title='bbox 2019 2329 2098 2349; x_wconf 82' lang='lat' dir='ltr'>cum</span> <span class='ocrx_word' id='word_1_595' title='bbox 2124 2316 2201 2361; x_wconf 82' lang='lat' dir='ltr'>qui-</span> 
     </span>
     <span class='ocr_line' id='line_1_92' title="bbox 1204 2365 2202 2408; baseline 0.003 -9"><span class='ocrx_word' id='word_1_596' title='bbox 1204 2368 1305 2407; x_wconf 84' lang='lat' dir='ltr'>dem,</span> <span class='ocrx_word' id='word_1_597' title='bbox 1348 2374 1388 2401; x_wconf 89' lang='lat' dir='ltr'>ut</span> <span class='ocrx_word' id='word_1_598' title='bbox 1418 2368 1454 2400; x_wconf 90' lang='lat' dir='ltr'>id</span> <span class='ocrx_word' id='word_1_599' title='bbox 1485 2368 1604 2408; x_wconf 85' lang='lat' dir='ltr'>fieret,</span> <span class='ocrx_word' id='word_1_600' title='bbox 1649 2374 1724 2401; x_wconf 84' lang='lat' dir='ltr'>arte</span> <span class='ocrx_word' id='word_1_601' title='bbox 1753 2367 1899 2400; x_wconf 83' lang='lat' dir='ltr'>fallendi</span> <span class='ocrx_word' id='word_1_602' title='bbox 1930 2374 2046 2401; x_wconf 88' lang='lat' dir='ltr'>essent</span> <span class='ocrx_word' id='word_1_603' title='bbox 2070 2365 2202 2402; x_wconf 84' lang='lat' dir='ltr'>hostes.</span> 
     </span>
     <span class='ocr_line' id='line_1_93' title="bbox 1203 2418 2202 2464; baseline 0 -12"><span class='ocrx_word' id='word_1_604' title='bbox 1203 2418 1286 2453; x_wconf 89' lang='lat' dir='ltr'>Ideo</span> <span class='ocrx_word' id='word_1_605' title='bbox 1304 2420 1451 2452; x_wconf 89' lang='lat' dir='ltr'>nomina</span> <span class='ocrx_word' id='word_1_606' title='bbox 1470 2419 1628 2453; x_wconf 80' lang='lat' dir='ltr'>tribuum</span> <span class='ocrx_word' id='word_1_607' title='bbox 1656 2432 1674 2452; x_wconf 90' lang='lat' dir='ltr'>a</span> <span class='ocrx_word' id='word_1_608' title='bbox 1702 2419 1831 2453; x_wconf 85' lang='lat' dir='ltr'>talibus</span> <span class='ocrx_word' id='word_1_609' title='bbox 1857 2426 1997 2464; x_wconf 83' lang='lat' dir='ltr'>sumpta</span> <span class='ocrx_word' id='word_1_610' title='bbox 2025 2426 2132 2460; x_wconf 88' lang='lat' dir='ltr'>sunt,</span> <span class='ocrx_word' id='word_1_611' title='bbox 2168 2426 2202 2452; x_wconf 89' lang='lat' dir='ltr'>et</span> 
     </span>
    </p>
   </div>
   <div class='ocr_carea' id='block_1_14' title="bbox 1236 2571 2199 2640">
    <p class='ocr_par' dir='ltr' id='par_1_16' title="bbox 1236 2571 2199 2640">
     <span class='ocr_line' id='line_1_94' title="bbox 1236 2571 2199 2633; baseline -0.003 -34"><span class='ocrx_word' id='word_1_612' title='bbox 1236 2575 1338 2633; x_wconf 45' lang='lat'><strong>5211.</strong></span> <span class='ocrx_word' id='word_1_613' title='bbox 1358 2574 1429 2613; x_wconf 44' lang='grc' dir='ltr'>1,.ἰιι</span> <span class='ocrx_word' id='word_1_614' title='bbox 1454 2574 1551 2598; x_wconf 85' lang='lat' dir='ltr'>iisdem</span> <span class='ocrx_word' id='word_1_615' title='bbox 1569 2574 1656 2598; x_wconf 83' lang='lat' dir='ltr'>Editt.</span> <span class='ocrx_word' id='word_1_616' title='bbox 1683 2575 1749 2597; x_wconf 79' lang='lat' dir='ltr'>nota</span> <span class='ocrx_word' id='word_1_617' title='bbox 1773 2573 1907 2604; x_wconf 58' lang='lat' dir='ltr'>margin:</span> <span class='ocrx_word' id='word_1_618' title='bbox 1936 2573 1977 2596; x_wconf 83' lang='lat' dir='ltr'>Ab</span> <span class='ocrx_word' id='word_1_619' title='bbox 2003 2572 2124 2602; x_wconf 81' lang='lat' dir='ltr'>exemplo</span> <span class='ocrx_word' id='word_1_620' title='bbox 2144 2571 2199 2596; x_wconf 88' lang='lat' dir='ltr'>Co-</span> 
     </span>
     <span class='ocr_line' id='line_1_95' title="bbox 1290 2615 1416 2640; baseline 0 -7"><span class='ocrx_word' id='word_1_621' title='bbox 1290 2616 1313 2633; x_wconf 77' lang='lat' dir='ltr'>ri</span> <span class='ocrx_word' id='word_1_622' title='bbox 1331 2615 1416 2640; x_wconf 69' lang='lat' dir='ltr'>regns¹</span> 
     </span>
    </p>
   </div>
   <div class='ocr_carea' id='block_1_15' title="bbox 1235 2659 2060 2691">
    <p class='ocr_par' dir='ltr' id='par_1_17' title="bbox 1235 2659 2060 2691">
     <span class='ocr_line' id='line_1_96' title="bbox 1235 2659 2060 2691; baseline -0.004 -5"><span class='ocrx_word' id='word_1_623' title='bbox 1235 2662 1283 2690; x_wconf 79' lang='lat'>58)</span> <span class='ocrx_word' id='word_1_624' title='bbox 1302 2661 1371 2690; x_wconf 87' lang='lat' dir='ltr'>nisi]</span> <span class='ocrx_word' id='word_1_625' title='bbox 1391 2660 1430 2684; x_wconf 86' lang='lat' dir='ltr'>sic</span> <span class='ocrx_word' id='word_1_626' title='bbox 1452 2660 1535 2684; x_wconf 85' lang='lat' dir='ltr'>Editt.</span> <span class='ocrx_word' id='word_1_627' title='bbox 1556 2660 1651 2691; x_wconf 57' lang='lat'>1548„</span> <span class='ocrx_word' id='word_1_628' title='bbox 1672 2660 1765 2690; x_wconf 67' lang='lat'>1562,</span> <span class='ocrx_word' id='word_1_629' title='bbox 1789 2660 1839 2684; x_wconf 81' lang='lat' dir='ltr'>Ed.</span> <span class='ocrx_word' id='word_1_630' title='bbox 1859 2660 1935 2685; x_wconf 71' lang='lat'>1554,</span> <span class='ocrx_word' id='word_1_631' title='bbox 1954 2659 1978 2682; x_wconf 88' lang='lat' dir='ltr'>si</span> <span class='ocrx_word' id='word_1_632' title='bbox 1997 2664 2060 2683; x_wconf 87' lang='lat' dir='ltr'>non.</span> 
     </span>
    </p>
   </div>
   <div class='ocr_carea' id='block_1_16' title="bbox 1235 2707 2197 2774">
    <p class='ocr_par' dir='ltr' id='par_1_18' title="bbox 1235 2707 2197 2774">
     <span class='ocr_line' id='line_1_97' title="bbox 1235 2707 2197 2746; baseline -0.007 -8"><span class='ocrx_word' id='word_1_633' title='bbox 1235 2714 1282 2746; x_wconf 80' lang='lat'>59)</span> <span class='ocrx_word' id='word_1_634' title='bbox 1309 2713 1494 2742; x_wconf 76' lang='lat' dir='ltr'>cieomantis]</span> <span class='ocrx_word' id='word_1_635' title='bbox 1526 2712 1568 2736; x_wconf 77' lang='lat' dir='ltr'>stc</span> <span class='ocrx_word' id='word_1_636' title='bbox 1598 2712 1682 2736; x_wconf 82' lang='lat' dir='ltr'>Editt.</span> <span class='ocrx_word' id='word_1_637' title='bbox 1717 2712 1810 2742; x_wconf 53' lang='lat'>1548,</span> <span class='ocrx_word' id='word_1_638' title='bbox 1849 2713 1924 2746; x_wconf 77' lang='grc'>1554.</span> <span class='ocrx_word' id='word_1_639' title='bbox 1951 2720 1985 2733; x_wconf 69' lang='lat'>:1</span> <span class='ocrx_word' id='word_1_640' title='bbox 2009 2707 2197 2741; x_wconf 67' lang='grc' dir='ltr'><strong><em>Κλεόμανῃς;</em></strong></span> 
     </span>
     <span class='ocr_line' id='line_1_98' title="bbox 1269 2748 1617 2774; baseline -0.003 -1"><span class='ocrx_word' id='word_1_641' title='bbox 1269 2749 1320 2773; x_wconf 84' lang='lat' dir='ltr'>Ed.</span> <span class='ocrx_word' id='word_1_642' title='bbox 1341 2748 1415 2774; x_wconf 82' lang='lat'><strong>1562.</strong></span> <span class='ocrx_word' id='word_1_643' title='bbox 1435 2748 1617 2773; x_wconf 74' lang='lat' dir='ltr'>cleomantes.</span> 
     </span>
    </p>
   </div>
  </div>
 </body>
</html>
