2351 2990
235 764 401 806 XXIV.
469 763 568 804 PH.
615 763 778 805 MEL.
825 757 1129 803 SCHOLIA
1174 755 1245 797 IN
1294 752 1675 796 CICERONIS
1725 750 2052 801 QUA'FUOR

605 841 1006 886 ORATIONES
1052 842 1122 885 IN
1167 843 1219 883 L.
1260 839 1672 883 CATILINAM.

130 972 237 1027 Haec
259 998 366 1027 scholia
389 997 424 1025 ab
446 996 504 1024 illis
519 994 667 1023 Ciceronis
691 993 884 1028 orationibus,
907 1003 1030 1030 quarum
1044 995 1243 1023 enarrationes
1259 996 1287 1022 in
1303 995 1370 1022 Vol.
1387 994 1465 1022 XVI.
1480 992 1563 1021 huius
1579 991 1716 1027 Corporis
1730 989 1933 1022 continentur,
1957 988 2085 1016 seiuncta
2100 988 2151 1016 hoc

129 1045 249 1071 demum
270 1041 332 1069 loco
356 1048 420 1067 eain
442 1039 478 1067 ob
501 1047 616 1065 causam
639 1045 788 1074 propono,
811 1036 888 1073 quod
914 1042 982 1064 tunc
1006 1038 1164 1074 temporis,
1188 1048 1243 1075 qno
1260 1037 1334 1065 illud
1348 1037 1491 1064 volumen
1508 1035 1602 1069 edidi,
1625 1034 1767 1060 editiones
1783 1032 1845 1059 eius
1862 1031 1943 1067 libri,
1967 1031 1994 1057 in
2018 1040 2073 1067 quo
2098 1040 2152 1057 ex-

129 1085 283 1120 hibentur,
311 1082 441 1110 nondum
463 1081 491 1108 in
515 1089 615 1107 manus
638 1087 718 1106 meas
740 1085 950 1115 pervenerant.
1009 1079 1089 1106 Haec
1119 1081 1194 1107 enim
1219 1079 1413 1108 Melantlionis
1436 1079 1465 1105 in
1490 1083 1611 1115 quatuor
1634 1075 1782 1103 Ciceronis
1804 1074 1947 1101 orationes
1971 1073 2152 1100 Catilinarias

129 1127 237 1155 scholia
259 1133 357 1163 neque
379 1123 499 1151 seorsim
524 1122 602 1149 edita
631 1126 715 1157 sunt,
753 1129 850 1157 neque
881 1122 909 1148 in
940 1121 1113 1149 scholiorum
1143 1123 1172 1150 in
1202 1123 1350 1150 Ciceronis
1379 1121 1523 1149 orationes
1553 1117 1785 1151 collectionibus,
1822 1125 1892 1154 quas
1922 1115 1951 1143 in
1982 1115 2050 1145 Vol.
2074 1115 2151 1143 XVI.

129 1178 196 1207 pag.
211 1167 272 1199 891
291 1177 355 1205 sqq.
375 1164 612 1200 commemoravi,
642 1168 777 1199 exstant,
801 1163 853 1190 sed
876 1168 987 1191 tantum
1010 1165 1040 1191 in
1062 1163 1106 1191 his
1130 1173 1251 1203 operum
1275 1164 1407 1192 Sallustii
1430 1162 1602 1190 editionibus
1625 1160 1829 1188 inveniuntur:

259 1226 290 1258 C.
317 1224 429 1264 Crispi
451 1223 592 1254 Salustii
612 1221 766 1252 historici
787 1222 983 1261 clarissimi,
1021 1224 1057 1252 in
1082 1222 1258 1252 Catilinam
1290 1227 1388 1261 atque
1412 1219 1615 1259 Iugurtham
1638 1217 1799 1256 opuscula
1823 1225 1885 1254 per
1908 1213 2153 1245 Hulderichum

298 1267 486 1298 Huttenum
515 1271 614 1304 atque
642 1264 839 1304 Philippum
867 1264 1155 1295 Melanchthonem
1183 1265 1317 1295 scholiis
1346 1269 1384 1294 ut
1413 1262 1614 1293 brevissimis
1644 1264 1695 1290 ita
1732 1259 1928 1289 doctissimis
1964 1259 2153 1289 illustrata.

300 1309 489 1349 Hagenoae
511 1318 574 1348 per
596 1306 645 1338 Io.
668 1306 849 1337 Secerium.
894 1307 986 1338 1529.
1031 1309 1060 1339 8.
1076 1308 1116 1348 *).

258 1388 301 1394 —
323 1369 477 1399 historici
498 1367 696 1404 clarissimi,
718 1365 756 1397 de
779 1366 946 1397 Catilinae
968 1368 1216 1401 coniuratione,
1237 1372 1270 1396 et
1294 1364 1375 1395 bello
1392 1363 1597 1402 Iugurthino
1621 1361 1795 1397 historiae,
1818 1371 1890 1391 cum
1914 1360 2051 1399 reliquis
2077 1370 2153 1390 ora-

298 1411 464 1447 tionibus,
492 1419 633 1449 quarum
656 1409 763 1439 index
783 1412 946 1447 proaeima
966 1410 1116 1449 pagella.
1167 1409 1210 1438 In
1234 1408 1317 1438 haec
1340 1411 1467 1443 omnia,
1504 1406 1654 1445 Philippi
1672 1404 1919 1435 DIelanchtonis
1945 1403 2014 1443 (sic)
2038 1403 2153 1432 doctae

300 1453 401 1484 simul
429 1458 461 1482 et
491 1451 671 1491 perbreves
700 1454 948 1487 annotationes,
984 1451 1063 1482 Cum
1092 1453 1232 1482 alterius
1261 1452 1434 1481 cuiusdam
1464 1447 1598 1487 scholijs
1626 1457 1691 1476 non
1722 1445 1913 1483 inutilibus,
1948 1444 2064 1484 quibus
2095 1445 2154 1475 hoc

299 1499 398 1535 signo
420 1495 442 1515 ’ξ
465 1494 671 1524 discriminis
695 1504 800 1525 causa
820 1492 1024 1533 praefixum
1047 1500 1104 1524 est.
1152 1496 1247 1535 (lnt'ra
1275 1496 1346 1523 haec
1376 1493 1552 1531 typographi
1582 1492 1696 1528 insigne
1727 1491 1820 1518 verbis
1849 1490 1987 1525 „Discite
2017 1490 2154 1517 iustitiam

300 1537 440 1568 moniti.''
476 1536 673 1575 inscriptum.)
729 1537 883 1567 Coloniae
912 1536 1056 1566 Ioannes
1094 1536 1274 1577 Gymnicus
1311 1535 1501 1565 zzz-cudebat
1535 1531 1637 1563 Anno
1667 1531 1713 1562 M.
1737 1530 1863 1562 CCCCC.
1890 1529 2065 1560 XXXII.
2122 1531 2152 1561 8.

297 1581 342 1613 20
356 1582 472 1619 plagg.‚
495 1590 616 1618 quarum
640 1579 770 1610 2—20.
794 1581 898 1609 litteris
920 1582 1028 1609 Α-Τ
1051 1582 1179 1619 signatae
1203 1586 1277 1608 sunt.
1301 1579 1338 1618 (S
1353 1580 1414 1607 soll.
1438 1588 1496 1606 non
1520 1586 1597 1604 num.
1614 1575 1743 1603 Sallustii
1767 1576 1840 1607 vitaz
1869 1572 2032 1610 30012agg.
2056 1583 2152 1602 muns

300 1634 369 1663 pag.
395 1621 546 1652 1-160,
568 1622 698 1651 Sallustii
722 1623 788 1651 libri
811 1623 848 1651 de
877 1624 1074 1652 coniuratione
1098 1624 1241 1651 Catilinae
1270 1628 1300 1650 et
1330 1623 1367 1650 dc
1397 1621 1475 1649 bello
1505 1618 1674 1656 Iugurthino
1705 1627 1768 1645 cum
1799 1616 1914 1644 scholiis
1943 1616 2094 1652 marginal.
2126 1622 2156 1644 et

301 1666 435 1695 lectionis
457 1666 618 1702 varietate,
653 1674 721 1702 pag.
738 1663 930 1695 161—1'73.
954 1666 1084 1694 Sallustii
1113 1667 1142 1693 in
1166 1666 1205 1694 M.
1228 1666 1264 1693 T.
1289 1665 1461 1693 Ciceronem
1490 1662 1580 1690 oratio
1610 1667 1639 1688 et
1664 1660 1812 1688 Ciceronis
1842 1659 1870 1686 in
1896 1658 2062 1686 Sallustium
2088 1667 2153 1685 ora-

304 1710 344 1737 tio
357 1706 401 1746 ⁷⁰²)
434 1717 459 1736 c.
489 1707 592 1735 scholl.
620 1708 745 1744 margin.
774 1714 803 1736 et
826 1708 895 1736 lect.
918 1718 995 1743 vah,
1038 1705 1313 1745 pag.173—·232.
1342 1706 1487 1734 Ciceronis
1518 1705 1545 1732 in
1569 1703 1604 1731 L.
1627 1703 1780 1731 Catilinam
1811 1701 1955 1728 orationes
1978 1700 2097 1727 I—lv.
2130 1710 2155 1728 c.

304 1750 406 1779 scholl.
430 1751 551 1786 margin.
575 1754 604 1777 et
628 1749 696 1777 lect.
720 1759 796 1786 van,
826 1759 892 1787 pag.
909 1749 1104 1779 232--2ss3.
1127 1751 1217 1778 Portii
1237 1748 1373 1777 Latronis
1395 1747 1565 1776 declamatio
1589 1751 1689 1773 contra
1711 1744 1831 1772 Lucium
1847 1743 1983 1780 Sergium
2000 1742 2155 1770 Catilinam

305 1802 332 1822 c.
355 1792 458 1820 scholl.
482 1793 623 1829 inargin.,
659 1800 725 1828 pag.
745 1791 936 1822 263—278.
961 1793 1060 1821 Oratio
1084 1794 1117 1821 L.
1141 1793 1268 1830 Philippi
1292 1792 1321 1819 in
1344 1796 1465 1826 senatu,
1500 1789 1583 1817 Orat.
1607 1788 1639 1815 C.
1664 1788 1767 1815 Cottae
1790 1786 1922 1814 Consulis
1945 1784 1981 1812 ad
2006 1785 2158 1821 populum,

305 1834 388 1863 Orat.
411 1834 502 1862 Macri
526 1835 591 1862 trib.
614 1834 657 1871 pl.
678 1834 714 1861 ad
737 1835 854 1870 plebem
878 1844 903 1862 c.
927 1836 1029 1863 scholl.
1053 1845 1143 1873 marg.
1168 1841 1197 1863 et
1221 1836 1288 1863 lect.
1311 1843 1389 1870 var„
1426 1828 1703 1870 p11g.27S—300.
1726 1828 1856 1865 Epistola
1880 1827 1932 1854 Cn.
1956 1827 2087 1862 Pompeii
2118 1828 2156 1854 ad

301 1883 453 1912 senatum,
482 1876 576 1914 Epist.
600 1876 677 1914 regis
699 1876 874 1905 Mithridatis
895 1877 931 1905 ad
955 1887 1056 1915 regem
1078 1879 1231 1913 Arsacem,
1259 1876 1406 1913 Epistolae
1428 1875 1504 1902 duae
1533 1873 1570 1901 ad
1592 1873 1624 1901 C.
1647 1872 1802 1899 Caesarem
1832 1869 1869 1897 de
1898 1868 2050 1906 republica
2078 1868 2157 1896 ordi-

304 1919 403 1948 nanda
416 1917 477 1958 ***)
501 1927 527 1947 e.
550 1918 652 1947 scholl.
675 1927 765 1957 marg.
786 1926 818 1948 ‘et
841 1919 909 1948 lect.
932 1929 1009 1954 var.;
1039 1920 1093 1950 ult.
1116 1919 1168 1948 fol.
1192 1920 1318 1958 album).

263 1993 306 2001 -
328 1978 364 2006 in
388 1975 555 2007 Catilinae
577 1978 822 2007 coniurationis
845 1983 879 2006 et
902 1975 979 2008 belli
1002 1977 1202 2015 Iugurthini
1221 1976 1394 2013 historias,
1417 1984 1489 2004 cum
1512 1971 1590 2012 alijs
1614 1969 1801 2009 opusculis,
1824 1977 1964 2007 quorum
1988 1966 2156 1996 elenchum

307 2017 456 2049 edocebit
478 2021 615 2048 inuersa
636 2020 788 2058 pagella.
834 2019 965 2050 Adsunt
992 2019 1144 2060 Philippi
1165 2016 1438 2050 Melanchthouis
1462 2020 1658 2045 ornamenta
1680 2011 1882 2047 Rhetorica,
1920 2016 2019 2049 atque
2046 2010 2158 2039 Flores

306 2071 370 2102 per
391 2059 614 2091 Huldericum
637 2060 824 2092 Hunenum
846 2062 973 2100 selecti,
1010 2069 1079 2092 tum
1108 2068 1139 2092 et
1162 2063 1234 2091 alia
1258 2063 1380 2091 uariae
1402 2060 1554 2089 lectionis
1575 2062 1606 2086 et
1630 2056 1812 2085 illustrium
1834 2055 2075 2082 sentcntiarum
2098 2052 2158 2081 ad-

305 2104 509 2142 ditamenta,
533 2114 607 2134 cum
630 2104 750 2134 Iacobi
769 2105 989 2135 Bononiensis
1012 2108 1132 2145 paucis
1155 2101 1439 2134 annotationibus.
1463 2102 1557 2139 (Infra
1580 2101 1652 2128 haec
1675 2099 1787 2136 insigne
1811 2102 1926 2134 typogr.
1950 2096 2044 2124 verbis
2060 2093 2160 2129 Γνοὺς

303 2145 418 2177 ἑαυτόν
446 2153 476 2176 et
504 2148 612 2186 „Usus
640 2157 688 2176 me
710 2149 838 2185 gennit''
867 2148 1071 2188 inscriptum.).
1123 2147 1289 2187 Lugduni
1315 2149 1352 2176 in
1381 2143 1521 2174 aedibus
1544 2140 1734 2173 Melchiorz's
1763 2144 1795 2168 et
1818 2136 1982 2177 Gasparis
2007 2135 2162 2166 Trechsel

297 2189 471 2229 fratrum·
521 2187 575 2220 M.
589 2188 634 2219 D.
651 2188 850 2221 XXXIII.
900 2191 933 2221 8.
984 2190 1027 2221 23
1049 2192 1147 2229 plagg.
1171 2192 1276 2220 litteris
1299 2200 1390 2219 a—z
1414 2189 1489 2226 sign.
1519 2186 1554 2226 (S
1573 2186 1637 2214 foll.
1661 2193 1719 2212 non
1742 2192 1838 2218 num.,
1874 2180 1937 2210 274
1960 2189 2046 2218 pagg.
2070 2190 2162 2215 num.,

305 2230 350 2262 38
371 2231 434 2261 toll.
457 2241 515 2260 non
538 2242 635 2270 num.,
666 2234 719 2262 ult.
742 2234 794 2263 sol.
818 2235 925 2263 album.
970 2234 1049 2262 Haec
1073 2234 1177 2270 editio,
1207 2239 1325 2270 praeter
1349 2231 1479 2260 Sallustii
1502 2231 1586 2258 vitam
1611 2234 1640 2256 et
1664 2227 1812 2260 historias,
1849 2223 1966 2252 easdem
1990 2222 2028 2252 11
2054 2223 2160 2251 oratio-

306 2283 360 2303 nes
382 2280 414 2303 et
437 2273 456 2304 4
478 2275 633 2313 epistolas,
663 2284 697 2304 ac
719 2276 774 2306 Ed.
797 2277 899 2306 colon.
924 2275 1034 2313 1532„
1063 2286 1127 2304 cum
1151 2276 1266 2305 scholiis
1289 2276 1410 2313 margin.
1436 2280 1464 2302 et
1489 2273 1556 2301 leet.
1581 2280 1639 2299 var.
1663 2266 1819 2306 continet.)
1829 2265 1877 2303 †).

176 2414 208 2443 *)
227 2415 269 2439 An
289 2414 373 2440 etiam
390 2417 457 2442 haec
476 2418 662 2444 Melanthonis
682 2419 709 2444 in
729 2421 891 2446 Sallustium
910 2421 1074 2446 scholiorum
1094 2420 1176 2445 editio
1196 2421 1340 2451 princepS,
1361 2424 1439 2449 qnam
1454 2417 1598 2441 Panzerus
1616 2411 1715 2437 Annal.
1736 2411 1846 2440 typogr.
1866 2407 1931 2447 Yol.
1946 2406 2005 2446 VII.
2026 2408 2158 2445 pag3104.

242 2455 285 2473 nr.
299 2450 358 2475 296.
379 2453 406 2475 et
424 2452 587 2483 schweiger
605 2455 710 2480 flando.
730 2456 779 2479 der
798 2457 882 2480 class.
902 2457 1032 2486 BiblIogr.
1054 2457 1083 2481 T.
1098 2456 1130 2478 11.
1150 2456 1178 2479 P.
1192 2456 1216 2479 2.
1235 2460 1296 2485 pag.
1310 2453 1369 2478 872.
1390 2453 1519 2481 laudant,
1546 2448 1666 2474 eiusdem
1687 2445 1790 2469 scholia
1808 2444 1836 2467 in
1856 2443 1997 2467 Ciceronis
2018 2443 2159 2477 orationos

240 2483 421 2509 Catilinarias
440 2487 655 2520 complectatur,
682 2490 793 2521 nescio,
813 2491 940 2521 quoniam
962 2491 1099 2520 luit-usqne
1118 2491 1187 2512 nanc
1207 2489 1352 2512 editionem
1371 2494 1425 2511 non
1445 2486 1509 2509 vidi.

175 2533 226 2564 **)
245 2535 368 2566 Utraque
386 2535 525 2561 invectIva
543 2538 686 2564 subditicia
706 2542 759 2571 est,
778 2541 831 2565 vid.
851 2541 948 2566 Orellii
968 2543 993 2564 et
1015 2541 1115 2564 Baiteri'
1136 2540 1276 2565 Onomast.
1291 2538 1407 2563 Tullian.
1427 2536 1457 2560 P.
1472 2536 1491 2559 Ι.
1512 2542 1537 2564 p.
1553 2533 1612 2558 376.
1648 2527 1775 2555 Sallustii
1794 2531 1878 2557 opera
1897 2524 2041 2565 ecl-Kritz.
2063 2525 2124 2551 Vol.
2141 2527 2159 2550 1.

238 2569 331 2595 Praef-
349 2577 374 2601 Ι)-
394 2571 457 2595 XX·
477 2573 504 2595 et
523 2573 687 2604 Bernhardy
705 2576 853 2599 Grundrirs
873 2576 920 2599 der
940 2576 1102 2599 Roiniaeien
1124 2575 1286 2598 Litteratur.
1323 2572 1433 2596 zweite
1452 2569 1646 2596 Bearbeitung.
1684 2563 1762 2587 Halle
1784 2561 1858 2585 1850.
1896 2567 1919 2590 p.
1934 2559 1993 2584 036.

176 2618 333 2685 ***)h3=(2¹}
347 2628 453 2680 (imique
471 2622 539 2647 duae
557 2623 593 2647 ad
611 2623 758 2650 Caesarem
777 2625 913 2657 epistolae
934 2627 1066 2651 Sallustio
1088 2625 1245 2656 suppositae
1263 2624 1343 2653 sunt,
1368 2622 1440 2647 conf.
1459 2618 1587 2644 Kritzius
1606 2617 1635 2641 in
1654 2614 1749 2640 praef.
1766 2613 1783 2637 1.
1803 2610 1922 2643 p.xvl1
1941 2616 1998 2641 sqq.
2029 2611 2056 2634 et
2074 2611 2162 2636 Bern-

183 2703 220 2736 τ)
241 2705 316 2730 naec
333 2707 382 2732 Ed.
402 2713 420 2731 a
438 2707 618 2740 Scliweigero
637 2710 655 2734 l.
670 2710 687 2734 l.
708 2716 762 2736 non
781 2714 1015 2737 commemoratur.

145 2747 327 2780 Mamm-n.
343 2748 449 2781 Ornn.
481 2751 566 2783 Von.
582 2752 688 2784 XVII.
1554 2737 1601 2772 36
