2351 2990
178 137 251 171 783
757 130 880 166 PHlL.
917 128 1029 163 MEL.

178 222 230 255 ius
248 227 404 253 xocatur.
459 218 580 264 ltaque
600 216 688 251 niliil
713 217 743 249 ei
762 216 923 249 relictum
942 221 1012 253 est,
1041 225 1111 259 quo
1128 225 1164 246 se

178 284 343 306 cxcus1re
360 277 421 304 aut
438 271 527 303 elabi
548 270 668 314 possit.

176 323 431 367 rempublicam
453 320 568 355 bacin
587 333 623 353 ri.
641 331 712 351 non
733 318 836 351 liwdi.
892 317 920 350 Ν
926 329 983 349 ¹11n
1008 315 1036 349 si
1061 313 1165 348 huius

176 374 376 408 calumniae
396 374 561 409 xit-erint
591 370 789 413 exemplum
807 370 851 401 ad
869 380 993 401 omnes
1013 366 1165 411 pertine-

175 427 245 465 bit,
270 437 384 471 nequi
403 437 462 457 ιιιι
466 424 559 456 arius
577 422 667 454 ullus
684 421 820 466 quidqu
825 433 881 453 am
899 418 1087 464 persolvet.
1120 416 1166 450 Et

176 478 204 511 si
227 477 281 510 tui
308 475 541 510 condonanda
566 473 696 505 mulcta
723 479 794 512 ι.,51
822 478 914 504 certe
938 468 1165 503 modestiori-

174 530 239 562 bus
258 535 289 561 et
308 528 366 573 qui
386 538 483 558 uon
475 537 525 568 ὶ,νιν
528 538 559 556 ix
565 524 630 557 1te1
644 530 854 568 peccar,unt
882 521 1080 555 condouaii
1105 520 1164 552 de-

174 580 282 612 bebit.
335 578 416 612 Νοιι
435 577 482 620 ⁴²¹)
505 574 587 609 huic
609 575 844 608 audatissimo
869 573 1039 607 nebuloni
1057 571 1104 617 Ἡ)
1131 577 1165 603 et

174 629 389 675 graxissimis
420 629 462 660 ile
491 626 605 661 causis
631 627 882 659 condemnam.
943 624 1039 669 Quid
1069 621 1164 657 enim

175 688 224 715 est
244 680 386 724 grauius
410 691 517 724 quam
543 678 627 711 1“ιιι15ι
653 677 840 721 logatione
866 683 900 710 et
923 676 1047 721 iniquo
1074 673 1164 707 iudi-

174 733 247 771 cio,
274 737 311 764 ut
328 731 391 764 iste
408 730 508 770 fecit,
535 729 647 762 civem
666 728 922 762 ciicumxenire
948 740 987 760 ac
1012 724 1164 760 nicar'e?

173 783 267 821 lam,
294 783 322 816 si
341 782 506 815 omnibus
522 780 793 820 condonarctis‚
822 786 942 813 tamen
959 791 1032 811 non
1054 777 1164 822 patie-

173 834 262 867 mini
287 834 358 866 vim
386 833 486 866 vobis
511 831 630 865 afferri
655 838 688 864 et
711 832 787 876 cogi
816 843 898 871 vos,
933 836 972 864 ut
995 829 1164 862 mulctam

172 885 380 922 remittatis;
409 884 494 930 quid
513 883 608 916 enim
628 883 722 916 aliud
740 895 846 928 quan]
866 882 937 915 vim
957 886 1061 926 parat
1078 878 1164 913 iste?

172 938 373 976 Postremo,
401 942 440 969 ut
459 941 595 968 caetera
616 934 793 972 omittam,
818 933 846 967 si
864 931 947 966 huic
965 931 1164 976 ignoscetis,

173 995 269 1021 totus
285 994 395 1021 status
410 987 627 1031 reipublicae
652 986 872 1018 convelletur
889 991 923 1017 et
947 984 1088 1016 labefiet
1104 981 1163 1028 ⁵³³).

172 1039 299 1072 Dicam
333 1045 451 1072 autem
492 1035 580 1070 nihil
617 1037 789 1080 vulgare,
833 1033 922 1068 nihil
953 1045 1164 1079 supervaca-

171 1103 302 1130 neum,
336 1088 426 1123 nibil
448 1089 609 1132 ignotum
637 1088 750 1121 vobis.
803 1087 839 1120 Si
862 1086 941 1132 quis
967 1085 1164 1130 expendere

172 1142 286 1181 volet,
327 1152 418 1186 quae
444 1153 498 1174 res
526 1140 562 1172 in
588 1139 729 1173 civitate
756 1139 986 1172 autoritatem
1010 1142 1165 1175 senatus,

172 1192 375 1233 concionis,
404 1198 464 1225 aut
489 1191 704 1225 iudiciorum
730 1191 897 1223 defendat
914 1189 981 1233 24),
1010 1194 1071 1222 aut
1090 1199 1165 1220 ιιιιι-

173 1244 384 1289 gistratuum
402 1243 494 1276 vices
521 1243 714 1287 gubernet,
740 1248 779 1274 ut
797 1241 899 1274 novis
917 1240 1012 1274 ultro
1038 1239 1165 1272 cedant

172 1296 310 1340 priores
341 1294 516 1339 perfuncti
549 1293 783 1337 magistratu;
827 1299 1030 1337 postremo,
1073 1302 1164 1336 quae

172 1359 227 1380 res
245 1346 540 1392 tranquillitatem
559 1352 592 1378 et
608 1345 756 1378 salutem
773 1344 840 1377 toti
858 1343 993 1376 civitati
1009 1342 1163 1375 adferat:

173 1398 331 1431 inveniet
356 1403 494 1430 tantum
525 1398 663 1430 adferre
693 1395 875 1429 cumulum
904 1395 1084 1427 bonorum
1116 1392 1164 1424 le-

173 1461 251 1493 ges,
289 1455 322 1481 et
346 1449 443 1494 qnod
467 1447 521 1481 his
546 1459 672 1492 parere
697 1446 868 1489 cogimur.
936 1444 1028 1478 Nam
1055 1443 1084 1476 si
1110 1440 1164 1475 his

174 1500 315 1534 abolitis
339 1500 442 1532 liceat
466 1499 595 1538 cuivis,
623 1497 792 1543 quicquid
818 1495 982 1535 libuerit,
1009 1506 1085 1527 non
1109 1506 1164 1528 so-

174 1552 247 1585 lum
265 1552 307 1584 de
324 1550 503 1594 republica
522 1555 639 1582 actum
656 1548 736 1588 erit,
755 1549 814 1581 sed
830 1547 935 1591 plane
950 1544 1041 1579 nihil
1056 1545 1164 1577 inter-

173 1603 240 1636 erit
261 1603 354 1634 inter
370 1603 527 1634 serarum
546 1600 657 1632 vitam
678 1611 718 1632 ac
734 1605 907 1632 nostram.
956 1597 1053 1642 Quid
1069 1596 1163 1629 enim

173 1653 381 1687 existimatis
411 1650 505 1685 hunc
537 1653 713 1684 facturum
746 1662 819 1684 esse
845 1649 986 1682 abolitis
1016 1648 1165 1692 legibus,

174 1705 235 1750 qui
259 1704 364 1738 salvis
389 1704 456 1737 illis
481 1709 619 1736 tantum
645 1702 711 1736 sibi
734 1699 934 1745 permittit?
967 1700 1163 1745 Postquam

174 1762 291 1788 autem
324 1756 518 1788 secundum
542 1753 637 1787 Deos
661 1753 810 1787 salutem
836 1751 988 1785 civitatis
1011 1751 1164 1783 maxime

172 1807 265 1851 leges
282 1812 447 1846 tuentur,
474 1805 627 1844 debetis,
655 1804 803 1849 perinde
820 1810 927 1848 atque
944 1815 1024 1836 cum
1048 1802 1165 1847 publi-

174 1870 253 1891 cum
293 1857 466 1890 tributum
508 1856 665 1901 exigitis,
709 1861 744 1888 et
765 1854 818 1899 25)
855 1855 1163 1898 obtemperantem

173 1909 273 1942 iustis
299 1909 462 1941 laudibus
480 1920 629 1947 ornare,
657 1913 829 1952 tanquam
847 1906 1021 1939 tributum
1039 1906 1083 1937 ad
1100 1917 1164 1949 pu-

172 1960 253 1993 ὸίἰει
255 1973 300 1992 un
320 1959 562 1993 necessitatem
581 1959 670 1991 liber
675 1958 777 1990 aliter
795 1958 1050 1996 conferentem,
1075 1963 1108 1989 et
1126 1956 1164 1988 in

173 2024 276 2051 eum,
305 2011 365 2056 qui
387 2017 547 2050 recusat,
574 2011 669 2042 anim
675 2010 873 2042 adxertere.
925 2008 1017 2042 Nam
1041 2014 1081 2040 ut
1105 2019 1164 2051 pe-

172 2063 274 2096 cunia
293 2062 527 2095 incommune
539 2062 720 2094 confer-tui
732 2060 894 2104 publicae
907 2059 1030 2092 salutis
1046 2071 1163 2098 caus:‚1

174 2114 221 2146 ita
246 2126 306 2147 sua
335 2113 484 2158 quisque
508 2113 598 2145 facta
623 2111 753 2145 sentiat
774 2112 818 2143 ad
846 2122 1074 2143 communem
1096 2116 1137 2143 st
1130 2123 1164 2141 ι-

174 2172 249 2199 tum
273 2164 424 2198 civitatis
446 2164 624 2208 pertinere
643 2163 701 2208 ²⁶).
754 2162 791 2195 Si
812 2163 890 2208 quis
914 2161 1105 2195 committit
1127 2161 1163 2193 in

206 2302 256 2329 21)
277 2302 352 2330 Non]
376 2301 418 2324 sic
439 2300 521 2324 Editt.
546 2299 756 2323 1527—1559..
786 2298 992 2327 1564—1587.;
1019 2298 1067 2322 Ed.
1092 2298 1165 2322 1562.

242 2336 343 2365 Neque.

208 2378 257 2406 22)
277 2380 333 2401 Hae
353 2383 434 2401 voees
457 2378 482 2400 in
505 2377 588 2400 Editt.
611 2376 697 2402 1559..
723 2375 916 2400 1564-1587.
936 2375 961 2398 in
982 2375 1106 2406 margine
1126 2375 1166 2399 sie

243 2412 376 2441 repetitae
395 2414 473 2435 suut:
500 2411 656 2441 Aristogito
675 2409 878 2434 audacissimus
899 2411 1007 2436 nebulo.

209 2454 258 2482 23)
278 2456 310 2477 Η.
331 2456 347 2476 1.
366 2455 391 2477 ιιι
412 2455 495 2477 Editt.
516 2454 602 2483 1527..
623 2454 714 2482 1542,
734 2455 800 2477 nota
819 2452 949 2483 margia:
969 2453 1049 2476 Redit
1063 2453 1096 2475 ad
1115 2459 1165 2483 ge-

243 2488 348 2512 neralis
377 2489 570 2517 propositionis
598 2488 804 2518 tractationem,
834 2488 861 2510 et
886 2493 919 2510 ex
946 2487 1007 2510 utili
1026 2489 1052 2510 et
1072 2493 1166 2510 exem-

246 2522 300 2552 plis
319 2522 423 2551 colligit
446 2523 521 2552 leges
538 2529 602 2546 csse
622 2522 785 2545 servandas

208 2564 257 2592 24)
278 2565 310 2590 Η,
332 2564 348 2587 1.
368 2565 395 2587 in
415 2565 495 2587 Editt.
515 2566 599 2593 155⁹„
621 2564 813 2588 1564-1537.
833 2565 899 2588 nota
917 2564 1050 2594 margon:

245 2598 422 2622 autoritatem
442 2600 650 2629 magistratuum
670 2599 834 2624 defendunt,
853 2600 879 2621 et
898 2598 981 2622 cives.

209 2641 258 2670 25)
280 2643 322 2680 eff]
344 2640 383 2665 sic
402 2640 484 2664 Editt.
504 2641 713 2671 1527-1559.‚
742 2641 946 2671 1561—1587.;
979 2641 1006 2665 in
1026 2642 1074 2666 Ed.
1092 2643 1165 2666 1562.

245 2682 341 2699 omiss.

211 2718 258 2745 26)
285 2719 316 2741 Η.
337 2718 354 2742 l.
381 2717 406 2740 iu
431 2717 514 2741 Editt.
532 2718 623 2745 1559.,
655 2719 744 2745 lau,
777 2719 851 2743 1587.
878 2720 943 2742 nota
970 2718 1103 2749 margins

246 2752 403 2781 pet-uniam,
425 2755 461 2775 ita
482 2753 553 2775 fat-ta
570 2753 603 2775 ad
623 2753 757 2782 publicani
776 2753 893 2776 salutem
914 2753 1045 2778 conferri.

1076 2566 1166 2596 Leges

1132 2720 1165 2742 L't

721 269 844 312 Neque
870 265 937 298 boc
955 264 1024 297 dici
1048 270 1166 309 potest
1190 268 1193 276 ¹

1062 126 1264 162 SCRIPTA
1291 127 1627 165 PHILOLOGICA.

1189 286 1193 338 Ι

2141 128 2219 165 784

1219 215 1331 258 leges,
1358 227 1429 248 non
1455 215 1489 248 id
1515 216 1683 260 privatim
1712 221 1849 248 tantum
1877 215 1921 247 ad
1941 220 2104 247 autorem
2128 215 2212 248 faci-

1218 266 1316 300 noris
1335 267 1508 309 pertinet,
1530 268 1589 301 sed
1608 273 1780 313 quantum
1799 266 1835 298 in
1856 266 1932 310 ipso
1956 272 2027 305 est,
2055 266 2210 300 maxima

1218 317 1370 350 civitatis
1396 325 1607 351 ornamenta
1633 325 1667 351 et
1687 318 1864 362 praesidia
1890 317 1991 350 vobis
2009 317 2056 364 ²⁷)
2092 317 2212 362 eripit,

1218 374 1252 401 et
1276 367 1483 401 universum
1512 376 1643 402 statum
1672 369 1824 403 civitatis
1849 369 2049 402 labefactat.
2103 368 2212 414 Quod

1218 425 1257 451 ut
1280 419 1407 452 faciam
1433 419 1644 461 verisimile,
1671 433 1781 454 unum
1799 427 1905 466 atque
1922 420 2073 453 alterum
2093 432 2211 454 exem-

1218 470 1316 514 plum
1342 483 1382 503 ex
1410 470 1451 505 iis
1469 470 1536 517 ²⁸),
1564 484 1654 516 quae
1673 472 1826 505 maxime
1846 471 1999 515 insignia
2024 478 2127 511 sunt,
2154 483 2211 506 re-

1218 521 1335 554 citabo
1351 521 1410 568 ²9).
1463 522 1565 566 Quae
1591 535 1646 556 res
1670 534 1689 555 a
1715 522 1863 556 consilio
1890 529 2032 556 senatus
2049 524 2092 556 de
2109 534 2210 556 arca-

1218 572 1272 606 nis
1289 574 1395 606 rebus
1411 573 1659 614 deliberantis,
1687 574 1953 607 multitudinem
1965 600 1974 615 ‚
2001 586 2073 620 quo
2092 573 2212 609 minus

1219 624 1415 668 irrumpat,
1443 623 1633 668 probibet?
1676 637 1762 658 num
1789 625 1934 658 cancelli
1952 632 2023 658 tam
2040 624 2212 670 fragiles?

1218 673 1256 707 In
1272 675 1463 720 Areopago
1487 689 1567 709 cum
1589 682 1732 710 senatus
1756 677 1794 708 in
1819 676 1916 720 regia
1939 676 2079 720 porticu
2097 677 2209 717 sedet,

1218 738 1304 759 num
1319 727 1497 760 funiculus
1515 728 1668 761 excludit
1683 727 1808 771 vulgus
1820 754 1829 768 ,
1856 739 1900 760 ne
1915 733 2077 761 senatum
2098 727 2208 762 inter-

1219 778 1360 811 turbet?
1391 778 1491 823 Quae
1509 791 1564 812 res
1582 778 1848 823 magistratibus
1870 778 1937 811 rite
1954 779 2101 818 creatis,
2128 791 2210 812 cum

1218 830 1405 873 praeconis
1429 842 1516 863 voce
1538 830 1697 876 reliquus
1722 830 1876 874 populus
1893 830 2078 863 submotus
2091 830 2211 870 fuerit,

1218 881 1397 924 praesidio
1430 887 1482 914 est
1515 882 1552 913 in
1587 882 1722 926 legibus
1758 880 2034 914 conservandis?
2069 887 2104 914 et
2138 881 2209 914 alia

1218 931 1329 964 multa
1347 931 1408 977 ³⁰).
1461 931 1625 978 Denique
1646 932 1786 973 omnia,
1815 943 1905 977 quae
1922 932 2049 965 decent
2071 932 2109 965 in
2126 932 2212 965 civi-

1218 988 1289 1015 tate
1322 983 1412 1015 bene
1446 984 1656 1024 constituta,
1698 983 1893 1016 liberorum
1930 995 2013 1027 erga
2042 989 2209 1028 parentes

1219 1033 1466 1074 observantia,
1495 1034 1693 1068 reverentia
1716 1046 1795 1078 erga
1814 1034 1969 1067 maiores
1985 1041 2091 1075 natu,
2119 1035 2208 1068 ordo

1218 1084 1256 1117 in
1279 1085 1478 1119 actionibus
1502 1086 1689 1126 omnibus,
1724 1085 1841 1129 legum
1868 1085 2040 1119 beneficio
2058 1085 2105 1131 ²³¹)
2125 1085 2210 1119 reti-

1217 1142 1368 1176 nentur,
1409 1148 1499 1182 quae
1528 1149 1547 1170 ιι
1571 1137 1792 1182 turpitudine
1821 1137 1933 1176 cives,
1968 1137 2012 1169 ab
2036 1137 2210 1170 immode-

1218 1187 1305 1227 stia,
1332 1188 1376 1220 ab
1399 1187 1556 1229 iniuriis,
1584 1189 1629 1221 ab
1652 1188 1873 1233 impudentia
1901 1189 2093 1222 deterrent.
2145 1188 2212 1221 Pe-

1219 1238 1336 1272 tulans
1356 1239 1452 1272 enim
1477 1246 1511 1272 et
1532 1240 1648 1273 audax
1672 1239 1884 1283 improbitas
1903 1245 1955 1273 est
1973 1245 2007 1272 et
2029 1239 2136 1272 alieni
2151 1252 2210 1273 cu-

1218 1289 1300 1334 pida
1320 1290 1380 1336 ³⁸²).
1440 1290 1594 1331 Contra,
1629 1291 1790 1335 probitas
1813 1289 1859 1336 ³³)
1884 1301 2008 1323 amans
2033 1296 2085 1323 est
2110 1296 2208 1323 tran·

1219 1341 1425 1385 quillitatis‚
1454 1342 1653 1374 verecunda
1672 1341 1740 1386 34),
1768 1341 1964 1381 contatrix,
1990 1352 2056 1374 nec
2070 1340 2172 1374 facile
2187 1352 2208 1374 a

1218 1403 1283 1424 suo
1315 1398 1408 1424 statu
1439 1392 1615 1427 deiicitur.
1686 1392 1844 1425 Proinde
1878 1392 1930 1424 illi
1953 1391 2016 1436 qui
2037 1403 2093 1425 res
2120 1392 2212 1426 iudi-

1219 1448 1318 1483 cant,
1363 1455 1573 1476 conservare
1605 1443 1698 1487 leges
1733 1449 1768 1476 et
1797 1454 1921 1476 earum
1951 1443 2064 1476 robur
2090 1443 2210 1476 defen-

1218 1494 1301 1526 dere
1319 1494 1469 1534 debent,
1496 1506 1649 1539 quarum
1675 1505 1742 1538 ope
1769 1493 1882 1526 adiuti
1902 1492 1989 1526 boni
2008 1493 2046 1526 in
2068 1493 2210 1536 civitate

1218 1544 1415 1579 incolumes
1449 1551 1542 1579 sunt.
1611 1545 1675 1579 Sin
1709 1551 1850 1585 autem,
1886 1544 2008 1580 sinetis
2044 1557 2104 1580 eas
2129 1557 2212 1579 exo-

1217 1595 1367 1635 lescere,
1408 1596 1622 1630 dissolvetur
1651 1603 1762 1630 status
1790 1596 2006 1640 reipublicae
2031 1602 2066 1630 et
2088 1597 2211 1630 omnia

1219 1648 1499 1685 confundentur3
1541 1654 1574 1681 et
1597 1654 1636 1682 ut
1651 1647 1715 1695 34ἃ)
1739 1648 1888 1694 quisque
1912 1654 1964 1681 est
1990 1647 2212 1693 improbissi-

1219 1711 1317 1738 mus,
1345 1698 1392 1731 ita
1410 1699 1605 1744 plurimum
1624 1700 1768 1744 poterit.
1822 1699 1948 1744 Qualis
1974 1699 2089 1740 enim,
2115 1700 2212 1734 bone

1218 1749 1333 1791 Deus,
1358 1757 1470 1784 status
1489 1751 1556 1784 erit
1572 1751 1809 1796 reipublicae,
1844 1750 1873 1784 si
1891 1750 2020 1794 singuli
2036 1750 2211 1796 Aristogi-

1218 1801 1312 1834 tonis
1345 1802 1533 1835 audaciam
1562 1803 1766 1842 imitentur,
1802 1808 1836 1835 et
1870 1802 2071 1835 existiment
2103 1802 2211 1836 licere

1218 1852 1335 1885 dicere
1353 1859 1387 1886 et
1402 1854 1516 1886 facere
1533 1854 1703 1899 quicquid
1718 1853 1821 1887 libet!
1850 1853 1880 1886 si
1896 1853 1942 1886 sit
1955 1853 2122 1898 impune,
2144 1854 2210 1888 etsi

1219 1910 1451 1937 contemnant
1471 1905 1650 1939 bonorum
1675 1906 1717 1938 de
1740 1917 1775 1938 se
1801 1904 2026 1948 opinionem!
2069 1905 2099 1938 si
2128 1905 2209 1951 quis

1218 1955 1327 1988 alium
1346 1956 1442 1989 nulla
1462 1969 1565 1990 causa
1584 1956 1735 1990 occidat!
1769 1955 1799 1989 si
1820 1955 1979 1999 privatus
2002 1962 2119 1989 sumat
2141 1957 2210 1990 sibi

1218 2006 1274 2047 id,
1302 2008 1399 2052 quod
1416 2008 1460 2040 ad
1478 2008 1704 2052 magistratus
1722 2006 1868 2051 proprie
1891 2007 2062 2051 pertinet!
2095 2007 2125 2040 si
2144 2019 2211 2041 nec

1218 2057 1363 2092 iuvenes
1378 2059 1552 2103 descripta
1571 2071 1719 2092 munera
1740 2059 1883 2097 obeant,
1910 2070 1973 2091 nec
1990 2070 2088 2092 senes
2104 2071 2209 2092 suum

1250 2169 1300 2196 27)
1335 2168 1428 2197 vobis]
1455 2167 1496 2192 sic
1519 2168 1603 2192 Editt.
1625 2166 1818 2192 1547-1587.
1846 2165 1991 2198 (zzDem.
2016 2163 2128 2200 ὑμῶν);
2158 2168 2210 2193 Ed.

1289 2202 1365 2228 1527.
1385 2202 1472 2227 nobis.

1251 2244 1299 2276 213)
1319 2246 1367 2274 iis]
1388 2246 1435 2270 Ed.
1455 2245 1528 2269 1562.
1548 2251 1643 2269 errore
1663 2246 1791 2276 typogr.:
1819 2244 1846 2270 ii.

1251 2289 1300 2317 29)
1319 2290 1351 2312 fl.
1372 2289 1388 2312 Ι.
1409 2288 1435 2311 in
1454 2288 1538 2312 Editt.
1556 2288 1645 2318 1559.,
1668 2287 1862 2312 1564—1587.
1878 2289 1943 2311 nota
1955 2287 2087 2319 margia:
2106 2289 2207 2313 Exem-

1289 2323 1342 2353 plis
1361 2324 1466 2353 probat.

1252 2367 1300 2394 30)
1331 2368 1357 2389 et
1381 2366 1438 2389 alia
1462 2365 1562 2393 multa]
1589 2364 1629 2388 sic
1649 2365 1732 2390 Editt.
1752 2365 1964 2395 ¹547-1587.;

1286 2400 1370 2424 multa
1390 2399 1436 2431 (=
1450 2401 1524 2423 Dem.
1544 2397 1612 2423 ἄλλα
1631 2399 1742 2432 μυρία).

1252 2443 1301 2471 31)
1328 2444 1362 2468 Η.
1380 2443 1398 2466 l.
1418 2442 1444 2466 in
1464 2442 1547 2467 Editt.
1565 2443 1656 2473 1559„
1686 2443 1880 2469 1564—1587.
1905 2445 1971 2467 uota
1994 2442 2126 2474 margum

1289 2484 1351 2508 gum
1375 2477 1513 2500 beneficia.

1253 2521 1301 2548 32)
1328 2519 1411 2543 alieni
1437 2519 1548 2548 cupida]
1575 2519 1615 2542 sic
1635 2519 1827 2544 Editt.1547..

1993 2366 2043 2391 Ed.
2059 2366 2134 2390 1527.
2155 2365 2211 2390 alia

2156 2443 2211 2466 Le-

1861 2520 1935 2545 1562.
1962 2519 2010 2551 (z-
2028 2520 2102 2543 Dem.
2126 2518 2211 2543 πλεο-

1289 2552 1445 2584 νεκτικόν);
1464 2554 1547 2577 Editt.
1565 2553 1658 2579 152⁷..
1680 2555 1770 2583 1559„
1792 2554 1984 2579 1564—1587.
2005 2553 2087 2577 alieni
2104 2553 2209 2583 cupido.

1253 2598 1302 2626 3³)
1323 2598 1397 2620 Haec
1416 2602 1469 2620 vox
1488 2595 1515 2618 in
1536 2595 1620 2619 Editt.
1638 2596 1730 2625 1559.,
1763 2596 1955 2622 1564—1587.
1980 2596 2007 2619 in
2026 2596 2148 2627 margine
2168 2598 2211 2620 est

1288 2631 1413 2661 repetita.

1253 2675 1300 2701 ³4)
1321 2673 1489 2702 verecunda]
1510 2673 1549 2696 sie
1564 2673 1647 2697 Editt.
1666 2673 1749 2701 1527„
1771 2673 1862 2702 1547„
1884 2673 1957 2697 1562.
1978 2673 2022 2705 (z
2038 2674 2113 2699 nem.
2131 2669 2213 2703 ὀκνη-

1287 2706 1368 2740 ρόν);
1391 2708 1473 2732 Editt.
1493 2707 1585 2737 1559.‚
1609 2708 1715 2730 1564—
1733 2708 1806 2731 1587,
1827 2707 2002 2733 verecundia.

1252 2752 1325 2780 ³⁴¹]
1345 2753 1386 2780 ut]
1406 2752 1432 2775 in
1454 2752 1500 2775 Ed.
1518 2750 1593 2774 1527.
1615 2750 1700 2774 deest.
