2294 2975
101 137 173 172 507
673 127 794 163 PHIL.
827 124 940 160 MEL.
973 119 1175 158 SCRIPTA
1205 120 1542 156 PHILOLOGICA.
2051 118 2125 153 308

104 221 227 258 amici,
267 225 386 263 estque
416 218 605 260 figuratum
637 214 789 260 quadam
823 209 1085 244 distributione.

1244 205 1274 251 §-
1292 205 1327 241 5.
1353 209 1414 241 Sic
1431 209 1521 241 video
1541 201 1810 250 7›h2‘losopk2's⁴)]
1837 202 1953 236 Locus
1977 215 2135 236 commu-

107 272 273 316 Sequitur
291 270 394 312 longa
413 266 632 301 enumeratio
652 274 836 297 causarum
860 273 945 294 suae
961 258 1088 293 sollici·
1144 257 1218 296 nis,
1247 269 1357 303 quare
1383 258 1582 302 praesentia
1610 256 1765 300 pericula
1793 260 2017 292 contemnat,
2053 254 2136 298 quia

110 321 241 355 tudinis
270 332 335 364 pro
368 318 567 351 valetudine
601 314 724 352 amici,
758 319 878 356 estque
900 309 988 344 haec
1010 320 1092 353 pars
1146 309 1240 340 bono
1258 321 1279 340 v
1298 320 1337 341 ro
1355 309 1438 342 satis
1457 314 1508 341 est
1524 308 1662 351 culpam
1681 311 1881 351 praestare,
1916 310 2053 337 caetera
2079 304 2138 337 de-

111 372 321 416 amplificata
339 369 525 402 collatione
541 379 559 398 a
580 375 729 409 persona
746 361 901 406 Papirii,
931 361 1026 407 quod
1051 359 1095 392 sit

114 422 300 456 amabilior
316 419 460 464 reliquis
483 416 603 450 amieis
626 419 772 459 propter
798 413 1013 455 singularem
1037 422 1096 443 ur-

112 474 318 506 banitatem.
371 471 498 503 Postea
515 466 613 499 addit
628 465 804 498 rationem
823 463 877 497 sui
901 461 1037 495 consilii
1060 461 1098 492 in

115 524 264 557 emenda
289 532 379 553 nova
405 520 532 557 domo,
577 516 660 561 quia
685 512 753 548 hoc
776 521 937 558 tempore
962 512 1098 545 Romae

117 587 188 608 esse
214 572 357 605 minime
382 569 506 606 liceat,
549 567 669 600 addita
691 565 933 599 confutatione
961 569 1101 597 senten-

117 625 185 658 tiae
202 621 348 665 Papirii.
403 617 589 652 Conclusio
613 615 720 650 habet
743 617 887 649 brevem
913 613 1102 659 expositio-

118 686 200 706 nem
223 672 276 705 sui
298 669 427 709 animi,
464 668 549 714 quid
559 668 605 714 98)
631 668 774 700 tandem
798 667 893 710 apud
916 678 951 699 se
976 663 1104 698 consti-

118 724 236 762 tuerit,
264 728 297 754 et
311 720 410 753 addit
425 719 707 752 admonitionem
723 718 766 751 de
783 718 890 750 domo
906 716 1049 761 Syllana
1057 714 1104 760 ⁰⁹)

119 774 304 817 diligenter
326 770 556 815 inspicienda.

375 855 510 889 Aliud
538 859 862 898 argumentum.

221 924 324 957 Duae
342 929 423 957 sunt
449 921 692 960 narrationes,
726 931 877 965 quarum
903 918 1004 962 prior
1026 928 1109 950 con-

123 976 212 1009 tinet
234 974 391 1007 rationes
415 985 449 1006 se
472 973 547 1006 iure
572 972 620 1005 sic
647 982 785 1014 semper
816 969 1006 1002 sollicitum
1036 979 1108 1001 esse

122 1038 188 1070 pro
205 1025 405 1058 valetudine
420 1023 568 1067 Papirii.
620 1022 709 1054 Sunt
731 1027 849 1053 autem
872 1025 1032 1062 sumptae
1054 1030 1110 1050 ra-

124 1077 238 1109 tiones
255 1077 297 1108 ab
315 1074 494 1107 excellenti
512 1072 673 1116 ingenio,
701 1072 795 1116 quod
814 1069 1019 1102 dominatur
1034 1074 1109 1101 tum

125 1127 162 1159 in
181 1127 361 1165 omnibus,
389 1137 467 1158 cum
490 1123 643 1156 maxime
666 1123 703 1154 in
724 1121 857 1154 facetiis
885 1126 918 1152 et
943 1132 962 1152 a
984 1125 1109 1152 mutuo

125 1189 258 1210 amore.
310 1176 430 1208 Altera
450 1173 609 1206 narratio
634 1171 741 1205 habet
763 1170 1011 1215 repetitionem
1033 1181 1111 1203 sen-

125 1228 256 1260 tentiae
273 1226 408 1269 Papirii
424 1226 466 1257 de
484 1224 631 1257 emenda
648 1224 755 1255 domo
766 1221 938 1266 Neapoli,
965 1221 1111 1261 addens,

127 1278 211 1322 quid
229 1278 302 1321 ipse
319 1279 432 1309 facere
448 1287 542 1308 nunc
560 1273 765 1307 decreverit.

331 1367 467 1400 Aliud
503 1370 816 1409 argumentum
833 1361 905 1407 ¹⁰⁰).

228 1435 329 1467 Hanc
356 1433 541 1478 epistolam
565 1437 713 1476 apparet
739 1442 811 1463 esse
834 1428 1002 1472 scriptam
1032 1434 1111 1460 ante

127 1486 258 1520 bellum
277 1485 395 1523 civile;
427 1484 487 1517 sed
504 1489 642 1522 tamen,
669 1494 748 1514 cum
766 1479 962 1523 respublica
981 1490 1112 1522 pauco-

127 1549 206 1570 rum
230 1535 389 1580 potentia
419 1545 584 1578 oppressa
620 1538 718 1565 esset.
785 1529 850 1563 Est
872 1535 990 1562 autem
1013 1528 1114 1572 prior

127 1600 210 1631 pars
227 1586 382 1619 officiosa
400 1585 441 1616 de
460 1596 523 1617 suo
543 1594 623 1627 erga
640 1583 740 1615 illum
754 1592 887 1614 amore.
931 1579 1114 1612 Posterior

130 1649 212 1681 pars
228 1643 278 1670 est
297 1635 536 1669 oeconomica.

295 1734 478 1770 Scholia
516 1734 560 1766 in
589 1732 834 1777 epistolam
860 1729 952 1764 XVI.

232 1811 262 1855 ἓ.
282 1814 314 1846 1.
348 1808 642 1854 ΒεῖεσίαυενιιηίῙ)
665 1806 735 1855 me]
762 1807 958 1841 Exordium
983 1818 1001 1838 a
1023 1805 1115 1838 litte-

130 1863 177 1896 ris
198 1863 309 1896 Paeti.

234 1911 263 1956 ἓ.
279 1915 312 1948 2.
340 1914 409 1946 Sed
424 1907 647 1956 quoniam2)]
668 1907 856 1946 Narratio,
878 1906 915 1938 in
933 1918 1002 1952 qua
1021 1918 1115 1939 com-

131 1970 307 1997 memorat
321 1974 354 1995 se
374 1972 519 2005 operam
534 1961 638 1998 dare,
666 1965 705 1991 ut
721 1958 787 1991 sibi
803 1957 962 1991 Caesaris
986 1962 1019 1990 et
1040 1968 1115 1989 cae-

132 2021 289 2048 terorum
306 2011 588 2046 benevolentiam
607 2009 780 2042 conciliet.

235 2063 264 2108 ἓ.
275 2065 309 2098 3.
336 2065 388 2096 De
403 2063 459 2095 illo
473 2058 602 2107 autem]
618 2059 787 2092 Inseritur
803 2058 981 2102 purgatio,
1006 2068 1115 2102 quare

135 2114 306 2148 existimet
321 2125 396 2146 non
417 2111 586 2157 offendi³)
605 2110 804 2143 Caesarem.

170 2247 216 2274 98)
237 2247 311 2276 quid]
333 2246 372 2269 sic
390 2246 465 2268 recte
484 2243 569 2268 Editt.
586 2243 678 2273 1556.,
699 2242 790 2272 1592.;
826 2241 909 2266 Editt.
931 2241 1021 2272 1565.‚
1042 2241 1116 2266 1569.

203 2286 299 2304 errore
318 2282 443 2310 t2·p0gr.:
467 2278 520 2308 qui.

169 2329 216 2384 99¹)
236 2328 367 2358 Syllana]
385 2327 425 2351 sic
444 2326 526 2350 Editt.
547 2325 638 2355 1565„
659 2324 749 2354 1569.,
770 2323 861 2353 15923
887 2323 936 2348 Ed.
958 2323 1032 2348 1556.
1053 2324 1117 2348 Sul—

215 2367 274 2384 ana.

172 2412 234 2439 100)
254 2412 310 2435 Hoc
326 2412 514 2441 argumentum
531 2410 629 2434 hahent
647 2409 730 2433 Editt.
751 2407 817 2432 1565
828 2407 940 2431 —1596.

172 2462 455 2518 D‘Dzelectagerune]
481 2460 520 2485 sic
543 2460 607 2485 illae
626 2460 710 2485 Editt.
736 2464 849 2488 omnes;
884 2457 933 2482 Ed.
954 2458 1039 2485 Orell,
1058 2460 1116 2485 De-

217 2502 246 2519 ec
261 2501 335 2518 arun
353 2512 358 2517 .

170 2548 200 2575 2)
222 2547 249 2570 ln
269 2546 316 2569 Ed.
337 2545 410 2569 1:237.
429 2545 506 2568 huius
530 2548 610 2568 notae
633 2544 737 2568 initium
761 2543 787 2567 in
813 2543 938 2573 margine
963 2549 1016 2566 non
1041 2543 1117 2567 iuxta

205 2582 271 2604 hac-e
290 2580 344 2603 Cic.
363 2581 462 2603 verba.
492 2579 540 2601 sed
563 2579 638 2602 iuxta
660 2578 868 2608 praecedentia:
899 2584 934 2602 ne
952 2578 1044 2602 ‚Silius
1062 2584 1115 2602 suo

205 2615 305 2638 nuntio
317 2631 324 2643 ,
343 2613 504 2636 collocatum
524 2616 574 2635 est.

170 2666 200 2693 3)
224 2664 357 2687 existimet
383 2667 435 2685 non
460 2661 572 2688 offendi]
603 2661 645 2684 sic
669 2661 752 2685 Editt.
774 2661 992 2691 1537—1544.‚
1028 2661 1112 2690 1554„

205 2698 297 2728 1557.;
320 2696 402 2720 Editt.
423 2696 514 2726 1545„
534 2694 606 2720 1560.
625 2700 679 2720 non
698 2695 833 2719 existimet
851 2695 958 2720 offendi.

1147 358 1339 402 spicienda.

1252 408 1282 453 ἓ.
1299 409 1333 442 7.
1361 411 1461 443 Nunc
1477 405 1591 454 venio]
1620 407 1770 452 Reliqua
1790 418 1871 451 pars
1889 417 1964 438 non
1982 403 2139 438 continet

1150 459 1220 493 nisi
1236 460 1333 494 iocos
1342 459 1386 505 ⁵).

1457 541 1777 585 Argumentum
1792 541 1836 586 6).

1255 608 1318 643 Est
1338 606 1435 641 liaud
1459 608 1563 641 dubie
1588 606 1674 640 haee
1690 608 1853 652 'epistola
1884 607 1975 640 inter
2008 607 2142 652 praeci-

1156 671 1244 705 puas
1265 658 1372 692 huius
1394 658 1488 692 libri.
1554 658 1673 703 Quare
1697 659 1804 691 etiam
1822 658 1938 691 Attico
1964 670 2042 691 earn
2063 658 2142 692 dili-

1159 717 1279 755 genter
1295 710 1540 748 commendat,
1567 715 1600 741 et
1623 715 1746 752 rogat,
1773 716 1812 741 ut
1835 707 1927 741 hanc
1955 709 2142 753 epistolam

1159 773 1261 805 saepe
1286 762 1398 804 legat,
1433 760 1522 793 sicut
1547 759 1643 791 illam
1666 759 1887 802 superiorem
1910 760 1955 792 ad
1978 759 2146 793 Dolabel-

1160 813 1230 845 lam
1245 823 1407 857 quoque,
1434 810 1532 844 cuius
1549 809 1747 854 exemplum
1762 809 1871 842 mittit
1885 808 2013 844 Attico.
2055 810 2145 843 Sunt

1161 869 1279 896 autem
1311 862 1353 894 de
1384 859 1452 894 hoc
1484 866 1692 904 argumento
1724 860 1761 892 in
1784 860 2025 904 superioribus
2046 860 2146 893 libris

1162 913 1298 958 aliquot
1314 912 1493 956 epistolae.
1545 911 1782 956 Posteaquam
1798 910 1921 943 Cicero
1945 916 2025 955 post
2039 910 2146 944 Pom-

1161 964 1280 1007 peium
1298 964 1341 995 ad
1351 961 1555 1006 Philippos,
1583 961 1759 994 civitatem
1772 959 1987 1001 Thessaliae,
2012 961 2145 995 victum

1162 1027 1196 1047 se
1213 1027 1291 1047 cum
1312 1013 1460 1046 Caesare
1477 1012 1610 1044 victore
1634 1011 1883 1051 coniunxerat,
1915 1023 1979 1044 nec
2001 1012 2145 1045 illorum

1163 1064 1328 1103 consiIIa,
1364 1063 1425 1108 qui
1448 1063 1580 1095 bellum
1605 1062 1870 1101 instaurabant,
1907 1062 2060 1105 probare
2084 1074 2146 1095 vo-

1162 1115 1247 1155 luit,
1274 1115 1354 1147 ideo
1376 1114 1413 1146 in
1428 1124 1558 1156 magno
1585 1113 1679 1156 apud
1700 1112 1829 1144 multos
1846 1111 2006 1145 Caesaris
2030 1112 2148 1144 inimi-

1163 1178 1221 1199 cos
1242 1165 1309 1199 fuit
1327 1164 1422 1197 odio.
1474 1163 1603 1196 Paetus
1629 1162 1748 1207 itaque
1770 1161 1833 1195 etsi
1856 1173 1930 1195 non
1953 1163 2148 1196 admodum

1163 1216 1383 1260 improbaret
1404 1212 1472 1246 hoc
1497 1213 1703 1252 consilium,
1738 1218 1859 1245 tamen
1878 1213 2052 1258 quaedam
2071 1225 2148 1246 mo-

1163 1267 1279 1300 nuisse
1312 1265 1520 1299 Ciceronem
1553 1275 1617 1307 per
1649 1262 1784 1296 litteras
1818 1263 1965 1295 omnino
1997 1263 2149 1296 videtur.

1164 1317 1286 1350 Primo
1309 1313 1517 1349 adhortatus
1541 1320 1609 1354 est,
1642 1325 1686 1346 ne
1709 1312 1858 1346 nimium
1884 1313 2007 1346 fideret
2029 1314 2150 1346 amici-

1164 1368 1233 1400 tiae
1260 1367 1423 1405 illorum,
1465 1364 1525 1410 qui
1551 1363 1693 1398 Caesari
1727 1370 1829 1396 erant
1859 1364 2148 1398 coniunctissimi.

1165 1418 1345 1456 Secundo,
1380 1416 1476 1461 quod
1501 1416 1544 1448 ab
1570 1415 1645 1459 ipso
1663 1413 1811 1447 Caesare
1833 1426 1975 1459 quoque
1995 1415 2149 1448 multum

1166 1481 1237 1502 esse
1253 1467 1412 1512 periculi.
1463 1465 1580 1498 Facile
1597 1465 1691 1498 enim
1709 1477 1789 1498 eum
1808 1464 1940 1497 offendi
1963 1476 2065 1508 posse
2089 1464 2150 1497 illa

1165 1520 1346 1556 libertate,
1388 1527 1456 1561 qua
1487 1516 1580 1548 inter
1603 1516 1735 1548 amicos
1758 1515 1966 1559 plerumque
1990 1521 2150 1548 uteretur

1167 1570 1302 1603 Cicero.
1335 1567 1423 1600 Item
1438 1567 1504 1600 isto
1522 1566 1681 1610 exemplo
1699 1577 1782 1598 usus
1800 1569 1886 1598 erat.
1921 1564 2107 1598 Oenomao
2116 1564 2148 1610 ⁷)

1167 1619 1325 1663 aurigam
1344 1630 1465 1657 suum,
1493 1629 1563 1662 quo
1580 1616 1773 1660 plurimum
1797 1616 1946 1649 confisus
1969 1622 2063 1656 erat,
2097 1615 2152 1647 in-

1167 1670 1299 1703 vidiam
1317 1675 1351 1701 et
1378 1668 1521 1700 exitium
1547 1667 1720 1706 attulisse,
1755 1666 1802 1698 ita
1821 1665 1984 1698 Ciceroni
2008 1677 2150 1711 quoque

1167 1721 1349 1753 nocituros
1364 1718 1556 1763 aliquando
1574 1729 1652 1757 eos,
1687 1728 1840 1762 quorum
1856 1716 2097 1749 familiaritate
2115 1727 2151 1750 se

1168 1771 1381 1805 tutissimum
1403 1770 1479 1801 sore
1501 1767 1726 1801 existimaret.
1779 1766 1924 1807 Tertio,
1957 1779 2029 1800 esse
2049 1777 2152 1810 prae-

1168 1829 1263 1854 terea
1292 1820 1499 1854 Ciceronem
1524 1819 1561 1851 in
1579 1830 1707 1862 magna
1739 1818 1834 1861 apud
1865 1829 1987 1850 omnes
2014 1816 2149 1849 invidia

1167 1878 1314 1917 propter
1329 1869 1396 1904 hoc
1411 1870 1527 1914 ipsum
1545 1869 1695 1908 sactum,
1730 1868 1826 1913 quod
1846 1879 1882 1901 se
1905 1868 1949 1900 ad
1964 1867 2151 1901 Caesarem

1168 1923 1381 1956 contulisset.
1432 1921 1527 1953 Haec
1541 1919 1715 1962 scripsisse
1740 1919 1784 1951 ad
1801 1917 2007 1951 Ciceronem
2020 1918 2151 1951 Paetus

1168 1974 1319 2007 videtur.
1385 1969 1628 2015 Respondetss)
1658 1969 1776 2014 itaque
1803 1968 1925 2002 Cicero
1956 1969 2081 2002 ordine
2103 1968 2149 2000 ad

1168 2024 1305 2068 singula
1326 2022 1460 2066 capita,
1495 2027 1528 2054 et
1550 2019 1725 2064 principio
1746 2020 1789 2052 de
1812 2019 2045 2053 familiaribus
2063 2018 2150 2052 Cae-

1168 2076 1267 2109 saris.
1324 2073 1451 2106 Postea
1478 2072 1521 2104 de
1543 2071 1619 2114 ipso
1644 2070 1791 2104 Caesare
1816 2071 1920 2110 dicit,
1954 2071 2147 2109 affirmans,

1170 2126 1266 2171 quod
1287 2121 1377 2157 nihil
1397 2123 1441 2156 ab
1462 2122 1510 2155 eis
1529 2121 1652 2154 timeat
1675 2121 1833 2165 periculi.
1885 2120 2024 2155 Deinde
2047 2132 2147 2154 excu-

1202 2257 1234 2284 4)
1256 2255 1309 2279 Pro
1328 2253 1369 2277 his
1385 2253 1438 2278 Cic.
1452 2252 1543 2276 verbis
1557 2253 1583 2276 in
1597 2252 1679 2277 Editt.
1696 2253 1783 2284 1545.‚
1802 2253 1875 2278 1560.
1894 2253 1955 2278 huic
1971 2255 2054 2279 notae
2065 2258 2149 2285 prae-

1237 2290 1291 2314 fixa
1305 2290 1369 2311 sunt
1386 2288 1541 2318 sequentia:
1568 2286 1653 2311 Nihil
1670 2294 1730 2312 esse
1744 2288 1893 2318 sapientis.

1202 2332 1233 2359 5)
1253 2332 1326 2354 Haec
1344 2332 1409 2353 nota
1431 2330 1534 2353 tantum
1558 2329 1586 2354 in
1606 2330 1798 2360 Editt.1537.,
1824 2331 1915 2362 1545„
1940 2330 2015 2355 1560.
2038 2332 2147 2362 exstat3

1237 2365 1265 2388 in
1285 2364 1367 2388 Editt.
1390 2364 1478 2394 154⁰„
1500 2364 1590 2394 1544„
1611 2364 1684 2388 1554.
1697 2380 1704 2394 ‚
1725 2365 1798 2388 15:27.
1817 2365 1903 2389 deest.

1203 2407 1233 2439 6)
1253 2408 1309 2430 Hoc
1327 2407 1514 2443 argumentum
1533 2407 1560 2428 et
1578 2405 1629 2430 duo
1655 2407 1797 2436 sequeutia
1816 2408 1849 2431 ab
1866 2407 1949 2433 Editt.
1970 2408 2061 2439 1556.,
2080 2407 2146 2431 1565

1236 2440 1352 2464 -1596.
1374 2440 1540 2463 exhibentur.

1201 2483 1233 2512 7)
1253 2483 1406 2507 Oenomaus
1423 2481 1631 2512 (Hippodamiae
1651 2483 1760 2514 pater),
1778 2483 1855 2507 Accii
1874 2484 1981 2514 fabula,
2000 2483 2076 2507 cuius
2096 2490 2143 2508 re-

1236 2516 1336 2546 liquiae
1362 2515 1536 2539 inveniuntur
1559 2517 1585 2539 in
1609 2516 1638 2542 P.
1667 2517 1797 2540 scriverii
1821 2517 1996 2541 collectaneis
2018 2520 2142 2542 veterum

1235 2550 1402 2580 tragicorum
1419 2550 1488 2578 (vid.
1509 2555 1593 2579 snpra
1612 2557 1635 2580 p.
1651 2551 1710 2575 246.
1729 2553 1795 2575 nota
1807 2551 1864 2579 ³3.)
1883 2558 1907 2580 p.
1923 2551 1971 2574 132
1985 2557 2042 2581 sq.‚
2068 2555 2095 2574 et
2113 2552 2141 2575 in

1236 2586 1267 2609 G.
1288 2585 1306 2607 i.
1326 2583 1420 2607 vossii
1439 2584 1576 2613 castigatt.
1595 2586 1622 2608 et
1641 2585 1712 2608 notis
1730 2585 1756 2608 in
1776 2586 1824 2608 iila
1851 2585 2004 2614 fragmenta
2030 2586 2140 2615 scriptis

1235 2625 1260 2648 p.
1276 2617 1324 2641 172
1336 2631 1365 2634 -
1378 2617 1434 2642 174.
1471 2618 1549 2641 Cont'.
1568 2619 1649 2642 etiam
1669 2618 1723 2642 Cic.
1742 2620 1821 2642 Tusc.
1840 2619 1956 2648 Disputt.
1974 2619 2019 2648 111,
2041 2619 2081 2650 12,
2100 2620 2143 2644 26.

1201 2659 1418 2725 8)sff‹;2¹sgptudet]
1438 2659 1476 2683 sic
1493 2660 1542 2683 Ed.
1562 2661 1653 2693 1556.3
1678 2660 1761 2687 Editt.
1783 2661 1866 2693 1565„
1887 2661 1971 2692 1569„
1992 2662 2065 2686 1592.
2085 2663 2142 2686 Be·
