2351 2990
84 124 160 162 729

86 224 167 245 cum
185 211 285 244 domi
299 211 432 244 bellum
451 210 647 254 gerendum
669 216 738 251 est,
774 210 824 244 ibi
842 218 1036 256 erumpunt
1052 224 1093 245 ac

88 263 251 308 produnt
269 275 305 296 se
323 262 417 295 mala
436 261 642 296 domestica.

192 314 229 348 Si
248 314 327 359 quis
344 320 461 347 autem
481 312 642 358 Philippi
659 313 867 346 felicitatem
891 314 1092 348 formidan-

88 366 172 398 dam
197 378 270 399 esse
294 364 472 411 putatffi),
507 377 579 410 quo
603 365 722 399 minus
743 365 775 398 ei
800 365 933 399 bellum
959 366 1091 399 infera-

87 429 187 457 mus,
212 418 409 461 prudenter
430 417 467 449 id
491 416 642 460 cogitat,
678 417 776 462 quod
799 415 983 450 hominem
1014 430 1090 451 cor-

87 469 211 501 datum
238 468 366 501 merito
392 479 537 500 movere
560 468 675 501 debet.
742 468 836 502 Nam
861 469 899 501 in
924 469 1090 502 omnibus

85 517 253 553 humanis
270 519 421 563 negotiis
438 519 591 552 multum
609 520 713 552 affert
736 520 910 552 momenti
933 521 1090 560 fortuna,

87 570 200 603 immo
217 570 255 602 in
271 570 345 604 eius
362 576 538 614 potestate
557 577 640 604 sunt
664 571 798 604 omnia.
859 571 937 604 Hoc
964 584 1090 617 quam-

89 633 199 667 quam
218 622 267 654 ita
290 634 325 655 se
343 620 471 663 habet,
506 629 626 655 tamen
650 623 679 656 si
707 620 796 655 mihi
822 623 992 656 alterutra
1017 624 1090 655 for-

85 678 172 706 tuna
199 673 245 706 sit
273 674 453 717 optanda,
496 686 570 706 non
597 674 756 707 dubitem
780 676 962 719 praeferre
990 674 1089 707 urbis

86 730 232 757 nostrae
264 725 469 765 fortunam,
505 726 614 758 modo
641 737 685 758 ne
708 725 777 770 ipsi
805 726 923 760 deesse
949 726 981 757 ei
1003 725 1089 758 veli-

84 788 177 815 mus,
205 777 265 809 sed
282 776 429 821 paulum
448 777 557 810 modo
576 777 692 810 facere
710 789 771 817 ea,
800 790 890 822 quae
908 776 1088 810 convenit.

82 826 211 861 Plures
228 828 324 861 enirn
345 828 547 862 occasiones
563 828 616 861 rei
632 829 722 861 bene
739 830 916 872 gerendae
930 841 965 861 se
984 828 1089 861 nobis

84 879 261 920 offerunt,
289 891 398 925 quam
419 878 609 924 Philippo,
637 892 729 925 quae
753 886 836 913 sunt
859 879 1089 924 significatio-

81 942 146 964 nes
171 931 442 964 benevolentiae
465 931 626 965 Deorum
659 943 740 975 erga
768 943 846 965 nos.
915 931 1005 971 Sed,
1048 938 1088 965 ut

82 981 208 1023 video,
239 994 414 1016 cessamus
432 983 550 1017 otiosi.
602 982 719 1015 Porro
738 994 783 1015 ne
811 982 917 1016 amici
941 983 1087 1028 quidem

80 1032 210 1066 iuvant
229 1046 446 1079 quemquam
460 1061 468 1074 ‚
496 1034 525 1068 si
548 1034 635 1079 quid
652 1034 701 1068 eis
718 1035 882 1074 mandet,
911 1047 992 1067 cum
1011 1034 1087 1079 ipse

81 1081 175 1117 nihil
200 1091 303 1129 agat,
330 1091 471 1118 tantum
500 1086 619 1125 abest,
654 1092 694 1119 ut
710 1085 770 1118 Dii
794 1086 918 1119 iuvent
942 1086 1087 1120 otiosos.

78 1134 205 1181 Itaque
220 1148 295 1169 non
313 1143 365 1169 est
383 1137 516 1170 mirum
533 1134 744 1181 Philippum
768 1137 923 1177 vincere,
941 1137 1003 1182 qui
1021 1138 1087 1170 mi-

78 1187 178 1220 litiae
204 1188 366 1220 lahorem
385 1200 459 1221 non
478 1189 670 1228 detrectat,
702 1195 737 1221 et
760 1188 893 1234 ubique
919 1189 1085 1229 accurrit,

77 1247 196 1284 neque
221 1239 333 1272 ullam
360 1240 669 1284 opportunitatem
697 1245 757 1273 aut
783 1240 1007 1273 occasionem
1032 1240 1086 1273 rei

77 1290 170 1323 bene
189 1291 364 1335 gerendae
382 1291 533 1331 amittit,
562 1291 663 1324 vobis
686 1290 830 1324 interim
856 1291 1085 1325 contantibus

80 1348 116 1375 et
134 1342 407 1376 decernentibus
425 1349 459 1375 et
480 1342 692 1386 rogantibus
716 1342 921 1376 sententias.
984 1340 1084 1377 Nihil

79 1393 190 1438 igitur
219 1393 334 1426 miror
360 1392 571 1438 Philippum
599 1394 763 1434 vincere,
804 1394 916 1427 immo
942 1400 1084 1426 contra-

78 1445 175 1478 rium
202 1444 376 1484 mitarer,
412 1445 441 1478 si
465 1457 530 1478 nos
556 1445 593 1477 in
618 1445 683 1478 ista
710 1445 853 1489 ignavia
880 1446 1084 1490 superiores

79 1508 234 1531 essemus
251 1508 312 1537 eo,
341 1496 403 1542 qui
420 1509 560 1530 summa
577 1496 753 1530 industria
772 1503 879 1543 atque
906 1497 1081 1530 acerrimo

77 1548 197 1583 studio
214 1560 291 1581 rem
315 1548 416 1593 gerit.
479 1547 618 1581 Deinde
640 1546 709 1581 hoc
734 1548 867 1589 miror,
903 1550 994 1582 adeo
1020 1561 1083 1582 vos

76 1600 266 1634 dissimiles
285 1612 357 1634 esse
373 1600 553 1633 maiorum
572 1606 771 1634 vestrorum
785 1627 794 1641 ,
823 1600 886 1646 qui
911 1613 978 1645 pro
1001 1600 1084 1634 reli-

76 1652 156 1698 quis
173 1652 319 1686 Graecis
338 1652 471 1685 bellum
488 1652 689 1685 intulerunt
702 1651 999 1686 Lacedaemoniis
1011 1679 1020 1692 ,
1050 1659 1084 1685 et

76 1716 156 1737 curn
174 1710 264 1737 esset
286 1704 424 1738 occasio
446 1704 630 1748 augendae
646 1703 828 1748 potentiae
853 1701 960 1737 huius
984 1704 1082 1737 urbis

74 1767 141 1801 per
157 1756 322 1788 fraudem
334 1783 342 1796 ,
371 1762 493 1789 tamen
512 1756 548 1788 id
562 1756 678 1788 facere
695 1756 909 1796 noluerunt,
938 1756 999 1789 sed
1017 1767 1081 1789 suo

76 1813 223 1851 sumptu
241 1813 348 1852 atque
374 1808 532 1852 periculo
557 1807 691 1840 bellum
720 1814 923 1851 gesserunt,
950 1819 996 1840 ne
1021 1806 1081 1839 alii

70 1858 208 1892 iniuste
227 1859 532 1903 opprimerentur,
557 1859 786 1891 contulerunt
803 1859 984 1902 pecunias,
1007 1858 1081 1902 pri-

75 1910 127 1943 mi
143 1909 342 1955 periculum
359 1910 538 1944 adierunt.
591 1910 696 1944 Nunc
713 1916 832 1943 autem
850 1922 914 1943 vos
932 1910 969 1942 in
986 1910 1081 1954 peri-

76 1961 156 1995 culo
173 1968 373 1995 vestrarum
397 1962 625 1995 fortunarum
650 1961 823 2001 militare,
858 1968 892 1994 et
918 1962 1080 1994 conferre

75 2012 266 2058 pecuniam
301 2013 484 2047 recusatis.
552 2013 652 2046 Alios
679 2025 785 2057 saepe
810 2013 975 2047 servastis
1003 2019 1079 2046 tum

76 2063 282 2105 universos,
309 2071 384 2098 tum
401 2065 579 2109 singulos,
608 2077 703 2098 nunc
721 2077 806 2098 vero
827 2065 986 2104 cessatis,
1022 2076 1080 2097 ve-

77 2115 159 2151 stris
183 2115 289 2149 rebus
313 2116 461 2150 amissis.
526 2116 628 2149 Hanc
659 2128 722 2161 ego
751 2116 1078 2150 dissimilitudinem

75 2164 308 2200 vehementer
325 2168 496 2201 admiror.
556 2167 696 2201 Deinde
722 2168 757 2201 id
782 2181 945 2214 quoque,
982 2168 1078 2213 quod

75 2231 184 2252 nemo
211 2225 368 2252 vestrum
397 2225 585 2264 supputat,
632 2232 740 2265 quam
775 2220 884 2264 longo
916 2226 1079 2264 tempore

76 2283 156 2305 cum
175 2268 346 2315 Philippo
364 2271 496 2304 bellum
519 2272 751 2315 gesserimus,
786 2273 883 2317 quod
906 2272 954 2304 ita
979 2270 1080 2311 abiit,

74 2329 115 2356 ut
132 2322 277 2355 interim
294 2320 384 2355 nihil
404 2335 421 2355 a
440 2323 544 2356 nobis
559 2330 763 2357 memoratu
786 2323 934 2367 dignum
960 2329 1077 2356 actum

76 2374 132 2408 sit.
201 2373 346 2407 Etenim
379 2375 464 2408 dum
499 2387 684 2419 speramus
710 2375 937 2408 contantibus
963 2374 1079 2414 nobis,

78 2426 167 2459 alios
184 2437 261 2458 rem
279 2431 439 2459 nostram
459 2432 601 2460 acturos
620 2439 713 2467 esse,
748 2429 833 2461 dum
859 2439 925 2460 nos
952 2432 1078 2459 mutuo

78 2489 305 2518 accusamus,
333 2484 367 2510 et
384 2477 421 2510 in
438 2477 567 2511 iudicia
587 2490 778 2519 vocamus,
802 2479 931 2512 deinde
949 2478 1078 2511 iterum

78 2541 282 2574 speramus,
325 2529 479 2575 denique
502 2530 586 2563 dum
612 2541 653 2563 ea
674 2531 747 2563 fere
773 2530 945 2570 facimus,
988 2542 1079 2575 quae

76 2593 172 2615 nunc
189 2582 298 2621 fiunt,
327 2587 467 2626 tempus
484 2593 590 2614 omne
605 2581 802 2626 praeteriit.
841 2582 970 2616 Postea
989 2582 1079 2614 adeo

113 2684 162 2711 83)
182 2683 214 2706 Η.
228 2684 246 2707 l.
267 2683 294 2707 in
309 2683 392 2707 Editt.
410 2683 495 2710 1535..
517 2682 591 2706 1547.
612 2684 705 2706 annot.
722 2683 857 2715 margin.:
878 2683 1010 2708 confutat
1030 2683 1080 2705 oh-

148 2717 291 2741 iectionem
310 2719 342 2741 de
361 2718 488 2748 fortuna3
519 2717 631 2747 opponit
650 2718 741 2741 autem
761 2719 836 2742 urbis
856 2719 998 2742 fortunam
1013 2717 1080 2740 Phi-

146 2752 213 2782 lippi
231 2752 370 2776 fortunae.

239 123 377 159 XXXII.
406 126 442 160 2.
482 122 884 159 INTERPRETATIO
910 123 1173 160 ORATIONIS
1199 125 1547 162 OLYNTHIACAE
1572 126 1615 162 ΙΙ.
1640 126 1996 164 DEMOSTHEMS.

2072 129 2147 164 730

1145 212 1244 246 stulti
1263 213 1358 254 estis,
1380 220 1433 255 ut,
1457 213 1586 259 quibus
1602 213 1720 246 modis
1735 215 1934 259 respublica
1950 228 1991 250 ex
2008 217 2148 261 magnis

1147 264 1274 308 opibus
1290 265 1327 298 in
1344 266 1558 298 deteriorem
1577 271 1708 298 statum
1723 265 1821 310 lapsa
1840 273 1902 307 est,
1928 268 2053 301 iisdem
2070 281 2148 302 mo-

1146 316 1198 349 dis
1223 317 1371 361 speretis
1397 329 1438 350 ex
1463 316 1640 349 deteriore
1666 316 1871 350 conditione
1898 318 1935 351 in
1959 320 2146 353 meliorem

1144 368 1284 401 restitui
1301 380 1416 412 posse.
1470 368 1539 401 Sed
1556 379 1674 413 neque
1692 374 1971 402 consentaneum
1990 377 2058 411 est,
2085 384 2147 404 ne-

1146 431 1214 464 que
1240 425 1370 452 natura
1396 420 1532 464 patitur
1549 417 1629 453 hoc.
1690 419 1844 453 Facilius
1871 420 1965 453 enim
1992 427 2043 454 est
2063 422 2147 454 reti-

1145 482 1229 502 nere
1248 477 1351 514 parta
1368 471 1462 503 bona
1477 497 1486 511 ,
1521 483 1629 516 quam
1652 471 1695 503 de
1721 483 1817 503 novo
1842 483 1984 515 parare.
2042 473 2147 506 lN‘unc

1145 527 1263 553 autem
1281 522 1413 554 bellum
1431 520 1522 554 nihil
1538 521 1684 567 reliquit
1700 522 1804 556 nobis
1820 523 1907 556 soris
1919 550 1928 563 ,
1955 525 2052 568 quod
2075 536 2146 557 ser-

1144 584 1287 613 vemus,
1315 573 1376 605 sed
1402 573 1562 617 paranda
1588 585 1711 606 rursus
1735 579 1817 607 sunt
1844 574 1965 607 omnia
1992 575 2035 608 de
2057 575 2147 608 inte-

1144 635 1218 666 gro.
1275 623 1410 656 Censeo
1428 624 1538 667 igitur
1552 636 1615 657 vos
1635 625 1763 657 debere
1780 626 1950 669 pecunias
1972 627 2147 668 conferre,

1143 686 1218 707 non
1234 674 1411 718 gravatim
1428 675 1597 715 militare,
1617 676 1799 708 neminem
1817 688 2003 717 accusare,
2028 678 2146 722 prius—

1144 737 1252 771 quam
1269 726 1484 759 debellatum
1503 726 1568 765 sit,
1595 738 1634 759 ac
1651 732 1727 759 tum
1748 728 1891 761 demum
1919 741 1960 761 ex
1981 735 2057 761 toto
2082 741 2146 762 ne-

1143 777 1241 820 gotio
1266 777 1444 818 iudicare,
1479 783 1514 810 et
1535 778 1626 810 bene
1650 778 1797 812 meritos
1823 777 1961 812 honore
1990 781 2144 821 afficere,

1142 829 1235 861 male
1252 829 1400 862 meritos
1416 841 1544 873 poena.
1603 827 1644 861 In
1670 830 1872 873 praesentia
1898 843 1984 863 vero
2010 833 2145 865 auferte

1142 881 1386 914 excusationes
1420 881 1518 920 illas,
1561 880 1598 912 in
1632 881 1761 926 quihus
1787 881 1918 926 singuli
1943 883 2084 927 culpam
2107 883 2145 916 in

1143 932 1295 965 aliorum
1323 939 1440 965 errata
1465 932 1664 966 conferunt.
1724 933 1809 967 Non
1838 933 1933 966 enim
1958 934 2057 967 decet
2079 947 2145 968 nos

1143 984 1267 1017 acerbe
1283 984 1321 1016 in
1336 984 1489 1017 aliorum
1517 990 1633 1016 errata
1657 984 1860 1030 inquirere,
1890 984 1919 1018 si
1943 984 2011 1029 ipsi
2036 998 2145 1019 cesse-

1141 1048 1221 1069 mus
1238 1035 1394 1069 officium
1412 1042 1577 1069 nostrum
1592 1036 1721 1070 facere.
1776 1037 1895 1081 Quam
1919 1037 2012 1070 enim
2041 1044 2145 1082 puta-

1141 1087 1185 1120 tis
1205 1099 1277 1121 esse
1294 1099 1437 1120 causam
1451 1114 1460 1128 ,
1489 1099 1551 1120 cur
1570 1100 1695 1122 omnes
1712 1088 1828 1122 nostri
1847 1089 1953 1122 duces
1977 1086 2046 1122 hoc
2070 1089 2145 1122 bel-

1140 1138 1214 1172 lum
1240 1139 1435 1183 fugientes,
1479 1138 1557 1172 aliis
1586 1139 1675 1173 locis
1698 1140 1828 1172 malint
1850 1140 1984 1172 bellum
2009 1152 2144 1184 gerere,

1139 1189 1169 1222 si
1188 1190 1332 1235 quidem
1351 1190 1544 1223 dicendum
1561 1197 1631 1230 est,
1661 1192 1757 1235 quod
1774 1203 1830 1224 res
1851 1197 1923 1230 est,
1954 1191 2024 1225 nisi
2046 1192 2145 1237 quod

1139 1238 1208 1273 huc
1221 1267 1230 1281 ,
1258 1241 1320 1274 ubi
1337 1241 1417 1285 plus
1435 1246 1486 1274 est
1504 1241 1673 1284 periculi,
1699 1242 1842 1286 parcius
1857 1242 2035 1286 stipendia
2061 1243 2144 1275 mit-

1138 1292 1230 1332 titis,
1259 1299 1294 1325 et
1316 1293 1402 1325 belli
1424 1292 1585 1337 praemia
1611 1305 1674 1326 vos
1699 1293 1891 1338 occupatis.
1953 1293 2025 1339 Ipsi
2047 1294 2144 1327 enim

1137 1343 1209 1376 frui
1225 1343 1332 1377 vultis
1350 1344 1461 1388 captis
1477 1343 1644 1383 urbibus;
1673 1345 1758 1377 alibi
1776 1345 1896 1378 minus
1915 1352 1967 1379 est
1980 1345 2144 1390 periculi,

1139 1401 1173 1427 et
1188 1396 1322 1439 praeda
1350 1395 1524 1439 amplior,
1558 1397 1653 1429 unde
1676 1396 1814 1430 facilius
1840 1397 1986 1430 aluntur
2011 1397 2143 1430 exerci-

1138 1453 1214 1486 tus,
1258 1458 1371 1492 quare
1400 1459 1484 1480 suae
1510 1447 1659 1480 utilitati
1683 1449 1788 1482 duces
1812 1448 1931 1492 potius
1957 1449 2143 1482 consulere

1138 1504 1327 1541 coguntur.
1381 1498 1450 1531 Sed
1468 1510 1531 1531 vos
1555 1498 1593 1530 in
1615 1497 1670 1532 his
1692 1499 1847 1544 'publicis
1873 1500 1977 1534 malis
2000 1506 2143 1533 tantum

1138 1549 1311 1583 accusatis
1342 1550 1466 1588 duces;
1511 1550 1642 1583 deinde
1668 1563 1748 1584 cum
1775 1550 1890 1584 facitis
1923 1552 1971 1585 eis
2000 1551 2143 1585 dicendi

1137 1607 1371 1646 potestatem,
1414 1601 1545 1635 omissa
1568 1602 1785 1646 reipublicae
1811 1614 1916 1645 cura,
1956 1603 2050 1636 inter
2078 1615 2142 1636 vos

1137 1652 1327 1693 rixamini,
1355 1659 1389 1686 et
1407 1652 1468 1685 alii
1485 1652 1573 1687 alias
1590 1666 1713 1687 causas
1734 1666 1807 1688 esse
1830 1653 2058 1698 publicarum
2085 1665 2142 1686 ca-

1135 1704 1339 1738 lamitatum
1376 1704 1616 1746 contenditis,
1664 1718 1744 1739 cum
1777 1705 1922 1738 interim
1954 1705 2142 1738 fateamini

1138 1750 1569 1800 omnesjrempublicam
1587 1757 1681 1789 male
1707 1769 1744 1790 se
1768 1755 1914 1791 habere.
1975 1757 2141 1790 Primum

1136 1807 1245 1850 igitur
1259 1805 1328 1839 hoc
1342 1807 1547 1840 faciendum
1568 1813 1656 1847 erat,
1686 1808 1830 1852 collegia
1850 1807 2026 1852 descripta
2044 1814 2139 1848 sunt,

1135 1856 1204 1891 hoc
1222 1858 1348 1891 ordine
1369 1871 1434 1891 vos
1453 1859 1616 1891 conferre
1641 1859 1821 1903 oportuit,
1856 1871 1953 1892 nunc
1977 1872 2040 1893 vos
2063 1866 2141 1892 tan-

1135 1916 1211 1943 tum
1230 1907 1298 1942 hoc
1315 1910 1440 1942 ordine
1458 1910 1646 1951 rixamini,
1678 1917 1711 1944 et
1735 1908 1843 1943 habet
1866 1911 2038 1945 alterutra
2056 1923 2140 1955 pars

1136 1968 1319 1994 oratorem
1348 1968 1381 1994 et
1405 1962 1530 1994 ducem
1564 1962 1702 1995 oratori
1729 1962 1946 2003 obnoxium,
1991 1969 2024 1996 et
2057 1961 2140 1996 huic

1135 2013 1285 2046 trecenti
1317 2013 1391 2046 eius
1420 2013 1560 2058 collegii
1583 2014 1731 2053 adsunt,
1773 2014 1913 2060 reliqua
1945 2014 2138 2048 multitudo

1135 2065 1267 2109 partim
1291 2062 1368 2105 his,
1395 2064 1527 2109 partim
1556 2066 1770 2099 adversariis
1792 2067 1899 2100 favet.
1961 2066 2059 2111 Quin
2083 2063 2139 2099 his

1136 2116 1276 2150 omissis
1296 2116 1451 2157 efficitis,
1487 2123 1527 2150 ut
1552 2117 1590 2149 in
1617 2129 1680 2151 sua
1705 2118 1855 2163 quisque
1880 2124 2056 2162 potestate
2082 2117 2139 2156 sit,

1134 2180 1174 2201 ac
1197 2168 1307 2201 libere
1325 2169 1366 2201 de
1384 2169 1566 2213 republica
1584 2169 1743 2202 iudicare
1761 2170 1892 2214 possit,
1921 2176 1955 2202 et
1979 2176 2020 2203 ut
2040 2181 2138 2201 com-

1133 2220 1235 2253 muni
1254 2219 1402 2253 consilio
1418 2220 1560 2265 paritur
1583 2227 1616 2253 et
1641 2220 1762 2253 dicant
1784 2220 1977 2254 sententias
2002 2226 2036 2253 et
2059 2232 2138 2253 mu-

1132 2283 1219 2304 nera
1239 2272 1380 2306 obeant.
1435 2272 1498 2305 Sin
1516 2278 1634 2305 autem
1654 2272 1854 2305 concedetis
1871 2272 2068 2311 nonnullis,
2096 2277 2137 2304 ut

1132 2323 1230 2356 velut
1247 2324 1438 2368 tyrannide
1457 2325 1666 2368 opprimant
1685 2323 1965 2367 rempublicam;
2007 2323 2135 2356 deinde

1132 2380 1173 2407 ut
1189 2375 1251 2407 alii
1268 2381 1442 2419 cogantur
1460 2376 1636 2408 instruere
1657 2376 1802 2415 classes,
1829 2375 1992 2408 conferre
2004 2401 2013 2415 ,
2041 2374 2135 2407 mili-

1133 2432 1232 2467 tare,
1274 2427 1335 2459 alii
1362 2439 1448 2460 vero
1474 2433 1514 2460 ut
1538 2428 1708 2460 adversus
1731 2424 1797 2460 hos
1822 2427 1963 2459 decreta
1988 2426 2134 2466 faciant,

1132 2490 1249 2523 neque
1268 2484 1388 2511 tamen
1412 2485 1474 2512 aut
1496 2478 1687 2522 pecuniam
1713 2484 1775 2510 aut
1799 2490 1946 2522 operam
1973 2478 2017 2510 ad
2042 2489 2136 2510 rem-

1132 2529 1312 2573 publicam
1348 2530 1552 2570 conferant,
1594 2527 1686 2562 nihil
1716 2541 1878 2575 unquam
1907 2529 1945 2562 in
1971 2534 2135 2574 tempore

1133 2581 1211 2621 fiet,
1239 2588 1301 2614 aut
1315 2581 1382 2614 rite
1411 2581 1487 2625 geri
1509 2581 1653 2625 poterit.
1715 2580 1809 2615 Nam
1837 2593 1876 2614 ea
1904 2593 2006 2625 pars,
2042 2591 2134 2625 quae

1134 2632 1265 2665 iniuria
1300 2633 1472 2673 afficitur,
1514 2644 1589 2665 non
1622 2638 1740 2677 potest
1769 2638 1943 2677 perpetuo
1971 2637 2133 2675 sumptus

1134 2684 1307 2722 tolerare;
1333 2684 1462 2717 deinde
1479 2696 1542 2718 vos
1567 2684 1789 2718 constituetis
1814 2696 1950 2728 poenas
1977 2683 2014 2715 in
2041 2682 2134 2715 iniu-

1135 2735 1187 2769 ria
1205 2735 1368 2776 affectos,
1396 2736 1493 2769 velut
1510 2736 1548 2768 in
1565 2734 1696 2770 hostes.
1756 2735 1914 2768 Proinde
1937 2734 1975 2767 in
1995 2745 2134 2768 summa
