2294 2975
103 137 176 171 173
229 135 350 171 XXIII.

97 222 177 255 ficat
200 234 272 255 nou
300 234 402 266 posse
426 221 573 254 omnino
599 221 745 253 liberari
771 221 964 266 supplicio,
1008 234 1091 266 pro-

96 273 206 306 mittit
225 279 345 306 tamen
371 273 407 305 in
431 284 471 305 ea
499 285 536 305 re
559 284 595 306 se
610 272 746 317 aliquid
763 274 939 306 facturum
958 274 995 306 in
1011 285 1089 317 gra-

96 324 183 358 tiam
203 324 395 358 Ciceronis.
448 323 549 357 Hanc
564 324 810 356 narrationem
826 326 988 370 sequitur
1009 326 1088 358 bre-

97 375 150 409 vis
174 375 312 421 petitio.
378 375 499 408 Altera
524 375 685 407 narratio
711 373 818 408 habet
840 376 1021 420 querelam
1046 377 1089 409 de

96 426 226 460 iniuria
244 426 404 460 Caesaris
415 453 423 466 ,
451 427 548 471 quod
565 424 735 459 hactenus
752 432 805 458 tot
820 427 925 461 rebus
941 427 1088 460 feliciter

95 478 200 522 gestis
223 478 261 511 in
285 477 486 517 Dalmatia,
522 490 707 523 nunquam
730 476 846 511 adhuc
869 479 1031 512 retulerit
1052 479 1089 511 in

95 536 220 563 senatu
245 530 288 562 de
311 528 642 573 supplicati0nihus.
710 528 899 563 Conclusio
932 530 1090 563 continet

94 580 323 624 petitionem,
365 586 404 613 ut
436 581 531 624 apud
556 580 743 613 Caesarem
767 581 955 624 diligenter
980 582 1088 614 inter-

93 632 213 671 cedat,
241 632 338 677 quod
355 631 490 676 aliquid
507 631 592 664 certi
611 632 755 664 tandem
783 633 1020 666 constituatur
1045 633 1088 665 de

93 682 431 727 supplicationibus,
460 689 493 715 et
507 689 630 727 postea
647 684 690 716 de
709 681 905 728 triumph0.

337 767 474 801 Aliud
516 775 844 813 argumentum.

198 835 291 868 Tota
314 834 401 869 haec
427 836 576 881 epistola
601 843 740 871 constat
763 835 941 870 continuis
965 845 1089 867 narra-

93 886 270 927 tionibus,
314 900 465 932 quarum
493 889 608 932 prima
638 896 690 923 est
720 890 763 921 de
793 888 942 932 fugitivo
974 897 1088 919 servo.

94 938 256 972 Secunda
270 936 377 972 habet
401 940 690 983 responsionem,
725 952 760 973 se
784 946 931 984 propter
949 937 1089 971 Cicero-

93 1001 176 1022 nem
205 990 356 1022 libenter
379 991 611 1023 remissurum
638 1004 790 1035 poenam
817 991 945 1024 Catilio
971 988 1088 1033 perdi-

93 1040 248 1080 tissimo,
277 1047 450 1086 quantum
471 1043 514 1074 ad
533 1055 633 1075 suam
648 1042 775 1075 attinet
790 1054 1000 1087 personam,
1027 1041 1088 1073 sed

93 1093 135 1124 de
152 1092 414 1125 accusatoribus
425 1092 557 1132 Catilii,
583 1106 738 1137 quorum
755 1094 859 1126 multi
877 1100 971 1132 sunt,
998 1089 1088 1123 nihil

94 1143 180 1176 certi
208 1156 309 1187 posse
329 1143 502 1186 polliceri.
571 1142 611 1175 ln
645 1145 769 1176 ultima
805 1145 1014 1177 narratione
1038 1148 1088 1175 est

94 1195 238 1239 querela
259 1195 301 1226 de
317 1194 447 1227 iniuria
459 1193 632 1227 Caesaris.
685 1195 839 1227 Additur
855 1195 973 1227 brevis
992 1205 1087 1226 com-

94 1245 309 1279 memoratio
327 1257 448 1278 rerum
467 1257 485 1277 a
504 1257 539 1278 se
556 1252 735 1289 gestarum
754 1246 791 1278 in
801 1246 995 1279 Dalmatia.
1047 1242 1088 1276 In

95 1298 162 1330 fine
182 1303 233 1331 est
246 1296 364 1330 brevis
380 1296 517 1340 petitio.
545 1310 549 1314 ’

312 1379 449 1412 Aliud
476 1377 795 1422 argumentum
808 1378 868 1427 ⁸¹).

171 1448 331 1493 Epistola
350 1453 401 1480 est
417 1447 658 1491 responsoria,
685 1459 775 1492 quae
793 1453 932 1480 constat
946 1446 1089 1491 quibus-

96 1501 180 1534 dam
195 1498 480 1538 narrationibus,
508 1499 546 1530 in
563 1498 690 1543 quibus
709 1499 902 1542 respondet
929 1499 972 1530 ad
993 1497 1090 1530 Cice-

95 1551 194 1585 ronis
219 1551 395 1597 quaedam
420 1550 619 1594 postulata,
661 1555 695 1582 et
718 1550 825 1583 simul
847 1548 1090 1595 conqueritur,

95 1615 169 1636 non
189 1602 332 1636 decerni
347 1601 414 1635 sibi
431 1601 720 1645 supplicationes.
772 1601 812 1634 ln
838 1602 905 1634 fine
929 1607 980 1634 est
1002 1599 1090 1644 peti-

96 1654 147 1688 tio
160 1681 169 1695 ‚
195 1661 235 1688 ut
251 1653 437 1697 diligenter
454 1653 593 1685 laboret
617 1654 712 1696 apud
729 1652 936 1692 Caesarem,
964 1664 1007 1684 ne
1026 1652 1091 1683 im-

97 1705 265 1751 pediatur
280 1704 317 1737 in
333 1704 663 1748 supplicationibus.

144 1801 283 1835 Aliud
311 1805 625 1844 argumentum
655 1799 884 1843 epistolae
909 1798 1046 1846 Xb.⁸²).

199 1870 298 1904 Haec
330 1868 477 1913 epistola
510 1867 708 1912 separanda
750 1872 802 1900 est
839 1878 859 1899 a
896 1867 1092 1911 superiore.

99 1924 261 1968 Apparet
276 1921 371 1953 enim
390 1919 460 1952 alio
479 1925 640 1963 tempore
662 1917 828 1962 scriptam
857 1930 941 1952 esse.
995 1917 1094 1951 Con-

99 1976 190 2009 tinet
205 1979 322 2007 autem
346 1971 463 2016 primo
488 1970 733 2003 narrationem
757 1971 799 2002 de
824 1970 927 2003 rebus
951 1981 970 2001 a
995 1982 1030 2002 se
1057 1969 1094 2001 in

99 2025 281 2062 Dalmatia
312 2023 433 2067 gestis;
476 2028 597 2066 postea
623 2020 852 2065 petitionem,
886 2027 925 2053 ut
951 2032 1093 2053 causam

98 2091 200 2114 suam
219 2082 300 2121 agat
316 2075 439 2109 Cicero
455 2074 550 2118 apud
566 2073 772 2112 Caesarem,
800 2079 833 2105 et
857 2072 1024 2105 defendat
1047 2084 1094 2105 se.

152 2190 476 2233 Argumentum
507 2191 547 2218 et
581 2182 756 2218 scholia
792 2184 836 2217 in
872 2184 1045 2229 episto-

476 2237 564 2269 lam
592 2235 715 2283 X1.⁸³).

204 2313 461 2358 Comprobatio
498 2319 549 2347 est
586 2312 830 2358 gratitudinis:
884 2311 973 2346 sicut
1007 2312 1096 2346 sole-

103 2381 182 2404 mus
214 2365 358 2400 exordia
393 2365 587 2411 sumerem)
621 2378 640 2398 a
666 2365 854 2409 probando
882 2364 938 2397 vel
962 2363 1095 2408 impro-

137 2478 186 2506 81)
207 2477 264 2499 Hoc
282 2477 472 2506 argumentum
490 2475 622 2504 praebent
641 2474 724 2498 Editt.
746 2473 941 2498 1565-1596.

137 2512 186 2540 62)
207 2512 264 2534 Hoc
281 2510 471 2540 argumentum
490 2510 588 2532 hahent
607 2509 689 2532 Editt.
706 2509 797 2535 1556.,
820 2508 1010 2532 1565—1596.

137 2546 187 2575 83)
206 2545 268 2574 XL]
287 2544 328 2568 sie
348 2544 395 2567 im.
419 2544 492 2567 1560.
511 2545 538 2566 et
556 2543 605 2567 Ed.
626 2544 728 2573 ore11.;
749 2549 777 2566 m
795 2543 877 2566 midtt.
897 2543 990 2572 1540..
1011 2542 1096 2573 1544„

175 2581 262 2610 155⁴„
282 2579 368 2609 1556„
390 2578 475 2606 1557.Ί
496 2578 673 2601 1565—1596.
692 2578 758 2601 haec
777 2578 896 2607 epistola
907 2583 1020 2600 numero
1036 2577 1096 2601 ΧΠ.

174 2615 312 2644 signatur,
332 2614 402 2643 quod
422 2612 590 2641 praecedens
608 2612 643 2636 X.
662 2612 689 2636 in
709 2612 778 2636 duas
799 2612 936 2635 disiuncta
954 2613 1014 2641 est,
1033 2612 1096 2634 vide

174 2651 267 2673 notam
286 2648 326 2671 78.
345 2648 388 2675 (lu
409 2646 493 2670 Editt.
510 2646 602 2675 1545„
623 2647 715 2678 1546„
736 2647 813 2672 160¹.
834 2647 860 2670 ei
877 2645 1034 2676 adscriptus
1055 2647 1097 2669 est

173 2688 303 2706 numerus
321 2682 380 2713 68.,
411 2681 439 2705 in
457 2680 507 2705 Ed.
528 2679 603 2704 1537.
622 2680 706 2712 haec,
739 2681 812 2705 sicut
830 2682 958 2711 ceterae,
981 2685 1096 2705 numero

169 2717 270 2743 earet).

136 2751 185 2779 84)
204 2751 328 2779 sumere]
346 2750 396 2774 Ed.
418 2749 491 2774 1560.
512 2754 608 2773 errore
626 2749 753 2779 typogr.:
773 2755 922 2775 sumet-ere.

400 134 710 170 ARGUMENTA
736 134 801 169 ET
827 135 1030 170 SCHOLIA
1054 135 1102 172 ΙΝ
1126 138 1274 174 EPIST.
1301 140 1414 176 FAM.
1443 140 1526 176 CIC.
1555 141 1643 175 LlB.
1660 140 1703 175 V.
1729 140 1801 175 ΕΡ.
1824 141 1858 175 9,
1880 141 1937 175 10.
1957 142 2014 175 11.

2069 140 2142 174 174

1143 225 1261 259 bando
1281 226 1333 267 id,
1364 228 1460 273 quod
1478 227 1624 273 aliils⁸⁵)
1649 227 1742 261 fecit.
1794 227 1922 260 Postea
1948 226 2062 259 desert
2085 227 2137 258 os-

1143 277 1258 310 ficium
1278 292 1379 312 suum
1390 279 1448 325 86).

1247 345 1276 390 ἓ.
1296 348 1328 380 1.
1362 350 1469 382 Grata
1484 347 1548 381 tibi
1563 359 1634 380 mea
1653 343 1743 393 esse]
1771 344 1968 378 Exordium
1995 356 2014 376 a
2042 356 2136 376 com-

1142 398 1403 431 memoratione
1423 398 1634 431 officiorum.

1247 463 1276 508 ἓ.
1292 467 1326 500 2.
1355 466 1447 506 Quod
1469 463 1637 512 nziki⁸⁷)]
1666 463 1848 498 Narratio.

1356 567 1492 601 Aliud
1524 574 1838 612 argumentum
1854 565 1914 611 ss).

1244 643 1405 688 Epistola
1438 651 1490 677 est
1526 644 1701 683 officiosa,
1754 644 1790 676 in
1826 655 1895 688 qua
1921 639 2068 673 Vatinio
2103 645 2138 672 et

1144 695 1308 729 omnibus
1332 695 1403 729 suis
1427 707 1569 728 omnem
1597 695 1815 738 diligentiam
1844 706 1883 726 ac
1907 704 2052 736 operam
2078 692 2138 723 dc-

1142 747 1210 779 sert
1244 758 1284 779 ac
1323 746 1523 790 pollicetur.
1596 745 1783 778 Exordiun
1822 751 2003 788 sumptum
2035 748 2086 775 est
2117 753 2137 773 a

1144 797 1486 830 commemoratione
1503 797 1730 840 gratitudinis
1748 796 1856 840 ipsius
1867 794 2015 833 Vatinii,
2042 793 2136 826 unde

1143 849 1295 892 colligit,
1322 861 1357 882 se
1372 849 1524 881 libenter
1542 854 1575 880 et
1598 848 1727 881 merito
1756 847 1791 879 in
1814 847 1912 880 illum
1939 844 2058 878 omnia
2081 856 2138 887 ge-

1143 912 1228 933 nera
1247 900 1446 933 officiorum
1467 900 1638 932 conferre.
1692 898 1861 943 Sequitur
1879 895 2038 929 narratio
2053 921 2061 934 ,
2099 894 2136 926 in

1143 964 1212 996 qua
1230 951 1375 995 exponit
1393 950 1505 983 animi
1518 950 1838 995 promptitudinem
1859 948 1902 981 ad
1916 945 2139 981 benefacien-

1143 1004 1227 1036 dum
1258 1009 1292 1036 et
1322 1002 1589 1035 inserviendum
1621 1001 1723 1035 uxori
1753 999 1900 1033 Vatinii.
1966 997 2137 1041 Epilogus

1143 1054 1301 1086 continet
1326 1054 1518 1086 clausulam
1544 1054 1586 1086 de
1613 1059 1784 1096 perpetuo
1810 1051 1938 1084 officio.
2005 1047 2044 1080 In
2069 1048 2137 1079 fine

1143 1107 1313 1138 admonet
1329 1106 1371 1138 de
1389 1117 1491 1138 servo
1510 1104 1705 1148 Dionysio,
1734 1110 1767 1136 et
1783 1109 1966 1147 precatur,
2002 1106 2040 1133 ut
2062 1097 2137 1131 seli-

1143 1156 1228 1189 citer
1247 1163 1379 1200 pugnet
1397 1157 1564 1189 adversus
1582 1155 1777 1188 Dalmatas.

1388 1255 1523 1288 Aliud
1559 1259 1890 1299 argumentum.

1244 1331 1338 1364 Tota
1363 1332 1511 1375 epistola
1535 1338 1585 1365 est
1611 1344 1652 1364 ex
1677 1343 1804 1375 genere
1831 1330 1972 1362 illarum
2002 1326 2137 1358 littera-

1142 1395 1220 1416 rum
1234 1409 1242 1423 ,
1270 1395 1361 1428 quae
1381 1383 1549 1416 dicuutur
1566 1381 1800 1426 osficiosae⁸⁹)
1813 1408 1821 1421 ‚
1849 1381 1885 1413 in
1903 1391 1972 1425 qua
1989 1376 2135 1409 Vatinio

1143 1441 1177 1467 et
1200 1434 1271 1468 suis
1294 1434 1481 1478 poIIIcetur
1503 1441 1712 1478 perpetuam
1744 1431 1965 1476 diligentiam
1990 1440 2029 1461 ac
2055 1439 2137 1471 ope—

1142 1498 1232 1520 ram.
1285 1485 1482 1518 Exordium
1500 1486 1652 1519 sumitur
1678 1498 1695 1517 a
1721 1483 1927 1517 laudatione
1952 1478 2138 1525 gratitudi-

1142 1537 1198 1570 nis
1227 1537 1375 1571 Vatinii.
1434 1537 1604 1570 Narratio
1636 1536 1795 1569 continet
1826 1529 2138 1567 commemoratio-

1144 1601 1225 1621 nem
1242 1601 1325 1622 suae
1342 1588 1536 1621 voluntatis
1562 1588 1597 1620 in
1620 1589 1724 1621 rebus
1749 1586 1926 1619 omnibus.
1987 1581 2138 1615 Conclu-

1144 1640 1195 1673 sio
1214 1646 1350 1674 constat
1367 1641 1503 1673 duabus
1520 1639 1699 1683 partums,
1727 1637 1917 1682 petitione,
1944 1642 1983 1668 ut
2000 1633 2136 1677 Diony-

1145 1692 1236 1726 sium
1254 1704 1396 1725 servum
1413 1691 1549 1735 capiat,
1578 1697 1611 1723 et
1629 1689 1904 1734 imprecatione,
1938 1693 1976 1720 ut
1992 1685 2136 1718 Dalma-

1146 1744 1194 1777 tia
1215 1743 1351 1776 nullam
1370 1755 1516 1787 prorsus
1533 1742 1714 1775 fortunam
1733 1739 1873 1774 habeat.

1394 1835 1533 1869 Aliud
1560 1840 1887 1879 argumentum.

1248 1913 1445 1947 Exordium
1471 1912 1630 1945 continet
1654 1910 1958 1956 praedicationem
1983 1907 2139 1951 singula·

1146 1964 1195 1998 ris
1211 1965 1394 1998 cuiusdam
1420 1963 1646 2008 gratitudinis
1673 1962 1882 1996 inVatinio.
1944 1959 2035 1992 Huic
2059 1958 2141 1991 sub-

1148 2015 1235 2048 iecta
1270 2022 1321 2049 est
1354 2015 1471 2048 brevis
1493 2014 1703 2058 pollicitatio
1735 2012 1852 2046 officii.
1919 2010 2057 2043 Deinde
2087 2021 2140 2042 se-

1149 2073 1307 2112 quuntur
1323 2067 1414 2099 duae
1436 2064 1671 2098 narrationes.
1731 2064 1852 2097 Altera
1874 2060 1982 2095 habet
2003 2059 2140 2104 exposi-

1148 2119 1283 2151 tionem
1308 2117 1362 2151 sui
1389 2116 1495 2149 officii
1520 2116 1557 2148 in
1579 2116 1780 2150 adiuvanda
1813 2126 1923 2148 uxore
1947 2111 2138 2156 Pompeia;

1149 2170 1258 2202 altera
1276 2169 1462 2203 consilium
1478 2169 1585 2201 breve
1603 2168 1644 2201 de
1660 2180 1761 2202 servo
1772 2165 1959 2211 Dionysio,
2000 2162 2137 2196 Ultimo

1148 2221 1226 2254 loco
1252 2227 1303 2254 est
1326 2220 1536 2265 imprecatio
1562 2231 1641 2252 cum
1666 2218 1922 2265 significatione
1948 2219 2138 2258 conceptae

1149 2272 1223 2317 spei
1239 2273 1280 2305 de
1299 2273 1418 2305 futura
1435 2270 1598 2305 victoria.

1182 2407 1232 2436 85)
1250 2406 1335 2436 alius]
1354 2404 1440 2430 Editt.
1459 2404 1553 2435 153⁷.‚
1574 2403 1649 2427 1546.
1670 2401 1750 2425 alias.

1183 2459 1233 2488 86)
1251 2459 1309 2482 Hoc
1326 2458 1517 2489 argumentum
1531 2455 1614 2479 Editt.
1630 2453 1832 2485 1537—1554.‚
1851 2452 1938 2483 1557.‚
1958 2452 2044 2484 1560„
2064 2451 2139 2475 1601.

1219 2493 1351 2517 exhibent.

1183 2545 1231 2574 87)
1250 2545 1333 2573 mihi]
1360 2544 1409 2567 Ed.
1428 2541 1503 2566 1515.
1529 2541 1610 2564 habet
1633 2539 1662 2564 in
1684 2538 1776 2564 verbis
1795 2538 1857 2563 huic
1875 2539 1957 2563 notae
1974 2537 2137 2569 adscriptis:

1217 2580 1288 2611 tibi,
1307 2580 1335 2602 iu
1353 2580 1428 2602 textu
1446 2578 1536 2600 autem
1555 2575 1634 2599 mihi.

1183 2631 1232 2660 88)
1252 2632 1308 2655 Hoc
1325 2630 1516 2660 argumentum
1534 2628 1562 2652 et
1581 2627 1634 2651 duo
1653 2625 1796 2658 sequentia
1819 2625 1846 2650 in
1865 2625 1949 2651 Editt.
1964 2624 2054 2655 1556„
2074 2623 2141 2647 1565

1216 2665 1334 2689 -1596.
1351 2663 1535 2693 reperiuntur.

1183 2716 1230 2748 89)
1251 2715 1405 2743 officiosae]
1431 2714 1472 2738 sic
1496 2713 1691 2744 Editt.1556.‚
1719 2713 1809 2742 ¹592.;

1218 2750 1347 2775 officiose.

1845 2712 1929 2736 Editt.
1951 2710 2023 2734 1565.
2033 2725 2040 2737 ,
2065 2709 2139 2734 1560.
