2351 2990
112 106 186 142 445
239 105 361 143 XXIII.
399 106 707 143 ARGUMENTA
733 107 800 142 ET
827 108 1028 143 SCHOLIA
1056 108 1104 144 IN
1130 110 1277 148 EPIST.
1304 112 1417 149 FAM.
1446 113 1530 149 CIC.
1558 114 1645 150 LIB.
1656 116 1728 152 XII.
1756 118 2013 157 Extat—28,

351 193 488 227 Aliud
523 201 851 238 argumentum.

209 260 377 294 Narratio
406 267 474 301 est,
518 273 608 306 quae
641 261 796 306 primum
819 259 925 295 habet
953 262 1095 307 longam

109 312 366 355 expositionem
390 312 444 345 sui
468 312 573 345 officii
597 312 632 344 in
659 314 902 346 conservanda
925 314 1095 357 dignitate

108 362 299 396 Cornificii.
351 362 489 396 Deinde
515 363 676 408 sequitur
700 364 743 396 de
764 370 893 397 conatu
910 365 1093 398 resistendi

109 420 142 446 et
167 413 392 458 opprimendi
416 414 612 447 Antonium
645 416 792 448 caeteris
822 416 986 449 omnibus
1011 416 1095 449 civi-

106 465 170 498 bus
202 477 286 508 prae
320 471 416 498 metu
444 465 670 499 cessantibus.
736 466 822 500 Post
848 468 1091 500 narrationem

109 515 252 559 ponitur
270 513 471 548 adhortatio
490 517 532 549 ad
549 517 807 550 defendendam
823 518 1091 562 rempublicam.

108 567 197 599 Huic
223 567 365 599 additur
394 566 510 600 brevis
537 569 679 612 querela
708 569 750 601 de
784 576 899 601 morte
924 570 1031 602 Hirtii
1060 576 1093 603 et

105 617 241 650 Pansae
263 617 507 651 defensoribus
532 619 746 663 reipublicae
774 620 892 652 addita
920 621 1091 664 pollicita-

103 668 198 700 tione
222 681 305 701 suae
331 667 533 712 diligentiae
559 682 622 713 pro
641 670 833 715 republica.
887 671 1091 704 Postremus

105 720 201 752 locus
229 717 335 753 habet
362 721 708 754 commendationem
738 719 943 755 haeredum.

350 802 486 837 Aliud
509 811 835 848 argumentum.

202 869 434 905 Narrationes
466 872 640 917 quaedam
673 873 715 904 de
753 872 856 904 rebus
886 872 1031 904 urbanis
1057 878 1089 904 et

99 927 189 954 statu
212 920 445 964 reipublicae,
473 924 587 966 deque
610 922 680 955 suis
699 934 777 955 cum
794 922 952 954 Antonio
979 928 1089 955 certa-

99 972 271 1009 minibus,
300 973 427 1017 quibus
453 973 639 1006 subiicitur
658 971 880 1011 adhortatio,
909 980 946 1006 ut
964 973 1090 1006 Corni—

101 1024 196 1054 ficius
228 1035 371 1067 quoqne
403 1035 472 1056 una
506 1037 584 1056 cum
618 1024 763 1057 caeteris
802 1025 887 1057 viris
923 1025 1025 1057 bonis
1050 1037 1088 1057 ac

101 1073 317 1116 principibus
341 1075 479 1106 fortiter
496 1076 661 1107 defendat
678 1075 944 1118 rempublicam.
999 1075 1088 1108 [nse-

97 1124 187 1156 ritur
206 1130 239 1156 et
256 1124 439 1167 responsio
459 1125 503 1157 ad
521 1126 702 1169 quandam
720 1126 980 1158 excusationem
1000 1127 1085 1159 Cor-

97 1174 217 1208 nificii.
268 1173 364 1208 Idem
383 1175 419 1207 in
437 1177 505 1208 fine
522 1176 706 1220 responsio
731 1178 775 1209 ad
793 1179 974 1221 quandam
991 1190 1087 1210 com—

97 1225 374 1259 mendationem.

335 1310 474 1344 Aliud
501 1317 826 1354 argumentum.

196 1378 326 1422 Magna
354 1390 395 1411 ex
423 1385 523 1422 parte
547 1378 740 1411 monitoria
768 1385 837 1418 est,
876 1378 912 1410 in
938 1391 1005 1424 qna
1033 1379 1084 1411 di-

94 1429 244 1473 ligenter
267 1436 390 1462 monet
417 1429 646 1462 Cornificium
673 1431 714 1463 de
739 1430 826 1470 illis,
854 1442 946 1475 quae
974 1430 1010 1462 in
1032 1443 1083 1464 se-

93 1487 179 1514 natu
205 1481 315 1524 egerit
336 1492 402 1524 pro
425 1480 518 1514 illius
545 1480 718 1524 dignitate
746 1481 943 1515 retinenda.
995 1481 1081 1514 Item

94 1532 276 1577 quomodo
302 1532 475 1575 acceperit
498 1532 761 1565 excusationem
790 1533 832 1565 de
868 1532 1081 1576 Sempronio

92 1589 126 1615 et
143 1583 185 1615 de
202 1594 264 1615 sua
281 1582 455 1614 invectiva
472 1588 595 1623 eontra
604 1583 814 1617 Antonium.
867 1583 1006 1616 Deinde
1022 1586 1081 1617 ad-

92 1633 188 1666 ditur
205 1630 408 1665 adhortatio
431 1639 465 1666 et
482 1635 756 1667 commendatio.
792 1634 944 1667 Orditur
961 1646 979 1667 a
1001 1647 1079 1668 nar-

91 1684 231 1717 ratione
250 1696 373 1716 eorum
386 1709 395 1722 ,
423 1695 513 1728 quae
532 1685 642 1727 egerit
661 1685 696 1716 in
714 1692 840 1717 senatu
857 1687 899 1717 de
917 1686 1080 1719 obtinen-

89 1736 142 1769 dis
166 1734 359 1780 provinciis
380 1740 503 1766 contra
530 1734 742 1774 Calvisium,
771 1735 831 1781 qui
856 1736 1077 1779 provinciam

88 1787 245 1820 Africam
264 1785 426 1829 inprimis
444 1785 593 1829 petebat.
648 1786 815 1830 Sequitur
832 1788 1015 1831 responsio
1035 1790 1078 1820 ad

88 1837 351 1872 excusationem
387 1836 568 1870 Cornificii
600 1837 642 1869 de
682 1837 916 1881 Sempronio,
958 1839 1076 1871 addita

87 1889 187 1923 brevi
203 1888 544 1921 commemoratione
563 1900 645 1921 suae
664 1888 893 1931 profectionis
914 1889 948 1921 in
967 1890 1077 1921 Grae-

87 1941 177 1974 ciam
208 1946 242 1973 et
265 1939 399 1972 reditus
425 1938 463 1971 in
488 1940 635 1978 urbem,
671 1940 732 1972 ubi
757 1940 927 1973 acerrime
954 1947 1076 1973 contra

85 1991 280 2025 Antonium
309 1991 467 2023 invectus
490 1997 551 2024 est.
605 1990 734 2023 Postea
765 1990 912 2035 ponitur
937 1992 1075 2035 egregia

87 2042 290 2077 adhortatio
317 2043 360 2074 ad
386 2041 542 2075 studium
570 2042 812 2075 defendendae
847 2041 1075 2086 reipublicae.

82 2093 338 2128 Adhortationi
369 2093 554 2126 subiicitur
578 2093 738 2125 narratio
773 2095 815 2126 de
842 2099 956 2125 morte
989 2095 1076 2126 duo-

84 2159 164 2180 rum
200 2145 409 2182 consulum;
451 2144 534 2176 item
568 2145 831 2177 commendatio
865 2144 1075 2179 amicorum.

85 2198 152 2231 Sed
179 2193 265 2228 haec
290 2196 455 2228 videntur
487 2196 609 2229 durius
645 2193 834 2229 cohaerere
864 2208 943 2228 cnm
973 2208 1074 2239 prae-

83 2247 298 2282 cedentibus.
352 2246 472 2291 Quare
498 2259 563 2291 pro
581 2247 649 2279 alia
669 2253 703 2279 et
720 2259 811 2280 nova
836 2247 983 2291 epistola
1012 2245 1074 2279 ba-

81 2299 157 2333 beri
180 2304 306 2342 potest.

177 2379 395 2415 Scholion
424 2381 467 2414 in
496 2380 740 2425 epistolam
770 2379 907 2413 XXYII.
928 2380 983 2424 16).

158 2450 188 2496 ξ.
208 2451 239 2483 1.
268 2451 353 2483 Sex.
370 2449 542 2494 Aufidius]
571 2448 843 2482 Commendatio
864 2448 920 2493 l⁷).

114 2569 160 2602 16)
179 2567 311 2595 xxva]
332 2565 372 2589 sic
390 2563 418 2588 in
435 2563 520 2588 Editt.
543 2563 631 2588 1540..
655 2563 749 2592 1544..
770 2563 860 2591 ¹554..
890 2563 979 2588 1557..
1002 2563 1067 2586 ¹565

147 2603 264 2626 —1596.
283 2603 309 2624 et
328 2601 356 2623 in
376 2599 423 2622 Ed.
443 2599 545 2625 0rett.;
566 2598 592 2620 ιἰι
613 2598 694 2621 ratiti.
715 2597 786 2621 1537.
807 2600 933 2625 (munero
956 2598 1063 2627 quidem

148 2644 202 2661 non
221 2635 385 2665 adscripto),
407 2633 471 2656 1556
484 2649 491 2657 .
515 2632 586 2656 1560.
606 2632 726 2661 XXVI.;
746 2632 772 2654 in
785 2632 951 2656 Editt.1545.
974 2633 1064 2656 ¹601.:

147 2672 220 2701 268.;
239 2671 266 2694 in
288 2669 335 2694 Ed.
358 2668 447 2692 1546.:
466 2667 526 2690 ⁶269.
1083 2617 1092 2734 I

111 2714 157 2742 17)
177 2713 249 2737 Haec
266 2713 332 2736 nota
348 2711 377 2735 in
395 2710 479 2734 Editt.
494 2709 581 2735 1544..
601 2707 687 2737 1554,
708 2707 785 2732 1557.
801 2708 887 2733 deest.

2068 122 2141 156 446

1444 200 1835 251 Argumentumss).

1251 274 1375 308 Brevis
1393 278 1655 311 commendatio
1679 279 1772 319 eius,
1801 292 1905 325 quem
1932 282 2038 325 paulo
2058 288 2137 314 ante.

1151 323 1242 357 inter
1266 326 1421 371 reliquos
1440 325 1607 362 haeredes
1626 332 1947 365 commendaverat.
2002 333 2137 365 Princi-

1150 374 1208 418 pio
1234 384 1418 419 ponuntur
1443 380 1531 412 dnae
1558 392 1683 414 causae
1709 383 2050 422 commendationis,
2088 384 2136 415 al-

1148 431 1222 458 tera
1248 428 1291 459 ab
1316 428 1491 469 amicitia,
1519 431 1628 463 altera
1649 443 1667 464 a
1687 434 1847 467 moribus
1871 441 2023 478 sumpta.
2068 434 2137 466 De-

1149 476 1229 509 inde
1253 478 1438 512 subiicitur
1465 482 1676 525 propositio.

1395 572 1445 605 Al
1459 573 1531 606 ind
1558 584 1884 619 argumentum.

1248 639 1521 674 Commendatio
1553 643 1670 677 brevis
1696 651 1765 684 est,
1793 658 1884 690 quae
1912 646 2026 689 primo
2057 646 2133 678 loro

1144 687 1250 722 habet
1277 691 1518 725 laudationem
1548 706 1739 737 personae;
1769 696 1895 728 deinde
1915 697 2134 740 petitionem,

1145 747 1183 772 nt
1211 741 1404 775 liberaliter
1429 741 1522 775 hunc
1548 745 1702 779 adiuvet.

1394 836 1527 870 Aliud
1555 846 1883 882 argumentum.

1246 902 1551 938 Commendaticia
1575 912 1637 940 est.
1692 906 1827 940 Causae
1852 910 2133 942 commendatio-

1144 953 1198 985 nis
1222 960 1304 987 sunt
1324 962 1486 999 sumptae
1502 968 1520 988 a
1538 969 1690 1000 persona
1709 957 1802 997 eius,
1831 971 1934 1003 quem
1954 973 2133 993 commen-

1143 1006 1221 1043 dat,
1250 1011 1284 1037 et
1309 1017 1328 1038 a
1354 1006 1627 1047 coniunctione,
1663 1021 1753 1053 quae
1787 1022 1864 1042 cum
1895 1011 1953 1042 illo
1986 1012 2052 1044 sibi
2082 1012 2133 1043 in-

1145 1057 1310 1089 tercedat.

1351 1149 1488 1183 Aliud
1517 1163 1593 1195 arg
1606 1164 1671 1185 um
1683 1164 1733 1185 en
1745 1159 1756 1185 t
1768 1166 1834 1186 um
1853 1153 1910 1198 19).

1244 1214 1600 1249 Commendationem
1617 1220 1817 1261 generalem
1838 1233 1902 1264 pro
1920 1219 2132 1256 haeredibus

1140 1265 1244 1298 Turii
1268 1263 1333 1298 hac
1359 1267 1507 1310 epistola
1529 1269 1658 1312 repetit
1690 1270 1872 1314 applicans
1904 1284 1980 1304 eam
2008 1273 2051 1304 ad
2077 1286 2132 1306 so-

1140 1316 1212 1348 lum
1238 1316 1418 1349 Aufidium
1453 1315 1635 1352 hominem
1671 1321 1814 1365 optimis
1845 1323 2005 1356 moribus
2031 1336 2131 1367 prae-

1138 1367 1264 1400 ditum.
1318 1367 1514 1401 Exordium
1542 1371 1694 1404 sumitur
1719 1384 1738 1404 a
1764 1373 1968 1407 laudatione
1988 1387 2129 1407 morum

1137 1430 1198 1451 seu
1222 1416 1428 1453 honestatis.

1137 1482 1217 1502 eum
1241 1469 1385 1503 adiuvet
1409 1470 1445 1502 in
1476 1471 1646 1515 petitione
1677 1471 1918 1509 baereditatis.

1136 1520 1188 1554 sio
1218 1517 1325 1553 babet
1353 1521 1603 1565 repetitionem
1630 1524 1823 1568 petitionis.

1482 1420 1610 1453 Postea
1630 1422 1777 1466 ponitur
1793 1424 1910 1457 brevis
1929 1426 2064 1469 petitio,
2092 1433 2131 1458 ut

1979 1476 2130 1509 Conclu-

1208 1637 1371 1679 Argnm
1385 1643 1535 1670 entum
1566 1638 1765 1683 epistola
1780 1653 1796 1673 e
1826 1641 2044 1689 XXVIIII-³⁰).

1462 1713 1695 1749 Narrationes
1711 1716 1770 1762 ²¹).

1357 1795 1491 1830 Aliud
1526 1807 1838 1842 argumentum
1859 1801 1917 1844 Ἠ).

1233 1861 1474 1906 Responsoria
1500 1871 1550 1898 est
1579 1866 1622 1897 ad
1651 1866 1788 1900 diversa
1820 1869 1931 1912 capita
1958 1870 2127 1913 epistolae

1132 1911 1325 1946 Cornificii.
1366 1914 1549 1959 Principio
1569 1916 1663 1949 enim
1683 1919 1812 1961 probat
1832 1920 2016 1953 consilium
2038 1922 2124 1954 (Jor—

1131 1963 1258 2003 nfficii,
1293 1965 1409 2009 quod,
1447 1978 1524 1998 cum
1560 1968 1771 2012 quibusdam
1798 1970 2006 2004 facinorosis
2036 1972 2123 2005 invi-

1131 2020 1186 2047 tus
1218 2021 1348 2058 egerat.
1402 2015 1539 2050 Deinde
1564 2019 1740 2051 amicitiae
1767 2028 1887 2054 mutua
1916 2023 2029 2055 studia
2057 2024 2121 2057 sibi

1131 2072 1229 2108 grata
1263 2078 1335 2099 esse
1369 2066 1512 2101 indicat.
1583 2070 1769 2103 Postremo
1806 2073 1959 2106 ostendit
1990 2086 2122 2113 causas,

1130 2128 1191 2149 cur
1209 2129 1227 2149 a
1253 2124 1377 2150 senatu
1392 2119 1606 2162 postulatam
1626 2122 1848 2165 prox-infiati]
1874 2136 1945 2156 non
1968 2126 2122 2168 potuerit

1130 2167 1332 2211 impetrare.
1385 2170 1441 2202 Ad
1470 2171 1573 2203 finem
1604 2173 1740 2218 aliquid
1768 2175 1810 2206 de
1837 2188 1899 2208 suo
1924 2188 2005 2218 erga
2030 2189 2121 2209 rein-

1128 2219 1306 2262 publicam
1336 2221 1451 2253 studio
1483 2222 1621 2256 adiecit.

1161 2362 1206 2390 18)
1227 2363 1282 2385 Hoc
1301 2363 1490 2389 argumentum
1512 2364 1537 2386 et
1557 2363 1608 2387 dno
1628 2363 1769 2392 sequentia
1787 2366 1819 2388 ab
1840 2366 2029 2396 Editt.1556.,
2053 2370 2116 2393 1555

1191 2397 1308 2421 --1596.
1330 2397 1497 2422 exhibentur.

1160 2448 1203 2476 19)
1220 2449 1276 2471 Hoc
1290 2450 1481 2478 argumentum
1499 2448 1596 2471 liabent
1616 2449 1696 2471 Ediit,
1717 2450 1820 2473 15:¹55—
1835 2452 1908 2477 1596.

1155 2499 1203 2527 20)
1223 2499 1370 2527 xxvm]
1390 2499 1430 2522 sic
1452 2499 1477 2522 in
1497 2499 1581 2522 Editt.
1601 2499 1692 2527 1540..
1715 2501 1806 2529 154⁴..
1828 2502 1918 2527 1551..
1942 2505 2025 2529 1557..
2050 2507 2114 2529 1365

1191 2533 1309 2558 -1596,
1331 2535 1357 2555 et
1378 2533 1403 2556 in
1426 2533 1471 2556 Ed.
1492 2533 1598 2561 Orell.;
1634 2533 1660 2557 in
1681 2534 1763 2559 Editt.
1783 2536 1908 2564 (1537).
1932 2539 2016 2568 1550„
2040 2541 2111 2564 1584),

1189 2567 1326 2595 xxvug
1347 2568 1373 2590 in
1393 2567 1475 2591 Editt.
1495 2568 1578 2594 1545,
1600 2568 1689 2602 meh:
1708 2569 1784 2594 269.:
1810 2570 1835 2593 in
1852 2571 1898 2594 Ed.
1924 2572 2015 2597 mm:
2035 2574 2093 2597 ῗῗϋ.

1152 2618 1199 2650 21)
1221 2619 1280 2643 Hoc
1297 2620 1488 2649 argumentum
1501 2618 1599 2641 liabent
1616 2618 1797 2651 Edam-537„
1821 2622 1905 2648 1540..
1931 2624 2014 2648 1545..
2038 2625 2108 2647 1560,

1149 2670 1197 2695 22)
1219 2669 1277 2692 Hoc
1312 2669 1501 2698 argumentum
1529 2670 1555 2691 et
1581 2675 1699 2698 sequens
1726 2671 1750 2693 in
1777 2671 1859 2694 Editt.
1890 2673 1972 2698 1556..
2005 2675 2113 2698 ¹565—

1187 2704 1261 2728 1596,
1277 2702 1460 2732 reperiuntur.
