2351 2990
96 149 115 183 1
123 144 197 183 105
356 145 463 182 XLII.

94 233 216 270 omnia
251 239 314 267 aut
348 233 541 280 pleraque,
581 238 658 267 tum
690 245 776 266 vero
806 233 1098 278 Peloponnesum

93 284 295 332 aggressuri
320 297 463 319 eramus
486 284 638 329 sumptis
664 284 748 318 inde
770 285 917 320 Graecis
939 284 1100 319 exerciti-

92 339 158 373 bus
169 364 180 380 ,
207 336 392 381 conductis
409 335 517 370 etiam
533 336 698 371 barbaris
714 335 845 379 iberis,
881 343 915 371 et
933 336 1011 371 aliis
1026 337 1100 370 bel-

92 388 324 424 licosissimis.
377 387 532 423 Eramus
549 394 584 422 et
600 401 710 424 naves
727 388 938 424 fabricaturi
956 395 1100 434 praeter

91 447 254 482 nostras,
281 439 365 487 quia
384 438 485 474 Italia
503 439 609 486 lignis
631 441 810 482 abundat,
846 441 975 488 quibus
994 440 1099 474 Pelo-

91 504 294 538 ponnesum
312 491 653 527 circumsederemus
677 499 711 526 et
728 493 766 526 in
783 499 878 527 terra
893 493 1000 527 urbes
1017 505 1100 537 par-

91 544 159 578 tim
187 544 224 578 vi
248 543 447 589 capiendo,
488 544 622 590 partim
649 543 954 579 circumvallando
979 556 1099 589 spera-

92 597 221 631 bamus
244 607 311 629 nos
332 595 436 629 facile
461 595 642 642 potituros
666 596 942 642 Peloponneso,
981 602 1015 630 et
1039 596 1100 630 de-

95 648 178 682 inde
195 646 306 682 totius
324 646 498 682 Graeciae
515 648 708 694 imperium
733 646 933 683 habituros.
987 648 1099 682 Pecu-

93 699 193 734 niam
210 705 245 734 et
263 699 487 734 frumentum
510 699 593 734 illae
617 701 724 734 urbes
746 699 1098 747 suppeditaturae⁶⁵)

93 757 217 793 erant,
244 762 333 797 quas
351 751 615 787 domuissemus
638 758 782 797 praeter
804 750 871 786 hos
889 757 1100 798 proventus,

92 816 183 850 quos
198 801 282 837 hinc
298 803 546 848 exegissemus.
598 803 796 838 Audivistis
812 816 869 837 me
881 830 890 844 ‚
925 802 988 850 qui
1012 800 1100 837 haec

94 855 230 901 optime
254 854 349 896 scio,
381 861 642 901 exponentem,
677 855 796 902 qualia
822 854 1100 901 cogitaverimus

93 907 137 941 de
154 905 222 941 hac
241 906 370 948 classe,
398 919 491 953 quae
506 907 544 940 in
560 907 847 943 Siciliam'missa
866 913 929 943 est.
988 905 1099 954 quue

93 959 200 994 duces
216 957 367 1004 reliqui,
395 958 425 993 si
441 965 614 1004 poterunt
625 987 634 1001 ‚
662 959 828 994 efficient.

196 1009 302 1046 Nunc
320 1011 523 1055 cognoscite
535 1038 544 1052 ,
571 1011 641 1046 nisi
658 1024 764 1057 opem
784 1011 903 1052 fertis,
928 1023 1003 1044 non
1021 1011 1099 1044 fore

93 1061 232 1097 Siculos
249 1062 465 1107 superiores.
520 1062 597 1098 Etsi
611 1063 770 1108 imperiti
787 1069 871 1098 sunt
894 1063 947 1096 rei
968 1062 1100 1096 milita-

93 1114 143 1148 ris
159 1113 289 1155 Siculi,
317 1120 452 1155 tamen,
478 1113 507 1148 si
527 1127 652 1150 omnes
670 1114 853 1149 coniuncti
869 1120 999 1155 essent,
1023 1113 1101 1147 vin-

95 1171 227 1200 cerent.
279 1164 327 1199 At
341 1166 409 1200 soli
424 1166 658 1212 Syracusani,
688 1166 772 1213 quia
795 1173 829 1200 et
850 1166 990 1212 proelio
1016 1164 1101 1199 victi

93 1223 177 1253 sunt
193 1216 366 1259 universi,
383 1223 418 1251 et
435 1217 507 1251 iam
526 1218 678 1253 navibus
694 1216 990 1265 circumsessiffia)
1006 1223 1102 1258 sunt,

93 1268 265 1304 exercitui
278 1266 575 1311 Atheniensium,
603 1270 665 1316 qui
683 1282 779 1304 nunc
802 1270 852 1304 ibi
878 1276 952 1310 est,
987 1269 1102 1314 impa-

94 1333 152 1356 res
170 1326 288 1355 erunt.
342 1320 395 1354 Ea
412 1321 499 1355 urbs
516 1321 546 1355 si
572 1321 755 1366 capietur,
789 1327 864 1354 tota
889 1321 1011 1354 Sicilia
1035 1320 1103 1354 erit

95 1370 391 1414 Atheniensium,
417 1385 502 1406 mox
517 1379 551 1406 et
571 1371 694 1414 Italia,
722 1385 788 1407 nec
804 1373 932 1418 procul
949 1371 1065 1406 aberit
1083 1383 1102 1404 a

95 1424 198 1459 vobis
211 1423 411 1469 periculum
423 1451 433 1465 ,
458 1426 556 1471 quod
571 1424 746 1470 praedixi.
795 1424 918 1470 Quare
935 1436 1010 1458 non
1025 1429 1103 1457 tan-

94 1483 173 1511 tum
191 1477 235 1510 de
250 1475 371 1511 Sicilia
388 1476 602 1510 deliberatio
619 1483 690 1518 est,
717 1478 779 1512 sed
805 1476 914 1510 etiam
940 1477 983 1510 de
1000 1475 1104 1509 Pelo-

95 1540 281 1575 ponneso,
314 1527 384 1562 nisi
409 1526 499 1562 haec
523 1528 593 1562 cito
615 1528 743 1563 facitis.
805 1527 963 1563 Classem
988 1525 1105 1561 isthuc

96 1580 248 1622 mittite,
275 1579 314 1613 in
338 1592 410 1627 qua
434 1580 543 1614 iidem
568 1580 640 1615 sint
666 1587 700 1614 et
724 1579 876 1625 remiges
902 1586 937 1614 et
961 1579 1105 1620 milites,

97 1639 133 1667 et
148 1633 247 1679 quod
263 1630 333 1666 hoc
348 1632 427 1677 ipso
445 1633 603 1667 exercitu
619 1632 739 1678 potius
755 1633 846 1666 duco
866 1631 983 1666 virum
998 1631 1105 1676 Spar-

97 1692 247 1726 tanum,
282 1684 346 1731 qui
371 1684 416 1719 sit
440 1685 532 1726 dux,
565 1684 628 1731 qui
651 1691 685 1719 et
702 1690 907 1730 praesentes
922 1690 1044 1728 regat,
1072 1689 1106 1716 et

100 1748 226 1782 cogere
242 1735 376 1772 invitos
394 1737 519 1782 possit.
580 1736 638 1771 Sic
664 1743 700 1770 et
721 1737 827 1771 amici
851 1737 930 1782 plus
954 1734 1106 1770 fiduciae

97 1787 304 1829 habebunt,
343 1794 378 1822 et
400 1788 605 1823 dubitantes
630 1790 962 1830 confirmabuntur,
1003 1793 1044 1822 ut
1071 1799 1106 1821 se

98 1840 170 1875 illis
185 1840 396 1885 adiungant.
448 1841 599 1875 Praeter
615 1839 703 1875 haec
722 1841 760 1874 in
776 1841 851 1886 ipsa
862 1839 1014 1875 Graecia
1034 1839 1108 1873 bel-

99 1892 175 1927 lum
190 1890 472 1927 Atheniensibus
489 1899 612 1939 aperte
633 1893 861 1927 inferendum
886 1899 956 1934 est,
988 1898 1029 1926 ut
1044 1891 1108 1937 sy-

100 1944 269 1980 racusani
285 1944 526 1989 intelligentes
542 1958 579 1980 se
596 1945 698 1980 vobis
715 1957 820 1979 curae
850 1957 944 1986 esse,
978 1943 1108 1977 fortius

101 1996 282 2037 resistant,
297 2002 332 2031 et
341 1994 579 2033 Athenienses
589 1997 709 2032 minus
728 1997 860 2032 auxilia
875 1997 947 2032 suis
966 1996 1108 2030 mittere

103 2049 254 2096 possint.
299 2048 452 2083 Decelea
470 2050 578 2083 etiam
595 2050 791 2084 munienda
810 2056 875 2090 est,
902 2049 1001 2096 quod
1018 2060 1109 2083 sem-

105 2113 172 2148 per
201 2107 410 2136 metuerunt
430 2099 681 2144 Athenienses,
725 2102 894 2148 quodque
923 2101 1040 2137 solum
1072 2099 1110 2132 in

105 2152 176 2188 hoc
197 2153 292 2188 bello
317 2165 393 2188 non
416 2160 594 2189 tentatum
619 2167 693 2190 esse
723 2154 940 2189 existimant.
1007 2152 1112 2187 Tunc

108 2212 229 2240 autem
247 2205 378 2252 aliquis
395 2206 551 2242 maxime
569 2214 675 2243 nocet
689 2205 865 2248 hostibus,
893 2206 1040 2252 quando
1058 2216 1112 2245 ea,

108 2270 202 2306 quae
220 2257 377 2293 maxime
393 2258 562 2305 intelligit
578 2260 660 2295 illos
676 2263 856 2301 metuere‚'
868 2258 988 2294 infert.
1027 2257 1113 2292 Cre-

143 2388 193 2417 65)
212 2386 454 2419 suppeditaturae]
473 2387 525 2413 Ed.
539 2387 617 2414 ¹562.
635 2394 733 2414 errore
751 2390 880 2420 typogr.:
903 2387 1113 2418 suppetaturae.

143 2431 213 2460 65⁸)
234 2430 427 2460 circumsessi]
447 2430 497 2455 Ed.
515 2430 590 2457 1562.
611 2438 709 2458 errore
727 2433 858 2464 typogr.:
880 2430 1069 2457 circumsessi.

175 2833 360 2866 ΜειᾼΜ-Η.
384 2833 491 2865 Ona.
516 2834 600 2865 Von.
626 2834 731 2866 XVII.

510 144 912 182 INTERPRETATIO
935 145 1234 182 ORATIONUM
1260 145 1325 180 EX
1351 144 1648 180 THUCYDIDIS
1674 144 1822 181 LIBRO
1846 145 1905 183 VI.

2064 144 2164 180 1106

1153 232 1261 266 dibile
1285 237 1338 266 est
1361 231 1479 273 enim,
1513 231 1712 278 quemlibet
1736 243 1799 267 sua
1820 232 1980 278 pericula
2003 232 2159 268 maxime

1154 290 1189 318 et
1205 283 1403 328 intelligere
1421 290 1456 318 et
1471 290 1642 319 metuere.

1256 334 1331 369 Iam
1350 342 1526 382 quantum
1545 336 1647 371 vobis
1663 335 1837 369 Deceleae
1861 335 2048 380 occupatio
2074 348 2159 381 pro-

1151 387 1273 421 futura
1308 387 1373 428 sit,
1413 393 1447 421 et
1478 393 1655 434 quantum
1684 385 1805 422 hostes
1836 386 2075 432 impeditura,
2118 393 2159 422 ut

1152 439 1266 473 multa
1286 439 1451 473 omittam
1464 466 1474 480 ,
1501 439 1694 485 praecipua
1714 451 1905 485 exponam.
1958 437 2103 484 Oppida
2124 445 2159 474 et

1152 490 1259 525 villae
1277 497 1460 525 extructae
1477 491 1514 524 in
1537 490 1686 533 vicinia,
1712 491 1845 536 partim
1868 495 1991 535 capta,
2024 491 2159 535 partim

1153 543 1248 577 ultro
1273 542 1376 577 vobis
1402 542 1665 587 adiungentur,
1710 549 1745 576 et
1779 542 1946 576 amittent
1978 541 2047 587 ipsi
2074 554 2158 587 pro-

1152 600 1280 629 ventus
1303 606 1345 628 ex
1370 594 1470 629 venis
1497 594 1637 639 argenti
1660 601 1695 628 et
1721 607 1762 628 ex
1787 600 1903 634 terra,
1943 599 1978 627 et
2002 605 2044 627 ex
2067 593 2159 628 iudi-

1154 646 1228 681 ciis.
1281 645 1376 680 Socii
1394 645 1503 680 etiam
1522 636 1641 680 niinus
1663 646 1930 686 transmittent,
1966 645 2051 691 quia
2074 658 2159 679 con-

1153 703 1316 732 temnent
1335 709 1417 738 eos,
1444 710 1524 731 cum
1543 698 1722 742 putabunt
1739 710 1803 733 vos
1824 709 1965 732 summa
1991 709 2059 742 ope
2084 697 2159 731 bel-

1153 750 1228 784 lum
1245 761 1380 794 gerere.
1431 749 1482 783 Ut
1500 755 1619 782 autem
1637 749 1707 783 cito
1725 749 1862 795 aliquid
1878 750 1940 782 fiat
1956 755 1990 782 et
2008 749 2160 794 integre,

1153 813 1263 847 penes
1279 813 1343 835 vos
1360 807 1424 835 est.
1477 800 1573 836 Nam
1590 807 1625 835 et
1640 800 1824 846 possibilia
1841 802 1974 835 suadeo
1986 827 1995 841 ,
2023 807 2058 834 et
2075 813 2159 835 con-

1153 854 1224 887 fido
1243 864 1453 898 processura
1472 864 1558 887 esse.

1257 904 1331 939 Nec
1355 904 1468 938 debeo
1496 904 1665 950 cuiquam
1696 903 1811 938 videri
1835 904 2012 945 deterior,
2049 902 2159 949 quod,

1154 969 1235 991 cum
1250 956 1288 990 in
1304 955 1422 1001 patria
1441 955 1493 989 sui
1510 956 1604 989 inter
1621 968 1700 997 eos,
1727 955 1791 1002 qui
1805 956 1906 991 vobis
1921 954 2160 989 inimicissimi

1153 1009 1318 1050 fuerunt,
1344 1014 1429 1042 tunc
1445 1019 1524 1041 eam
1543 1007 1686 1041 fortiter
1702 1008 1864 1049 defendi,
1898 1020 1994 1042 nunc
2017 1007 2160 1041 fortiter

1155 1066 1280 1094 contra
1300 1071 1379 1094 eam
1397 1060 1519 1094 tendo.
1546 1058 1621 1094 Nec
1637 1059 1675 1092 in
1687 1059 1927 1104 suspicionem
1945 1060 2062 1094 oratio
2079 1071 2162 1093 mea

1154 1111 1277 1146 veniat
1303 1116 1452 1156 propter
1478 1110 1644 1152 exilium,
1686 1124 1765 1146 sum
1789 1112 1892 1153 exul,
1934 1113 1994 1146 sed
2018 1109 2163 1148 discessi

1155 1164 1200 1197 ab
1215 1162 1411 1208 improbis,
1435 1163 1498 1208 qui
1517 1175 1575 1196 me
1590 1162 1790 1204 eiecerunt,
1825 1169 1860 1197 et
1875 1164 2006 1199 accessi
2020 1165 2067 1198 ad
2085 1175 2163 1205 vos,

1154 1221 1195 1249 ut
1218 1215 1320 1249 vobis
1345 1213 1502 1260 prosim,
1546 1214 1577 1248 si
1605 1212 1694 1248 mihi
1719 1215 1976 1252 auscultabitis.
2044 1214 2163 1259 Magis

1156 1266 1253 1301 enim
1268 1266 1376 1301 invisi
1392 1272 1487 1308 sunt,
1506 1277 1582 1299 non
1598 1265 1661 1312 qui
1678 1273 1783 1300 antea
1799 1278 1855 1301 me
1871 1267 2053 1303 laeserunt
2066 1278 2164 1303 com-

1156 1318 1316 1353 muniter
1333 1325 1374 1352 ut
1391 1315 1532 1358 hostes,
1560 1318 1622 1352 sed
1647 1318 1711 1364 qui
1734 1331 1811 1360 me,
1847 1331 1928 1354 cum
1949 1321 2085 1356 amicus
2109 1330 2163 1353 es-

1156 1382 1252 1411 sem,
1300 1376 1496 1414 coegerunt
1525 1367 1666 1404 hostem
1699 1371 1789 1406 fieri.
1860 1370 1907 1405 Et
1930 1372 1991 1417 gfui
2023 1369 2163 1418 patriae

1157 1433 1304 1463 amans,
1338 1434 1413 1455 non
1438 1428 1478 1456 ut
1498 1421 1632 1456 iniuria
1657 1422 1836 1464 afficerer,
1875 1424 1936 1458 sed
1958 1430 1998 1458 ut
2021 1422 2165 1473 aequali

1158 1473 1235 1508 iure
1264 1485 1345 1507 cum
1369 1472 1506 1508 civibus
1530 1473 1702 1508 viverem.
1755 1474 1843 1510 :Nec
1870 1487 1928 1508 me
1952 1482 2078 1512 contra
2102 1486 2166 1519 pa-

1158 1525 1268 1559 triam
1281 1524 1333 1559 ire
1351 1524 1472 1559 iudico
1484 1552 1493 1566 ‚
1517 1537 1628 1571 quam
1642 1537 1739 1559 nunc
1755 1538 1831 1560 non
1849 1523 1986 1570 habeo,
2021 1530 2083 1564 sed
2109 1538 2165 1560 re-

1159 1589 1332 1623 cuperare
1349 1577 1519 1612 amissam
1536 1577 1668 1622 cogitO.
1721 1577 1768 1612 Et
1786 1590 1913 1614 amans
1940 1580 2081 1625 patriae
2105 1590 2166 1612 ve-

1159 1630 1234 1664 rius
1250 1627 1309 1663 hic
1325 1635 1395 1670 est,
1420 1641 1496 1662 non
1512 1629 1575 1675 qui
1592 1627 1721 1664 iniuste
1738 1630 1907 1666 amissam
1924 1643 2000 1666 non
2015 1630 2168 1672 invadit,

1159 1682 1221 1717 sed
1238 1680 1302 1727 qui
1318 1680 1498 1716 desiderio
1515 1680 1590 1715 eius
1607 1681 1708 1715 omni
1724 1684 1835 1717 modo
1854 1695 2067 1729 recuperare
2086 1693 2169 1720 eam

1161 1739 1324 1768 conatur.
1378 1732 1476 1766 Tuto
1494 1731 1604 1778 igitur
1623 1733 1668 1766 ad
1689 1734 1849 1779 pericula
1874 1742 1909 1769 et
1934 1737 1979 1769 ad
2004 1734 2170 1772 difficilli-

1161 1798 1240 1820 mos
1263 1785 1406 1819 labores
1428 1797 1510 1818 meo
1533 1796 1685 1830 corpore
1710 1785 1887 1827 utamini,
1924 1787 2075 1824 scientes
2096 1786 2169 1824 usi-

1161 1844 1277 1872 tatum
1302 1849 1527 1878 sermonem,
1562 1836 1645 1883 qui,
1679 1837 1794 1872 donec
1817 1835 1930 1873 hostis
1952 1840 2024 1882 fui,
2059 1838 2171 1876 nocui

1161 1889 1359 1936 plurimum
1372 1916 1381 1931 ,
1408 1888 1607 1934 plurimum
1623 1889 1834 1934 profuturus
1849 1903 1929 1926 sum
1953 1893 2108 1937 amicus,
2135 1898 2172 1926 et

1163 1941 1310 1989 quidem
1325 1954 1398 1988 quo
1417 1941 1532 1987 magis
1549 1941 1709 1987 cognitas
1730 1939 1847 1977 habeo
1870 1955 1927 1979 res
1941 1943 2097 1988 Atticas,
2125 1948 2170 1981 de

1163 1993 1289 2029 vestris
1307 1993 1416 2028 etiam
1434 1993 1565 2028 certius
1582 1994 1826 2029 coniecturam
1843 1996 2041 2042 capiebam.
2075 1998 2172 2033 Hor-

1163 2052 1221 2080 tor
1235 2045 1358 2091 igitur,
1385 2058 1466 2080 cum
1482 2046 1647 2082 statuatis
1664 2059 1728 2082 vos
1746 2048 1790 2082 de
1806 2047 1912 2084 rebus
1928 2049 2077 2084 maximi
2092 2064 2171 2086 mo-

1163 2098 1278 2133 menti
1301 2098 1523 2141 deliberare,
1562 2111 1608 2133 ne
1631 2099 1752 2144 pigeat
1775 2101 1953 2146 suscipere
1975 2103 2172 2148 expeditio-

1164 2163 1250 2186 nem
1267 2150 1307 2185 in
1321 2150 1479 2185 Siciliam
1497 2157 1532 2185 et
1554 2151 1592 2185 in
1607 2150 1764 2186 Atticam
1776 2180 1786 2195 ,
1817 2159 1857 2187 ut
1879 2152 1963 2188 illuc
1989 2155 2172 2190 traiicien-

1165 2210 1237 2246 tes,
1265 2202 1392 2249 exigua
1409 2203 1610 2239 accessione
1623 2203 1781 2239 maxima
1798 2206 1990 2240 commoda
2011 2208 2172 2250 servetis,

1165 2262 1201 2291 et
1213 2253 1489 2291 Atheniensium
1505 2255 1707 2301 potentiam
1721 2263 1947 2301 praesentem
1964 2265 1998 2293 et
2012 2259 2173 2294 futuram

1166 2308 1356 2350 evertatis,
1383 2314 1418 2342 et
1435 2308 1505 2354 ipsi
1521 2308 1651 2342 deinde
1668 2308 1737 2342 tuti
1750 2308 1845 2351 sitis,
1872 2316 1907 2343 et
1920 2309 2093 2346 Graeciae
2111 2324 2174 2346 vo-

1165 2361 1274 2402 lenti,
1315 2372 1392 2395 non
1414 2360 1470 2402 vi,
1506 2361 1568 2396 sed
1581 2360 1836 2396 benevolentia
1853 2361 2043 2399 adiunctae
2060 2363 2173 2411 impe-

1166 2413 1265 2448 retis.

1622 2828 1670 2862 70
