2294 2975
109 131 178 167 251

113 217 210 260 peius
250 221 324 247 erat
359 213 572 247 interfectus.
628 213 692 246 Hic
724 219 840 247 autem
869 211 1028 256 loquitur
1060 213 1102 245 de

111 266 338 310 P0111pcio⁴2)
356 265 428 298 filio
440 291 449 305 ‚
477 277 550 297 non
567 265 608 296 de
625 270 726 308 patre
737 263 795 308 ⁴²³).

214 314 244 360 ς’.
262 314 297 351 5.
325 318 431 360 Lepta
444 318 662 350 saemvissimus
677 312 751 361 ⁴²)]
780 310 1008 347 Adhortatio.

410 408 734 451 Argumentum
749 406 808 452 ⁴⁶).

228 484 321 517 Haec
347 484 491 527 epistola
518 489 592 515 tum
618 489 669 516 est
694 482 843 527 scripta,
872 494 951 516 cum
977 482 1014 515 in
1040 481 1101 514 Hi-

115 535 236 578 spania
260 541 396 577 gereret
419 534 551 567 bellum
570 533 699 567 Caesar
722 546 801 567 cum
827 533 993 578 Pompeii
1016 533 1101 567 filio.

115 585 279 618 Continet
304 590 421 617 autem
446 584 563 618 varias
596 584 821 618 narrationes
847 586 889 618 de
920 585 1025 618 rebus
1050 584 1101 617 ‹li-

113 635 231 669 versis.
282 633 414 680 Estque
433 635 664 680 praecipuum
681 635 718 668 in
737 633 803 669 hac
821 636 981 681 epistola,
1006 636 1101 681 quod

113 686 160 718 sic
193 686 263 730 ipse
292 685 481 719 iudicatde
507 699 570 720 suo
588 685 741 720 Oratore
752 687 810 733 ⁴⁶).
863 687 956 722 Nam
974 686 1101 719 invita-

110 736 159 769 tio
191 737 366 782 quaedam
398 743 449 770 est
479 738 524 770 ad
550 737 736 781 diligenter
765 739 1007 782 cognoscenda
1039 749 1101 771 sua

110 787 250 831 scripta.
318 786 357 820 In
391 788 459 821 fine
489 795 538 822 est
567 786 770 821 adhortatio
806 790 953 822 omnino
983 788 1101 832 digna,

112 849 202 882 quae
220 838 426 872 observetur
441 839 483 871 dc
508 839 695 883 diligenter
718 840 866 883 legendo
894 846 926 873 et
946 840 1102 873 ediscen-

110 889 154 921 do
174 888 349 929 Hesiodo,
376 901 417 922 ex
440 902 511 935 quo
529 896 652 923 autore
672 890 756 922 citat
775 890 1001 933 suavissimos
1024 902 1102 923 ver-

108 939 256 980 siculos,
285 946 418 985 quanto
444 940 607 974 videlicet
631 941 749 975 studio
778 953 816 973 ac
842 948 971 975 ornatu
994 941 1030 973 in
1045 942 1101 974 lit-

107 990 191 1024 teris
212 990 347 1024 versari
364 1003 444 1024 eum
463 998 622 1035 oportet,
649 991 710 1036 qui
728 992 810 1024 velit
826 992 901 1024 fieri
918 992 1068 1026 doctior.

348 1090 489 1124 Aliud
524 1099 857 1136 argumentum.

210 1164 306 1198 Haec
324 1166 471 1210 epistola
488 1165 593 1200 habet
612 1167 727 1201 varias
745 1167 981 1207 narrationes,
1007 1179 1099 1213 quae

109 1222 189 1249 sunt
214 1217 407 1250 admodum
431 1218 566 1252 breves.
634 1218 754 1251 Prima
788 1224 839 1252 est
861 1219 903 1251 de
928 1230 1098 1262 responso

109 1267 346 1301 iurisconsulti
382 1268 496 1301 Balbi.
564 1268 725 1302 Secunda
768 1270 811 1302 de
848 1269 1001 1302 exercitu
1035 1269 1099 1301 filii

107 1317 281 1361 Pompeii.
334 1318 455 1351 Tertia
471 1320 514 1352 de
532 1331 594 1353 sua
613 1320 795 1363 diligentia
809 1346 818 1359 ‚
845 1326 885 1352 ut
902 1331 1007 1364 quam
1027 1319 1099 1363 pri-

108 1380 205 1400 mum
229 1369 420 1413 sponsione
446 1382 511 1413 pro
528 1370 704 1415 Pompeio
725 1370 905 1403 liberetur.
960 1370 1096 1415 Quarta

106 1419 262 1452 continet
277 1419 532 1460 testimonium,
549 1427 582 1453 et
597 1432 771 1453 summam
789 1421 929 1453 laudem
946 1432 985 1453 ac
1002 1433 1097 1453 com-

108 1470 372 1503 mendationem
385 1470 549 1504 Oratoris
565 1470 757 1504 Ciceronis.
801 1471 934 1515 Quinta
955 1472 996 1503 (le
1017 1483 1096 1504 cau-

107 1532 143 1553 sa
168 1520 303 1553 Romae
327 1520 459 1554 diutius
480 1522 669 1561 manendi,
701 1521 819 1554 addita
851 1521 990 1554 ratione
1012 1533 1095 1555 suae

108 1571 199 1604 vitae
225 1572 285 1604 tali
310 1578 481 1615 tempore.
548 1571 586 1604 In
610 1573 678 1604 fine
707 1579 757 1606 est
780 1572 1037 1615 elegantissima
1062 1580 1095 1605 et

107 1622 271 1655 omnibus
306 1622 525 1666 temporibus
567 1624 762 1656 necessaria
804 1621 1008 1656 adhortatio
1051 1624 1093 1657 de

105 1672 292 1716 diligenter
307 1673 455 1715 legendo
479 1679 512 1706 et
538 1674 581 1706 ad
605 1675 752 1707 verbum
778 1674 964 1708 ediscendo
988 1681 1092 1719 poeta

106 1722 282 1763 Hesiodo,
321 1736 360 1756 ex
384 1736 453 1768 quo
479 1724 562 1756 citat
583 1725 810 1759 suavissimos
834 1725 1024 1759 versiculos
1051 1726 1093 1758 de

104 1781 272 1817 perpetua
293 1774 493 1818 diligentia,
519 1787 626 1820 quam
643 1777 759 1809 studia
778 1776 977 1821 requirunt.

343 1866 481 1900 Aliud
511 1876 845 1912 argumentum.

204 1942 497 1977 Narratiunculas
515 1944 673 1991 quinque
699 1944 805 1979 habet
827 1944 911 1979 haec
929 1946 1090 1990 epistola.

100 1992 139 2025 ln
154 1993 266 2037 prima
283 1994 473 2037 respondet
483 1994 604 2029 Cicero
623 1998 667 2030 ad
683 1997 926 2042 quaestionem
945 1996 1090 2041 Leptae,

103 2056 146 2075 an
163 2044 282 2076 liceret
297 2044 456 2088 publicos
473 2046 655 2081 ministros
671 2048 707 2080 in
724 2048 854 2081 iudices
870 2049 996 2092 legere.
1031 2047 1089 2081 Se-

103 2096 214 2127 cunda
234 2096 276 2127 de
295 2095 449 2128 exercitu
467 2096 502 2128 in
520 2096 712 2141 Hispaniis,
740 2106 772 2132 et
789 2100 831 2131 de
844 2099 967 2132 Curtio
982 2099 1089 2132 Pom-

103 2146 169 2188 peii
194 2146 288 2178 iussu
312 2157 330 2177 a
358 2146 528 2180 militibus
552 2148 747 2182 interfecto.
800 2148 839 2182 In
865 2150 967 2183 tertia
985 2150 1088 2194 polli-

103 2202 199 2229 cetur
233 2208 268 2229 se
292 2196 478 2240 diligenter
501 2205 662 2232 acturum
687 2212 765 2232 cum
782 2200 913 2240 Galba,
937 2207 976 2234 ut
998 2200 1088 2233 liber

102 2247 162 2278 fiat
180 2259 197 2278 a
215 2247 438 2280 fideiussione
454 2248 544 2282 facta
562 2262 627 2294 pro
637 2251 822 2295 Pompeio.
850 2252 986 2296 Quarta
1005 2264 1086 2284 con-

102 2297 374 2334 tinetiudicium
393 2300 435 2332 de
451 2312 515 2332 suo
532 2300 704 2341 Oratore,
734 2314 837 2346 quem
863 2303 934 2335 filio
953 2302 1085 2347 Leptae

101 2350 371 2390 proponendum
388 2351 522 2385 suadet.
565 2350 604 2385 ln
621 2353 743 2385 ultima
762 2353 967 2386 narratione
985 2354 1086 2397 ponit

133 2479 180 2507 ⁴2]
200 2479 341 2511 Pompeio]
360 2483 408 2506 Ed.
431 2484 504 2509 1560.
528 2485 657 2517 Pompeii.

132 2522 180 2550 43)
198 2523 272 2546 Haec
290 2526 354 2548 nota
373 2527 400 2548 et
418 2533 534 2557 sequens
558 2529 584 2552 in
603 2530 651 2555 Ed.
673 2529 747 2555 1545,
767 2530 873 2555 desunt.

133 2566 182 2591 4⁴)
207 2565 258 2589 Pro
286 2566 326 2589 his
348 2567 402 2591 Cic.
422 2569 513 2593 verbis
541 2571 566 2594 in
586 2573 632 2595 Ed.
655 2574 728 2597 1560.
755 2573 816 2597 huic
840 2575 921 2597 notae
946 2574 1085 2605 adscripta

167 2601 230 2622 sunt
248 2601 450 2629 praecedentia:
470 2604 583 2634 Quare,
602 2608 633 2630 ut
649 2608 788 2632 arbitror.

129 2642 176 2671 46)
196 2643 254 2665 Hoc
271 2646 460 2674 argumentum
479 2648 505 2670 et
525 2647 576 2671 duo
597 2650 739 2679 sequentia
758 2651 792 2675 ab
805 2651 887 2676 Editt.
907 2652 997 2680 1556.,
1020 2653 1085 2676 1565

162 2677 279 2701 -1596,
300 2678 468 2703 exhibentur.

129 2718 176 2745 46)
196 2720 327 2748 oratore]
347 2721 395 2744 Ed.
416 2722 487 2747 1569.
508 2729 603 2748 errore
622 2727 749 2755 typogr.:
770 2728 897 2752 Gratore.

684 126 806 163 PHIL.
843 125 956 161 MEL.
988 125 1189 162 SCRIPTA
1216 127 1551 163 PHILOLOGICA.

2062 130 2137 165 232

1158 226 1300 255 causas,
1325 226 1435 260 quare
1462 226 1535 247 non
1558 213 1708 246 libenter
1732 224 1875 257 pergere.
1892 213 2147 257 proficiscatur,

1155 265 1257 299 sicuti
1274 271 1389 299 antea.
1441 264 1480 298 In
1497 266 1565 298 fme
1580 264 1736 297 breviter
1755 261 1968 298 adhortatur
1985 264 2146 309 Leptam,

1154 322 1193 349 ut
1210 316 1319 350 filium
1339 316 1545 350 assuefaciat
1563 316 1607 348 ad
1617 315 1802 360 diligenter
1819 316 2006 358 legendum
2025 322 2059 350 et
2075 317 2147 350 edi-

1155 369 1324 401 scendum
1344 367 1551 401 Hesiodum.

1321 457 1503 492 Scholia
1539 459 1584 492 in
1619 458 1865 503 epistolam
1894 456 1984 492 XIX.

1267 523 1297 570 ξ.
1316 527 1349 560 1.
1379 528 1553 561 Maculam
1571 524 1699 573 officio]
1727 525 1973 560 Narrationes.

1268 583 1297 629 ἓ.
1319 588 1354 621 2.
1382 588 1435 619 De
1457 584 1649 633 curatione]
1684 585 1892 625 Dissuadet,
1936 598 1980 619 ne
2013 584 2146 618 ambiat

1155 635 1306 679 gratiam
1326 637 1486 670 Caesaris
1514 649 1577 681 per
1605 649 1754 670 munera
1765 636 1824 682 ¹¹⁷).

1454 720 1779 765 Argumentum
1797 720 1843 766 ⁴⁸)

1256 786 1369 832 Lepta
1391 781 1646 833 expetiverat‘ffl
1655 788 1688 834 a)
1716 787 1782 821 sibi
1797 786 1961 820 mandari
1975 796 2146 831 procura-

1154 837 1288 871 tionem
1307 840 1534 884 quorundam
1559 839 1785 883 negotiorum
1809 838 1987 878 Caesaris,
2021 843 2061 870 ut
2083 847 2147 881 per

1155 901 1232 921 eam
1252 902 1327 923 rem
1354 889 1591 924 innotesceret
1619 891 1713 934 apud
1731 889 1917 923 Caesarem
1942 894 1975 922 et
1992 887 2144 932 gratiam

1154 940 1272 975 iniret.
1326 940 1421 974 Haec
1446 941 1552 985 igitur
1570 941 1717 985 epistola
1748 946 1799 974 est
1820 939 1957 984 generis
1981 937 2145 978 suasorii,

1154 990 1190 1023 in
1219 1004 1289 1036 qua
1313 992 1464 1025 consulit
1487 991 1638 1036 Leptae,
1667 992 1752 1037 quid
1777 991 1877 1037 sequi
1899 997 1933 1024 et
1946 990 2059 1024 vitare
2087 990 2146 1023 de-

1153 1042 1236 1074 beat
1258 1043 1293 1075 in
1321 1043 1474 1076 amicitia
1497 1042 1667 1076 Caesaris.
1720 1042 1867 1076 Exordii
1894 1042 1972 1075 loco
1997 1040 2144 1085 ponitur

1153 1092 1269 1126 brevis
1300 1093 1459 1126 narratio
1491 1094 1533 1126 de
1564 1092 1718 1137 praediis
1749 1093 1910 1126 Maculae
1942 1099 1976 1125 et
1999 1091 2144 1135 Leptae.

1152 1142 1290 1177 Deinde
1311 1144 1471 1190 sequitur
1493 1144 1712 1188 propositiO,
1740 1156 1830 1189 quae
1854 1142 2012 1177 continet
2031 1141 2145 1176 consi-

1152 1194 1259 1235 lium,
1291 1207 1335 1228 ne
1366 1195 1403 1228 in
1432 1195 1710 1228 familiaritatem
1737 1195 1896 1228 Caesaris
1926 1207 1962 1228 se
1988 1193 2145 1228 insinuet

1152 1258 1214 1290 per
1238 1258 1398 1280 munera.
1467 1245 1574 1279 Ratio
1599 1246 1855 1291 propositionis
1885 1251 1953 1279 est:
1991 1245 2085 1290 Quia
2107 1244 2145 1278 id

1150 1297 1279 1330 frustra
1303 1303 1500 1330 tentaturus
1527 1297 1571 1331 sit
1594 1303 1804 1342 propterea,
1832 1297 1929 1342 quod
1954 1303 2057 1330 antea
2081 1293 2144 1329 ha-

1150 1348 1230 1380 beat
1253 1347 1383 1381 Caesar
1406 1348 1614 1392 dignitatem
1650 1354 1683 1381 et
1715 1360 1817 1392 opes,
1851 1353 1891 1381 ut
1919 1345 2009 1380 nihil
2030 1346 2143 1391 possit

1150 1398 1232 1430 addi
1255 1398 1424 1442 amplius,
1453 1405 1486 1431 et
1504 1400 1600 1444 quod
1619 1399 1691 1443 ipse
1709 1399 1838 1432 Caesar
1861 1398 2002 1442 putabit
2018 1410 2053 1432 se
2079 1398 2142 1430 ali-

1151 1449 1248 1493 quod
1269 1449 1477 1482 beneficium
1502 1450 1737 1493 praestitisse,
1771 1449 1799 1482 si
1827 1461 1936 1493 opera
1969 1448 2062 1482 illius
2089 1448 2144 1482 uti

1149 1500 1294 1538 debeat,
1322 1500 1475 1532 maxime
1495 1511 1574 1532 cum
1591 1500 1677 1532 sciat
1695 1499 1845 1543 Leptam
1869 1511 2017 1544 operam
2041 1511 2141 1533 suam

1147 1550 1241 1583 ultro
1272 1550 1398 1583 offerre.
1421 1556 1667 1594 provocatum.
1736 1549 1907 1594 Epilogus
1932 1549 2040 1583 habet
2062 1551 2141 1584 bre-

1147 1613 1226 1633 vem
1248 1601 1560 1645 pollicitationem,
1589 1613 1623 1634 se
1640 1601 1827 1645 diligenter
1843 1608 2049 1635 curaturum
2058 1600 2139 1649 ⁴⁸¹¹),

1148 1652 1234 1697 quid
1262 1652 1298 1684 in
1326 1649 1392 1684 hac
1416 1664 1454 1684 re
1480 1652 1633 1685 maxime
1661 1652 1834 1696 expediat.

1394 1735 1530 1769 Aliud
1559 1747 1713 1780 argum
1727 1742 1890 1770 entum.

1248 1801 1406 1846 Epistola
1432 1808 1482 1836 est
1506 1803 1643 1846 generis
1667 1803 1836 1842 suasorii,
1866 1803 1901 1834 in
1926 1816 1994 1848 qua
2021 1805 2135 1839 consi·

1146 1853 1232 1887 lium
1250 1855 1310 1886 dat
1325 1853 1439 1886 amico
1456 1851 1644 1888 honestum
1662 1860 1695 1886 ct
1711 1854 1795 1887 utile
1807 1880 1816 1894 ,
1846 1854 1942 1899 quod
1960 1855 2059 1900 sequi
2075 1857 2136 1890 de-

1145 1905 1203 1938 bet
1227 1905 1263 1937 in
1289 1904 1445 1937 amicitia
1472 1904 1633 1938 Caesaris
1662 1904 1862 1938 ambienda.
1930 1905 2136 1942 Praemittit

1145 1962 1262 1989 autem
1281 1956 1425 1989 brevem
1452 1955 1696 1988 narrationem
1721 1957 1763 1988 de
1790 1956 1963 2000 praediis,
1997 1957 2034 1990 in
2057 1959 2135 2004 qui-

1142 2008 1206 2041 bus
1232 2007 1317 2053 quid
1337 2008 1482 2051 probet,
1507 2007 1662 2039 breviter
1678 2007 1841 2040 ostendit.
1893 2007 2004 2041 Potea
2030 2010 2134 2054 poni-

1142 2065 1199 2092 tur
1216 2058 1414 2103 propositio
1433 2057 1588 2097 consilii,
1615 2070 1659 2090 ne
1678 2063 1789 2090 tentet
1803 2070 1838 2091 se
1857 2057 2038 2094 insinuare
2053 2074 2132 2095 mu-

1141 2110 1286 2143 neribus
1305 2116 1339 2143 et
1354 2121 1461 2153 opera
1479 2109 1515 2141 in
1539 2108 1815 2141 familiaritatem
1835 2109 2007 2145 Caesaris.
2060 2111 2132 2145 Ra-

1141 2161 1190 2193 tio
1215 2167 1284 2201 est,
1317 2160 1398 2206 quia
1429 2158 1496 2193 hoc
1526 2160 1635 2192 modo
1660 2171 1787 2203 parum
1813 2167 1874 2193 aut
1897 2159 1987 2195 nihil
2007 2163 2132 2206 profici

1139 2212 1249 2256 possit
1265 2213 1359 2256 apud
1374 2216 1534 2256 potentes
1554 2216 1587 2243 et
1605 2210 1743 2251 divites,
1772 2223 1923 2257 quorum
1940 2214 2128 2258 proprium

1140 2270 1209 2303 est,
1243 2270 1282 2296 ut
1309 2262 1425 2296 nolint
1448 2261 1598 2305 obligari
1621 2261 1768 2295 alicuius
1791 2263 1974 2298 beneficio.
2036 2264 2130 2298 Con-

1139 2315 1247 2348 clusio
1264 2312 1369 2347 habet
1385 2312 1676 2358 pollicitationem
1698 2313 1802 2346 officii
1827 2326 1862 2347 se
1881 2315 2129 2360 cogitaturum,

1139 2366 1223 2411 quid
1251 2366 1288 2398 in
1317 2377 1356 2399 ea
1384 2377 1422 2398 re
1450 2365 1634 2397 commode
1659 2364 1734 2397 fieri
1760 2365 1881 2409 possit.

1171 2501 1218 2528 47)
1238 2501 1312 2524 Haec
1330 2501 1395 2524 nota
1412 2499 1440 2524 in
1461 2499 1545 2525 Editt.
1565 2501 1649 2533 ¹545„
1671 2501 1744 2525 1560.
1764 2502 1850 2526 deest.

1171 2544 1219 2571 48)
1238 2544 1296 2567 Hoc
1314 2544 1504 2575 argumentum
1524 2545 1551 2567 et
1569 2545 1620 2568 duo
1641 2544 1785 2575 sequentia
1799 2544 1826 2568 in
1842 2543 2035 2576 Editt.ss1556.‚
2057 2545 2124 2571 1565

1204 2578 1321 2603 —1596.
1342 2578 1524 2603 inveniuntur.

1169 2618 1442 2676 ώῦέᾱῖζὲιτῖῒίνοτεῐ]
1468 2619 1552 2644 Editt.
1580 2621 1671 2651 1569.‚
1698 2621 1770 2645 1592.
1799 2626 1895 2644 errore
1919 2621 2047 2651 typogr.:
2072 2627 2122 2645 ex-

1169 2659 1246 2753 481ῑ)’)ἴ
1256 2697 1427 2753 cturaturum]
1443 2696 1483 2721 sic
1501 2697 1684 2727 Editt.1565.,
1705 2697 1790 2727 ¹569.‚
1812 2697 1901 2727 15923
1919 2697 2052 2725 Ed 1556.
2072 2703 2121 2722 co-

1207 2737 1233 2760 gi
1248 2735 1263 2753 a
1279 2737 1363 2755 urum.
