2294 2975
89 113 161 152 325
215 112 336 150 xx111,
377 110 644 149 ARGUM.ET
657 103 1686 146 senonmEP1ST.FAM.CIC.L113.1X.EP.25.26.
1714 106 1855 144 max,
1877 108 1993 147 EP.1,

2045 113 2120 150 826

956 240 1160 273 LIBER
1204 241 1240 270 X.

138 361 460 406 Argumentum
495 364 539 392 et
565 355 747 392 scholia
776 356 820 390 in
848 355 1022 400 episto-

444 457 446 459 ,
482 418 570 451 lam
596 416 674 463 I.¹).

187 504 300 537 Huius
317 502 398 536 libri
415 502 585 547 epistolae
603 508 684 536 sunt
700 501 850 545 scriptae
868 506 949 545 post
966 499 1074 532 inter-

84 556 214 588 sectum
246 554 454 594 Caesarem,
495 553 697 587 consulibus
727 551 845 585 Hirtio
882 558 916 584 et
942 551 1072 584 Pansa.

84 606 199 639 Porro
218 611 376 640 secutum
394 611 445 638 est
465 611 618 638 mortem
637 604 798 638 Caesaris
824 603 947 647 ingens
970 601 1072 634 civile

84 657 227 691 bellum.
280 656 508 689 Dimicarunt
524 656 616 688 enim
637 657 680 689 de
706 654 857 700 imperio
881 653 1071 691 Antonius,

82 707 255 752 Lepidus,
281 707 477 752 Augustus,
504 707 647 741 Brutus.
709 706 802 751 Quia
818 717 902 738 vero
919 704 1072 738 Plancus

83 759 226 792 sortitus
250 765 325 792 erat
350 759 496 791 alteram
523 764 662 802 partem
677 757 897 795 Galliarum,
924 755 1072 787 timebat

83 809 225 850 Cicero,
252 822 296 842 ne
315 822 349 843 se
368 809 599 853 coniungeret
616 821 694 842 cum
712 806 871 840 Antonio
885 833 893 845 ,
922 805 983 850 qui
998 805 1071 837 bel-

82 861 153 894 lum
173 867 335 894 moverat
353 867 476 894 contra
491 860 656 893 Brutum.
708 858 863 903 Ideoque
878 855 1071 900 diligentis-

81 912 168 945 sime
191 910 442 957 del1ortatur‘2)
457 911 630 944 Plancum
659 910 704 942 ad
726 908 986 952 suscipiendam
1013 919 1071 939 cu-

80 975 157 995 ram
188 962 414 1007 reipublicae.
478 961 611 1007 Estque
641 960 792 994 suasorii
824 959 962 1003 generis
998 957 1070 1002 epi-

78 1014 164 1046 stola
181 1014 224 1058 3).

182 1078 212 1124 ἓ.
232 1081 264 1114 1.
291 1083 334 1114 Et
348 1078 508 1127 absum]
536 1079 704 1114 Narratio
730 1077 927 1123 continet5)
946 1089 1069 1122 quere-

80 1132 151 1164 lam
176 1133 219 1164 de
234 1131 382 1163 Antonii
404 1131 601 1174 petulantia
627 1136 661 1163 et
684 1129 919 1162 immanitate.
996 1130 1070 1161 lia-

80 1194 141 1227 (μισ
162 1183 246 1216 milii
267 1180 436 1229 maxime]
471 1182 626 1215 Affectus
651 1180 792 1223 elegans
825 1180 867 1212 de
900 1179 1069 1212 sollicitu—

80 1232 162 1266 dine
180 1245 246 1277 pro
264 1232 391 1276 patria.
470 1235 513 1266 Et
530 1235 565 1266 in
582 1230 667 1278 qua]
695 1229 922 1264 Distributio.

182 1298 211 1343 ἓ.
226 1302 261 1336 2,
287 1301 357 1334 Sed
372 1297 569 1346 qmc›2do⁶)]
597 1298 823 1343 Propositio,
851 1309 913 1330 sen
930 1297 1068 1341 petitio,

80 1357 117 1384 nt
141 1351 278 1384 senatui
302 1362 337 1384 se
362 1350 549 1394 adiungat,
591 1357 625 1384 et
653 1349 912 1393 rempublicam
943 1354 1067 1380 contra

77 1402 251 1435 furiosum
269 1401 380 1434 civem
398 1402 574 1434 defendat.

172 1467 211 1512 ἓ
229 1470 262 1502 3.
305 1471 375 1503 Sed
406 1474 437 1502 et
468 1466 568 1514 {e⁷)]
612 1467 734 1501 Defert
765 1467 918 1500 officium
953 1479 1067 1500 suum.

78 1523 131 1554 Itu
143 1520 306 1562 facillime
317 1517 375 1566 ⁸)]
404 1519 580 1552 Clausula.

182 1584 212 1629 ἓ.
231 1585 264 1620 4.
304 1589 467 1620 Furnium
491 1583 659 1632 nostrum]
704 1584 859 1630 Obliqua
888 1596 1066 1617 commen-

77 1636 173 1669 datio
184 1636 228 1682 9).

113 1775 142 1802 1)
161 1773 196 1802 1.]
225 1773 251 1796 ἰιι
278 1772 360 1796 Editt.
384 1772 476 1798 1545..
502 1772 593 1799 1546..
622 1771 713 1798 1601..
739 1769 860 1794 numeris
888 1769 1066 1799 epistolarum

144 1807 333 1838 praecedentis
351 1806 413 1830 libri
432 1805 615 1833 continuatis,
649 1806 714 1828 haec
733 1804 851 1834 epistola
869 1809 981 1827 numero
999 1804 1066 1835 179„

145 1848 263 1872 sequens
282 1847 395 1865 numero
417 1841 472 1865 180.
493 1842 543 1865 etc.
564 1840 691 1871 signatae
709 1840 782 1863 sunt.

111 1893 141 1924 2)
162 1893 338 1921 dehortatur]
364 1892 404 1915 sic
423 1892 506 1915 Editt.
529 1891 620 1918 1537..
643 1891 735 1916 1540..
756 1890 847 1921 1545.,
869 1889 959 1920 1516„
981 1890 1066 1921 1560.,

150 1928 241 1958 ¹601.;
270 1927 461 1957 Editt.1544.,
484 1926 575 1957 1554„
597 1925 671 1949 ¹557.
692 1925 827 1949 hortatur.

112 1979 142 2006 3)
163 1979 266 2008 Estque
286 1976 406 2000 suasorii
425 1976 538 2006 generis
559 1975 702 2005 epistota]
716 1975 756 1998 sic
769 1974 854 1998 Editt.
873 1974 958 1999 1540„
979 1974 1066 2002 1544„

149 2012 240 2041 1554„
262 2011 354 2041 1557.;
382 2011 408 2034 in
428 2011 512 2035 Editt.
530 2010 621 2038 1546..
644 2010 717 2034 1601.
738 2010 803 2032 haec
822 2007 930 2031 omnino
952 2008 1066 2035 desunt;

151 2047 177 2069 in
188 2046 237 2069 Ed.
250 2045 323 2069 1537.
344 2046 419 2068 iuxta
439 2046 487 2068 iiia
505 2044 661 2072 argumenti
675 2045 759 2067 verba
779 2043 967 2072 „dehortatur
982 2042 1066 2065 Plan-

146 2087 204 2104 cum
226 2077 302 2103 etc.”
323 2080 347 2102 in
369 2079 492 2109 margine
512 2080 641 2109 leguntur
660 2079 760 2102 verba:
796 2077 942 2105 „Generis
965 2082 1066 2100 suaso-

147 2112 216 2138 1·ii''.
236 2119 304 2143 qnae
323 2113 348 2136 in
368 2113 424 2136 iilis
444 2115 459 2137 4
473 2114 557 2137 Editt.
577 2113 646 2140 (ista
665 2113 772 2136 ratione
789 2113 906 2138 mutata)
926 2112 1000 2134 recte
1018 2117 1066 2134 ar-

148 2150 293 2179 gumento,
313 2147 338 2170 in
359 2148 442 2170 Editt.
459 2148 549 2175 1515..
571 2148 645 2171 1560.
663 2148 753 2170 autem
773 2146 876 2176 primae
895 2145 1065 2169 annotationi

148 2184 212 2206 sunt
230 2182 356 2206 adiuncta
375 2182 457 2212 (conf.
478 2183 543 2205 nota
556 2183 607 2209 5.).
627 2195 659 2198 —
685 2182 742 2204 Hoc
761 2182 951 2210 argumentum
969 2180 1068 2204 habent

149 2217 231 2240 Editt.
251 2215 459 2245 1537-1554.‚
480 2216 574 2246 1557.‚
595 2216 688 2243 1560..
708 2215 785 2240 1601.

115 2266 142 2295 4')
163 2267 261 2297 abfui]
282 2266 323 2289 sic
341 2265 405 2289 illae
423 2265 509 2291 Editt.
528 2272 640 2296 onmes3
673 2265 724 2289 Ed.
744 2265 830 2289 orell.
851 2264 925 2295 afui.

112 2318 141 2349 5)
162 2317 290 2341 Narratio
317 2317 437 2340 continet
464 2318 529 2346 ete.]
555 2317 595 2341 sic
612 2317 698 2341 Editt.
722 2316 946 2343 1537-1544.,
977 2315 1063 2344 ¹554„

149 2352 239 2379 1557.;
264 2351 347 2375 Editt.
364 2351 448 2380 1545„
468 2352 541 2376 1560.
562 2352 677 2375 Generis
691 2350 819 2374 suasorii.
856 2349 984 2373 Narratio
997 2355 1063 2373 con-

147 2387 216 2410 tinet
236 2387 287 2411 etc.
307 2385 392 2414 (conf.
413 2386 479 2409 nota
493 2386 540 2413 3.).

111 2438 142 2464 6)
162 2437 290 2476 quando]
311 2435 351 2459 sic
369 2435 433 2459 illae
450 2436 533 2460 Editt.
552 2442 646 2462 omnes
667 2438 693 2461 et
715 2437 769 2467 ai.;

146 2478 232 2496 utam.

111 2523 141 2552 7)
161 2523 212 2547 Pro
230 2522 273 2546 liis
293 2520 348 2546 Cic.
367 2521 459 2545 verbis
477 2521 505 2545 in
520 2522 604 2547 Editt.
625 2524 716 2552 1545..
736 2523 810 2547 1560.
835 2522 897 2547 huie
914 2523 995 2547 notae
1013 2522 1064 2546 ad-

146 2557 248 2587 scripta
266 2557 332 2580 sunt
347 2556 555 2588 praecedentia:
580 2557 659 2583 Illud
676 2559 778 2583 autem.

806 2436 855 2460 Ed.
876 2436 962 2461 Oreli.
992 2442 1064 2467 quo-

113 2610 142 2634 8)
162 2609 189 2632 ln
213 2609 307 2631 iisdem
331 2607 347 2631 2
366 2608 450 2631 Editt.
476 2607 536 2631 huie
560 2610 641 2632 notae
667 2610 788 2639 praefixa
813 2612 876 2634 sunt
903 2610 986 2634 verba
1006 2609 1063 2634 Cic.

147 2642 352 2666 antecedentia:
380 2642 435 2666 Sed
453 2643 481 2666 et
499 2643 535 2666 te.

115 2695 143 2720 9)
165 2694 236 2717 Haec
252 2695 315 2717 nota
334 2692 361 2716 in
379 2692 478 2717 iisdem
496 2693 512 2718 2
530 2694 614 2718 Editt.
635 2694 720 2719 deest.

1342 333 1478 369 Aliud
1506 347 1661 381 argum
1675 337 1896 384 entum¹⁰).

1230 402 1376 436 Constat
1391 401 1446 436 bic
1462 404 1552 438 liber
1566 417 1695 449 magna
1715 418 1757 439 ex
1773 413 1874 450 parte
1890 407 1958 442 illis
1985 411 2114 454 episto-

1127 452 1187 492 lis,
1215 465 1305 498 qnae
1323 454 1475 498 scriptae
1497 462 1579 489 sunt
1596 458 1640 489 ad
1656 456 1828 491 Plancum
1851 458 2116 503 imperatorem,

1128 503 1183 537 cui
1201 510 1295 537 sorte
1312 505 1505 539 obvenerat
1523 507 1632 540 altera
1649 519 1731 552 pars
1748 508 1944 543 Galliarum
1957 538 1965 551 ,
1990 525 2115 547 consu-

1125 554 1217 588 libus
1235 554 1353 588 Hirtio
1371 562 1404 588 et
1422 556 1551 597 Pansa,
1576 564 1656 601 post
1674 559 1897 594 intersectum
1915 561 2115 599 Caesarem.

1127 605 1240 639 Causa
1265 618 1326 639 seu
1355 607 1491 640 occasio
1517 608 1786 642 scribendarum
1804 608 1930 645 harum
1950 614 2116 658 epistola-

1124 667 1205 689 rum
1227 657 1293 689 fuit
1318 657 1367 690 M.
1390 657 1584 698 Antonius,
1621 660 1681 704 qui
1703 660 1834 694 bellum
1858 662 1928 696 iam
1953 674 2116 700 moverat

1125 713 1247 739 contra
1266 706 1418 740 Brutum
1431 735 1439 747 ‚
1467 706 1601 742 liabens
1618 710 1654 742 in
1671 710 1790 744 animo
1807 712 1842 744 in
1870 714 1969 747 brevi
1995 718 2115 761 oppri-

1124 769 1220 790 mere
1242 759 1496 802 rempublicam
1523 759 1642 794 armis.
1701 760 1926 797 Dimicarunt
1951 767 2045 800 enim
2071 770 2113 801 de

1124 808 1274 852 imperio
1294 808 1491 849 Antonius,
1519 809 1693 854 Lepidus,
1720 812 1897 856 Augustus
1919 822 1952 848 et
1970 817 2112 853 Brutus.

1124 859 1249 892 Monet
1266 866 1383 893 autem
1403 860 1526 893 Cicero
1549 861 1586 893 in
1613 859 1667 896 his
1692 863 1831 907 scriptis
1848 866 2113 909 diligentissime

1123 910 1376 954 imperatorem
1396 911 1588 952 Plancum,
1616 925 1659 945 ne
1676 914 1747 946 ulla
1765 915 1904 949 ratione
1928 929 2114 960 persuasus

1123 973 1158 994 se
1176 961 1424 1008 coniungatll)
1441 975 1521 996 cum
1534 962 1692 996 Antonio
1704 991 1712 1004 ,
1740 966 1799 997 sed
1811 992 1819 1005 ,
1848 969 1944 1012 quod
1963 976 2013 1002 est
2027 971 2112 1004 boni

1123 1011 1369 1056 imperatoris,
1397 1014 1564 1057 suscipiat
1582 1026 1702 1047 curam
1719 1027 1758 1048 ac
1777 1017 2019 1052 defensionem
2045 1023 2113 1055 rci-

1122 1063 1282 1107 publicae
1301 1070 1423 1096 contra
1446 1077 1538 1098 eum.
1592 1065 1778 1099 Caeterum
1808 1080 1916 1111 genus
1939 1073 2113 1106 sermonis

1123 1115 1317 1147 admodum
1337 1115 1476 1158 elegans
1493 1121 1562 1155 est,
1591 1123 1624 1149 et
1641 1118 1788 1151 subinde
1805 1131 1973 1163 magnam
1996 1125 2111 1165 gravi-

1122 1170 1231 1197 tatem
1250 1166 1442 1198 admixtam
1468 1165 1592 1206 habet,
1626 1168 1786 1213 adeoque
1814 1170 1850 1202 in
1876 1169 1930 1205 his
1955 1173 2112 1216 epistolis

1122 1214 1212 1248 nihil
1229 1222 1280 1249 est
1292 1216 1462 1260 scriptum
1480 1218 1716 1260 negligenter,
1743 1221 1802 1252 sed
1819 1223 1938 1255 omnia
1958 1231 2039 1256 sunt
2058 1238 2113 1258 ac-

1123 1272 1241 1299 curate
1272 1267 1456 1310 explicata.
1523 1268 1673 1301 Orditur
1698 1269 1851 1313 primam
1877 1273 2062 1317 epistolam
2093 1290 2109 1307 a

1121 1317 1328 1349 narratione
1353 1330 1416 1361 per
1440 1319 1620 1363 quandam
1649 1321 1830 1364 querelam
1853 1323 1895 1356 de
1923 1324 2109 1359 insolentia

1122 1374 1155 1400 et
1180 1368 1369 1412 tyrannide
1387 1369 1535 1401 Antonii
1558 1370 1662 1413 plane
1685 1370 1863 1413 inaudita,
1893 1387 1961 1420 qua
1983 1377 2113 1420 cogitat

1121 1424 1252 1451 statum
1269 1419 1485 1463 reipublicae
1497 1421 1711 1464 opprimere,
1722 1423 1841 1457 addita
1857 1425 2112 1469 significatiom·

1122 1469 1287 1502 desiderii
1307 1470 1359 1503 sui
1382 1471 1494 1503 futuri
1519 1472 1721 1505 consulatus
1743 1473 1876 1509 Planci.
1945 1477 2113 1523 Sequitur

1122 1520 1248 1553 deinde
1273 1518 1478 1554 adhortatio
1490 1548 1498 1561 ,
1528 1534 1618 1566 quae
1636 1529 1686 1555 est
1703 1526 1902 1568 propositio
1919 1525 2023 1562 huius
2041 1530 2112 1574 epi-

1121 1571 1250 1610 stolae,
1286 1578 1325 1604 ut
1348 1584 1383 1605 se
1410 1573 1581 1615 adiungat
1605 1574 1743 1607 senatui
1770 1577 1814 1608 ad
1834 1579 2112 1621 opprimendum

1120 1622 1294 1655 furiosum
1328 1623 1452 1657 civem.
1524 1623 1712 1657 Conclusio
1749 1623 1855 1660 habet
1887 1629 2114 1672 pollicitatio-

1120 1685 1202 1706 nem
1222 1673 1340 1714 osficii‚
1365 1675 1486 1707 addita
1504 1674 1649 1720 obliqua
1667 1680 1979 1714 commendatione
1988 1681 2112 1715 Furnii

1119 1723 1238 1768 legati.

1369 1809 1502 1844 Aliud
1534 1819 1859 1855 argumentum.

1223 1878 1314 1913 Cum
1347 1880 1461 1913 occiso
1486 1880 1576 1914 Iulio
1603 1882 1753 1916 Caesare
1780 1883 1871 1916 varii
1900 1892 2016 1919 motus
2043 1888 2112 1919 ori-

1119 1935 1244 1963 rentur
1258 1930 1296 1962 in
1313 1931 1492 1974 republica
1511 1932 1580 1971 ita,
1608 1938 1647 1965 nt
1672 1945 1712 1966 ex
1738 1933 1956 1968 dissensione
1981 1937 2110 1970 civium

1120 1987 1153 2013 et
1169 1981 1371 2024 principum
1390 1982 1606 2025 reipublicae
1622 1983 1745 2026 ingens
1767 1984 1897 2018 bellum
1916 1988 2111 2027 exarderet,

1120 2031 1346 2075 potissimum
1370 2033 1486 2076 coepit
1501 2033 1545 2078 12)
1570 2032 1747 2068 Antonius
1774 2041 1884 2068 totam
1916 2038 2111 2080 rempubli-

1120 2094 1196 2116 cam
1226 2094 1452 2126 oppugnare,
1487 2089 1520 2116 et
1543 2085 1787 2118 tntersectores
1809 2085 1967 2120 Caesaris
1994 2100 2110 2131 perse-

1120 2133 1192 2179 qui.
1244 2133 1330 2166 Eius
1349 2133 1456 2177 igitur
1474 2135 1665 2168 violentiae
1685 2137 1868 2170 resistebat
1894 2144 1986 2171 totus
2011 2151 2109 2172 sena-

1121 2191 1197 2225 tus,
1241 2185 1302 2229 qui
1327 2185 1524 2220 distributis
1549 2187 1743 2230 provinciis
1768 2194 1987 2231 praestantes
2014 2190 2110 2223 viros

1120 2235 1170 2271 illi
1203 2236 1389 2279 opposuit,
1430 2236 1523 2270 inter
1556 2250 1644 2283 quos
1669 2251 1747 2271 cum
1775 2245 1808 2271 et
1832 2239 1984 2273 Plancus
2008 2248 2107 2280 essct,

1152 2369 1198 2397 10]
1218 2369 1276 2392 Hoc
1294 2368 1482 2398 argumentum
1509 2368 1535 2390 et
1561 2366 1615 2390 tria
1640 2367 1781 2396 sequentia
1808 2367 1984 2391 inveniuntur
2002 2369 2037 2395 >in
2056 2371 2104 2394 Ed.

1186 2403 1262 2428 1556.
1283 2405 1308 2425 et
1328 2403 1354 2425 in
1374 2403 1456 2425 Tomo
1470 2402 1513 2426 111.
1534 2402 1650 2431 quinque
1664 2401 1818 2425 EdItionum
1841 2402 1915 2425 1565.
1935 2403 1998 2430 [hoc
2016 2409 2104 2428 anno-

1185 2444 1245 2461 rum
1266 2443 1394 2460 numero.
1421 2436 1464 2466 qni
1484 2436 1511 2459 in
1536 2437 1589 2458 fine
1615 2435 1695 2458 huius
1715 2436 1792 2459 Tomi
1817 2436 1937 2466 iegitur.
1964 2443 2023 2460 euni
2042 2439 2065 2461 h.
2087 2439 2102 2461 1.

1187 2471 1428 2500 significabimus),
1450 2469 1638 2493 1569—1571.
1659 2470 1722 2497 (hoc
1741 2475 1874 2493 annorum
1891 2476 2002 2494 numero
2020 2472 2104 2495 1571..

1186 2505 1230 2536 qui
1255 2506 1282 2528 in
1311 2506 1363 2528 fine
1389 2504 1466 2527 huius
1491 2503 1566 2527 Tomi
1593 2503 1693 2532 legitur
1719 2504 1771 2527 vid.
1791 2504 1991 2535 Proiegoniena
2009 2512 2034 2535 p.
2053 2507 2104 2531 11..

1186 2540 1227 2563 liic
1246 2541 1344 2563 Tomus
1363 2539 1389 2561 in
1407 2538 1580 2567 sequentihus
1599 2538 1783 2565 signabitur),
1805 2538 1895 2562 1577..
1918 2539 2007 2562 1592'..
2030 2540 2102 2563 1598.

1185 2574 1236 2597 uic
1248 2575 1346 2597 Tomus
1359 2573 1402 2596 111.
1424 2572 1606 2595 Melantiionis
1624 2575 1786 2602 argumenta
1804 2573 1935 2595 iibrurtnn
1954 2573 2102 2597 x—XYI.

1185 2609 1279 2631 harum
1299 2607 1475 2637 epistolarum
1497 2606 1625 2630 continet.

1153 2650 1198 2678 11]
1218 2650 1381 2680 coniungat]
1402 2649 1449 2672 Ed.
1472 2649 1547 2673 1571.
1569 2654 1664 2673 errore
1684 2650 1812 2679 i>·110gr.:
1835 2649 1988 2679 coziiunget.

1154 2693 1200 2721 12)
1220 2693 1324 2723 coepit]
1345 2692 1391 2716 Ed.
1415 2692 1488 2715 1555.
1510 2691 1588 2721 cepit.

1444 2727 1489 2761 21
