2294 2975
93 126 164 162 129
260 123 382 160 XXIII.

94 224 206 258 quare
229 212 342 245 soleat
365 223 467 244 suum
494 209 654 244 animum
689 209 886 250 consolari,
927 210 1089 243 videlicet

95 263 310 297 conscientia
338 262 445 301 recti,
481 273 571 306 quae
594 261 632 294 in
658 261 757 294 omni
782 261 925 305 negotio
950 274 1087 295 summa

95 321 147 349 est
164 314 373 348 consolatio.
427 313 556 346 Postea
572 310 639 346 hoc
657 313 856 357 exemplum
875 313 1088 346 consolatio-

93 366 148 400 nis
165 366 319 410 applicat
335 365 379 397 ad
390 363 605 408 Sulpicium,
634 364 695 410 qui
711 364 815 408 plane
835 365 958 397 eodem
978 366 1086 397 modo

93 430 129 452 se
163 417 275 462 possit
307 415 504 455 consolari,
539 415 692 448 maxime
717 428 795 448 cum
831 416 866 448 in
902 416 1087 449 consulatu

91 480 195 513 saepe
215 468 325 501 multa
342 467 522 500 monuerit
545 478 584 499 ac
608 467 843 511 praedixerit,
873 480 964 512 quae
989 479 1085 500 secu-

91 527 170 553 tura
199 525 313 553 essent
336 519 467 552 bellum
497 518 610 552 civile.
676 518 814 552 Horum
838 519 1086 551 recordatione

89 571 201 615 magis
219 571 393 604 oblectare
412 570 572 603 animum
592 569 714 609 debet,
743 583 850 615 quam
870 571 990 602 dolere
1009 570 1085 602 illo-

90 634 169 655 rum
206 621 411 661 interitum,
454 621 515 666 qui
549 621 743 654 noluerunt
767 621 920 655 consiliis
948 633 1084 665 parere.

88 673 189 707 Hanc
221 673 497 718 applicationem
531 672 723 716 amplificat
756 673 825 705 alio
860 678 1083 716 argumento,

88 725 185 770 quod
227 724 379 758 sumitur
422 736 439 756 a
478 723 634 768 propriis
670 724 889 757 ornamentis
925 723 1082 767 Sulpicii.

86 771 224 809 Deinde
250 776 461 820 respondet,
507 776 567 809 sed
593 775 767 815 breviter,
809 776 854 807 ad
881 774 1082 818 occupatio-

87 839 170 861 nem
195 828 237 860 de
264 827 338 860 eius
363 826 542 867 absentia,
579 826 798 870 significans,
833 827 929 871 quod
952 838 993 858 eo
1018 837 1082 858 no-

87 879 184 912 mine
208 879 330 912 beatus
354 878 417 917 sit,
456 884 513 917 ut,
549 878 610 922 qui
635 877 746 910 multa
776 876 921 921 indigua
948 877 984 909 in
1008 877 1081 910 dies

85 942 161 963 non
179 930 317 970 videat,
345 941 435 974 quae
452 938 617 972 praesens
635 940 708 960 non
735 928 810 961 sine
839 929 994 961 maximo
1019 929 1081 961 do—

85 982 162 1015 lore
182 981 327 1014 videret.
379 979 568 1013 Conclusio
587 979 781 1024 aliquando
801 979 943 1023 longior
961 986 1023 1019 est,
1045 979 1081 1011 in

85 1045 154 1078 qua
173 1038 302 1065 tractat
320 1037 571 1074 argumentum
587 1042 628 1062 ex
643 1031 721 1063 loco
737 1031 920 1063 communi
944 1032 986 1063 de
1009 1037 1080 1064 stu-

82 1084 150 1117 diis
173 1080 440 1127 philosophiae,
469 1082 566 1127 quod
593 1081 650 1114 illa
676 1081 838 1114 doctrina
862 1082 1012 1115 allatura
1037 1082 1081 1115 sit

82 1135 276 1168 maximam
296 1133 418 1166 animo
439 1133 665 1165 levationem.
719 1131 758 1165 In
783 1133 850 1165 fine
874 1133 990 1166 brevis
1018 1145 1081 1177 po-

82 1186 182 1219 nitur
198 1184 461 1219 commendatio
478 1184 679 1217 studiorum
698 1183 760 1215 filii
779 1183 893 1216 Servii
918 1190 951 1217 et
974 1184 1080 1227 signi-

83 1237 200 1271 ficatio
217 1237 270 1270 sui
294 1236 447 1275 amoris,
484 1247 554 1280 quo
581 1234 840 1268 adolescentem
867 1247 941 1268 non
967 1235 1080 1275 aliter,

83 1301 190 1334 quam
211 1287 397 1333 proprium
416 1286 527 1319 fllium
547 1285 815 1329 complectatur.

336 1379 471 1414 Aliud
499 1385 825 1424 argumentum.

185 1457 281 1490 Haec
298 1456 445 1501 epistola
463 1455 672 1490 suavissima
692 1462 726 1489 et
742 1455 1000 1499 elegantissima
1025 1461 1075 1489 est

83 1509 221 1553 generis
237 1508 407 1547 suasorii,
435 1507 686 1541 consolatoria.
741 1507 864 1540 Cicero
882 1507 976 1540 enim
995 1520 1077 1540 con-

80 1561 215 1594 solatur
236 1559 398 1593 Servium
424 1558 657 1604 publicmn2⁹)
684 1557 782 1592 urbis
816 1564 849 1591 et
878 1559 1074 1592 amicorum

81 1624 227 1645 suorum
243 1612 424 1644 fortunam
444 1610 586 1653 gravius
603 1610 787 1642 ferentem.
840 1609 999 1654 Apparet
1016 1623 1075 1643 au-

81 1669 153 1695 tem
166 1663 270 1705 longe
288 1668 368 1705 post
387 1661 587 1704 superiores
606 1661 683 1694 illas
700 1661 867 1704 scriptam
883 1674 968 1701 esse,
996 1674 1074 1694 cum

80 1714 151 1746 iam
183 1714 311 1747 Caesar
348 1725 467 1745 rerum
499 1711 633 1755 potitus
667 1711 704 1744 in
735 1712 914 1755 republica
948 1713 1076 1745 consti-

78 1766 208 1797 tuenda
231 1770 483 1807 occuparetur,
512 1769 545 1795 et
562 1762 704 1795 Servius
716 1761 870 1795 Achaiae
888 1771 1075 1807 praeesset.

77 1815 227 1849 Exordii
253 1815 328 1847 vice
354 1814 501 1858 ponitur
527 1813 743 1857 propositio:
778 1813 892 1847 Debes
913 1815 1074 1858 mitigare

79 1868 243 1901 dolorem
262 1873 374 1899 tuum.
429 1865 529 1898 Hanc
546 1865 702 1909 primum
723 1865 911 1897 confirmat
935 1867 1074 1898 ratione

80 1920 184 1953 ducta
210 1931 250 1951 ex
274 1918 351 1950 loco
376 1916 559 1949 communi
585 1928 604 1948 a
631 1915 845 1948 conscientia
870 1916 968 1949 recti.
1021 1916 1074 1949 Eo

81 1977 199 2003 autem
222 1969 366 2014 gravior
390 1974 441 2001 est
466 1965 552 2000 haec
577 1967 794 2005 consolatio,
835 1968 930 2012 quod
951 1967 1073 2001 Cicero

78 2022 115 2054 in
132 2034 167 2055 se
184 2034 261 2054 eam
280 2020 466 2059 transfert,
496 2025 529 2051 et
546 2031 647 2052 suum
667 2019 866 2062 exemplum
894 2019 1073 2063 proponit.

79 2072 321 2117 Aniplificavit
354 2077 471 2103 autem
496 2083 574 2103 eam
599 2069 939 2103 commemoratione
967 2068 1074 2103 hone-

80 2124 317 2158 stissimorum
335 2128 368 2155 et
385 2121 675 2165 gravissimorum
702 2121 930 2155 consiliorum
950 2121 1073 2156 Servii.

79 2175 218 2209 Deinde
235 2174 428 2218 respondet
446 2174 488 2205 ad
508 2173 756 2207 obiectionem.
809 2173 955 2205 Poterat
978 2173 1072 2206 enim

80 2227 234 2261 obiicere
259 2225 420 2258 Servius:
464 2225 575 2269 Atqui
607 2222 720 2257 nihilo
748 2223 865 2257 minus
891 2223 1075 2268 perierunt

81 2276 171 2312 mihi
191 2277 342 2320 dignitas
359 2282 392 2308 et
409 2275 475 2308 alia
490 2302 498 2315 ,
527 2288 617 2321 quae
641 2275 740 2308 tenni
763 2275 942 2319 republica
966 2276 1073 2309 salva.

80 2330 290 2374 Respondet
322 2333 441 2360 autem
473 2327 629 2371 primum
661 2326 905 2367 concessione,
948 2327 1073 2359 deinde

81 2386 217 2420 monet,
233 2386 272 2412 ut
289 2378 356 2411 illis
372 2378 536 2411 fortunae
551 2378 655 2412 bonis
670 2379 815 2422 propria
832 2378 966 2422 ingenii
979 2379 1074 2411 bona

79 2433 278 2477 praeferat,
307 2441 397 2475 quae
408 2429 537 2463 Caesar
554 2430 660 2463 etiam
681 2429 877 2463 admiretur
895 2436 928 2463 et
944 2430 1074 2463 laudet.

80 2484 221 2517 Deinde
249 2481 440 2525 respondet
462 2481 506 2513 ad
530 2481 635 2514 aliam
661 2481 951 2525 occupationem,
980 2482 1075 2527 quod

80 2535 227 2570 Servius
245 2533 388 2566 carebat
403 2531 531 2576 patria.
585 2532 708 2566 Cicero
729 2532 874 2565 invertit
892 2545 970 2565 eam
993 2545 1076 2578 que-

83 2587 214 2623 relam:
244 2584 336 2630 Quia
357 2582 472 2628 patria
490 2595 600 2623 cares,
624 2595 721 2618 cares
738 2583 843 2617 etiam
862 2584 982 2618 multis
1002 2597 1077 2617 mo-

118 2702 166 2729 29)
186 2701 336 2731 publicam]
372 2701 412 2725 sic
443 2702 520 2725 recte
551 2700 714 2731 Ed.1556.;
751 2702 800 2726 Ed.
823 2702 896 2726 ¹565.
925 2702 1079 2729 Publieum:

155 2736 239 2760 Editt.
264 2737 355 2761 1569..
379 2735 452 2760 1577.
473 2735 604 2758 Publium.

87 2779 275 2810 Mummi.
294 2779 399 2809 opt-n.
433 2778 518 2808 Vm..
536 2778 641 2807 XVII.

436 123 742 158 ARGUMENTA
770 123 833 157 ET
862 123 1064 158 SCHOLIA
1092 123 1139 159 IN
1167 124 1315 161 EPIST.
1343 126 1455 162 FAM.
1486 127 1568 164 CIC.
1597 129 1686 165 LIB.
1705 130 1763 165 tv.
1792 132 1863 167 ΕΡ.
1882 136 1916 169 2.
1934 134 1969 168 3.

2069 136 2141 171 130

1144 212 1274 252 lesdis,
1302 225 1389 258 quas
1408 226 1574 258 praesens
1592 213 1758 257 haberes,
1786 225 1819 251 et
1837 220 1927 252 ferre
1952 223 2139 265 cogereris.

1146 264 1281 296 Ultimo
1300 265 1471 309 proponit
1487 267 1519 299 ei
1534 267 1731 307 rationem,
1767 282 1835 314 qua
1859 272 1995 304 mederi
2022 275 2138 307 dolori
2171 278 2176 282 ”

1143 327 1206 348 suo
1233 316 1363 359 possit,
1402 329 1529 362 nempe
1555 318 1584 351 si
1610 317 1859 363 philosophiae
1883 323 1997 356 studia
2022 337 2138 368 perse-

1143 373 1283 410 quatur.
1350 366 1519 412 Epilogus
1547 376 1665 403 autem
1690 371 1849 404 continet
1874 375 2136 410 excusationem

1141 429 1204 460 per
1229 419 1504 458 correctionem,
1541 433 1651 466 quare
1676 423 1897 457 mentionem
1921 425 2043 459 fecerit
2066 434 2138 461 stu-

1140 468 1282 501 diorum
1298 467 1564 514 philosophiae,
1594 473 1757 507 videlicet
1781 487 1855 507 non
1882 487 1985 509 causa
2006 476 2137 511 adhor-

1140 519 1301 560 tationis,
1328 533 1396 565 qua
1422 520 1512 554 nihil
1538 535 1626 567 opus
1654 532 1749 564 erat,
1784 527 1843 558 sed
1867 533 2005 560 tantum
2032 541 2136 563 causa

1139 571 1368 604 admonendi.
1423 571 1463 604 In
1484 575 1552 606 fine
1570 576 1668 608 addit
1691 578 2039 612 commendationem
2065 587 2135 614 stu-

1138 622 1280 654 diorum
1299 622 1450 657 iunioris
1469 624 1596 659 Servii.

1390 714 1526 749 Aliud
1555 726 1880 760 argumentum.

1237 789 1362 822 Primo
1381 790 1459 823 loco
1478 797 1527 824 est
1544 792 1742 836 propositio
1762 794 1971 840 interposito
1991 800 2130 836 affectu.

1136 839 1274 873 Deinde
1292 847 1343 874 est
1360 843 1556 875 consolatio
1580 850 1721 887 sumpta
1745 857 1764 878 a
1788 858 1850 879 suo
1878 851 2058 894 exemplo,
2098 859 2131 885 et

1136 904 1153 924 a
1173 892 1387 926 conscientia
1404 894 1509 933 recti,
1542 907 1632 939 quae
1649 895 1685 927 in
1703 897 1867 931 omnibus
1885 901 1988 934 rebus
2006 904 2131 935 adver-

1135 943 1180 977 sis
1203 944 1397 977 maximam
1419 945 1546 978 asferre
1572 952 1688 990 potest
1713 949 2008 986 consolationem.
2074 953 2130 986 In-

1135 995 1304 1039 terposita
1325 1002 1375 1028 est
1395 996 1580 1040 occupatio
1600 1010 1662 1042 per
1681 1001 1957 1037 concessionem.
2000 1003 2129 1038 Postea

1134 1046 1295 1091 sequitur
1312 1048 1507 1080 confutatio
1532 1048 1642 1088 illius,
1680 1052 1775 1095 qnod
1799 1051 1941 1087 Servius
1968 1067 2003 1087 se
2028 1056 2131 1089 mise-

1134 1110 1213 1130 rum
1231 1098 1423 1138 existimet,
1452 1099 1535 1145 quia
1556 1100 1647 1133 absit
1671 1112 1689 1132 a
1716 1102 1798 1135 suis.
1858 1104 1944 1138 Post
1971 1108 2130 1140 consuta-

1135 1148 1268 1181 tionem
1283 1150 1456 1194 repetitur
1474 1162 1536 1194 per
1554 1151 1802 1185 transitionem
1822 1154 1980 1189 instituta
2005 1170 2129 1192 conso-

1134 1200 1218 1232 latio
1252 1212 1293 1233 ex
1323 1201 1401 1233 loco
1435 1202 1616 1234 communi
1649 1204 1691 1235 de
1722 1204 1846 1238 studiis
1870 1204 2128 1252 philosophiae.

1133 1248 1366 1295 Philosophia
1385 1253 1554 1285 admonet
1579 1265 1643 1286 nos
1671 1254 1928 1290 inconstantiae
1954 1256 2128 1293 humana—

1132 1314 1212 1334 rum
1231 1314 1350 1335 rerum
1364 1329 1371 1342 ,
1401 1309 1434 1335 ct
1451 1303 1558 1336 simul
1576 1305 1698 1343 docet,
1733 1318 1824 1350 quae
1850 1309 2037 1350 eveniunt,
2065 1324 2127 1355 pa—

1133 1353 1261 1385 tienter
1277 1366 1348 1387 esse
1365 1355 1523 1388 serenda.
1579 1355 1699 1400 Quare
1719 1356 1859 1391 illarum
1886 1372 2005 1393 rerum
2032 1363 2127 1405 cogi-

1134 1404 1219 1436 tatio
1260 1411 1351 1437 certe
1382 1405 1509 1438 ass'erre
1539 1406 1641 1440 debet
1673 1408 1784 1440 animi
1817 1412 2126 1457 tranquillitatem.

1131 1455 1318 1489 Postremo
1345 1462 1395 1489 est
1418 1457 1535 1490 brevis
1559 1458 1717 1502 epilogus
1740 1459 1915 1494 rationem
1942 1464 2127 1499 continens

1132 1506 1313 1540 institutae
1329 1508 1594 1543 consolationis.
1653 1509 1692 1541 ln
1710 1511 1778 1543 fine
1795 1518 1845 1545 est
1862 1516 2124 1549 commendatio

1130 1558 1329 1592 studiorum
1348 1559 1411 1591 filii
1428 1559 1554 1593 Servii.

1333 1653 1467 1687 Aliud
1503 1657 1917 1705 argumentumffl‘a).

1232 1721 1390 1766 Epistola
1424 1729 1474 1755 est
1506 1723 1644 1766 generis
1666 1725 1837 1765 suasorii,
1873 1728 2123 1766 consolatoria.

1130 1773 1344 1806 Consolatur
1378 1773 1472 1806 enim
1499 1774 1621 1807 Cicero
1652 1774 1814 1810 Servium
1847 1778 2051 1814 existentem
2086 1782 2123 1815 in

1129 1824 1333 1868 provincia,
1360 1831 1399 1858 ut
1416 1825 1599 1857 moderate
1619 1831 1650 1858 ot
1668 1839 1782 1872 aequo
1805 1829 1926 1863 animo
1951 1831 2041 1864 ferat
2067 1845 2122 1866 ca-

1128 1875 1304 1908 lamitates
1337 1876 1552 1920 reipublicae
1579 1883 1611 1909 et
1635 1877 1815 1920 privatum
1840 1880 2122 1924 incommodum,

1129 1927 1224 1970 quod
1241 1926 1331 1959 absit
1347 1939 1366 1959 a
1385 1927 1467 1961 suis.
1518 1927 1667 1960 Exordii
1691 1929 1764 1962 vice
1787 1932 1935 1974 ponitur
1960 1938 2122 1978 proposi-

1128 1978 1196 2010 tio:
1232 1976 1348 2011 Audio
1367 1984 1398 2010 te
1418 1976 1647 2011 vehementer
1662 1980 1792 2014 dolere.
1847 1983 2015 2028 Sequitur
2038 1998 2121 2018 con-

1127 2028 1274 2068 solatio,
1302 2041 1391 2073 quae
1410 2029 1566 2062 continet
1591 2030 1655 2061 tria
1684 2039 1904 2074 argumenta.
1956 2034 2119 2070 Primum

1128 2086 1377 2123 argumentum
1402 2080 1555 2113 sumitur
1578 2092 1618 2113 ex
1642 2080 1718 2113 loeo
1746 2080 1939 2117 honestatis
1966 2086 2007 2119 de
2037 2100 2119 2120 con-

1128 2130 1274 2163 scientia
1298 2130 1403 2171 recti,
1439 2143 1530 2177 quae
1555 2137 1606 2164 est
1628 2144 1766 2166 summa
1791 2136 1998 2170 consolatio,
2059 2138 2119 2172 Se-

1128 2183 1283 2215 cundum
1318 2188 1567 2225 argumentum
1603 2184 1755 2217 sumitur
1784 2197 1801 2221 a
1834 2187 1989 2230 propriis
2014 2200 2120 2222 orna-

1128 2233 1267 2267 mentis.
1331 2233 1421 2266 Huic
1447 2236 1600 2267 secundo
1625 2243 1835 2277 argumento
1863 2238 2005 2272 additur
2029 2240 2119 2274 dilu-

1129 2285 1177 2317 tio
1208 2286 1250 2317 de
1284 2285 1442 2319 absentia
1474 2298 1492 2318 a
1526 2287 1607 2319 suis.
1671 2285 1841 2321 Ultimum
1867 2298 2117 2332 argumentum

1127 2342 1308 2380 sumptum
1329 2343 1378 2370 est
1396 2349 1436 2369 ex
1452 2337 1530 2370 loco
1547 2338 1727 2370 communi
1747 2340 1788 2371 de
1813 2339 1937 2373 studiis
1960 2339 2118 2385 philoso-

1127 2386 1244 2431 phiae.
1289 2387 1481 2438 ⁴Epilogus
1508 2389 1551 2420 ad
1575 2388 1739 2422 ultimum
1764 2397 2014 2433 argumentum
2035 2406 2118 2438 pro-

1129 2439 1204 2483 prie
1235 2439 1392 2483 pertinet
1423 2440 1465 2472 de
1498 2437 1737 2484 philosophia.
1807 2440 1974 2476 Continet
1998 2451 2117 2479 autem

1130 2490 1390 2524 excusationem
1416 2503 1480 2535 per
1507 2491 1780 2532 correctionem,
1826 2505 1935 2538 quare
1967 2496 2118 2529 menti0-

1130 2555 1211 2575 nem
1246 2542 1367 2575 fecerit
1401 2542 1599 2575 studiorum
1637 2541 1909 2588 philosophiae,
1957 2546 2118 2581 videlicet

1130 2606 1203 2626 non
1237 2605 1340 2627 causa
1370 2591 1650 2634 adhortationis,
1692 2606 1760 2640 qua
1788 2593 1877 2629 nihil
1911 2608 1999 2640 opus
2031 2606 2116 2639 erat,

1164 2735 1233 2760 29³]
1256 2735 1311 2758 Hoc
1329 2734 1518 2764 argumentum
1538 2732 1565 2755 in
1585 2732 1665 2757 Editt.
1690 2733 1877 2759 ibes-4596.
1897 2731 2044 2758 invenitur.

1534 2767 1556 2801 9
