<?xml version="1.0" encoding="UTF-8"?>
<!DOCTYPE html PUBLIC "-//W3C//DTD XHTML 1.0 Transitional//EN"
    "http://www.w3.org/TR/xhtml1/DTD/xhtml1-transitional.dtd">
<html xmlns="http://www.w3.org/1999/xhtml" xml:lang="en" lang="en">
 <head>
  <title>
</title>
<meta http-equiv="Content-Type" content="text/html;charset=utf-8" />
  <meta name='ocr-system' content='tesseract 3.04.00' />
  <meta name='ocr-capabilities' content='ocr_page ocr_carea ocr_par ocr_line ocrx_word'/>
</head>
<body>
  <div class='ocr_page' id='page_1' title='image "./operaquaesupersu17melauoft/operaquaesupersu17melauoft_0518.png"; bbox 0 0 2351 2990; ppageno 0'>
   <div class='ocr_carea' id='block_1_1' title="bbox 140 118 239 152">
    <p class='ocr_par' dir='ltr' id='par_1_1' title="bbox 140 118 239 152">
     <span class='ocr_line' id='line_1_1' title="bbox 140 118 239 152; baseline -0.01 0"><span class='ocrx_word' id='word_1_1' title='bbox 140 118 239 152; x_wconf 88' lang='lat'>1011</span> 
     </span>
    </p>
   </div>
   <div class='ocr_carea' id='block_1_2' title="bbox 142 192 1145 2616">
    <p class='ocr_par' dir='ltr' id='par_1_2' title="bbox 142 192 1145 2616">
     <span class='ocr_line' id='line_1_2' title="bbox 146 192 1136 242; baseline -0.01 -6"><span class='ocrx_word' id='word_1_2' title='bbox 146 215 239 242; x_wconf 88' lang='lat' dir='ltr'>sem,</span> <span class='ocrx_word' id='word_1_3' title='bbox 267 200 408 234; x_wconf 79' lang='lat' dir='ltr'><strong>decrevi</strong></span> <span class='ocrx_word' id='word_1_4' title='bbox 433 198 523 233; x_wconf 87' lang='lat' dir='ltr'>nihil</span> <span class='ocrx_word' id='word_1_5' title='bbox 545 205 704 238; x_wconf 85' lang='lat' dir='ltr'>mutare,</span> <span class='ocrx_word' id='word_1_6' title='bbox 731 198 791 231; x_wconf 86' lang='lat' dir='ltr'>sed</span> <span class='ocrx_word' id='word_1_7' title='bbox 816 202 928 229; x_wconf 90' lang='lat' dir='ltr'>totam</span> <span class='ocrx_word' id='word_1_8' title='bbox 948 192 1136 228; x_wconf 82' lang='lat' dir='ltr'>historiam</span> 
     </span>
     <span class='ocr_line' id='line_1_3' title="bbox 146 243 1138 287; baseline -0.01 -1"><span class='ocrx_word' id='word_1_9' title='bbox 146 255 248 287; x_wconf 73' lang='lat' dir='ltr'>vobis</span> <span class='ocrx_word' id='word_1_10' title='bbox 273 254 315 285; x_wconf 90' lang='lat' dir='ltr'>ad</span> <span class='ocrx_word' id='word_1_11' title='bbox 334 253 482 285; x_wconf 73' lang='lat' dir='ltr'>verbum</span> <span class='ocrx_word' id='word_1_12' title='bbox 503 251 664 284; x_wconf 84' lang='lat' dir='ltr'>recitare.</span> <span class='ocrx_word' id='word_1_13' title='bbox 717 248 799 282; x_wconf 87' lang='lat' dir='ltr'>Non</span> <span class='ocrx_word' id='word_1_14' title='bbox 816 247 909 280; x_wconf 91' lang='lat' dir='ltr'>enim</span> <span class='ocrx_word' id='word_1_15' title='bbox 928 246 1050 279; x_wconf 87' lang='lat' dir='ltr'>minor</span> <span class='ocrx_word' id='word_1_16' title='bbox 1074 243 1138 278; x_wconf 91' lang='lat' dir='ltr'>ho-</span> 
     </span>
     <span class='ocr_line' id='line_1_4' title="bbox 144 295 1139 345; baseline -0.01 -7"><span class='ocrx_word' id='word_1_17' title='bbox 144 317 210 338; x_wconf 85' lang='lat' dir='ltr'>nos</span> <span class='ocrx_word' id='word_1_18' title='bbox 235 302 388 337; x_wconf 86' lang='lat' dir='ltr'>habetur</span> <span class='ocrx_word' id='word_1_19' title='bbox 411 301 642 345; x_wconf 74' lang='lat' dir='ltr'><strong>Aesculapio,</strong></span> <span class='ocrx_word' id='word_1_20' title='bbox 682 311 761 333; x_wconf 89' lang='lat' dir='ltr'>cum</span> <span class='ocrx_word' id='word_1_21' title='bbox 785 297 983 332; x_wconf 90' lang='lat' dir='ltr'>Alisodemi</span> <span class='ocrx_word' id='word_1_22' title='bbox 1016 303 1050 330; x_wconf 91' lang='lat' dir='ltr'>et</span> <span class='ocrx_word' id='word_1_23' title='bbox 1076 295 1139 329; x_wconf 93' lang='lat' dir='ltr'>So-</span> 
     </span>
     <span class='ocr_line' id='line_1_5' title="bbox 145 349 1138 400; baseline -0.01 -11"><span class='ocrx_word' id='word_1_24' title='bbox 145 354 283 400; x_wconf 88' lang='lat' dir='ltr'>phoclis</span> <span class='ocrx_word' id='word_1_25' title='bbox 311 367 433 389; x_wconf 67' lang='lat' dir='ltr'>versus</span> <span class='ocrx_word' id='word_1_26' title='bbox 461 354 491 387; x_wconf 90' lang='lat' dir='ltr'>ei</span> <span class='ocrx_word' id='word_1_27' title='bbox 521 355 775 390; x_wconf 73' lang='lat' dir='ltr'>decantantur,</span> <span class='ocrx_word' id='word_1_28' title='bbox 818 350 847 383; x_wconf 90' lang='lat' dir='ltr'>si</span> <span class='ocrx_word' id='word_1_29' title='bbox 882 349 972 383; x_wconf 88' lang='lat' dir='ltr'>desit</span> <span class='ocrx_word' id='word_1_30' title='bbox 1003 359 1138 381; x_wconf 86' lang='lat' dir='ltr'>novum</span> 
     </span>
     <span class='ocr_line' id='line_1_6' title="bbox 146 398 1140 452; baseline -0.01 -11"><span class='ocrx_word' id='word_1_31' title='bbox 146 419 274 452; x_wconf 88' lang='lat' dir='ltr'>poema</span> <span class='ocrx_word' id='word_1_32' title='bbox 301 404 590 441; x_wconf 77' lang='lat' dir='ltr'>sacrificantibus.</span> <span class='ocrx_word' id='word_1_33' title='bbox 644 401 690 435; x_wconf 88' lang='lat' dir='ltr'>Et</span> <span class='ocrx_word' id='word_1_34' title='bbox 707 398 850 435; x_wconf 87' lang='lat' dir='ltr'>Baccho</span> <span class='ocrx_word' id='word_1_35' title='bbox 877 401 947 433; x_wconf 90' lang='lat' dir='ltr'>iam</span> <span class='ocrx_word' id='word_1_36' title='bbox 975 399 1060 433; x_wconf 89' lang='lat' dir='ltr'>olim</span> <span class='ocrx_word' id='word_1_37' title='bbox 1081 399 1140 432; x_wconf 91' lang='lat' dir='ltr'>de-</span> 
     </span>
     <span class='ocr_line' id='line_1_7' title="bbox 147 452 1140 500; baseline -0.01 -8"><span class='ocrx_word' id='word_1_38' title='bbox 147 459 205 493; x_wconf 89' lang='lat' dir='ltr'>siit</span> <span class='ocrx_word' id='word_1_39' title='bbox 222 470 298 491; x_wconf 90' lang='lat' dir='ltr'>mos</span> <span class='ocrx_word' id='word_1_40' title='bbox 317 470 408 490; x_wconf 80' lang='lat' dir='ltr'>nova</span> <span class='ocrx_word' id='word_1_41' title='bbox 425 453 782 500; x_wconf 64' lang='lat' dir='ltr'>poemata2saciendi;</span> <span class='ocrx_word' id='word_1_42' title='bbox 811 453 872 486; x_wconf 91' lang='lat' dir='ltr'>sed</span> <span class='ocrx_word' id='word_1_43' title='bbox 898 452 976 486; x_wconf 90' lang='lat' dir='ltr'>aliis</span> <span class='ocrx_word' id='word_1_44' title='bbox 995 462 1140 494; x_wconf 90' lang='lat' dir='ltr'>compo-</span> 
     </span>
     <span class='ocr_line' id='line_1_8' title="bbox 147 501 1139 550; baseline -0.008 -8"><span class='ocrx_word' id='word_1_45' title='bbox 147 510 212 544; x_wconf 87' lang='lat' dir='ltr'>sita</span> <span class='ocrx_word' id='word_1_46' title='bbox 231 521 303 542; x_wconf 90' lang='lat' dir='ltr'>non</span> <span class='ocrx_word' id='word_1_47' title='bbox 322 509 499 541; x_wconf 80' lang='lat' dir='ltr'>minorem</span> <span class='ocrx_word' id='word_1_48' title='bbox 525 505 674 550; x_wconf 88' lang='lat' dir='ltr'>gratiam</span> <span class='ocrx_word' id='word_1_49' title='bbox 702 511 886 537; x_wconf 88' lang='lat' dir='ltr'>merentur</span> <span class='ocrx_word' id='word_1_50' title='bbox 913 501 987 543; x_wconf 89' lang='lat' dir='ltr'>his,</span> <span class='ocrx_word' id='word_1_51' title='bbox 1014 502 1076 548; x_wconf 91' lang='lat' dir='ltr'>qui</span> <span class='ocrx_word' id='word_1_52' title='bbox 1100 514 1139 534; x_wconf 89' lang='lat' dir='ltr'>ea</span> 
     </span>
     <span class='ocr_line' id='line_1_9' title="bbox 147 554 1140 604; baseline -0.007 -11"><span class='ocrx_word' id='word_1_53' title='bbox 147 559 354 604; x_wconf 68' lang='lat' dir='ltr'>tempestive</span> <span class='ocrx_word' id='word_1_54' title='bbox 379 559 567 603; x_wconf 87' lang='lat' dir='ltr'>proferunt</span> <span class='ocrx_word' id='word_1_55' title='bbox 593 558 637 589; x_wconf 90' lang='lat' dir='ltr'>ad</span> <span class='ocrx_word' id='word_1_56' title='bbox 662 554 843 589; x_wconf 85' lang='lat' dir='ltr'>Bacchum</span> <span class='ocrx_word' id='word_1_57' title='bbox 876 555 1140 588; x_wconf 89' lang='lat' dir='ltr'>celebrandum.</span> 
     </span>
     <span class='ocr_line' id='line_1_10' title="bbox 147 602 1140 654; baseline -0.008 -10"><span class='ocrx_word' id='word_1_58' title='bbox 147 611 256 644; x_wconf 88' lang='lat' dir='ltr'>Liber</span> <span class='ocrx_word' id='word_1_59' title='bbox 273 617 391 643; x_wconf 90' lang='lat' dir='ltr'>autem</span> <span class='ocrx_word' id='word_1_60' title='bbox 413 607 500 642; x_wconf 89' lang='lat' dir='ltr'>haec</span> <span class='ocrx_word' id='word_1_61' title='bbox 517 608 723 642; x_wconf 87' lang='lat' dir='ltr'>continebat</span> <span class='ocrx_word' id='word_1_62' title='bbox 737 607 783 654; x_wconf 76' lang='lat'>⁴¹)</span> <span class='ocrx_word' id='word_1_63' title='bbox 812 606 911 651; x_wconf 90' lang='lat' dir='ltr'>(licet</span> <span class='ocrx_word' id='word_1_64' title='bbox 934 606 1028 640; x_wconf 90' lang='lat' dir='ltr'>enim</span> <span class='ocrx_word' id='word_1_65' title='bbox 1052 602 1140 638; x_wconf 89' lang='lat' dir='ltr'>mihi</span> 
     </span>
     <span class='ocr_line' id='line_1_11' title="bbox 147 657 1142 695; baseline -0.006 0"><span class='ocrx_word' id='word_1_66' title='bbox 147 663 328 695; x_wconf 87' lang='lat' dir='ltr'>interdum</span> <span class='ocrx_word' id='word_1_67' title='bbox 355 662 486 694; x_wconf 80' lang='lat' dir='ltr'>addere</span> <span class='ocrx_word' id='word_1_68' title='bbox 510 659 822 693; x_wconf 87' lang='lat' dir='ltr'>commentarium.</span> <span class='ocrx_word' id='word_1_69' title='bbox 886 657 1056 692; x_wconf 77' lang='lat' dir='ltr'>Narratio</span> <span class='ocrx_word' id='word_1_70' title='bbox 1081 668 1142 689; x_wconf 94' lang='lat' dir='ltr'>au-</span> 
     </span>
     <span class='ocr_line' id='line_1_12' title="bbox 147 709 1143 758; baseline -0.007 -11"><span class='ocrx_word' id='word_1_71' title='bbox 147 720 218 747; x_wconf 88' lang='lat' dir='ltr'>tem</span> <span class='ocrx_word' id='word_1_72' title='bbox 235 713 318 746; x_wconf 87' lang='lat' dir='ltr'>libri</span> <span class='ocrx_word' id='word_1_73' title='bbox 335 712 431 758; x_wconf 89' lang='lat' dir='ltr'>erit).</span> <span class='ocrx_word' id='word_1_74' title='bbox 481 711 537 745; x_wconf 89' lang='lat' dir='ltr'>Sic</span> <span class='ocrx_word' id='word_1_75' title='bbox 562 711 671 755; x_wconf 86' lang='lat' dir='ltr'>igitur</span> <span class='ocrx_word' id='word_1_76' title='bbox 695 710 763 750; x_wconf 89' lang='lat' dir='ltr'>ait,</span> <span class='ocrx_word' id='word_1_77' title='bbox 790 710 982 754; x_wconf 75' lang='lat' dir='ltr'>Antipatro</span> <span class='ocrx_word' id='word_1_78' title='bbox 1009 709 1143 741; x_wconf 89' lang='lat' dir='ltr'>indica-</span> 
     </span>
     <span class='ocr_line' id='line_1_13' title="bbox 147 759 1143 810; baseline -0.006 -12"><span class='ocrx_word' id='word_1_79' title='bbox 147 771 223 799; x_wconf 89' lang='lat' dir='ltr'>tum</span> <span class='ocrx_word' id='word_1_80' title='bbox 249 777 342 803; x_wconf 90' lang='lat' dir='ltr'>esse,</span> <span class='ocrx_word' id='word_1_81' title='bbox 369 764 467 810; x_wconf 89' lang='lat' dir='ltr'>quod</span> <span class='ocrx_word' id='word_1_82' title='bbox 490 764 627 797; x_wconf 83' lang='lat' dir='ltr'>adesset</span> <span class='ocrx_word' id='word_1_83' title='bbox 643 760 804 795; x_wconf 79' lang='lat' dir='ltr'>Archias.</span> <span class='ocrx_word' id='word_1_84' title='bbox 858 761 992 794; x_wconf 70' lang='lat' dir='ltr'>Verum</span> <span class='ocrx_word' id='word_1_85' title='bbox 1017 760 1047 794; x_wconf 90' lang='lat' dir='ltr'>si</span> <span class='ocrx_word' id='word_1_86' title='bbox 1064 759 1143 805; x_wconf 85' lang='lat' dir='ltr'>quis</span> 
     </span>
     <span class='ocr_line' id='line_1_14' title="bbox 147 811 1142 858; baseline -0.006 -9"><span class='ocrx_word' id='word_1_87' title='bbox 147 816 427 850; x_wconf 90' lang='lat' dir='ltr'>adolescentium</span> <span class='ocrx_word' id='word_1_88' title='bbox 452 813 519 848; x_wconf 91' lang='lat' dir='ltr'>hoc</span> <span class='ocrx_word' id='word_1_89' title='bbox 543 815 707 858; x_wconf 76' lang='lat' dir='ltr'>ignorat,</span> <span class='ocrx_word' id='word_1_90' title='bbox 739 811 889 848; x_wconf 82' lang='lat' dir='ltr'>Archias</span> <span class='ocrx_word' id='word_1_91' title='bbox 913 812 980 845; x_wconf 84' lang='lat' dir='ltr'>fuit</span> <span class='ocrx_word' id='word_1_92' title='bbox 1003 812 1052 852; x_wconf 91' lang='lat' dir='ltr'>is,</span> <span class='ocrx_word' id='word_1_93' title='bbox 1087 811 1142 844; x_wconf 87' lang='lat' dir='ltr'>cui</span> 
     </span>
     <span class='ocr_line' id='line_1_15' title="bbox 147 863 1142 910; baseline -0.006 -9"><span class='ocrx_word' id='word_1_94' title='bbox 147 880 210 901; x_wconf 77' lang='lat' dir='ltr'>rex</span> <span class='ocrx_word' id='word_1_95' title='bbox 232 868 467 900; x_wconf 74' lang='lat' dir='ltr'>mandaverat</span> <span class='ocrx_word' id='word_1_96' title='bbox 492 867 609 900; x_wconf 82' lang='lat' dir='ltr'>exules</span> <span class='ocrx_word' id='word_1_97' title='bbox 643 877 780 910; x_wconf 87' lang='lat' dir='ltr'>capere.</span> <span class='ocrx_word' id='word_1_98' title='bbox 854 865 1018 897; x_wconf 81' lang='lat' dir='ltr'>Habebat</span> <span class='ocrx_word' id='word_1_99' title='bbox 1040 869 1073 896; x_wconf 92' lang='lat' dir='ltr'>et</span> <span class='ocrx_word' id='word_1_100' title='bbox 1100 863 1142 895; x_wconf 90' lang='lat' dir='ltr'>de</span> 
     </span>
     <span class='ocr_line' id='line_1_16' title="bbox 147 914 1143 959; baseline -0.005 -7"><span class='ocrx_word' id='word_1_101' title='bbox 147 917 390 953; x_wconf 83' lang='lat' dir='ltr'>Demosthene</span> <span class='ocrx_word' id='word_1_102' title='bbox 407 919 617 951; x_wconf 88' lang='lat' dir='ltr'>mandatum</span> <span class='ocrx_word' id='word_1_103' title='bbox 629 944 639 958; x_wconf 94' lang='lat'>,</span> <span class='ocrx_word' id='word_1_104' title='bbox 666 923 705 950; x_wconf 93' lang='lat' dir='ltr'>ut</span> <span class='ocrx_word' id='word_1_105' title='bbox 722 917 818 949; x_wconf 89' lang='lat' dir='ltr'>nulla</span> <span class='ocrx_word' id='word_1_106' title='bbox 836 916 871 948; x_wconf 71' lang='lat' dir='ltr'>vi</span> <span class='ocrx_word' id='word_1_107' title='bbox 887 914 1045 948; x_wconf 90' lang='lat' dir='ltr'>adhibita</span> <span class='ocrx_word' id='word_1_108' title='bbox 1063 926 1143 959; x_wconf 89' lang='lat' dir='ltr'>per-</span> 
     </span>
     <span class='ocr_line' id='line_1_17' title="bbox 148 966 1143 1009; baseline -0.006 -4"><span class='ocrx_word' id='word_1_109' title='bbox 148 972 314 1005; x_wconf 85' lang='lat' dir='ltr'>suaderet</span> <span class='ocrx_word' id='word_1_110' title='bbox 341 970 391 1009; x_wconf 90' lang='lat' dir='ltr'>ei,</span> <span class='ocrx_word' id='word_1_111' title='bbox 420 976 458 1003; x_wconf 91' lang='lat' dir='ltr'>ut</span> <span class='ocrx_word' id='word_1_112' title='bbox 482 982 523 1002; x_wconf 85' lang='lat' dir='ltr'>ex</span> <span class='ocrx_word' id='word_1_113' title='bbox 549 968 715 1002; x_wconf 81' lang='lat' dir='ltr'>Calauria</span> <span class='ocrx_word' id='word_1_114' title='bbox 742 968 945 1007; x_wconf 78' lang='lat' dir='ltr'>discedens,</span> <span class='ocrx_word' id='word_1_115' title='bbox 973 968 1017 1000; x_wconf 91' lang='lat' dir='ltr'>ad</span> <span class='ocrx_word' id='word_1_116' title='bbox 1041 966 1143 1000; x_wconf 80' lang='lat' dir='ltr'>Anti-</span> 
     </span>
     <span class='ocr_line' id='line_1_18' title="bbox 149 1019 1141 1066; baseline -0.004 -11"><span class='ocrx_word' id='word_1_117' title='bbox 149 1029 293 1066; x_wconf 84' lang='lat' dir='ltr'>patrum</span> <span class='ocrx_word' id='word_1_118' title='bbox 311 1021 460 1054; x_wconf 66' lang='lat' dir='ltr'>veniret.</span> <span class='ocrx_word' id='word_1_119' title='bbox 496 1021 611 1053; x_wconf 89' lang='lat' dir='ltr'>Porro</span> <span class='ocrx_word' id='word_1_120' title='bbox 629 1020 820 1064; x_wconf 87' lang='lat' dir='ltr'>Antipater</span> <span class='ocrx_word' id='word_1_121' title='bbox 836 1019 873 1052; x_wconf 90' lang='lat' dir='ltr'>in</span> <span class='ocrx_word' id='word_1_122' title='bbox 888 1025 1026 1051; x_wconf 89' lang='lat' dir='ltr'>tantam</span> <span class='ocrx_word' id='word_1_123' title='bbox 1044 1030 1141 1062; x_wconf 89' lang='lat' dir='ltr'>spem</span> 
     </span>
     <span class='ocr_line' id='line_1_19' title="bbox 149 1068 1143 1116; baseline -0.004 -10"><span class='ocrx_word' id='word_1_124' title='bbox 149 1080 284 1107; x_wconf 89' lang='lat' dir='ltr'>erectus</span> <span class='ocrx_word' id='word_1_125' title='bbox 309 1074 412 1105; x_wconf 87' lang='lat' dir='ltr'>anxie</span> <span class='ocrx_word' id='word_1_126' title='bbox 436 1073 644 1116; x_wconf 80' lang='lat' dir='ltr'>expectabat</span> <span class='ocrx_word' id='word_1_127' title='bbox 659 1068 912 1104; x_wconf 83' lang='lat' dir='ltr'>Demosthenis</span> <span class='ocrx_word' id='word_1_128' title='bbox 937 1071 1143 1103; x_wconf 74' lang='lat' dir='ltr'>adventum.</span> 
     </span>
     <span class='ocr_line' id='line_1_20' title="bbox 149 1120 1143 1169; baseline -0.003 -12"><span class='ocrx_word' id='word_1_129' title='bbox 149 1124 271 1169; x_wconf 81' lang='lat' dir='ltr'>Quare</span> <span class='ocrx_word' id='word_1_130' title='bbox 294 1137 372 1157; x_wconf 90' lang='lat' dir='ltr'>cum</span> <span class='ocrx_word' id='word_1_131' title='bbox 401 1123 594 1156; x_wconf 76' lang='lat' dir='ltr'>audivisset</span> <span class='ocrx_word' id='word_1_132' title='bbox 620 1120 790 1156; x_wconf 79' lang='lat' dir='ltr'>Archiam</span> <span class='ocrx_word' id='word_1_133' title='bbox 824 1134 865 1155; x_wconf 78' lang='lat' dir='ltr'>ex</span> <span class='ocrx_word' id='word_1_134' title='bbox 890 1121 1057 1155; x_wconf 88' lang='lat' dir='ltr'>Calauria</span> <span class='ocrx_word' id='word_1_135' title='bbox 1086 1133 1143 1154; x_wconf 66' lang='lat' dir='ltr'>ve-</span> 
     </span>
     <span class='ocr_line' id='line_1_21' title="bbox 146 1173 1142 1219; baseline -0.003 -11"><span class='ocrx_word' id='word_1_136' title='bbox 146 1176 243 1215; x_wconf 90' lang='lat' dir='ltr'>nire,</span> <span class='ocrx_word' id='word_1_137' title='bbox 278 1187 361 1208; x_wconf 88' lang='lat' dir='ltr'>mox</span> <span class='ocrx_word' id='word_1_138' title='bbox 384 1174 485 1208; x_wconf 90' lang='lat' dir='ltr'>iussit</span> <span class='ocrx_word' id='word_1_139' title='bbox 513 1187 594 1207; x_wconf 91' lang='lat' dir='ltr'>eum</span> <span class='ocrx_word' id='word_1_140' title='bbox 623 1174 719 1207; x_wconf 88' lang='lat' dir='ltr'>intro</span> <span class='ocrx_word' id='word_1_141' title='bbox 745 1173 878 1207; x_wconf 69' lang='lat' dir='ltr'>vocari.</span> <span class='ocrx_word' id='word_1_142' title='bbox 945 1173 1142 1219; x_wconf 89' lang='lat' dir='ltr'>Postquam</span> 
     </span>
     <span class='ocr_line' id='line_1_22' title="bbox 148 1225 1144 1271; baseline -0.003 -11"><span class='ocrx_word' id='word_1_143' title='bbox 148 1227 327 1271; x_wconf 86' lang='lat' dir='ltr'>ingressus</span> <span class='ocrx_word' id='word_1_144' title='bbox 351 1232 422 1266; x_wconf 89' lang='lat' dir='ltr'>est,</span> <span class='ocrx_word' id='word_1_145' title='bbox 457 1227 517 1259; x_wconf 85' lang='lat' dir='ltr'>sed</span> <span class='ocrx_word' id='word_1_146' title='bbox 543 1225 617 1270; x_wconf 90' lang='lat' dir='ltr'>ipse</span> <span class='ocrx_word' id='word_1_147' title='bbox 643 1225 733 1259; x_wconf 88' lang='lat' dir='ltr'>liber</span> <span class='ocrx_word' id='word_1_148' title='bbox 760 1231 886 1258; x_wconf 87' lang='lat' dir='ltr'>narret</span> <span class='ocrx_word' id='word_1_149' title='bbox 909 1225 987 1259; x_wconf 88' lang='lat' dir='ltr'>ista.</span> <span class='ocrx_word' id='word_1_150' title='bbox 1038 1225 1144 1259; x_wconf 73' lang='lat' dir='ltr'>Are-h.</span> 
     </span>
     <span class='ocr_line' id='line_1_23' title="bbox 147 1276 1144 1323; baseline -0.004 -11"><span class='ocrx_word' id='word_1_151' title='bbox 147 1279 251 1313; x_wconf 69' lang='lat' dir='ltr'>Salve</span> <span class='ocrx_word' id='word_1_152' title='bbox 266 1278 468 1322; x_wconf 74' lang='lat' dir='ltr'>Antipater.</span> <span class='ocrx_word' id='word_1_153' title='bbox 521 1279 604 1312; x_wconf 80' lang='lat' dir='ltr'>Ant.</span> <span class='ocrx_word' id='word_1_154' title='bbox 632 1277 768 1323; x_wconf 83' lang='lat' dir='ltr'>Quidni</span> <span class='ocrx_word' id='word_1_155' title='bbox 785 1277 902 1311; x_wconf 77' lang='lat' dir='ltr'>salvus</span> <span class='ocrx_word' id='word_1_156' title='bbox 917 1276 982 1310; x_wconf 84' lang='lat' dir='ltr'>siin</span> <span class='ocrx_word' id='word_1_157' title='bbox 994 1303 1003 1316; x_wconf 95' lang='lat'>,</span> <span class='ocrx_word' id='word_1_158' title='bbox 1021 1276 1049 1310; x_wconf 91' lang='lat' dir='ltr'>si</span> <span class='ocrx_word' id='word_1_159' title='bbox 1067 1276 1144 1321; x_wconf 90' lang='lat' dir='ltr'>qui-</span> 
     </span>
     <span class='ocr_line' id='line_1_24' title="bbox 148 1327 1145 1367; baseline -0.005 -3"><span class='ocrx_word' id='word_1_160' title='bbox 148 1331 229 1364; x_wconf 89' lang='lat' dir='ltr'>dem</span> <span class='ocrx_word' id='word_1_161' title='bbox 247 1327 527 1363; x_wconf 82' lang='lat' dir='ltr'>Demosthenem</span> <span class='ocrx_word' id='word_1_162' title='bbox 547 1329 716 1363; x_wconf 76' lang='lat' dir='ltr'>adducis?</span> <span class='ocrx_word' id='word_1_163' title='bbox 770 1329 875 1363; x_wconf 74' lang='lat' dir='ltr'>Arc-h.</span> <span class='ocrx_word' id='word_1_164' title='bbox 908 1328 1078 1367; x_wconf 84' lang='lat' dir='ltr'>Adduco,</span> <span class='ocrx_word' id='word_1_165' title='bbox 1106 1332 1145 1360; x_wconf 91' lang='lat' dir='ltr'>ut</span> 
     </span>
     <span class='ocr_line' id='line_1_25' title="bbox 149 1378 1145 1426; baseline -0.004 -11"><span class='ocrx_word' id='word_1_166' title='bbox 149 1382 275 1426; x_wconf 87' lang='lat' dir='ltr'>potui;</span> <span class='ocrx_word' id='word_1_167' title='bbox 320 1394 405 1414; x_wconf 90' lang='lat' dir='ltr'>nam</span> <span class='ocrx_word' id='word_1_168' title='bbox 435 1393 562 1414; x_wconf 87' lang='lat' dir='ltr'>urnam</span> <span class='ocrx_word' id='word_1_169' title='bbox 595 1378 756 1420; x_wconf 83' lang='lat' dir='ltr'>adveho,</span> <span class='ocrx_word' id='word_1_170' title='bbox 798 1380 834 1412; x_wconf 90' lang='lat' dir='ltr'>in</span> <span class='ocrx_word' id='word_1_171' title='bbox 864 1392 932 1424; x_wconf 87' lang='lat' dir='ltr'>qua</span> <span class='ocrx_word' id='word_1_172' title='bbox 971 1385 1054 1412; x_wconf 88' lang='lat' dir='ltr'>sunt</span> <span class='ocrx_word' id='word_1_173' title='bbox 1088 1390 1145 1411; x_wconf 84' lang='lat' dir='ltr'>ex-</span> 
     </span>
     <span class='ocr_line' id='line_1_26' title="bbox 147 1431 1145 1476; baseline -0.005 -8"><span class='ocrx_word' id='word_1_174' title='bbox 147 1433 251 1468; x_wconf 71' lang='lat' dir='ltr'>uviae</span> <span class='ocrx_word' id='word_1_175' title='bbox 269 1431 532 1467; x_wconf 88' lang='lat' dir='ltr'>Demosthenis.</span> <span class='ocrx_word' id='word_1_176' title='bbox 585 1434 669 1466; x_wconf 79' lang='lat' dir='ltr'>Ant.</span> <span class='ocrx_word' id='word_1_177' title='bbox 692 1431 824 1476; x_wconf 87' lang='lat' dir='ltr'>Magna</span> <span class='ocrx_word' id='word_1_178' title='bbox 845 1432 887 1464; x_wconf 90' lang='lat' dir='ltr'>de</span> <span class='ocrx_word' id='word_1_179' title='bbox 903 1443 964 1475; x_wconf 91' lang='lat' dir='ltr'>spe</span> <span class='ocrx_word' id='word_1_180' title='bbox 989 1431 1145 1463; x_wconf 87' lang='lat' dir='ltr'>deiectus</span> 
     </span>
     <span class='ocr_line' id='line_1_27' title="bbox 149 1480 1143 1530; baseline -0.004 -11"><span class='ocrx_word' id='word_1_181' title='bbox 149 1498 246 1523; x_wconf 87' lang='lat' dir='ltr'>sum;</span> <span class='ocrx_word' id='word_1_182' title='bbox 291 1485 377 1530; x_wconf 83' lang='lat' dir='ltr'>quid</span> <span class='ocrx_word' id='word_1_183' title='bbox 404 1484 499 1517; x_wconf 88' lang='lat' dir='ltr'>enim</span> <span class='ocrx_word' id='word_1_184' title='bbox 530 1481 620 1516; x_wconf 89' lang='lat' dir='ltr'>mihi</span> <span class='ocrx_word' id='word_1_185' title='bbox 644 1495 724 1516; x_wconf 92' lang='lat' dir='ltr'>cum</span> <span class='ocrx_word' id='word_1_186' title='bbox 750 1494 839 1516; x_wconf 89' lang='lat' dir='ltr'>urna</span> <span class='ocrx_word' id='word_1_187' title='bbox 863 1489 897 1515; x_wconf 89' lang='lat' dir='ltr'>et</span> <span class='ocrx_word' id='word_1_188' title='bbox 924 1482 1080 1522; x_wconf 88' lang='lat' dir='ltr'>ossibus,</span> <span class='ocrx_word' id='word_1_189' title='bbox 1116 1480 1143 1515; x_wconf 87' lang='lat' dir='ltr'>si</span> 
     </span>
     <span class='ocr_line' id='line_1_28' title="bbox 147 1533 1144 1580; baseline -0.003 -11"><span class='ocrx_word' id='word_1_190' title='bbox 147 1549 224 1572; x_wconf 88' lang='lat' dir='ltr'>non</span> <span class='ocrx_word' id='word_1_191' title='bbox 242 1536 390 1580; x_wconf 88' lang='lat' dir='ltr'>contigit</span> <span class='ocrx_word' id='word_1_192' title='bbox 405 1533 691 1569; x_wconf 79' lang='lat' dir='ltr'>Demosthenes?</span> <span class='ocrx_word' id='word_1_193' title='bbox 738 1535 844 1568; x_wconf 79' lang='lat' dir='ltr'>Arch.</span> <span class='ocrx_word' id='word_1_194' title='bbox 880 1534 962 1568; x_wconf 64' lang='lat' dir='ltr'>Non</span> <span class='ocrx_word' id='word_1_195' title='bbox 978 1534 1044 1567; x_wconf 84' lang='lat' dir='ltr'>fuit</span> <span class='ocrx_word' id='word_1_196' title='bbox 1064 1545 1144 1578; x_wconf 91' lang='lat' dir='ltr'>pos-</span> 
     </span>
     <span class='ocr_line' id='line_1_29' title="bbox 149 1584 1143 1629; baseline -0.003 -7"><span class='ocrx_word' id='word_1_197' title='bbox 149 1589 264 1628; x_wconf 85' lang='lat' dir='ltr'>sibile,</span> <span class='ocrx_word' id='word_1_198' title='bbox 282 1600 356 1627; x_wconf 83' lang='lat' dir='ltr'>rex,</span> <span class='ocrx_word' id='word_1_199' title='bbox 373 1587 494 1620; x_wconf 72' lang='lat' dir='ltr'>vivum</span> <span class='ocrx_word' id='word_1_200' title='bbox 512 1587 549 1619; x_wconf 92' lang='lat' dir='ltr'>in</span> <span class='ocrx_word' id='word_1_201' title='bbox 564 1584 721 1620; x_wconf 88' lang='lat' dir='ltr'>hostium</span> <span class='ocrx_word' id='word_1_202' title='bbox 740 1591 951 1629; x_wconf 89' lang='lat' dir='ltr'>potestatem</span> <span class='ocrx_word' id='word_1_203' title='bbox 969 1585 1143 1629; x_wconf 84' lang='lat' dir='ltr'>redigere.</span> 
     </span>
     <span class='ocr_line' id='line_1_30' title="bbox 148 1635 1142 1682; baseline -0.006 -7"><span class='ocrx_word' id='word_1_204' title='bbox 148 1643 233 1676; x_wconf 69' lang='lat' dir='ltr'>An!-</span> <span class='ocrx_word' id='word_1_205' title='bbox 261 1639 333 1673; x_wconf 90' lang='lat' dir='ltr'>Cur</span> <span class='ocrx_word' id='word_1_206' title='bbox 348 1650 423 1671; x_wconf 91' lang='lat' dir='ltr'>non</span> <span class='ocrx_word' id='word_1_207' title='bbox 441 1639 477 1671; x_wconf 91' lang='lat' dir='ltr'>in</span> <span class='ocrx_word' id='word_1_208' title='bbox 494 1638 644 1671; x_wconf 88' lang='lat' dir='ltr'>Boeotia</span> <span class='ocrx_word' id='word_1_209' title='bbox 663 1644 723 1671; x_wconf 89' lang='lat' dir='ltr'>ant</span> <span class='ocrx_word' id='word_1_210' title='bbox 738 1635 796 1671; x_wconf 88' lang='lat' dir='ltr'>hic</span> <span class='ocrx_word' id='word_1_211' title='bbox 813 1637 996 1682; x_wconf 82' lang='lat' dir='ltr'>accepistis</span> <span class='ocrx_word' id='word_1_212' title='bbox 1015 1650 1142 1671; x_wconf 87' lang='lat' dir='ltr'>aurum</span> 
     </span>
     <span class='ocr_line' id='line_1_31' title="bbox 148 1688 1144 1735; baseline -0.002 -10"><span class='ocrx_word' id='word_1_213' title='bbox 148 1694 194 1726; x_wconf 86' lang='lat' dir='ltr'>ad</span> <span class='ocrx_word' id='word_1_214' title='bbox 213 1704 293 1724; x_wconf 90' lang='lat' dir='ltr'>eum</span> <span class='ocrx_word' id='word_1_215' title='bbox 320 1688 649 1735; x_wconf 79' lang='lat' dir='ltr'>corrumpendum?</span> <span class='ocrx_word' id='word_1_216' title='bbox 691 1690 797 1724; x_wconf 74' lang='lat' dir='ltr'>Arch.</span> <span class='ocrx_word' id='word_1_217' title='bbox 830 1689 905 1723; x_wconf 85' lang='lat' dir='ltr'>Nos</span> <span class='ocrx_word' id='word_1_218' title='bbox 931 1701 1016 1722; x_wconf 74' lang='lat' dir='ltr'>vero</span> <span class='ocrx_word' id='word_1_219' title='bbox 1042 1689 1144 1724; x_wconf 90' lang='lat' dir='ltr'>citius</span> 
     </span>
     <span class='ocr_line' id='line_1_32' title="bbox 145 1738 1142 1789; baseline -0.004 -11"><span class='ocrx_word' id='word_1_220' title='bbox 145 1743 359 1789; x_wconf 77' lang='lat' dir='ltr'>Byzantium</span> <span class='ocrx_word' id='word_1_221' title='bbox 377 1741 413 1774; x_wconf 77' lang='lat' dir='ltr'>vi</span> <span class='ocrx_word' id='word_1_222' title='bbox 433 1749 494 1775; x_wconf 91' lang='lat' dir='ltr'>aut</span> <span class='ocrx_word' id='word_1_223' title='bbox 512 1738 705 1781; x_wconf 87' lang='lat' dir='ltr'>machinis,</span> <span class='ocrx_word' id='word_1_224' title='bbox 733 1754 840 1786; x_wconf 87' lang='lat' dir='ltr'>quam</span> <span class='ocrx_word' id='word_1_225' title='bbox 862 1739 1142 1776; x_wconf 87' lang='lat' dir='ltr'>Demosthenem</span> 
     </span>
     <span class='ocr_line' id='line_1_33' title="bbox 147 1792 1143 1839; baseline -0.002 -10"><span class='ocrx_word' id='word_1_226' title='bbox 147 1808 237 1829; x_wconf 90' lang='lat' dir='ltr'>auro</span> <span class='ocrx_word' id='word_1_227' title='bbox 268 1805 565 1839; x_wconf 79' lang='lat' dir='ltr'>expugnaremus.</span> <span class='ocrx_word' id='word_1_228' title='bbox 622 1795 707 1827; x_wconf 80' lang='lat' dir='ltr'>Ant.</span> <span class='ocrx_word' id='word_1_229' title='bbox 739 1792 835 1837; x_wconf 83' lang='lat' dir='ltr'>Ego,</span> <span class='ocrx_word' id='word_1_230' title='bbox 869 1793 1084 1835; x_wconf 87' lang='lat' dir='ltr'>Parmenio,</span> <span class='ocrx_word' id='word_1_231' title='bbox 1114 1794 1143 1827; x_wconf 89' lang='lat' dir='ltr'>si</span> 
     </span>
     <span class='ocr_line' id='line_1_34' title="bbox 147 1844 1143 1894; baseline -0.001 -14"><span class='ocrx_word' id='word_1_232' title='bbox 147 1847 227 1894; x_wconf 89' lang='lat' dir='ltr'>quis</span> <span class='ocrx_word' id='word_1_233' title='bbox 242 1844 470 1879; x_wconf 83' lang='lat' dir='ltr'>Atheniensis</span> <span class='ocrx_word' id='word_1_234' title='bbox 488 1845 524 1877; x_wconf 89' lang='lat' dir='ltr'>in</span> <span class='ocrx_word' id='word_1_235' title='bbox 543 1844 698 1878; x_wconf 87' lang='lat' dir='ltr'>consiliis</span> <span class='ocrx_word' id='word_1_236' title='bbox 714 1845 930 1890; x_wconf 89' lang='lat' dir='ltr'>reipublicae</span> <span class='ocrx_word' id='word_1_237' title='bbox 958 1845 1070 1889; x_wconf 91' lang='lat' dir='ltr'>pluris</span> <span class='ocrx_word' id='word_1_238' title='bbox 1093 1847 1143 1879; x_wconf 89' lang='lat' dir='ltr'>fa-</span> 
     </span>
     <span class='ocr_line' id='line_1_35' title="bbox 147 1894 1143 1943; baseline -0.001 -11"><span class='ocrx_word' id='word_1_239' title='bbox 147 1899 194 1932; x_wconf 92' lang='lat' dir='ltr'>cit</span> <span class='ocrx_word' id='word_1_240' title='bbox 210 1911 267 1931; x_wconf 92' lang='lat' dir='ltr'>me</span> <span class='ocrx_word' id='word_1_241' title='bbox 285 1910 392 1943; x_wconf 89' lang='lat' dir='ltr'>quam</span> <span class='ocrx_word' id='word_1_242' title='bbox 410 1897 563 1942; x_wconf 88' lang='lat' dir='ltr'>patriam</span> <span class='ocrx_word' id='word_1_243' title='bbox 577 1923 585 1936; x_wconf 90' lang='lat'>,</span> <span class='ocrx_word' id='word_1_244' title='bbox 614 1894 696 1929; x_wconf 89' lang='lat' dir='ltr'>huic</span> <span class='ocrx_word' id='word_1_245' title='bbox 722 1903 909 1940; x_wconf 85' lang='lat' dir='ltr'>argentum</span> <span class='ocrx_word' id='word_1_246' title='bbox 935 1897 1064 1931; x_wconf 86' lang='lat' dir='ltr'>offerre</span> <span class='ocrx_word' id='word_1_247' title='bbox 1087 1910 1143 1932; x_wconf 93' lang='lat' dir='ltr'>so-</span> 
     </span>
     <span class='ocr_line' id='line_1_36' title="bbox 146 1948 1142 1994; baseline -0.002 -10"><span class='ocrx_word' id='word_1_248' title='bbox 146 1951 226 1990; x_wconf 89' lang='lat' dir='ltr'>leo,</span> <span class='ocrx_word' id='word_1_249' title='bbox 254 1949 448 1983; x_wconf 86' lang='lat' dir='ltr'>amicitiam</span> <span class='ocrx_word' id='word_1_250' title='bbox 477 1960 551 1982; x_wconf 92' lang='lat' dir='ltr'>non</span> <span class='ocrx_word' id='word_1_251' title='bbox 575 1948 700 1982; x_wconf 82' lang='lat' dir='ltr'>offero.</span> <span class='ocrx_word' id='word_1_252' title='bbox 753 1948 791 1982; x_wconf 87' lang='lat' dir='ltr'>Si</span> <span class='ocrx_word' id='word_1_253' title='bbox 819 1949 897 1994; x_wconf 92' lang='lat' dir='ltr'>quis</span> <span class='ocrx_word' id='word_1_254' title='bbox 919 1955 1037 1983; x_wconf 89' lang='lat' dir='ltr'>autem</span> <span class='ocrx_word' id='word_1_255' title='bbox 1059 1962 1142 1994; x_wconf 90' lang='lat' dir='ltr'>pro-</span> 
     </span>
     <span class='ocr_line' id='line_1_37' title="bbox 146 1998 1142 2047; baseline -0.001 -12"><span class='ocrx_word' id='word_1_256' title='bbox 146 2009 225 2047; x_wconf 89' lang='lat' dir='ltr'>pter</span> <span class='ocrx_word' id='word_1_257' title='bbox 248 2001 401 2046; x_wconf 86' lang='lat' dir='ltr'>patriam</span> <span class='ocrx_word' id='word_1_258' title='bbox 434 1998 522 2034; x_wconf 88' lang='lat' dir='ltr'>mihi</span> <span class='ocrx_word' id='word_1_259' title='bbox 547 2000 712 2034; x_wconf 86' lang='lat' dir='ltr'>inimicus</span> <span class='ocrx_word' id='word_1_260' title='bbox 737 2006 811 2040; x_wconf 84' lang='lat' dir='ltr'>est,</span> <span class='ocrx_word' id='word_1_261' title='bbox 853 2002 1023 2035; x_wconf 78' lang='lat' dir='ltr'>adversus</span> <span class='ocrx_word' id='word_1_262' title='bbox 1047 1999 1142 2034; x_wconf 89' lang='lat' dir='ltr'>hunc</span> 
     </span>
     <span class='ocr_line' id='line_1_38' title="bbox 144 2052 1140 2097; baseline -0.001 -10"><span class='ocrx_word' id='word_1_263' title='bbox 144 2054 278 2087; x_wconf 89' lang='lat' dir='ltr'>bellum</span> <span class='ocrx_word' id='word_1_264' title='bbox 299 2065 404 2097; x_wconf 89' lang='lat' dir='ltr'>gero,</span> <span class='ocrx_word' id='word_1_265' title='bbox 432 2059 471 2086; x_wconf 92' lang='lat' dir='ltr'>ut</span> <span class='ocrx_word' id='word_1_266' title='bbox 489 2053 658 2085; x_wconf 72' lang='lat' dir='ltr'>adversus</span> <span class='ocrx_word' id='word_1_267' title='bbox 685 2064 801 2085; x_wconf 88' lang='lat' dir='ltr'>arcem</span> <span class='ocrx_word' id='word_1_268' title='bbox 818 2079 827 2092; x_wconf 92' lang='lat'>,</span> <span class='ocrx_word' id='word_1_269' title='bbox 856 2052 997 2085; x_wconf 91' lang='lat' dir='ltr'>moenia</span> <span class='ocrx_word' id='word_1_270' title='bbox 1013 2080 1022 2093; x_wconf 97' lang='lat'>,</span> <span class='ocrx_word' id='word_1_271' title='bbox 1059 2065 1140 2097; x_wconf 93' lang='lat' dir='ltr'>por-</span> 
     </span>
     <span class='ocr_line' id='line_1_39' title="bbox 146 2104 1141 2146; baseline -0.002 -7"><span class='ocrx_word' id='word_1_272' title='bbox 146 2111 222 2146; x_wconf 87' lang='lat' dir='ltr'>tus,</span> <span class='ocrx_word' id='word_1_273' title='bbox 257 2105 402 2138; x_wconf 84' lang='lat' dir='ltr'>fossam.</span> <span class='ocrx_word' id='word_1_274' title='bbox 458 2104 631 2138; x_wconf 84' lang='lat' dir='ltr'>Admiror</span> <span class='ocrx_word' id='word_1_275' title='bbox 658 2110 774 2137; x_wconf 88' lang='lat' dir='ltr'>autem</span> <span class='ocrx_word' id='word_1_276' title='bbox 802 2105 990 2144; x_wconf 70' lang='lat' dir='ltr'>virtutem,</span> <span class='ocrx_word' id='word_1_277' title='bbox 1024 2111 1059 2137; x_wconf 92' lang='lat' dir='ltr'>et</span> <span class='ocrx_word' id='word_1_278' title='bbox 1082 2117 1141 2138; x_wconf 91' lang='lat' dir='ltr'>ur-</span> 
     </span>
     <span class='ocr_line' id='line_1_40' title="bbox 143 2155 1140 2200; baseline 0.001 -10"><span class='ocrx_word' id='word_1_279' title='bbox 143 2158 225 2190; x_wconf 89' lang='lat' dir='ltr'>bem</span> <span class='ocrx_word' id='word_1_280' title='bbox 261 2156 403 2189; x_wconf 83' lang='lat' dir='ltr'>beatam</span> <span class='ocrx_word' id='word_1_281' title='bbox 432 2168 504 2190; x_wconf 90' lang='lat' dir='ltr'>esse</span> <span class='ocrx_word' id='word_1_282' title='bbox 534 2157 648 2195; x_wconf 85' lang='lat' dir='ltr'>duco,</span> <span class='ocrx_word' id='word_1_283' title='bbox 682 2155 738 2189; x_wconf 90' lang='lat' dir='ltr'>cui</span> <span class='ocrx_word' id='word_1_284' title='bbox 760 2156 840 2190; x_wconf 88' lang='lat' dir='ltr'>talis</span> <span class='ocrx_word' id='word_1_285' title='bbox 870 2156 956 2190; x_wconf 79' lang='lat' dir='ltr'>civis</span> <span class='ocrx_word' id='word_1_286' title='bbox 980 2156 1140 2200; x_wconf 86' lang='lat' dir='ltr'>contigit.</span> 
     </span>
     <span class='ocr_line' id='line_1_41' title="bbox 143 2207 1138 2253; baseline -0.001 -11"><span class='ocrx_word' id='word_1_287' title='bbox 143 2209 192 2242; x_wconf 91' lang='lat' dir='ltr'>At</span> <span class='ocrx_word' id='word_1_288' title='bbox 218 2208 440 2253; x_wconf 88' lang='lat' dir='ltr'>proditores,</span> <span class='ocrx_word' id='word_1_289' title='bbox 482 2220 562 2242; x_wconf 93' lang='lat' dir='ltr'>cum</span> <span class='ocrx_word' id='word_1_290' title='bbox 594 2219 718 2241; x_wconf 89' lang='lat' dir='ltr'>eorum</span> <span class='ocrx_word' id='word_1_291' title='bbox 751 2220 860 2252; x_wconf 89' lang='lat' dir='ltr'>opera</span> <span class='ocrx_word' id='word_1_292' title='bbox 890 2220 962 2241; x_wconf 90' lang='lat' dir='ltr'>non</span> <span class='ocrx_word' id='word_1_293' title='bbox 996 2207 1138 2252; x_wconf 87' lang='lat' dir='ltr'>indigeo</span> 
     </span>
     <span class='ocr_line' id='line_1_42' title="bbox 144 2258 1139 2304; baseline 0 -11"><span class='ocrx_word' id='word_1_294' title='bbox 144 2260 322 2304; x_wconf 90' lang='lat' dir='ltr'>amplius,</span> <span class='ocrx_word' id='word_1_295' title='bbox 362 2261 511 2304; x_wconf 85' lang='lat' dir='ltr'>perdere</span> <span class='ocrx_word' id='word_1_296' title='bbox 545 2258 664 2303; x_wconf 78' lang='lat' dir='ltr'>cupio,</span> <span class='ocrx_word' id='word_1_297' title='bbox 732 2258 835 2293; x_wconf 87' lang='lat' dir='ltr'>lllum</span> <span class='ocrx_word' id='word_1_298' title='bbox 867 2266 986 2293; x_wconf 90' lang='lat' dir='ltr'>autem</span> <span class='ocrx_word' id='word_1_299' title='bbox 1021 2260 1139 2293; x_wconf 89' lang='lat' dir='ltr'>incor-</span> 
     </span>
     <span class='ocr_line' id='line_1_43' title="bbox 142 2308 1140 2358; baseline 0.001 -13"><span class='ocrx_word' id='word_1_300' title='bbox 142 2318 288 2356; x_wconf 88' lang='lat' dir='ltr'>ruptum</span> <span class='ocrx_word' id='word_1_301' title='bbox 307 2311 420 2344; x_wconf 69' lang='lat' dir='ltr'>civem</span> <span class='ocrx_word' id='word_1_302' title='bbox 438 2311 562 2344; x_wconf 85' lang='lat' dir='ltr'>malim</span> <span class='ocrx_word' id='word_1_303' title='bbox 581 2312 676 2356; x_wconf 89' lang='lat' dir='ltr'>apud</span> <span class='ocrx_word' id='word_1_304' title='bbox 692 2323 749 2345; x_wconf 88' lang='lat' dir='ltr'>me</span> <span class='ocrx_word' id='word_1_305' title='bbox 765 2308 897 2346; x_wconf 89' lang='lat' dir='ltr'>babere</span> <span class='ocrx_word' id='word_1_306' title='bbox 914 2323 1021 2358; x_wconf 86' lang='lat' dir='ltr'>quam</span> <span class='ocrx_word' id='word_1_307' title='bbox 1040 2313 1140 2358; x_wconf 92' lang='lat' dir='ltr'>equi-</span> 
     </span>
     <span class='ocr_line' id='line_1_44' title="bbox 143 2362 1136 2409; baseline 0.003 -14"><span class='ocrx_word' id='word_1_308' title='bbox 143 2369 256 2396; x_wconf 84' lang='lat' dir='ltr'>tatum</span> <span class='ocrx_word' id='word_1_309' title='bbox 273 2362 472 2408; x_wconf 74' lang='lat' dir='ltr'>Illyricum,</span> <span class='ocrx_word' id='word_1_310' title='bbox 500 2370 562 2396; x_wconf 90' lang='lat' dir='ltr'>aut</span> <span class='ocrx_word' id='word_1_311' title='bbox 578 2363 748 2409; x_wconf 86' lang='lat' dir='ltr'>quicquid</span> <span class='ocrx_word' id='word_1_312' title='bbox 765 2371 816 2398; x_wconf 91' lang='lat' dir='ltr'>est</span> <span class='ocrx_word' id='word_1_313' title='bbox 831 2365 1136 2398; x_wconf 88' lang='lat' dir='ltr'>mercenariorum</span> 
     </span>
     <span class='ocr_line' id='line_1_45' title="bbox 143 2413 1137 2462; baseline 0.005 -16"><span class='ocrx_word' id='word_1_314' title='bbox 143 2414 309 2449; x_wconf 87' lang='lat' dir='ltr'>militum.</span> <span class='ocrx_word' id='word_1_315' title='bbox 363 2415 435 2449; x_wconf 62' lang='lat' dir='ltr'>Nec</span> <span class='ocrx_word' id='word_1_316' title='bbox 456 2421 633 2459; x_wconf 88' lang='lat' dir='ltr'>postpono</span> <span class='ocrx_word' id='word_1_317' title='bbox 654 2413 709 2449; x_wconf 86' lang='lat' dir='ltr'>his</span> <span class='ocrx_word' id='word_1_318' title='bbox 728 2416 973 2461; x_wconf 82' lang='lat' dir='ltr'>eloquentiam</span> <span class='ocrx_word' id='word_1_319' title='bbox 991 2429 1030 2449; x_wconf 89' lang='lat' dir='ltr'>ac</span> <span class='ocrx_word' id='word_1_320' title='bbox 1053 2414 1137 2462; x_wconf 84' lang='lat' dir='ltr'>pru-</span> 
     </span>
     <span class='ocr_line' id='line_1_46' title="bbox 143 2464 1134 2503; baseline 0.003 -3"><span class='ocrx_word' id='word_1_321' title='bbox 143 2466 301 2500; x_wconf 87' lang='lat' dir='ltr'>dentiam</span> <span class='ocrx_word' id='word_1_322' title='bbox 325 2466 403 2500; x_wconf 87' lang='lat' dir='ltr'>talis</span> <span class='ocrx_word' id='word_1_323' title='bbox 428 2466 507 2501; x_wconf 70' lang='lat' dir='ltr'>viri.</span> <span class='ocrx_word' id='word_1_324' title='bbox 562 2466 651 2500; x_wconf 88' lang='lat' dir='ltr'>Cum</span> <span class='ocrx_word' id='word_1_325' title='bbox 680 2464 767 2500; x_wconf 83' lang='lat' dir='ltr'>baec</span> <span class='ocrx_word' id='word_1_326' title='bbox 794 2470 836 2501; x_wconf 88' lang='lat' dir='ltr'>ad</span> <span class='ocrx_word' id='word_1_327' title='bbox 855 2468 1134 2503; x_wconf 78' lang='lat' dir='ltr'>Parmenionem</span> 
     </span>
     <span class='ocr_line' id='line_1_47' title="bbox 142 2518 1134 2564; baseline 0.003 -13"><span class='ocrx_word' id='word_1_328' title='bbox 142 2518 305 2557; x_wconf 79' lang='lat' dir='ltr'>dixisset,</span> <span class='ocrx_word' id='word_1_329' title='bbox 331 2529 452 2551; x_wconf 89' lang='lat' dir='ltr'>rursus</span> <span class='ocrx_word' id='word_1_330' title='bbox 473 2530 609 2552; x_wconf 91' lang='lat' dir='ltr'>mecum</span> <span class='ocrx_word' id='word_1_331' title='bbox 627 2519 728 2564; x_wconf 87' lang='lat' dir='ltr'>loqui</span> <span class='ocrx_word' id='word_1_332' title='bbox 745 2519 874 2563; x_wconf 85' lang='lat' dir='ltr'>coepit.</span> <span class='ocrx_word' id='word_1_333' title='bbox 927 2521 1032 2555; x_wconf 80' lang='lat' dir='ltr'>Areh.</span> <span class='ocrx_word' id='word_1_334' title='bbox 1057 2520 1134 2564; x_wconf 85' lang='lat' dir='ltr'>Ego</span> 
     </span>
     <span class='ocr_line' id='line_1_48' title="bbox 142 2569 1134 2616; baseline 0.003 -14"><span class='ocrx_word' id='word_1_335' title='bbox 142 2570 261 2603; x_wconf 74' lang='lat' dir='ltr'>curaxi</span> <span class='ocrx_word' id='word_1_336' title='bbox 283 2569 470 2610; x_wconf 63' lang='lat' dir='ltr'>diligenter</span> <span class='ocrx_word' id='word_1_337' title='bbox 495 2582 572 2609; x_wconf 82' lang='lat' dir='ltr'>eos,</span> <span class='ocrx_word' id='word_1_338' title='bbox 602 2570 663 2616; x_wconf 86' lang='lat' dir='ltr'>qui</span> <span class='ocrx_word' id='word_1_339' title='bbox 691 2583 768 2604; x_wconf 87' lang='lat' dir='ltr'>cum</span> <span class='ocrx_word' id='word_1_340' title='bbox 787 2569 958 2616; x_wconf 80' lang='lat' dir='ltr'>Diopithe</span> <span class='ocrx_word' id='word_1_341' title='bbox 975 2570 1134 2607; x_wconf 78' lang='lat' dir='ltr'>Athenas</span> 
     </span>
    </p>
   </div>
   <div class='ocr_carea' id='block_1_3' title="bbox 177 2701 1129 2764">
    <p class='ocr_par' dir='ltr' id='par_1_3' title="bbox 177 2701 1129 2764">
     <span class='ocr_line' id='line_1_49' title="bbox 177 2701 1129 2735; baseline 0.007 -12"><span class='ocrx_word' id='word_1_342' title='bbox 177 2704 224 2731; x_wconf 72' lang='lat'>41)</span> <span class='ocrx_word' id='word_1_343' title='bbox 252 2704 283 2727; x_wconf 79' lang='grc' dir='ltr'>Η,</span> <span class='ocrx_word' id='word_1_344' title='bbox 303 2703 318 2725; x_wconf 93' lang='grc' dir='ltr'>Ι.</span> <span class='ocrx_word' id='word_1_345' title='bbox 340 2703 364 2725; x_wconf 87' lang='lat' dir='ltr'>iu</span> <span class='ocrx_word' id='word_1_346' title='bbox 386 2701 467 2724; x_wconf 75' lang='lat' dir='ltr'>Editt.</span> <span class='ocrx_word' id='word_1_347' title='bbox 484 2701 574 2725; x_wconf 61' lang='lat'>1533..</span> <span class='ocrx_word' id='word_1_348' title='bbox 599 2702 670 2726; x_wconf 71' lang='lat'>1543.</span> <span class='ocrx_word' id='word_1_349' title='bbox 693 2706 757 2727; x_wconf 85' lang='lat' dir='ltr'>nota</span> <span class='ocrx_word' id='word_1_350' title='bbox 783 2705 898 2735; x_wconf 70' lang='lat' dir='ltr'>margin.</span> <span class='ocrx_word' id='word_1_351' title='bbox 918 2705 1040 2735; x_wconf 70' lang='lat' dir='ltr'>Micyni:</span> <span class='ocrx_word' id='word_1_352' title='bbox 1066 2707 1129 2730; x_wconf 74' lang='lat' dir='ltr'>Atia</span> 
     </span>
     <span class='ocr_line' id='line_1_50' title="bbox 210 2736 1063 2764; baseline 0.006 -5"><span class='ocrx_word' id='word_1_353' title='bbox 210 2737 379 2762; x_wconf 75' lang='lat' dir='ltr'>confirmatio</span> <span class='ocrx_word' id='word_1_354' title='bbox 399 2736 507 2760; x_wconf 83' lang='lat' dir='ltr'>laudum</span> <span class='ocrx_word' id='word_1_355' title='bbox 526 2737 716 2761; x_wconf 81' lang='lat' dir='ltr'>Demosthenis</span> <span class='ocrx_word' id='word_1_356' title='bbox 737 2744 751 2761; x_wconf 89' lang='lat' dir='ltr'>a</span> <span class='ocrx_word' id='word_1_357' title='bbox 771 2739 948 2763; x_wconf 78' lang='lat' dir='ltr'>confessione</span> <span class='ocrx_word' id='word_1_358' title='bbox 968 2741 1063 2764; x_wconf 79' lang='lat' dir='ltr'>nostis.</span> 
     </span>
    </p>
   </div>
   <div class='ocr_carea' id='block_1_4' title="bbox 735 105 1612 146">
    <p class='ocr_par' dir='ltr' id='par_1_4' title="bbox 735 105 1612 146">
     <span class='ocr_line' id='line_1_51' title="bbox 735 105 1612 146; baseline -0.005 -1"><span class='ocrx_word' id='word_1_359' title='bbox 735 110 859 146; x_wconf 61' lang='lat' dir='ltr'>pun..</span> <span class='ocrx_word' id='word_1_360' title='bbox 890 108 1004 144; x_wconf 78' lang='lat' dir='ltr'>MEL,</span> <span class='ocrx_word' id='word_1_361' title='bbox 1037 105 1242 143; x_wconf 79' lang='lat' dir='ltr'>SCRIPTA</span> <span class='ocrx_word' id='word_1_362' title='bbox 1273 105 1612 141; x_wconf 82' lang='lat' dir='ltr'>PHILOLOGICA.</span> 
     </span>
    </p>
   </div>
   <div class='ocr_carea' id='block_1_5' title="bbox 2087 108 2188 146">
    <p class='ocr_par' dir='ltr' id='par_1_5' title="bbox 2087 108 2188 146">
     <span class='ocr_line' id='line_1_52' title="bbox 2087 108 2188 146; baseline 0.02 -2"><span class='ocrx_word' id='word_1_363' title='bbox 2087 108 2188 146; x_wconf 78' lang='lat'>1012</span> 
     </span>
    </p>
   </div>
   <div class='ocr_carea' id='block_1_6' title="bbox 1190 190 2194 2453">
    <p class='ocr_par' dir='ltr' id='par_1_6' title="bbox 1190 190 2194 2453">
     <span class='ocr_line' id='line_1_53' title="bbox 1190 190 2187 229; baseline 0.005 -5"><span class='ocrx_word' id='word_1_364' title='bbox 1190 190 1289 225; x_wconf 85' lang='lat' dir='ltr'>missi</span> <span class='ocrx_word' id='word_1_365' title='bbox 1316 197 1410 226; x_wconf 90' lang='lat' dir='ltr'>sunt.</span> <span class='ocrx_word' id='word_1_366' title='bbox 1467 194 1551 227; x_wconf 74' lang='lat' dir='ltr'>Ant.</span> <span class='ocrx_word' id='word_1_367' title='bbox 1587 191 1645 226; x_wconf 92' lang='lat' dir='ltr'>Tu</span> <span class='ocrx_word' id='word_1_368' title='bbox 1669 204 1755 225; x_wconf 90' lang='lat' dir='ltr'>vero</span> <span class='ocrx_word' id='word_1_369' title='bbox 1779 191 1883 225; x_wconf 90' lang='lat' dir='ltr'>nobis</span> <span class='ocrx_word' id='word_1_370' title='bbox 1909 192 1954 225; x_wconf 88' lang='lat' dir='ltr'>ab</span> <span class='ocrx_word' id='word_1_371' title='bbox 1975 190 2187 229; x_wconf 87' lang='lat' dir='ltr'>Atheniensi</span> 
     </span>
     <span class='ocr_line' id='line_1_54' title="bbox 1190 241 2185 286; baseline 0.003 -10"><span class='ocrx_word' id='word_1_372' title='bbox 1190 244 1281 276; x_wconf 90' lang='lat' dir='ltr'>duce</span> <span class='ocrx_word' id='word_1_373' title='bbox 1313 248 1375 276; x_wconf 81' lang='lat' dir='ltr'>aut</span> <span class='ocrx_word' id='word_1_374' title='bbox 1404 241 1516 276; x_wconf 91' lang='lat' dir='ltr'>milite</span> <span class='ocrx_word' id='word_1_375' title='bbox 1546 243 1707 277; x_wconf 78' lang='lat' dir='ltr'>metuis?</span> <span class='ocrx_word' id='word_1_376' title='bbox 1756 243 1959 283; x_wconf 88' lang='lat' dir='ltr'>Triremes,</span> <span class='ocrx_word' id='word_1_377' title='bbox 2001 243 2185 286; x_wconf 87' lang='lat' dir='ltr'>Piraeeus,</span> 
     </span>
     <span class='ocr_line' id='line_1_55' title="bbox 1192 293 2185 340; baseline 0.002 -13"><span class='ocrx_word' id='word_1_378' title='bbox 1192 300 1336 339; x_wconf 90' lang='lat' dir='ltr'>portus,</span> <span class='ocrx_word' id='word_1_379' title='bbox 1358 305 1475 337; x_wconf 84' lang='lat' dir='ltr'>nugae</span> <span class='ocrx_word' id='word_1_380' title='bbox 1499 300 1594 328; x_wconf 85' lang='lat' dir='ltr'>sunt.</span> <span class='ocrx_word' id='word_1_381' title='bbox 1645 295 1742 340; x_wconf 83' lang='lat' dir='ltr'>Quid</span> <span class='ocrx_word' id='word_1_382' title='bbox 1768 295 1861 328; x_wconf 88' lang='lat' dir='ltr'>enim</span> <span class='ocrx_word' id='word_1_383' title='bbox 1885 295 2044 328; x_wconf 86' lang='lat' dir='ltr'>facerent</span> <span class='ocrx_word' id='word_1_384' title='bbox 2066 293 2185 329; x_wconf 88' lang='lat' dir='ltr'>homi-</span> 
     </span>
     <span class='ocr_line' id='line_1_56' title="bbox 1191 344 2183 389; baseline 0.003 -11"><span class='ocrx_word' id='word_1_385' title='bbox 1191 357 1254 379; x_wconf 88' lang='lat' dir='ltr'>nes</span> <span class='ocrx_word' id='word_1_386' title='bbox 1272 344 1309 377; x_wconf 89' lang='lat' dir='ltr'>in</span> <span class='ocrx_word' id='word_1_387' title='bbox 1325 344 1552 389; x_wconf 87' lang='lat' dir='ltr'>spectaculis,</span> <span class='ocrx_word' id='word_1_388' title='bbox 1579 345 1690 385; x_wconf 89' lang='lat' dir='ltr'>ludis,</span> <span class='ocrx_word' id='word_1_389' title='bbox 1718 346 1890 380; x_wconf 80' lang='lat' dir='ltr'>conviviis</span> <span class='ocrx_word' id='word_1_390' title='bbox 1907 346 2019 379; x_wconf 87' lang='lat' dir='ltr'>vitam</span> <span class='ocrx_word' id='word_1_391' title='bbox 2038 358 2183 381; x_wconf 86' lang='lat' dir='ltr'>omnem</span> 
     </span>
     <span class='ocr_line' id='line_1_57' title="bbox 1193 395 2188 433; baseline 0.002 -3"><span class='ocrx_word' id='word_1_392' title='bbox 1193 395 1468 430; x_wconf 85' lang='lat' dir='ltr'>consumentes?</span> <span class='ocrx_word' id='word_1_393' title='bbox 1513 395 1550 428; x_wconf 93' lang='lat' dir='ltr'>Si</span> <span class='ocrx_word' id='word_1_394' title='bbox 1572 408 1664 430; x_wconf 90' lang='lat' dir='ltr'>unus</span> <span class='ocrx_word' id='word_1_395' title='bbox 1680 396 1939 432; x_wconf 88' lang='lat' dir='ltr'>Demosthenes</span> <span class='ocrx_word' id='word_1_396' title='bbox 1964 409 2040 431; x_wconf 88' lang='lat' dir='ltr'>non</span> <span class='ocrx_word' id='word_1_397' title='bbox 2062 398 2188 433; x_wconf 82' lang='lat' dir='ltr'>fuisset</span> 
     </span>
     <span class='ocr_line' id='line_1_58' title="bbox 1192 446 2187 494; baseline 0 -11"><span class='ocrx_word' id='word_1_398' title='bbox 1192 446 1363 487; x_wconf 87' lang='lat' dir='ltr'>Athenis,</span> <span class='ocrx_word' id='word_1_399' title='bbox 1389 446 1528 480; x_wconf 85' lang='lat' dir='ltr'>facilius</span> <span class='ocrx_word' id='word_1_400' title='bbox 1542 446 1649 491; x_wconf 87' lang='lat' dir='ltr'>potiti</span> <span class='ocrx_word' id='word_1_401' title='bbox 1666 460 1819 483; x_wconf 88' lang='lat' dir='ltr'>essemus</span> <span class='ocrx_word' id='word_1_402' title='bbox 1841 449 1930 483; x_wconf 89' lang='lat' dir='ltr'>urbe</span> <span class='ocrx_word' id='word_1_403' title='bbox 1956 461 2063 494; x_wconf 86' lang='lat' dir='ltr'>quam</span> <span class='ocrx_word' id='word_1_404' title='bbox 2090 447 2187 483; x_wconf 87' lang='lat' dir='ltr'>The-</span> 
     </span>
     <span class='ocr_line' id='line_1_59' title="bbox 1193 496 2186 545; baseline 0.002 -13"><span class='ocrx_word' id='word_1_405' title='bbox 1193 499 1247 533; x_wconf 91' lang='lat' dir='ltr'>bis</span> <span class='ocrx_word' id='word_1_406' title='bbox 1272 505 1334 531; x_wconf 87' lang='lat' dir='ltr'>aut</span> <span class='ocrx_word' id='word_1_407' title='bbox 1357 496 1542 532; x_wconf 87' lang='lat' dir='ltr'>Thessalia</span> <span class='ocrx_word' id='word_1_408' title='bbox 1567 498 1671 538; x_wconf 93' lang='lat' dir='ltr'>dolo,</span> <span class='ocrx_word' id='word_1_409' title='bbox 1710 499 1746 532; x_wconf 90' lang='lat' dir='ltr'>vi</span> <span class='ocrx_word' id='word_1_410' title='bbox 1774 500 2018 545; x_wconf 88' lang='lat' dir='ltr'>opprimentes</span> <span class='ocrx_word' id='word_1_411' title='bbox 2049 507 2084 534; x_wconf 87' lang='lat' dir='ltr'>et</span> <span class='ocrx_word' id='word_1_412' title='bbox 2108 513 2186 534; x_wconf 90' lang='lat' dir='ltr'>cor-</span> 
     </span>
     <span class='ocr_line' id='line_1_60' title="bbox 1194 548 2188 596; baseline 0.002 -12"><span class='ocrx_word' id='word_1_413' title='bbox 1194 556 1414 594; x_wconf 88' lang='lat' dir='ltr'>rumpentes.</span> <span class='ocrx_word' id='word_1_414' title='bbox 1481 548 1616 583; x_wconf 86' lang='lat' dir='ltr'>Verum</span> <span class='ocrx_word' id='word_1_415' title='bbox 1643 562 1736 583; x_wconf 93' lang='lat' dir='ltr'>unus</span> <span class='ocrx_word' id='word_1_416' title='bbox 1767 551 1824 584; x_wconf 89' lang='lat' dir='ltr'>ille</span> <span class='ocrx_word' id='word_1_417' title='bbox 1850 552 1974 596; x_wconf 85' lang='lat' dir='ltr'>vigilat</span> <span class='ocrx_word' id='word_1_418' title='bbox 2000 552 2036 584; x_wconf 94' lang='lat' dir='ltr'>in</span> <span class='ocrx_word' id='word_1_419' title='bbox 2063 564 2188 587; x_wconf 90' lang='lat' dir='ltr'>omnes</span> 
     </span>
     <span class='ocr_line' id='line_1_61' title="bbox 1194 600 2188 648; baseline 0.003 -13"><span class='ocrx_word' id='word_1_420' title='bbox 1194 603 1353 635; x_wconf 85' lang='lat' dir='ltr'>intentus</span> <span class='ocrx_word' id='word_1_421' title='bbox 1373 600 1575 635; x_wconf 89' lang='lat' dir='ltr'>occasiones</span> <span class='ocrx_word' id='word_1_422' title='bbox 1588 627 1597 641; x_wconf 88' lang='lat'>‚</span> <span class='ocrx_word' id='word_1_423' title='bbox 1623 607 1658 634; x_wconf 90' lang='lat' dir='ltr'>et</span> <span class='ocrx_word' id='word_1_424' title='bbox 1674 608 1817 635; x_wconf 84' lang='lat' dir='ltr'>nostros</span> <span class='ocrx_word' id='word_1_425' title='bbox 1835 603 2000 636; x_wconf 90' lang='lat' dir='ltr'>observat</span> <span class='ocrx_word' id='word_1_426' title='bbox 2021 603 2188 648; x_wconf 89' lang='lat' dir='ltr'>impetus,</span> 
     </span>
     <span class='ocr_line' id='line_1_62' title="bbox 1196 653 2189 690; baseline 0.001 -3"><span class='ocrx_word' id='word_1_427' title='bbox 1196 660 1230 687; x_wconf 90' lang='lat' dir='ltr'>et</span> <span class='ocrx_word' id='word_1_428' title='bbox 1246 654 1438 687; x_wconf 88' lang='lat' dir='ltr'>instructus</span> <span class='ocrx_word' id='word_1_429' title='bbox 1463 658 1514 686; x_wconf 89' lang='lat' dir='ltr'>est</span> <span class='ocrx_word' id='word_1_430' title='bbox 1537 653 1706 686; x_wconf 85' lang='lat' dir='ltr'>adversus</span> <span class='ocrx_word' id='word_1_431' title='bbox 1728 659 1851 686; x_wconf 87' lang='lat' dir='ltr'>nostra</span> <span class='ocrx_word' id='word_1_432' title='bbox 1876 654 2035 689; x_wconf 88' lang='lat' dir='ltr'>consilia.</span> <span class='ocrx_word' id='word_1_433' title='bbox 2088 655 2189 690; x_wconf 91' lang='lat' dir='ltr'>Nun-</span> 
     </span>
     <span class='ocr_line' id='line_1_63' title="bbox 1197 704 2189 751; baseline 0.003 -13"><span class='ocrx_word' id='word_1_434' title='bbox 1197 717 1304 751; x_wconf 90' lang='lat' dir='ltr'>quam</span> <span class='ocrx_word' id='word_1_435' title='bbox 1332 704 1455 738; x_wconf 82' lang='lat' dir='ltr'>sallere</span> <span class='ocrx_word' id='word_1_436' title='bbox 1480 715 1596 750; x_wconf 90' lang='lat' dir='ltr'>neque</span> <span class='ocrx_word' id='word_1_437' title='bbox 1621 704 1826 738; x_wconf 88' lang='lat' dir='ltr'>insidiando</span> <span class='ocrx_word' id='word_1_438' title='bbox 1843 730 1853 745; x_wconf 93' lang='lat'>,</span> <span class='ocrx_word' id='word_1_439' title='bbox 1893 716 2009 750; x_wconf 89' lang='lat' dir='ltr'>neque</span> <span class='ocrx_word' id='word_1_440' title='bbox 2038 708 2189 751; x_wconf 86' lang='lat' dir='ltr'>agendo,</span> 
     </span>
     <span class='ocr_line' id='line_1_64' title="bbox 1196 755 2188 802; baseline 0.004 -13"><span class='ocrx_word' id='word_1_441' title='bbox 1196 769 1311 802; x_wconf 88' lang='lat' dir='ltr'>neque</span> <span class='ocrx_word' id='word_1_442' title='bbox 1337 756 1556 790; x_wconf 88' lang='lat' dir='ltr'>consulendo</span> <span class='ocrx_word' id='word_1_443' title='bbox 1582 768 1782 800; x_wconf 81' lang='lat' dir='ltr'>possumus.</span> <span class='ocrx_word' id='word_1_444' title='bbox 1851 755 1919 789; x_wconf 89' lang='lat' dir='ltr'>Hic</span> <span class='ocrx_word' id='word_1_445' title='bbox 1945 756 2044 789; x_wconf 90' lang='lat' dir='ltr'>velut</span> <span class='ocrx_word' id='word_1_446' title='bbox 2064 770 2188 793; x_wconf 86' lang='lat' dir='ltr'>murus</span> 
     </span>
     <span class='ocr_line' id='line_1_65' title="bbox 1197 807 2190 854; baseline 0.002 -13"><span class='ocrx_word' id='word_1_447' title='bbox 1197 815 1248 842; x_wconf 88' lang='lat' dir='ltr'>est</span> <span class='ocrx_word' id='word_1_448' title='bbox 1264 814 1326 841; x_wconf 91' lang='lat' dir='ltr'>aut</span> <span class='ocrx_word' id='word_1_449' title='bbox 1341 807 1507 852; x_wconf 85' lang='lat' dir='ltr'>scopulus</span> <span class='ocrx_word' id='word_1_450' title='bbox 1525 807 1717 848; x_wconf 86' lang='lat' dir='ltr'>obsistens,</span> <span class='ocrx_word' id='word_1_451' title='bbox 1745 820 1816 853; x_wconf 93' lang='lat' dir='ltr'>quo</span> <span class='ocrx_word' id='word_1_452' title='bbox 1832 807 1951 841; x_wconf 89' lang='lat' dir='ltr'>minus</span> <span class='ocrx_word' id='word_1_453' title='bbox 1972 807 2093 841; x_wconf 90' lang='lat' dir='ltr'>omnia</span> <span class='ocrx_word' id='word_1_454' title='bbox 2116 810 2190 854; x_wconf 89' lang='lat' dir='ltr'>pri-</span> 
     </span>
     <span class='ocr_line' id='line_1_66' title="bbox 1196 858 2189 905; baseline 0 -13"><span class='ocrx_word' id='word_1_455' title='bbox 1196 872 1256 893; x_wconf 90' lang='lat' dir='ltr'>mo</span> <span class='ocrx_word' id='word_1_456' title='bbox 1284 860 1421 904; x_wconf 89' lang='lat' dir='ltr'>impetu</span> <span class='ocrx_word' id='word_1_457' title='bbox 1452 858 1646 903; x_wconf 89' lang='lat' dir='ltr'>capiamus.</span> <span class='ocrx_word' id='word_1_458' title='bbox 1720 859 1814 893; x_wconf 61' lang='lat' dir='ltr'>Nam</span> <span class='ocrx_word' id='word_1_459' title='bbox 1843 865 2018 904; x_wconf 88' lang='lat' dir='ltr'>quantum</span> <span class='ocrx_word' id='word_1_460' title='bbox 2044 859 2082 892; x_wconf 90' lang='lat' dir='ltr'>in</span> <span class='ocrx_word' id='word_1_461' title='bbox 2111 860 2189 905; x_wconf 87' lang='lat' dir='ltr'>ipso</span> 
     </span>
     <span class='ocr_line' id='line_1_67' title="bbox 1195 909 2189 956; baseline 0.001 -12"><span class='ocrx_word' id='word_1_462' title='bbox 1195 912 1281 951; x_wconf 88' lang='lat' dir='ltr'>fuit,</span> <span class='ocrx_word' id='word_1_463' title='bbox 1308 923 1383 944; x_wconf 91' lang='lat' dir='ltr'>non</span> <span class='ocrx_word' id='word_1_464' title='bbox 1408 911 1646 955; x_wconf 90' lang='lat' dir='ltr'>potuissemus</span> <span class='ocrx_word' id='word_1_465' title='bbox 1664 909 1893 955; x_wconf 89' lang='lat' dir='ltr'>Amphipoli,</span> <span class='ocrx_word' id='word_1_466' title='bbox 1921 923 1995 943; x_wconf 93' lang='lat' dir='ltr'>non</span> <span class='ocrx_word' id='word_1_467' title='bbox 2014 909 2189 956; x_wconf 87' lang='lat' dir='ltr'>Olyntho,</span> 
     </span>
     <span class='ocr_line' id='line_1_68' title="bbox 1197 960 2189 1009; baseline 0.002 -14"><span class='ocrx_word' id='word_1_468' title='bbox 1197 975 1270 996; x_wconf 87' lang='lat' dir='ltr'>non</span> <span class='ocrx_word' id='word_1_469' title='bbox 1287 960 1550 1003; x_wconf 86' lang='lat' dir='ltr'>Phocensibus,</span> <span class='ocrx_word' id='word_1_470' title='bbox 1577 974 1651 995; x_wconf 92' lang='lat' dir='ltr'>non</span> <span class='ocrx_word' id='word_1_471' title='bbox 1669 962 1758 1007; x_wconf 83' lang='lat' dir='ltr'>Pylo</span> <span class='ocrx_word' id='word_1_472' title='bbox 1771 989 1779 1002; x_wconf 95' lang='lat'><em>‚</em></span> <span class='ocrx_word' id='word_1_473' title='bbox 1801 975 1876 996; x_wconf 89' lang='lat' dir='ltr'>non</span> <span class='ocrx_word' id='word_1_474' title='bbox 1892 960 2116 997; x_wconf 88' lang='lat' dir='ltr'>Chersoneso</span> <span class='ocrx_word' id='word_1_475' title='bbox 2127 963 2189 1009; x_wconf 72' lang='lat'>⁴⁴¹²²),</span> 
     </span>
     <span class='ocr_line' id='line_1_69' title="bbox 1197 1013 2191 1058; baseline 0.001 -11"><span class='ocrx_word' id='word_1_476' title='bbox 1197 1026 1273 1048; x_wconf 91' lang='lat' dir='ltr'>non</span> <span class='ocrx_word' id='word_1_477' title='bbox 1298 1027 1361 1048; x_wconf 90' lang='lat' dir='ltr'>ora</span> <span class='ocrx_word' id='word_1_478' title='bbox 1387 1013 1611 1058; x_wconf 87' lang='lat' dir='ltr'>Hellesponti</span> <span class='ocrx_word' id='word_1_479' title='bbox 1634 1014 1755 1058; x_wconf 89' lang='lat' dir='ltr'>potiri.</span> <span class='ocrx_word' id='word_1_480' title='bbox 1809 1013 1870 1047; x_wconf 90' lang='lat' dir='ltr'>Ille</span> <span class='ocrx_word' id='word_1_481' title='bbox 1895 1014 2028 1048; x_wconf 88' lang='lat' dir='ltr'>invitos</span> <span class='ocrx_word' id='word_1_482' title='bbox 2053 1014 2191 1057; x_wconf 88' lang='lat' dir='ltr'>incitat,</span> 
     </span>
     <span class='ocr_line' id='line_1_70' title="bbox 1198 1065 2193 1111; baseline 0.002 -13"><span class='ocrx_word' id='word_1_483' title='bbox 1198 1072 1231 1099; x_wconf 89' lang='lat' dir='ltr'>et</span> <span class='ocrx_word' id='word_1_484' title='bbox 1247 1073 1421 1111; x_wconf 86' lang='lat' dir='ltr'>tanquam</span> <span class='ocrx_word' id='word_1_485' title='bbox 1444 1066 1685 1109; x_wconf 81' lang='lat' dir='ltr'>mandragora</span> <span class='ocrx_word' id='word_1_486' title='bbox 1711 1065 1846 1110; x_wconf 90' lang='lat' dir='ltr'>sopitos</span> <span class='ocrx_word' id='word_1_487' title='bbox 1870 1066 2124 1111; x_wconf 86' lang='lat' dir='ltr'>expergefacit,</span> <span class='ocrx_word' id='word_1_488' title='bbox 2152 1079 2193 1101; x_wconf 88' lang='lat' dir='ltr'>ac</span> 
     </span>
     <span class='ocr_line' id='line_1_71' title="bbox 1197 1117 2192 1161; baseline 0.002 -11"><span class='ocrx_word' id='word_1_489' title='bbox 1197 1117 1295 1151; x_wconf 66' lang='lat' dir='ltr'>velut</span> <span class='ocrx_word' id='word_1_490' title='bbox 1324 1129 1445 1151; x_wconf 88' lang='lat' dir='ltr'>secans</span> <span class='ocrx_word' id='word_1_491' title='bbox 1479 1123 1514 1150; x_wconf 90' lang='lat' dir='ltr'>et</span> <span class='ocrx_word' id='word_1_492' title='bbox 1536 1129 1643 1150; x_wconf 91' lang='lat' dir='ltr'>urens</span> <span class='ocrx_word' id='word_1_493' title='bbox 1671 1118 1819 1161; x_wconf 88' lang='lat' dir='ltr'>castigat</span> <span class='ocrx_word' id='word_1_494' title='bbox 1845 1117 2027 1161; x_wconf 85' lang='lat' dir='ltr'>ignaviam</span> <span class='ocrx_word' id='word_1_495' title='bbox 2051 1130 2192 1153; x_wconf 89' lang='lat' dir='ltr'>summa</span> 
     </span>
     <span class='ocr_line' id='line_1_72' title="bbox 1196 1166 2194 1215; baseline 0.002 -13"><span class='ocrx_word' id='word_1_496' title='bbox 1196 1170 1381 1209; x_wconf 83' lang='lat' dir='ltr'>libertate,</span> <span class='ocrx_word' id='word_1_497' title='bbox 1407 1166 1499 1201; x_wconf 87' lang='lat' dir='ltr'>nihil</span> <span class='ocrx_word' id='word_1_498' title='bbox 1522 1170 1566 1201; x_wconf 87' lang='lat' dir='ltr'>ad</span> <span class='ocrx_word' id='word_1_499' title='bbox 1582 1169 1733 1213; x_wconf 84' lang='lat' dir='ltr'>gratiam</span> <span class='ocrx_word' id='word_1_500' title='bbox 1761 1169 1892 1203; x_wconf 88' lang='lat' dir='ltr'>dicens.</span> <span class='ocrx_word' id='word_1_501' title='bbox 1944 1169 2110 1204; x_wconf 88' lang='lat' dir='ltr'>Publicas</span> <span class='ocrx_word' id='word_1_502' title='bbox 2132 1183 2194 1215; x_wconf 91' lang='lat' dir='ltr'>pe-</span> 
     </span>
     <span class='ocr_line' id='line_1_73' title="bbox 1199 1220 2192 1266; baseline 0.001 -12"><span class='ocrx_word' id='word_1_503' title='bbox 1199 1221 1340 1261; x_wconf 89' lang='lat' dir='ltr'>cunias,</span> <span class='ocrx_word' id='word_1_504' title='bbox 1368 1233 1458 1266; x_wconf 89' lang='lat' dir='ltr'>quae</span> <span class='ocrx_word' id='word_1_505' title='bbox 1483 1226 1587 1253; x_wconf 88' lang='lat' dir='ltr'>antea</span> <span class='ocrx_word' id='word_1_506' title='bbox 1613 1220 1879 1264; x_wconf 84' lang='lat' dir='ltr'>dissipabantur</span> <span class='ocrx_word' id='word_1_507' title='bbox 1905 1220 1944 1253; x_wconf 89' lang='lat' dir='ltr'>in</span> <span class='ocrx_word' id='word_1_508' title='bbox 1968 1221 2080 1263; x_wconf 86' lang='lat' dir='ltr'>ludis,</span> <span class='ocrx_word' id='word_1_509' title='bbox 2108 1234 2192 1255; x_wconf 91' lang='lat' dir='ltr'>con-</span> 
     </span>
     <span class='ocr_line' id='line_1_74' title="bbox 1197 1271 2191 1319; baseline 0.001 -13"><span class='ocrx_word' id='word_1_510' title='bbox 1197 1274 1266 1306; x_wconf 88' lang='lat' dir='ltr'>fert</span> <span class='ocrx_word' id='word_1_511' title='bbox 1302 1273 1339 1304; x_wconf 90' lang='lat' dir='ltr'>in</span> <span class='ocrx_word' id='word_1_512' title='bbox 1383 1271 1621 1315; x_wconf 87' lang='lat' dir='ltr'>stipendium,</span> <span class='ocrx_word' id='word_1_513' title='bbox 1664 1272 1855 1305; x_wconf 86' lang='lat' dir='ltr'>conscribit</span> <span class='ocrx_word' id='word_1_514' title='bbox 1889 1272 2055 1314; x_wconf 87' lang='lat' dir='ltr'>classem,</span> <span class='ocrx_word' id='word_1_515' title='bbox 2099 1285 2191 1319; x_wconf 86' lang='lat' dir='ltr'>quae</span> 
     </span>
     <span class='ocr_line' id='line_1_75' title="bbox 1198 1322 2192 1367; baseline 0.004 -12"><span class='ocrx_word' id='word_1_516' title='bbox 1198 1335 1310 1367; x_wconf 92' lang='lat' dir='ltr'>paene</span> <span class='ocrx_word' id='word_1_517' title='bbox 1342 1322 1499 1366; x_wconf 88' lang='lat' dir='ltr'>perierat</span> <span class='ocrx_word' id='word_1_518' title='bbox 1528 1323 1735 1357; x_wconf 83' lang='lat' dir='ltr'>confusione</span> <span class='ocrx_word' id='word_1_519' title='bbox 1766 1330 1928 1357; x_wconf 82' lang='lat' dir='ltr'>veterum</span> <span class='ocrx_word' id='word_1_520' title='bbox 1960 1324 2192 1360; x_wconf 88' lang='lat' dir='ltr'>tributorum.</span> 
     </span>
     <span class='ocr_line' id='line_1_76' title="bbox 1197 1372 2194 1420; baseline 0.002 -13"><span class='ocrx_word' id='word_1_521' title='bbox 1197 1374 1243 1407; x_wconf 87' lang='lat' dir='ltr'>Et</span> <span class='ocrx_word' id='word_1_522' title='bbox 1265 1374 1411 1414; x_wconf 88' lang='lat' dir='ltr'>urbem,</span> <span class='ocrx_word' id='word_1_523' title='bbox 1440 1386 1532 1419; x_wconf 88' lang='lat' dir='ltr'>quae</span> <span class='ocrx_word' id='word_1_524' title='bbox 1556 1374 1627 1406; x_wconf 88' lang='lat' dir='ltr'>iam</span> <span class='ocrx_word' id='word_1_525' title='bbox 1651 1372 1741 1407; x_wconf 89' lang='lat' dir='ltr'>nihil</span> <span class='ocrx_word' id='word_1_526' title='bbox 1765 1387 1977 1418; x_wconf 88' lang='lat' dir='ltr'>generosum</span> <span class='ocrx_word' id='word_1_527' title='bbox 2002 1376 2194 1420; x_wconf 85' lang='lat' dir='ltr'>cogitabat,</span> 
     </span>
     <span class='ocr_line' id='line_1_77' title="bbox 1198 1425 2194 1471; baseline 0.002 -12"><span class='ocrx_word' id='word_1_528' title='bbox 1198 1432 1337 1459; x_wconf 89' lang='lat' dir='ltr'>tantum</span> <span class='ocrx_word' id='word_1_529' title='bbox 1357 1426 1535 1469; x_wconf 83' lang='lat' dir='ltr'>sportulas</span> <span class='ocrx_word' id='word_1_530' title='bbox 1559 1431 1593 1458; x_wconf 87' lang='lat' dir='ltr'>et</span> <span class='ocrx_word' id='word_1_531' title='bbox 1615 1425 1904 1471; x_wconf 87' lang='lat' dir='ltr'>sesquidenarios</span> <span class='ocrx_word' id='word_1_532' title='bbox 1926 1427 2112 1471; x_wconf 84' lang='lat' dir='ltr'>captabat,</span> <span class='ocrx_word' id='word_1_533' title='bbox 2138 1439 2194 1461; x_wconf 87' lang='lat' dir='ltr'>re-</span> 
     </span>
     <span class='ocr_line' id='line_1_78' title="bbox 1197 1476 2193 1521; baseline 0.001 -10"><span class='ocrx_word' id='word_1_534' title='bbox 1197 1477 1312 1511; x_wconf 87' lang='lat' dir='ltr'>stituit</span> <span class='ocrx_word' id='word_1_535' title='bbox 1337 1478 1372 1509; x_wconf 90' lang='lat' dir='ltr'>in</span> <span class='ocrx_word' id='word_1_536' title='bbox 1395 1476 1583 1520; x_wconf 84' lang='lat' dir='ltr'>pristinam</span> <span class='ocrx_word' id='word_1_537' title='bbox 1609 1477 1841 1521; x_wconf 90' lang='lat' dir='ltr'>dignitatem,</span> <span class='ocrx_word' id='word_1_538' title='bbox 1880 1484 1914 1511; x_wconf 89' lang='lat' dir='ltr'>et</span> <span class='ocrx_word' id='word_1_539' title='bbox 1936 1478 2103 1512; x_wconf 83' lang='lat' dir='ltr'>excitavit</span> <span class='ocrx_word' id='word_1_540' title='bbox 2122 1479 2193 1512; x_wconf 87' lang='lat' dir='ltr'>fra-</span> 
     </span>
     <span class='ocr_line' id='line_1_79' title="bbox 1199 1528 2192 1574; baseline 0.002 -12"><span class='ocrx_word' id='word_1_541' title='bbox 1199 1535 1272 1562; x_wconf 90' lang='lat' dir='ltr'>ctos</span> <span class='ocrx_word' id='word_1_542' title='bbox 1308 1535 1342 1561; x_wconf 89' lang='lat' dir='ltr'>et</span> <span class='ocrx_word' id='word_1_543' title='bbox 1376 1528 1530 1562; x_wconf 90' lang='lat' dir='ltr'>abiectos</span> <span class='ocrx_word' id='word_1_544' title='bbox 1567 1528 1658 1562; x_wconf 77' lang='lat' dir='ltr'>cives</span> <span class='ocrx_word' id='word_1_545' title='bbox 1695 1530 1740 1562; x_wconf 92' lang='lat' dir='ltr'>ad</span> <span class='ocrx_word' id='word_1_546' title='bbox 1775 1529 2014 1563; x_wconf 87' lang='lat' dir='ltr'>imitationem</span> <span class='ocrx_word' id='word_1_547' title='bbox 2056 1530 2192 1574; x_wconf 81' lang='lat' dir='ltr'>gloriae</span> 
     </span>
     <span class='ocr_line' id='line_1_80' title="bbox 1199 1579 2192 1620; baseline 0.002 -8"><span class='ocrx_word' id='word_1_548' title='bbox 1199 1580 1399 1620; x_wconf 87' lang='lat' dir='ltr'>maiorum,</span> <span class='ocrx_word' id='word_1_549' title='bbox 1435 1586 1468 1613; x_wconf 90' lang='lat' dir='ltr'>et</span> <span class='ocrx_word' id='word_1_550' title='bbox 1488 1592 1609 1613; x_wconf 90' lang='lat' dir='ltr'>rerum</span> <span class='ocrx_word' id='word_1_551' title='bbox 1634 1581 1679 1613; x_wconf 83' lang='lat' dir='ltr'>ad</span> <span class='ocrx_word' id='word_1_552' title='bbox 1704 1579 1956 1614; x_wconf 84' lang='lat' dir='ltr'>Marathonem</span> <span class='ocrx_word' id='word_1_553' title='bbox 1981 1587 2016 1614; x_wconf 91' lang='lat' dir='ltr'>et</span> <span class='ocrx_word' id='word_1_554' title='bbox 2040 1581 2192 1615; x_wconf 89' lang='lat' dir='ltr'>Salami-</span> 
     </span>
     <span class='ocr_line' id='line_1_81' title="bbox 1198 1631 2192 1676; baseline 0.002 -11"><span class='ocrx_word' id='word_1_555' title='bbox 1198 1644 1278 1665; x_wconf 88' lang='lat' dir='ltr'>nem</span> <span class='ocrx_word' id='word_1_556' title='bbox 1297 1638 1488 1676; x_wconf 86' lang='lat' dir='ltr'>gestarum.</span> <span class='ocrx_word' id='word_1_557' title='bbox 1542 1631 1590 1664; x_wconf 88' lang='lat' dir='ltr'>Et</span> <span class='ocrx_word' id='word_1_558' title='bbox 1615 1632 1772 1666; x_wconf 89' lang='lat' dir='ltr'>Graecos</span> <span class='ocrx_word' id='word_1_559' title='bbox 1794 1633 1887 1666; x_wconf 87' lang='lat' dir='ltr'>inter</span> <span class='ocrx_word' id='word_1_560' title='bbox 1909 1645 1946 1666; x_wconf 90' lang='lat' dir='ltr'>se</span> <span class='ocrx_word' id='word_1_561' title='bbox 1968 1633 2136 1667; x_wconf 87' lang='lat' dir='ltr'>societate</span> <span class='ocrx_word' id='word_1_562' title='bbox 2156 1639 2192 1667; x_wconf 90' lang='lat' dir='ltr'>et</span> 
     </span>
     <span class='ocr_line' id='line_1_82' title="bbox 1196 1682 2190 1729; baseline 0.001 -12"><span class='ocrx_word' id='word_1_563' title='bbox 1196 1684 1398 1717; x_wconf 81' lang='lat' dir='ltr'>foederibus</span> <span class='ocrx_word' id='word_1_564' title='bbox 1422 1682 1593 1718; x_wconf 71' lang='lat' dir='ltr'>devinxit.</span> <span class='ocrx_word' id='word_1_565' title='bbox 1653 1683 1719 1717; x_wconf 91' lang='lat' dir='ltr'>Hic</span> <span class='ocrx_word' id='word_1_566' title='bbox 1745 1696 1820 1717; x_wconf 90' lang='lat' dir='ltr'>non</span> <span class='ocrx_word' id='word_1_567' title='bbox 1844 1690 1961 1729; x_wconf 89' lang='lat' dir='ltr'>potest</span> <span class='ocrx_word' id='word_1_568' title='bbox 1986 1685 2081 1726; x_wconf 85' lang='lat' dir='ltr'>falli,</span> <span class='ocrx_word' id='word_1_569' title='bbox 2113 1697 2190 1718; x_wconf 90' lang='lat' dir='ltr'>non</span> 
     </span>
     <span class='ocr_line' id='line_1_83' title="bbox 1197 1735 2190 1782; baseline 0.002 -13"><span class='ocrx_word' id='word_1_570' title='bbox 1197 1742 1272 1769; x_wconf 84' lang='lat' dir='ltr'>arte</span> <span class='ocrx_word' id='word_1_571' title='bbox 1309 1735 1443 1780; x_wconf 88' lang='lat' dir='ltr'>decipi:</span> <span class='ocrx_word' id='word_1_572' title='bbox 1481 1735 1666 1780; x_wconf 89' lang='lat' dir='ltr'>corrumpi</span> <span class='ocrx_word' id='word_1_573' title='bbox 1695 1748 1780 1769; x_wconf 82' lang='lat' dir='ltr'>vero</span> <span class='ocrx_word' id='word_1_574' title='bbox 1811 1748 1885 1769; x_wconf 90' lang='lat' dir='ltr'>non</span> <span class='ocrx_word' id='word_1_575' title='bbox 1916 1736 2028 1781; x_wconf 86' lang='lat' dir='ltr'>magis</span> <span class='ocrx_word' id='word_1_576' title='bbox 2059 1743 2190 1782; x_wconf 80' lang='lat' dir='ltr'>potest,</span> 
     </span>
     <span class='ocr_line' id='line_1_84' title="bbox 1198 1787 2191 1833; baseline 0.001 -13"><span class='ocrx_word' id='word_1_577' title='bbox 1198 1801 1307 1833; x_wconf 87' lang='lat' dir='ltr'>quam</span> <span class='ocrx_word' id='word_1_578' title='bbox 1333 1787 1507 1820; x_wconf 82' lang='lat' dir='ltr'>Aristides</span> <span class='ocrx_word' id='word_1_579' title='bbox 1540 1800 1559 1820; x_wconf 92' lang='lat' dir='ltr'>a</span> <span class='ocrx_word' id='word_1_580' title='bbox 1590 1799 1671 1831; x_wconf 88' lang='lat' dir='ltr'>rege</span> <span class='ocrx_word' id='word_1_581' title='bbox 1693 1787 1885 1822; x_wconf 87' lang='lat' dir='ltr'>Persarum</span> <span class='ocrx_word' id='word_1_582' title='bbox 1919 1788 2103 1833; x_wconf 88' lang='lat' dir='ltr'>corrumpi</span> <span class='ocrx_word' id='word_1_583' title='bbox 2126 1800 2191 1833; x_wconf 92' lang='lat' dir='ltr'>po-</span> 
     </span>
     <span class='ocr_line' id='line_1_85' title="bbox 1198 1838 2190 1884; baseline 0.002 -12"><span class='ocrx_word' id='word_1_584' title='bbox 1198 1839 1275 1873; x_wconf 88' lang='lat' dir='ltr'>tuit.</span> <span class='ocrx_word' id='word_1_585' title='bbox 1337 1838 1442 1872; x_wconf 90' lang='lat' dir='ltr'>Hunc</span> <span class='ocrx_word' id='word_1_586' title='bbox 1477 1838 1586 1882; x_wconf 89' lang='lat' dir='ltr'>igitur</span> <span class='ocrx_word' id='word_1_587' title='bbox 1621 1839 1810 1883; x_wconf 87' lang='lat' dir='ltr'>Antipater</span> <span class='ocrx_word' id='word_1_588' title='bbox 1846 1840 1960 1884; x_wconf 86' lang='lat' dir='ltr'>magis</span> <span class='ocrx_word' id='word_1_589' title='bbox 1992 1840 2190 1874; x_wconf 85' lang='lat' dir='ltr'>formidare</span> 
     </span>
     <span class='ocr_line' id='line_1_86' title="bbox 1197 1890 2190 1936; baseline 0 -11"><span class='ocrx_word' id='word_1_590' title='bbox 1197 1890 1378 1936; x_wconf 86' lang='lat' dir='ltr'>oportuit,</span> <span class='ocrx_word' id='word_1_591' title='bbox 1422 1902 1530 1936; x_wconf 88' lang='lat' dir='ltr'>quam</span> <span class='ocrx_word' id='word_1_592' title='bbox 1567 1903 1690 1925; x_wconf 90' lang='lat' dir='ltr'>omnes</span> <span class='ocrx_word' id='word_1_593' title='bbox 1723 1891 1885 1925; x_wconf 86' lang='lat' dir='ltr'>triremes</span> <span class='ocrx_word' id='word_1_594' title='bbox 1915 1897 1951 1925; x_wconf 89' lang='lat' dir='ltr'>et</span> <span class='ocrx_word' id='word_1_595' title='bbox 1984 1891 2190 1926; x_wconf 84' lang='lat' dir='ltr'>universam</span> 
     </span>
     <span class='ocr_line' id='line_1_87' title="bbox 1197 1941 2189 1987; baseline 0.001 -11"><span class='ocrx_word' id='word_1_596' title='bbox 1197 1944 1355 1976; x_wconf 89' lang='lat' dir='ltr'>classem.</span> <span class='ocrx_word' id='word_1_597' title='bbox 1417 1942 1525 1987; x_wconf 88' lang='lat' dir='ltr'>Quod</span> <span class='ocrx_word' id='word_1_598' title='bbox 1548 1943 1642 1975; x_wconf 90' lang='lat' dir='ltr'>enim</span> <span class='ocrx_word' id='word_1_599' title='bbox 1668 1944 1762 1987; x_wconf 89' lang='lat' dir='ltr'>apud</span> <span class='ocrx_word' id='word_1_600' title='bbox 1791 1949 1927 1977; x_wconf 77' lang='lat' dir='ltr'>veteres</span> <span class='ocrx_word' id='word_1_601' title='bbox 1951 1941 2189 1978; x_wconf 87' lang='lat' dir='ltr'>Athenienses</span> 
     </span>
     <span class='ocr_line' id='line_1_88' title="bbox 1196 1993 2191 2036; baseline 0.001 -8"><span class='ocrx_word' id='word_1_602' title='bbox 1196 1993 1455 2028; x_wconf 89' lang='lat' dir='ltr'>Themistocles</span> <span class='ocrx_word' id='word_1_603' title='bbox 1486 2000 1520 2027; x_wconf 90' lang='lat' dir='ltr'>et</span> <span class='ocrx_word' id='word_1_604' title='bbox 1554 1993 1708 2027; x_wconf 88' lang='lat' dir='ltr'>Pericles</span> <span class='ocrx_word' id='word_1_605' title='bbox 1742 1995 1905 2036; x_wconf 82' lang='lat' dir='ltr'>fuerunt,</span> <span class='ocrx_word' id='word_1_606' title='bbox 1940 1994 1977 2027; x_wconf 87' lang='lat' dir='ltr'>id</span> <span class='ocrx_word' id='word_1_607' title='bbox 2010 2006 2107 2029; x_wconf 88' lang='lat' dir='ltr'>nune</span> <span class='ocrx_word' id='word_1_608' title='bbox 2138 2001 2191 2029; x_wconf 88' lang='lat' dir='ltr'>est</span> 
     </span>
     <span class='ocr_line' id='line_1_89' title="bbox 1195 2043 2189 2091; baseline 0 -12"><span class='ocrx_word' id='word_1_609' title='bbox 1195 2047 1270 2080; x_wconf 92' lang='lat' dir='ltr'>istis</span> <span class='ocrx_word' id='word_1_610' title='bbox 1300 2043 1579 2086; x_wconf 87' lang='lat' dir='ltr'>Demosthenes,</span> <span class='ocrx_word' id='word_1_611' title='bbox 1614 2046 1802 2090; x_wconf 85' lang='lat' dir='ltr'>prudentia</span> <span class='ocrx_word' id='word_1_612' title='bbox 1839 2058 1906 2091; x_wconf 89' lang='lat' dir='ltr'>par</span> <span class='ocrx_word' id='word_1_613' title='bbox 1941 2043 2189 2087; x_wconf 88' lang='lat' dir='ltr'>Themistocli,</span> 
     </span>
     <span class='ocr_line' id='line_1_90' title="bbox 1195 2096 2189 2143; baseline 0.001 -12"><span class='ocrx_word' id='word_1_614' title='bbox 1195 2097 1442 2142; x_wconf 82' lang='lat' dir='ltr'>magnitudine</span> <span class='ocrx_word' id='word_1_615' title='bbox 1475 2096 1587 2129; x_wconf 86' lang='lat' dir='ltr'>animi</span> <span class='ocrx_word' id='word_1_616' title='bbox 1617 2097 1758 2131; x_wconf 90' lang='lat' dir='ltr'>Pericli.</span> <span class='ocrx_word' id='word_1_617' title='bbox 1826 2097 1951 2143; x_wconf 88' lang='lat' dir='ltr'>ltaque</span> <span class='ocrx_word' id='word_1_618' title='bbox 1985 2098 2122 2143; x_wconf 83' lang='lat' dir='ltr'>redegit</span> <span class='ocrx_word' id='word_1_619' title='bbox 2149 2098 2189 2132; x_wconf 90' lang='lat' dir='ltr'>in</span> 
     </span>
     <span class='ocr_line' id='line_1_91' title="bbox 1194 2148 2188 2194; baseline 0.001 -12"><span class='ocrx_word' id='word_1_620' title='bbox 1194 2150 1354 2194; x_wconf 90' lang='lat' dir='ltr'>ipsorum</span> <span class='ocrx_word' id='word_1_621' title='bbox 1394 2154 1605 2193; x_wconf 86' lang='lat' dir='ltr'>potestatem</span> <span class='ocrx_word' id='word_1_622' title='bbox 1639 2148 1845 2189; x_wconf 84' lang='lat' dir='ltr'>Euboeam,</span> <span class='ocrx_word' id='word_1_623' title='bbox 1884 2150 2050 2194; x_wconf 85' lang='lat' dir='ltr'>Megara,</span> <span class='ocrx_word' id='word_1_624' title='bbox 2084 2161 2188 2183; x_wconf 89' lang='lat' dir='ltr'>oram</span> 
     </span>
     <span class='ocr_line' id='line_1_92' title="bbox 1194 2199 2188 2247; baseline 0 -12"><span class='ocrx_word' id='word_1_625' title='bbox 1194 2200 1434 2245; x_wconf 89' lang='lat' dir='ltr'>Hellesponti,</span> <span class='ocrx_word' id='word_1_626' title='bbox 1451 2199 1653 2234; x_wconf 86' lang='lat' dir='ltr'>Boeotiam.</span> <span class='ocrx_word' id='word_1_627' title='bbox 1694 2199 1740 2233; x_wconf 87' lang='lat' dir='ltr'>Et</span> <span class='ocrx_word' id='word_1_628' title='bbox 1757 2200 1906 2234; x_wconf 81' lang='lat' dir='ltr'>feliciter</span> <span class='ocrx_word' id='word_1_629' title='bbox 1922 2201 2071 2242; x_wconf 88' lang='lat' dir='ltr'>accidit,</span> <span class='ocrx_word' id='word_1_630' title='bbox 2089 2203 2188 2247; x_wconf 90' lang='lat' dir='ltr'>quod</span> 
     </span>
     <span class='ocr_line' id='line_1_93' title="bbox 1193 2249 2188 2297; baseline -0.001 -10"><span class='ocrx_word' id='word_1_631' title='bbox 1193 2251 1428 2287; x_wconf 86' lang='lat' dir='ltr'>Athenienses</span> <span class='ocrx_word' id='word_1_632' title='bbox 1444 2249 1651 2292; x_wconf 89' lang='lat' dir='ltr'>Charetem,</span> <span class='ocrx_word' id='word_1_633' title='bbox 1678 2250 1894 2297; x_wconf 86' lang='lat' dir='ltr'>Diopithen‚</span> <span class='ocrx_word' id='word_1_634' title='bbox 1920 2259 1955 2286; x_wconf 89' lang='lat' dir='ltr'>et</span> <span class='ocrx_word' id='word_1_635' title='bbox 1967 2252 2188 2294; x_wconf 81' lang='lat' dir='ltr'>Proxenum,</span> 
     </span>
     <span class='ocr_line' id='line_1_94' title="bbox 1193 2303 2188 2349; baseline -0.002 -10"><span class='ocrx_word' id='word_1_636' title='bbox 1193 2312 1226 2339; x_wconf 89' lang='lat' dir='ltr'>et</span> <span class='ocrx_word' id='word_1_637' title='bbox 1245 2304 1378 2339; x_wconf 88' lang='lat' dir='ltr'>similes</span> <span class='ocrx_word' id='word_1_638' title='bbox 1402 2304 1575 2349; x_wconf 88' lang='lat' dir='ltr'>quosdam</span> <span class='ocrx_word' id='word_1_639' title='bbox 1602 2304 1815 2347; x_wconf 88' lang='lat' dir='ltr'>praeficiunt</span> <span class='ocrx_word' id='word_1_640' title='bbox 1838 2304 2027 2345; x_wconf 82' lang='lat' dir='ltr'>exercitui,</span> <span class='ocrx_word' id='word_1_641' title='bbox 2053 2303 2188 2338; x_wconf 91' lang='lat' dir='ltr'>Demo-</span> 
     </span>
     <span class='ocr_line' id='line_1_95' title="bbox 1190 2354 2189 2401; baseline -0.002 -10"><span class='ocrx_word' id='word_1_642' title='bbox 1190 2355 1353 2392; x_wconf 87' lang='lat' dir='ltr'>sthenem</span> <span class='ocrx_word' id='word_1_643' title='bbox 1370 2367 1454 2389; x_wconf 86' lang='lat' dir='ltr'>vero</span> <span class='ocrx_word' id='word_1_644' title='bbox 1472 2354 1570 2388; x_wconf 89' lang='lat' dir='ltr'>domi</span> <span class='ocrx_word' id='word_1_645' title='bbox 1587 2355 1743 2389; x_wconf 87' lang='lat' dir='ltr'>retinent</span> <span class='ocrx_word' id='word_1_646' title='bbox 1758 2356 1795 2388; x_wconf 92' lang='lat' dir='ltr'>in</span> <span class='ocrx_word' id='word_1_647' title='bbox 1811 2362 1989 2401; x_wconf 86' lang='lat' dir='ltr'>suggestu.</span> <span class='ocrx_word' id='word_1_648' title='bbox 2036 2355 2143 2401; x_wconf 86' lang='lat' dir='ltr'>Quod</span> <span class='ocrx_word' id='word_1_649' title='bbox 2157 2355 2189 2390; x_wconf 86' lang='lat' dir='ltr'>si</span> 
     </span>
     <span class='ocr_line' id='line_1_96' title="bbox 1191 2403 2189 2453; baseline 0 -11"><span class='ocrx_word' id='word_1_650' title='bbox 1191 2407 1248 2443; x_wconf 89' lang='lat' dir='ltr'>hic</span> <span class='ocrx_word' id='word_1_651' title='bbox 1273 2409 1310 2442; x_wconf 89' lang='lat' dir='ltr'>in</span> <span class='ocrx_word' id='word_1_652' title='bbox 1329 2412 1503 2453; x_wconf 87' lang='lat' dir='ltr'>potestate</span> <span class='ocrx_word' id='word_1_653' title='bbox 1525 2403 1674 2441; x_wconf 84' lang='lat' dir='ltr'>haberet</span> <span class='ocrx_word' id='word_1_654' title='bbox 1695 2419 1795 2440; x_wconf 76' lang='lat' dir='ltr'>arina</span> <span class='ocrx_word' id='word_1_655' title='bbox 1809 2434 1819 2448; x_wconf 93' lang='lat'>,</span> <span class='ocrx_word' id='word_1_656' title='bbox 1845 2419 1976 2449; x_wconf 90' lang='lat' dir='ltr'>naves,</span> <span class='ocrx_word' id='word_1_657' title='bbox 2004 2407 2189 2449; x_wconf 83' lang='lat' dir='ltr'>exercitus,</span> 
     </span>
    </p>
   </div>
   <div class='ocr_carea' id='block_1_7' title="bbox 1222 2584 2182 2650">
    <p class='ocr_par' dir='ltr' id='par_1_7' title="bbox 1222 2584 2182 2650">
     <span class='ocr_line' id='line_1_97' title="bbox 1222 2584 2182 2617; baseline 0.001 -8"><span class='ocrx_word' id='word_1_658' title='bbox 1222 2586 1270 2614; x_wconf 74' lang='lat'>42)</span> <span class='ocrx_word' id='word_1_659' title='bbox 1299 2587 1330 2611; x_wconf 85' lang='grc' dir='ltr'>Η.</span> <span class='ocrx_word' id='word_1_660' title='bbox 1347 2585 1365 2610; x_wconf 93' lang='grc'>1.</span> <span class='ocrx_word' id='word_1_661' title='bbox 1392 2585 1419 2609; x_wconf 83' lang='lat' dir='ltr'>in</span> <span class='ocrx_word' id='word_1_662' title='bbox 1439 2585 1519 2608; x_wconf 79' lang='lat' dir='ltr'>Editt.</span> <span class='ocrx_word' id='word_1_663' title='bbox 1542 2586 1615 2610; x_wconf 79' lang='lat'>¹538.</span> <span class='ocrx_word' id='word_1_664' title='bbox 1628 2603 1635 2614; x_wconf 89' lang='grc'>,</span> <span class='ocrx_word' id='word_1_665' title='bbox 1664 2587 1740 2612; x_wconf 70' lang='lat'>1543.</span> <span class='ocrx_word' id='word_1_666' title='bbox 1761 2588 1826 2610; x_wconf 82' lang='lat' dir='ltr'>nota</span> <span class='ocrx_word' id='word_1_667' title='bbox 1845 2585 1961 2617; x_wconf 81' lang='lat' dir='ltr'>margin.</span> <span class='ocrx_word' id='word_1_668' title='bbox 1980 2584 2102 2616; x_wconf 80' lang='lat' dir='ltr'>Micylli:</span> <span class='ocrx_word' id='word_1_669' title='bbox 2129 2586 2182 2610; x_wconf 74' lang='lat' dir='ltr'>Vi-</span> 
     </span>
     <span class='ocr_line' id='line_1_98' title="bbox 1257 2620 1706 2650; baseline 0.004 -6"><span class='ocrx_word' id='word_1_670' title='bbox 1257 2622 1354 2644; x_wconf 81' lang='lat' dir='ltr'>dentur</span> <span class='ocrx_word' id='word_1_671' title='bbox 1374 2620 1416 2643; x_wconf 83' lang='lat' dir='ltr'>hic</span> <span class='ocrx_word' id='word_1_672' title='bbox 1436 2620 1534 2643; x_wconf 86' lang='lat' dir='ltr'>deesse</span> <span class='ocrx_word' id='word_1_673' title='bbox 1554 2621 1706 2650; x_wconf 78' lang='lat' dir='ltr'>quaepiam.</span> 
     </span>
    </p>
   </div>
   <div class='ocr_carea' id='block_1_8' title="bbox 1223 2671 2185 2766">
    <p class='ocr_par' dir='ltr' id='par_1_8' title="bbox 1223 2671 2185 2766">
     <span class='ocr_line' id='line_1_99' title="bbox 1223 2671 2183 2703; baseline -0.002 -6"><span class='ocrx_word' id='word_1_674' title='bbox 1223 2674 1272 2701; x_wconf 71' lang='grc'>43)</span> <span class='ocrx_word' id='word_1_675' title='bbox 1305 2673 1493 2700; x_wconf 78' lang='lat' dir='ltr'>Chersoneso]</span> <span class='ocrx_word' id='word_1_676' title='bbox 1520 2673 1589 2696; x_wconf 77' lang='lat' dir='ltr'>hane</span> <span class='ocrx_word' id='word_1_677' title='bbox 1617 2675 1730 2698; x_wconf 79' lang='lat' dir='ltr'>sormam</span> <span class='ocrx_word' id='word_1_678' title='bbox 1762 2674 1905 2703; x_wconf 75' lang='lat' dir='ltr'>vulgarem</span> <span class='ocrx_word' id='word_1_679' title='bbox 1938 2671 2101 2703; x_wconf 76' lang='lat' dir='ltr'>scripsimus</span> <span class='ocrx_word' id='word_1_680' title='bbox 2134 2678 2183 2702; x_wconf 83' lang='lat' dir='ltr'>pro</span> 
     </span>
     <span class='ocr_line' id='line_1_100' title="bbox 1254 2707 2185 2739; baseline -0.001 -8"><span class='ocrx_word' id='word_1_681' title='bbox 1254 2708 1359 2731; x_wconf 75' lang='lat' dir='ltr'>Attica:</span> <span class='ocrx_word' id='word_1_682' title='bbox 1380 2707 1570 2731; x_wconf 79' lang='lat' dir='ltr'>Cherroneso.</span> <span class='ocrx_word' id='word_1_683' title='bbox 1590 2715 1668 2738; x_wconf 86' lang='lat' dir='ltr'>quam</span> <span class='ocrx_word' id='word_1_684' title='bbox 1691 2710 1771 2732; x_wconf 77' lang='lat' dir='ltr'>Editt.</span> <span class='ocrx_word' id='word_1_685' title='bbox 1794 2708 1884 2737; x_wconf 76' lang='lat'>1533.‚</span> <span class='ocrx_word' id='word_1_686' title='bbox 1910 2707 2003 2739; x_wconf 76' lang='lat'>1538.‚</span> <span class='ocrx_word' id='word_1_687' title='bbox 2027 2707 2099 2732; x_wconf 75' lang='lat'>1543.</span> <span class='ocrx_word' id='word_1_688' title='bbox 2122 2708 2146 2731; x_wconf 75' lang='lat' dir='ltr'>li.</span> <span class='ocrx_word' id='word_1_689' title='bbox 2165 2707 2185 2730; x_wconf 78' lang='lat'>1.</span> 
     </span>
     <span class='ocr_line' id='line_1_101' title="bbox 1255 2743 1388 2766; baseline -0.008 0"><span class='ocrx_word' id='word_1_690' title='bbox 1255 2743 1388 2766; x_wconf 79' lang='lat' dir='ltr'>exhibent.</span> 
     </span>
    </p>
   </div>
  </div>
 </body>
</html>
