2351 2990
0 0 16 165 «μκή-’ἐ-

100 96 175 131 917

204 182 347 227 Quaeso
384 196 445 217 vos
474 196 537 228 per
567 196 690 217 omnes
717 184 830 224 Deos,
866 198 910 218 ne
934 186 976 218 de
1001 185 1102 219 vobis

100 233 186 278 ipsis
203 233 416 278 trophaeum
442 235 478 267 in
502 233 640 268 theatro
666 236 848 276 statuatis,
878 249 993 282 neque
1018 238 1102 270 stul-

101 285 202 318 titiae
236 292 360 319 notam
392 287 526 331 populo
556 285 768 320 Atheniensi
801 300 921 320 coram
957 288 1102 322 Graecis

102 337 274 377 muratis,
308 350 424 383 neque
442 338 578 371 miseris
589 336 771 372 Thebanis
787 340 956 383 redigatis
972 340 1009 372 in
1030 352 1102 373 me-

102 389 256 421 moriam
275 402 355 422 suas
381 390 600 423 calamitates
626 390 925 430 immedicabsses,
953 404 1042 436 quos
1065 391 1101 423 in

100 440 181 484 fuga
200 438 357 484 hospitio
375 441 557 485 excepistis
575 441 611 473 in
637 439 702 474 hac
726 443 832 481 urbe,
870 454 1024 487 quorum
1048 455 1102 476 sa-

102 503 182 531 cra,
212 492 361 531 liberos,
397 490 606 536 sepulchra,
641 492 894 527 Demosthenis
920 500 1101 538 corrupte-

101 543 158 575 lae
176 550 209 576 et
225 543 361 587 regium
391 555 519 577 aurum
546 550 764 578 everterunt.
816 545 1012 590 Postquam
1040 556 1102 577 au-

101 600 172 627 tem
200 595 410 639 corporibus
432 607 508 628 non
534 595 713 636 adfuistis,
749 596 964 639 cogitatione
990 595 1101 629 animi

101 645 277 679 excidium
308 644 516 680 Thebarum
552 647 868 692 contemplamini,
913 654 947 680 et
978 653 1101 692 putate

102 709 165 730 vos
190 709 334 730 cernere
359 704 498 742 captam
523 699 668 739 urbem,
706 699 824 732 diruta
847 698 1012 739 moenia,
1048 698 1101 731 in-

102 761 223 782 censas
241 750 364 789 aedes,
392 750 470 793 rapi
488 750 654 783 mulieres
672 762 712 783 ac
733 762 864 794 pueros
888 750 925 782 in
950 750 1101 784 servitu-

101 806 171 833 tem
184 827 192 841 ‚
221 813 320 834 senes
337 807 371 833 et
388 813 476 834 anus
491 813 569 834 sero
589 801 768 835 dediscere
784 802 983 834 libertatem
997 829 1005 842 ,
1024 802 1101 846 plo-

101 863 205 891 rare,
234 852 435 896 supplicare
453 853 571 892 vobis,
602 853 707 886 irasci
730 865 804 885 non
831 851 1012 893 hostibus,
1039 854 1100 886 sed

99 903 366 948 proditoribus,
394 903 456 948 qui
474 917 556 937 vere
571 910 654 937 sunt
670 910 790 937 tantae
808 905 1020 938 calai‘uitatis
1039 916 1101 937 au-

101 961 215 995 tores,
244 962 278 988 et
294 967 442 998 rogare,
470 967 514 988 ne
539 968 766 989 communem
785 956 956 989 Graeciae
981 956 1101 1000 perni-

99 1006 189 1040 ciem
207 1007 399 1047 coronetis‚
415 1007 476 1040 sed
494 1013 533 1040 ut
552 1007 704 1040 caveatis
723 1007 866 1051 genium
878 1007 964 1047 eius,
982 1014 1016 1040 et
1028 1008 1101 1040 sor-

98 1065 237 1098 tunam,
254 1070 344 1103 quae
362 1064 535 1102 perpetuo
552 1071 631 1092 eum
656 1059 858 1092 comitatur.
887 1059 992 1093 Nulla
1005 1059 1099 1092 enim

100 1110 236 1149 civitas,
264 1122 371 1143 nemo
387 1110 548 1154 privatus
564 1122 722 1155 unquam
735 1137 744 1150 ‚
772 1123 851 1143 cum
868 1108 974 1144 huius
987 1110 1100 1144 consi-

97 1161 147 1195 lio
165 1174 248 1195 usus
266 1167 337 1201 est,
365 1173 439 1193 non
456 1161 587 1205 insigni
606 1161 806 1194 calamitate
827 1162 974 1195 affectus
991 1169 1053 1196 est.

206 1213 296 1246 Cum
329 1219 447 1245 autem
477 1213 561 1245 olim
597 1213 640 1245 de
674 1213 992 1256 gubernatoribus,
1039 1213 1100 1259 qui

102 1264 249 1298 classem
270 1265 315 1296 ad
331 1263 548 1296 Salaminem
568 1264 849 1303 transferebant,
875 1265 989 1308 legem
1011 1265 1100 1297 tule-

101 1315 254 1363 ritis¹³):
274 1315 400 1360 Siquis
409 1315 465 1347 vel
484 1315 521 1347 in
538 1315 636 1348 littus
653 1314 774 1348 navim
793 1315 1038 1356 subvertisset,
1054 1328 1099 1348 ne

100 1367 223 1401 liceret
239 1367 270 1399 ei
288 1368 417 1399 iterum
433 1378 542 1400 naves
560 1366 760 1410 gubernare
773 1393 782 1407 ,
815 1379 860 1400 ne
886 1367 964 1412 quis
988 1367 1100 1411 impe-

102 1418 192 1452 ritus
207 1430 286 1451 cum
312 1417 472 1462 periculo
499 1418 629 1451 civium
653 1430 762 1451 naves
785 1430 907 1462 regere
934 1419 1100 1457 auderet;

101 1481 198 1503 nunc
222 1482 323 1509 eum,
359 1468 421 1514 qui
447 1475 559 1501 totam
586 1469 774 1502 Graeciam
800 1475 834 1502 et
856 1468 949 1502 hanc
973 1470 1099 1503 urbem

50 1524 57 1529 ’
101 1521 262 1555 funditus
295 1520 442 1559 evertit,
475 1520 604 1553 iterum
638 1521 683 1553 ad
709 1521 925 1564 reipublicae
948 1521 1101 1554 admini-

103 1572 315 1607 strationem
335 1571 547 1605 admittitis?

206 1624 258 1657 Ut
274 1623 394 1668 itaque
418 1624 460 1656 de
485 1629 614 1668 quarto
643 1629 804 1667 tempore
828 1629 861 1656 et
882 1624 925 1656 de
949 1623 1101 1667 negotiis

102 1675 351 1722 praesentibus
383 1675 519 1714 dicam,
553 1674 601 1707 sic
631 1674 788 1718 primum
821 1687 884 1708 vos
908 1676 1102 1708 admonere

104 1728 208 1767 volo,
235 1728 334 1772 quod
350 1724 611 1759 Demosthenes
627 1737 702 1758 non
726 1727 834 1759 modo
860 1727 948 1760 foris
977 1726 1102 1767 aciem,

104 1780 166 1814 sed
183 1778 289 1812 etiam
315 1778 479 1811 ordinem
505 1778 541 1810 in
566 1777 711 1809 civitate
735 1778 903 1811 deseruit.
956 1778 1104 1822 Accepit

105 1831 201 1865 enim
236 1829 418 1863 triremem
453 1835 629 1868 vestram,
671 1835 706 1861 et
739 1828 932 1873 imperatas
956 1829 1103 1863 Graecis

103 1881 273 1928 pecunias
290 1881 416 1925 exegit.
468 1880 607 1914 Deinde
626 1892 704 1913 cum
724 1881 912 1913 reduceret
929 1893 1009 1913 eum
1031 1882 1103 1914 sor-

104 1941 192 1968 tuna
211 1933 351 1978 publica
368 1939 510 1977 praeter
530 1932 752 1976 opinionem,
770 1931 872 1965 initio
891 1932 927 1964 in
945 1932 1102 1966 maximo

104 1992 203 2019 metu
219 1985 307 2025 suit,
333 1991 367 2017 et
384 1984 604 2018 semianimis
619 1985 816 2027 procedens
834 1983 869 2016 in
886 1990 1103 2028 suggestum,

105 2036 225 2076 iussit,
252 2043 291 2069 ut
314 2048 349 2069 se
375 2035 471 2080 pacis
496 2036 679 2069 custodem
705 2035 891 2079 eligeretis.
945 2035 1018 2069 Vos
1042 2048 1103 2069 au-

105 2095 177 2123 tem
196 2100 238 2120 eo
256 2094 438 2132 tempore,
465 2100 509 2120 ne
531 2099 664 2120 nomen
687 2087 832 2132 quidem
849 2085 1102 2122 Demosthenis

106 2141 152 2174 ad
182 2140 322 2173 decreta
354 2139 508 2172 adscribi
540 2139 819 2183 permittebatis,
855 2139 915 2172 sed
944 2138 1102 2173 Nausicli

105 2192 206 2226 illum
237 2191 485 2235 magistratum
512 2190 728 2224 mandastis:
766 2202 860 2223 nunc
886 2202 970 2223 vero
994 2191 1101 2223 etiam

105 2255 277 2277 coronam
295 2243 402 2276 audet
420 2242 612 2287 postulare.

207 2295 405 2340 Postquam
433 2300 551 2327 autem
576 2291 745 2337 Philippo
776 2293 930 2326 extincto
951 2292 1103 2326 Alexan-

107 2348 171 2380 der
195 2346 230 2379 in
254 2358 364 2390 regno
389 2346 572 2385 successit,
607 2344 724 2388 coepit
748 2343 877 2378 iterum
904 2345 1103 2389 praestigiis

108 2398 321 2444 quibusdam
341 2410 404 2431 vos
418 2397 610 2430 ludificari:
639 2401 788 2441 propter
807 2396 1007 2430 Pausaniae
1031 2409 1103 2430 me-

106 2449 261 2483 moriam
278 2461 376 2482 sacra
394 2449 472 2482 fieri
485 2448 643 2488 curavit,
671 2454 834 2482 senatum
854 2449 891 2481 in
907 2448 1103 2482 maximum

107 2501 298 2535 discrimen
333 2501 480 2534 adduxit
511 2506 659 2545 propter
683 2500 960 2543 gratulationem
984 2507 1018 2534 et
1039 2498 1103 2534 ho—

107 2553 211 2593 stias,
238 2553 442 2586 Alexandro
468 2563 667 2597 cognomen
690 2551 866 2597 Margitae
894 2552 1042 2591 indidit,
1071 2558 1105 2585 et

109 2605 288 2637 affirmare
307 2616 411 2638 ausus
435 2611 505 2645 est,
534 2615 719 2649 nunquam
749 2617 829 2637 eum
856 2617 872 2637 e
891 2603 1102 2637 Macedonia

109 2656 284 2689 exiturum
298 2668 391 2696 esse,
411 2657 472 2689 sed
492 2661 698 2689 contentum
717 2655 794 2689 sore
810 2657 1103 2690 obambulantem

107 2710 191 2755 Ἦ)
212 2712 346 2751 talei-itis]
366 2723 415 2747 Ed.
438 2722 511 2746 1562.
531 2728 626 2747 errore
646 2724 774 2754 tuingia:
803 2722 949 2747 tutet-istis.

298 96 483 131 XXXVIH.
523 96 751 132 INTERPR.
778 98 1039 134 ORATIONIS
1067 99 1311 134 AESCHINIS
1340 100 1539 135 CONTRA
1566 100 1953 137 CTESIPHONTEM.

2078 103 2152 138 918

1157 186 1193 218 in
1212 187 1309 219 Pella
1327 193 1361 219 et
1380 193 1475 219 extra
1504 187 1765 220 observantem.
1818 188 1863 222 Et
1889 187 1996 230 llaec,
2024 189 2155 234 inquit,

1156 250 1191 271 se
1222 250 1296 270 non
1329 239 1531 271 coniectura
1560 238 1678 283 aliqua
1706 238 1928 281 existimare,
1969 242 2029 275 sed
2056 247 2153 273 certo

1156 288 1264 329 scire,
1292 290 1374 334 quia
1403 290 1516 323 virtus
1541 290 1712 333 sanguine
1739 297 1889 325 ematur.
1940 292 2050 338 Atqui
2078 293 2153 336 ipse

1156 352 1229 372 non
1246 338 1402 373 habebat
1431 341 1639 384 sanguinem
1666 341 1827 382 virilem,
1856 343 2153 388 existimabatque

1155 392 1398 425 Alexandrum
1418 405 1457 425 ex
1477 405 1537 426 sua
1563 393 1774 433 timiditate,
1802 406 1876 427 non
1903 407 1943 427 ex
1957 395 2153 428 Alexandri

1155 443 1313 486 ingenio.

1260 493 1350 527 Cum
1382 500 1499 527 autem
1528 492 1690 527 Thessali
1723 495 1853 528 bellum
1888 496 1989 529 vobis
2020 495 2153 529 inferre

1155 545 1412 585 decrevissent,
1442 551 1476 577 et
1494 546 1696 579 adolescens
1713 559 1787 579 non
1812 547 1942 580 iniuria
1970 547 2072 580 vobis
2094 560 2153 580 ve-

1154 593 1340 629 hementer
1356 603 1599 636 succenseret,
1628 610 1779 642 cumque
1805 599 1848 631 ad
1867 596 2010 632 Thebas
2036 604 2151 632 castra

1154 646 1311 687 fecisset,
1339 647 1466 681 missus
1483 654 1534 681 est
1553 649 1597 680 ad
1623 660 1702 681 eum
1728 650 1864 692 legatus
1880 648 2154 691 Demosthenes,

1156 699 1217 744 qui
1238 699 1319 732 inde
1336 711 1353 731 e
1370 699 1489 732 medio
1514 699 1641 732 itinere
1666 712 1707 732 ex
1727 697 1941 735 Cithaerone
1966 700 2035 735 huc
2059 703 2153 735 refu-

1155 750 1215 793 git.
1268 751 1369 784 Adeo
1388 763 1453 783 nec
1470 751 1507 782 in
1526 763 1633 795 pace,
1659 763 1723 784 nec
1740 752 1776 784 in
1793 752 1886 785 bello
1904 754 2061 798 aliquam
2084 753 2153 786 uti-

1153 802 1292 834 litatem
1310 802 1445 834 civitati
1461 802 1590 836 attulit.
1625 801 1669 834 Et
1687 804 1784 847 quod
1803 809 1854 836 est
1871 805 2153 845 acerbissimum,

1155 865 1218 886 vos
1243 865 1318 886 non
1341 853 1549 897 prodidistis
1573 866 1653 887 eum
1672 854 1836 895 Graecis,
1864 867 1929 888 nec
1952 856 2047 900 passi
2070 856 2152 890 estis

1155 916 1235 937 eum
1266 905 1304 937 in
1335 905 1518 938 communi
1550 905 1701 938 concilio
1726 905 1948 940 Graecorum
1981 907 2153 942 accusari.

1153 954 1220 989 Iste
1253 962 1372 989 autem
1401 969 1465 990 vos
1488 969 1583 989 nunc
1612 957 1716 1001 plane
1741 958 1920 1001 prodidit,
1954 959 1983 993 si
2006 960 2154 1005 quidem

1154 1019 1237 1040 vera
1254 1014 1356 1048 sunt,
1381 1020 1471 1053 quae
1488 1008 1666 1042 dicuntur.
1720 1008 1777 1042 Sic
1796 1009 1891 1042 enim
1909 1011 2029 1044 serunt
2045 1011 2155 1044 mari-

1153 1059 1233 1091 timi
1252 1065 1286 1092 et
1302 1059 1428 1103 legati,
1464 1060 1525 1105 qui
1546 1061 1641 1104 apud
1658 1059 1902 1094 Alexandrum
1927 1062 2091 1102 fuerunt,
2120 1068 2155 1096 et

1153 1122 1209 1144 res
1227 1122 1301 1143 non
1319 1117 1370 1144 est
1396 1110 1566 1144 absimilis
1592 1123 1690 1145 vero.
1742 1110 1806 1145 Est
1830 1113 1975 1157 quidem
1991 1113 2154 1147 Aristion

1153 1162 1352 1202 Plataicus‚
1372 1162 1433 1207 qui
1451 1176 1529 1195 cmn
1547 1169 1637 1196 esset
1653 1163 1857 1197 adolescens
1874 1164 2005 1208 insigni
2023 1166 2154 1206 forma,

1153 1213 1215 1246 diu
1234 1214 1330 1258 apud
1346 1212 1626 1247 Demosthenem
1645 1222 1888 1249 commoratus
1911 1222 1978 1254 est3
2011 1213 2088 1257 hic,
2113 1223 2155 1250 ut

1154 1265 1262 1297 audio
1276 1291 1286 1305 ,
1322 1278 1402 1298 cum
1420 1278 1526 1298 nemo
1546 1278 1624 1299 eum
1645 1273 1784 1307 nosset,
1821 1273 1883 1300 aut
1905 1267 2030 1308 sciret,
2065 1280 2154 1314 quo-

1153 1316 1263 1348 modo
1282 1314 1432 1350 antehac
1450 1317 1596 1357 vixerit,
1625 1317 1822 1351 insinuavit
1845 1331 1881 1352 se
1906 1331 1971 1363 per
1997 1326 2154 1353 assenta-

1154 1367 1307 1400 tionem:
1336 1380 1401 1411 per
1417 1366 1511 1401 hunc
1529 1369 1643 1402 missis
1668 1369 1795 1403 litteris
1821 1370 1927 1403 rediit
1946 1370 1991 1417 14¹)
2013 1371 2050 1404 in
2074 1383 2154 1416 gra-

1154 1418 1241 1451 tiam
1275 1431 1353 1452 cum
1376 1420 1581 1453 Alexandro
1607 1419 1887 1463 Demosthenes,
1922 1428 1956 1455 et
1984 1423 2074 1456 mire
2103 1429 2156 1457 est

1155 1470 1186 1502 ei
1208 1470 1385 1504 adulatus.

1256 1521 1382 1555 Videte
1399 1528 1516 1554 autem
1529 1549 1538 1562 ,
1565 1535 1672 1569 quam
1691 1524 1891 1558 consentiat
1909 1537 1964 1559 res
1984 1537 2063 1558 cum
2086 1523 2154 1559 hac

1155 1573 1263 1606 fama.
1307 1573 1344 1605 Si
1363 1573 1457 1606 enim
1475 1572 1670 1607 Alexandri
1686 1575 1851 1610 inimicus
1871 1583 1979 1616 esset,
1996 1583 2036 1610 ut
2050 1589 2154 1622 prae-

1155 1623 1268 1663 dicat,
1297 1624 1365 1657 tria
1382 1631 1545 1668 tempora
1570 1627 1852 1670 praeterierunt,
1881 1628 1918 1660 in
1941 1628 2069 1674 quibus
2095 1629 2155 1661 de-

1156 1675 1291 1708 clarare
1307 1676 1467 1709 animum
1484 1689 1586 1710 suum
1607 1678 1790 1722 potuisset.
1843 1679 1891 1712 At
1907 1677 2037 1713 horum
2054 1680 2154 1714 nullo

1154 1739 1237 1759 usus
1261 1733 1323 1761 est.
1375 1727 1540 1760 Primum
1569 1735 1664 1769 erat,
1702 1743 1782 1763 cum
1806 1730 2009 1764 Alexander
2032 1744 2155 1766 recens

1156 1785 1330 1822 occupato
1347 1791 1477 1823 regno,
1501 1779 1599 1812 domi
1616 1781 1722 1814 rebus
1746 1782 1907 1815 nondum
1934 1783 2155 1827 compositis,

1155 1829 1192 1861 in
1211 1828 1333 1863 Asiam
1360 1830 1541 1869 transivit5
1576 1844 1647 1877 quo
1680 1837 1842 1877 tempore
1874 1845 1936 1866 rex
1959 1833 2153 1868 Persarum

1157 1881 1257 1913 omni
1276 1881 1360 1914 belli
1383 1888 1579 1926 apparatu,
1614 1883 1786 1924 navibus,
1817 1884 1967 1929 pecunia
1992 1891 2026 1918 et
2048 1886 2155 1929 pede-

1156 1932 1287 1967 stribus
1303 1933 1414 1978 copiis
1439 1933 1620 1978 praeclare
1647 1935 1838 1970 instructus
1865 1943 1959 1977 erat,
1988 1943 2022 1970 et
2043 1937 2155 1971 liben-

1156 1990 1210 2016 ter
1239 1985 1422 2019 vobiscum
1454 1985 1660 2019 societatem
1684 1987 1823 2021 fecisset
1845 1994 1994 2032 propter
2016 1988 2155 2033 impen-

1156 2035 1276 2068 dentia
1296 2036 1466 2080 pericula,
1519 2035 1614 2071 Num
1639 2050 1679 2071 eo
1706 2045 1868 2084 tempore
1890 2039 2047 2085 aliquam
2074 2052 2155 2073 ora-

1156 2087 1291 2120 tionem
1311 2086 1492 2122 habuisti?
1521 2101 1606 2121 num
1626 2090 1770 2136 aliquod
1786 2092 1848 2125 abs
1864 2097 1897 2124 te
1915 2092 2155 2136 compositum

1157 2140 1338 2172 decretum
1357 2139 1476 2173 extat?
1504 2140 1585 2181 Vis,
1610 2141 1726 2175 dicam
1747 2148 1779 2176 te
1796 2143 1833 2175 in
1851 2149 1950 2176 metu
1965 2143 2071 2177 fuisse
2086 2156 2154 2188 pro

1157 2196 1218 2224 tuo
1239 2203 1339 2224 more
1357 2204 1397 2224 ac
1416 2191 1570 2225 natura?
1606 2192 1717 2239 Atqui
1745 2194 1897 2228 oratoris
1924 2194 2156 2228 timiditatem

1156 2242 1356 2286 respublica
1381 2249 1568 2288 expectare
1593 2256 1666 2277 non
1690 2252 1818 2289 potest.
1871 2245 2030 2286 Deinde,
2058 2252 2156 2291 post-

1157 2306 1265 2339 quam
1290 2293 1421 2329 Darius
1444 2308 1523 2328 cum
1550 2296 1717 2331 omnibus
1743 2297 1853 2342 copiis
1883 2297 2083 2338 descendit,
2120 2304 2157 2332 et

1155 2345 1358 2379 Alexander
1373 2346 1410 2379 in
1427 2346 1549 2380 Cilicia
1566 2347 1603 2379 in
1622 2348 1784 2382 omnium
1808 2361 1929 2382 rerum
1950 2349 2072 2394 inopia
2100 2348 2158 2395 (ut

1157 2403 1196 2430 tu
1228 2397 1387 2445 dicebas)
1420 2399 1683 2434 circumventus
1709 2407 1817 2441 esset,
1853 2406 1888 2434 et
1911 2407 1951 2435 tu
1973 2400 2157 2436 indicabas

1156 2449 1315 2482 futurum
1329 2477 1338 2490 ‚
1365 2456 1404 2483 ut
1422 2451 1650 2484 multitudine
1675 2451 1854 2497 equitatus
1871 2451 2006 2487 Persici
2030 2453 2156 2497 copiae

1156 2499 1352 2535 Alexandri
1367 2514 1514 2546 prorsus
1533 2503 1844 2538 conculcarentur:
1872 2501 1931 2538 hic
1945 2511 2044 2539 tuam
2060 2505 2157 2539 inso-

1156 2552 1303 2586 lentiam
1322 2566 1367 2587 ne
1383 2560 1456 2586 tota
1475 2553 1619 2599 quidem
1636 2554 1760 2589 civitas
1777 2556 1960 2601 capiebat,
1989 2569 2069 2590 cum
2089 2556 2156 2589 cir-

1158 2605 1351 2638 cumferres
1377 2618 1566 2650 suspensas
1589 2606 1632 2640 de
1656 2606 1775 2652 digitis
1802 2608 1989 2653 epistolas,
2025 2614 2059 2641 et
2080 2607 2156 2642 vul-

1195 2724 1241 2752 14)
1261 2723 1357 2752 rediit]
1376 2723 1425 2748 Ed.
1448 2723 1621 2792 1565281·ξάἰῇ
