2351 2990
32 85 36 98 δ
86 106 160 144 941
270 105 426 142 ΧΧΧΙΧ.
472 103 874 141 INTERPRETATIO
902 103 1165 141 ORATIONIS
1191 104 1408 141 LYCURGI
1437 105 1637 142 CONTRA
1663 105 1978 147 LEOCRATEM.
2068 112 2146 151 942

216 193 262 222 Ex
276 192 320 222 his
336 193 451 231 elucet,
473 191 558 221 huius
571 192 709 221 orationis
724 202 742 221 a
754 192 947 221 Melanthone
964 193 1072 221 latinae
1086 191 1183 221 factae
1198 198 1322 230 quatuor
1338 193 1498 230 editiones,
1521 193 1570 222 vel
1586 193 1702 231 potius,
1733 204 1798 223 cum
1819 196 1848 224 in
1863 202 1962 226 nostro
1983 200 2150 237 exemplari

28 240 33 246 ⁴
88 235 144 265 Ed.
162 235 273 286 Witfb.
293 235 389 266 1587.
404 236 454 266 lat.
468 236 672 285 interpretatio
689 236 782 273 desit,
804 241 864 264 tres
878 237 1007 274 integras
1023 236 1054 263 in
1074 236 1180 264 nostris
1194 236 1325 264 manibus
1340 245 1421 264 esse:
1446 234 1480 275 1)
1496 233 1559 266 Ed.
1575 234 1739 276 Francos.
1757 236 1868 276 1548„
1897 239 1934 280 2)
1952 238 2016 271 Ed.
2032 240 2149 271 Fran-

32 285 34 299 1
89 277 159 316 cof.
175 277 287 314 1504„
317 277 354 318 3)
378 276 442 307 Ed.
469 275 582 308 Weteb.
608 277 718 316 1062„
749 289 821 317 quas
850 279 918 307 solis
949 287 1092 306 annorum
1123 279 1252 306 numeris
1275 279 1305 306 in
1328 278 1382 306 hac
1411 286 1512 308 nostra
1534 279 1663 309 editione
1687 281 1920 318 significabimus.
1944 299 1986 306 —-
2030 285 2145 315 Harum

87 321 179 350 Editt.
201 323 289 350 tertia
311 331 328 350 a
351 321 460 350 duabus
482 322 625 360 prioribus
649 331 684 350 eo
707 322 825 359 differt,
847 322 924 360 quod
948 321 1003 349 hae
1026 320 1141 349 scholiis
1165 320 1375 358 marginalibus
1398 322 1558 351 instructae
1582 329 1669 360 sunt,
1693 324 1796 362 quibus
1820 325 1872 352 illa
1895 332 1985 355 caret.

214 380 415 409 Melanthonis
437 379 654 419 praefationem
676 380 714 408 ad
737 380 848 419 Chrph.
872 390 888 408 a
911 380 1103 415 Carolowitz‚
1130 388 1206 417 quae
1229 380 1257 407 in
1282 380 1373 408 Editt.
1390 378 1504 417 1545,
1527 379 1639 419 1548,
1663 381 1768 418 1554.,
1793 380 1887 412 1587.
1910 384 2076 423 invenitur,
2098 384 2146 414 hic

32 446 35 460 ,
90 421 264 461 omittimus,
286 424 421 462 quoniam
444 424 522 451 inter
546 423 609 451 eius
631 423 769 462 epistolas
799 424 827 451 in
859 424 942 451 huius
965 424 1054 460 Corp.
1077 422 1209 451 Reform.
1239 423 1306 451 Vol.
1322 423 1359 451 V.
1382 433 1413 461 p.
1431 422 1624 455 836—840.
1656 423 1710 465 (ex
1733 425 1788 454 Ed.
1808 424 1918 466 1554.)
1951 427 2019 456 data
2042 434 2086 456 est
2107 427 2138 468 *)

32 469 34 472 ’
90 474 108 493 a
130 465 211 494 cuius
233 467 328 495 verbis
350 472 450 495 autem
472 465 528 494 hae
551 466 642 494 Editt.
666 465 808 495 differunt
831 466 910 494 hisce
933 466 1024 493 locis:
1046 475 1076 503 p.
1091 463 1166 495 836.
1192 466 1243 494 lin.
1258 464 1311 495 32.
1336 465 1420 494 huius
1442 466 1586 504 epistolae
1601 468 1709 506 legitur
1731 469 1758 496 in
1775 469 1882 506 Corp.:
1905 477 2069 506 (mcxci-313
2092 449 2152 499 Edi

32 540 33 543 Ἴ
89 507 186 538 1587.
207 518 309 538 errore
328 515 461 547 typogr.:
484 514 616 537 auxerat
637 524 680 531 —-
703 519 733 547 p.
751 507 825 539 837.
850 507 945 538 lin.3.
968 509 1072 545 Corp.:
1097 515 1222 536 matrum
1245 509 1413 546 vagientes3
1437 509 1529 539 Editt.
1549 509 1661 548 1545,
1686 510 1801 547 1548,
1826 511 1940 549 1554.,
1965 511 2059 543 1587.
2083 522 2147 541 ma-

32 566 33 570 =
90 555 167 579 trem
189 552 225 580 in
246 550 335 581 hano
357 551 464 581 lucem
487 552 638 589 vagientes
662 567 701 574 —
725 552 794 581 ibid.
819 552 870 580 lin.
892 550 945 581 28.
968 551 1071 588 Corp.:
1101 551 1228 589 τηίβηνς
1256 551 1349 579 Editt.
1372 550 1487 589 1545,
1519 551 1631 589 1554.,
1662 553 1756 584 1587.
1779 561 1860 583 recte
1884 554 1993 594 τοιβῆν
2014 571 2057 578 -
2079 555 2150 584 ibid.

27 615 34 634 Ι.
88 592 142 621 lin.
167 595 222 622 ult.
247 596 353 633 Corp.:
378 595 411 624 δὲ
436 591 478 630 τ’,
502 595 594 623 Editt.
613 594 727 632 1545,
758 594 868 631 1554,
893 593 986 624 1587.
1011 593 1046 623 δέ
1065 604 1082 622 τ
1113 609 1154 614 -
1176 594 1248 624 ibid.
1272 594 1323 623 lin.
1346 595 1463 632 penult.
1487 596 1592 633 Corp.:
1622 597 1652 624 in
1675 606 1811 626 sermone
1834 584 1955 634 deeeim
1977 598 2035 628 Ed.
2055 596 2150 628 1545.

1079 589 1089 602 '
1120 579 1131 590 s

88 635 118 663 in
142 646 279 666 sermone
301 643 334 666 et
356 638 461 667 deceat
483 653 526 659 -—·
555 647 585 675 p.
601 636 675 668 838.
699 639 751 667 lin.
767 637 794 667 1.
819 638 923 676 Corp.:
948 631 964 666 ὅ
988 633 1030 672 δ’,
1060 636 1150 664 Editt.
1170 635 1280 673 1545,
1305 636 1415 674 1554.,
1440 636 1535 667 1587.
1564 635 1614 667 ὅδ’
1635 655 1677 661 -
1700 640 1767 668 ibid.
1792 640 1843 669 lin.
1857 639 1887 670 2.
1912 641 2019 679 Corp.:
2051 638 2151 682 ἄγρο-

24 697 29 705 ‚
88 678 253 717 μένοισινς
292 681 385 710 Editt.
404 679 517 717 1545,
548 679 643 710 1587.
674 677 885 721 ἀγρομένοισι
907 696 950 701 -—-
972 679 1041 708 ibid.
1071 680 1125 708 lin.
1147 678 1200 708 26.
1225 680 1330 717 Corp.:
1360 680 1388 708 in
1413 678 1521 708 dandis
1544 682 1688 716 consiliis3
1717 683 1772 710 Ed.
1790 682 1884 713 1587.
1908 684 1937 712 in
1962 685 2054 713 tantis
2077 694 2150 713 eon-

90 850 183 879 Editt.
205 850 320 889 1545.,
341 852 455 889 1548,
485 850 597 888 1554.,
636 851 727 882 1587.
761 850 793 882 οἳ
816 853 922 889 (Editt.
943 850 1182 881 1548-1587.
1215 848 1262 890 οἱ)
1296 853 1424 882 ναίουσι
1447 867 1488 873 —-
1517 852 1586 881 ibid.
1617 853 1669 882 lin.
1685 852 1715 882 9.
1739 854 1845 892 Corp.:

89 722 162 770 siliis
184 738 227 745 -—-
251 724 319 753 ibid.
336 725 386 753 lin.
401 722 453 753 27.
482 724 586 760 Corp.:
611 724 716 761 Curia,
741 724 847 752 dicturi
863 723 990 762 patriae-3
1013 722 1106 751 Editt.
1123 721 1235 759 1545,
1261 721 1370 758 1548,
1396 721 1491 752 1587.
1507 729 1605 752 recte:
1628 725 1715 752 Curia
1733 725 1857 762 dicturi,
1879 728 1993 765 patriae
2015 743 2057 750 --
2079 728 2142 756 ibid

90 764 144 793 hn.
159 765 213 795 40.
239 767 346 806 Corp.:
368 767 505 805 proprie3
528 765 585 794 Ed.
600 765 694 796 1587.
717 775 819 795 errore
841 772 974 804 typogr.:
998 766 1140 803 propriae
1162 781 1206 787 —
1227 765 1287 793 ibid
1310 766 1363 794 lin.
1382 765 1434 795 42.
1458 766 1563 804 Corp.:
1589 768 1642 802 sit3
1672 767 1764 796 Editt.
1782 767 1893 805 1545,
1918 769 2031 806 1548,
2057 769 2151 800 1587.

89 813 188 837 recte:
212 806 271 837 sibi
292 826 333 831 —
356 820 387 847 p.
405 808 480 839 839.
505 810 556 837 lin.
573 807 603 838 1.
621 810 727 847 Corp.:
752 807 845 838 haud
859 818 940 842 raro3
963 809 1055 837 Editt.
1072 807 1176 844 1545,
1201 807 1308 846 1548,
1331 807 1426 838 1587.
1442 818 1507 837 uon
1523 819 1589 837 raro
1608 825 1650 830 —
1673 810 1742 839 ibid.
1759 811 1810 839 lin.
1824 811 1855 841 8.
1871 812 1979 850 Corp.:
2004 814 2152 848 ναιόινσις

1877 857 2019 894 φίλοιενς
2057 856 2150 886 Editt.

32 902 35 928 ς
89 891 203 931 1545,
233 893 349 931 1554.,
380 895 475 925 1587.
500 896 624 933 φιλοῖεν
652 911 691 916 -—-
720 896 790 924 ibid.
820 896 871 923 lin.
895 894 945 924 10.
969 894 1073 932 Corp.:
1105 892 1273 932 Οἷ’κο(μεν;
1310 895 1403 924 Editt.
1429 894 1541 935 1554.,
1573 893 1668 926 1587.
1699 894 1850 937 Οἶκοΐμεν
1872 915 1915 920 —
1937 899 2008 929 ibid.
2031 898 2150 930 lin.27.

24 937 35 944 ’“
90 936 195 975 Corp.:
224 947 282 966 non
306 939 372 973 illa3
394 938 486 967 Editt.
504 936 618 975 1545,
649 937 758 976 1548,
783 937 894 975 1554.,
919 935 1014 967 1587.
1037 946 1096 965 non
1119 941 1254 966 tantum
1276 938 1337 966 illa.

124 1079 157 1114 *)
175 1081 208 1106 In
226 1081 358 1114 Prolegg.
375 1081 438 1107 huic
457 1081 592 1113 epistolae
611 1081 829 1113 nuncupatoriae
848 1081 913 1106 ibid.
933 1080 1097 1112 praemissis
1116 1082 1223 1106 tantum
1243 1081 1328 1106 Editt.
1343 1081 1420 1106 1545.
1440 1082 1468 1105 et
1487 1081 1563 1106 1554.
1583 1083 1783 1108 memorantur.

247 1254 630 1291 LYGURGI
683 1251 1009 1289 ORATIO
1064 1250 1408 1289 CONTRA
1460 1252 1619 1290 LEO
1655 1253 2001 1293 CRATEM

318 1322 370 1352 IN
392 1322 621 1352 LATINUM
645 1320 921 1350 SERMONEM
944 1319 1203 1349 CONVERSA
1225 1319 1249 1346 A
1271 1318 1498 1350 PHILIPPO
1529 1321 1868 1352 MELANTHONE
1891 1322 1930 1363 ¹).

1260 1413 1380 1446 Maior
1397 1414 1682 1458 splendidissime
1701 1417 1916 1462 amplificata
1944 1425 2012 1459 est,
2041 1426 2075 1454 et
2099 1433 2157 1454 or-

432 1435 773 1478 Argumentum.
1527 1467 1534 1473 .

1152 1470 1236 1497 nata
1252 1465 1331 1498 loco
1351 1477 1537 1499 communl
1555 1468 1597 1499 de
1617 1467 1747 1511 pietate
1766 1470 1884 1503 dehita
1905 1471 2043 1514 patriae
2057 1498 2067 1513 ,
2094 1472 2159 1506 ubi

197 1511 396 1557 Postquam
432 1509 623 1556 Philippus
659 1510 704 1542 ad
732 1507 980 1543 Chaeroneam
1014 1507 1100 1541 vicit

97 1561 355 1603 Athenienses,
384 1569 549 1603 senatus,
578 1562 643 1595 etsi
669 1561 793 1594 civitas
810 1561 914 1593 valde
941 1566 1100 1593 conster-

97 1622 182 1649 nata
206 1621 300 1654 erat,
330 1621 452 1647 tamen
470 1613 625 1658 patriam
647 1613 907 1646 defendendam
927 1623 1000 1645 esse
1019 1623 1100 1644 cen-

97 1667 186 1708 suit,
214 1673 249 1700 et
265 1667 448 1700 decretum
470 1665 572 1705 fecit,
600 1677 645 1698 ne
663 1664 756 1698 cives
774 1665 961 1708 desperata
980 1663 1099 1695 desen-

96 1718 196 1754 sione
214 1718 369 1763 patriam
396 1719 619 1757 desererent,
647 1717 708 1750 sed
734 1722 773 1749 ut
799 1715 837 1748 in
860 1715 948 1748 urbe
975 1726 1100 1747 omnes

94 1776 304 1811 manerent,
340 1781 641 1814 communemque
675 1769 859 1800 fortunam
890 1772 924 1799 et
948 1765 1099 1810 imperia

96 1822 345 1867 magistratum
371 1827 610 1865 expectarent.
664 1818 835 1853 Discessit
859 1824 978 1851 autem
1008 1816 1100 1850 Leo-

97 1881 212 1908 crates
236 1879 271 1907 et
294 1885 350 1906 res
374 1885 455 1906 suas
480 1872 608 1905 avexit.
662 1871 750 1904 Post
785 1882 899 1903 annos
931 1875 1099 1915 quatuor,

99 1932 228 1972 pacata
245 1924 411 1965 Graecia,
436 1924 541 1958 redit.
578 1923 645 1956 Hic
664 1935 744 1956 eum
761 1928 901 1955 accusat
916 1920 1101 1966 Lycurgus

98 1977 246 2011 crimine
263 1977 378 2010 laesae
395 1975 610 2016 maiestatis,
638 1981 672 2008 et
689 1974 779 2019 petit
797 1986 877 2007 eum
889 2000 898 2013 ‚
924 1973 1021 2018 quod
1038 1984 1100 2017 pa-

97 2029 207 2064 triam
237 2028 275 2061 in
306 2041 446 2062 summo
482 2027 642 2072 periculo
676 2025 892 2065 deseruerit,
936 2025 1100 2058 interfici.

96 2081 161 2116 Est
183 2080 293 2125 igitur
317 2079 433 2113 oratio
457 2079 597 2123 generis
622 2078 818 2117 iudicialis,
855 2083 890 2110 et
915 2082 1027 2110 status
1050 2081 1101 2109 est

96 2132 332 2167 iuredicialis:
374 2130 509 2165 Iustum
538 2137 589 2165 est
613 2129 709 2164 hunc
734 2129 945 2163 Leocratem
970 2127 1101 2172 punire

99 2184 245 2230 capitali
271 2183 469 2229 supplicio,
506 2189 655 2228 propter
683 2181 921 2216 desertionem
948 2178 1101 2223 patriae.

98 2236 146 2271 Et
176 2248 315 2271 summa
354 2246 480 2269 causae
514 2241 549 2268 et
584 2234 759 2268 orationis
792 2231 861 2267 hoc
892 2231 1100 2278 syllogismo

101 2286 358 2334 comprehendi
390 2292 523 2332 potest:
558 2285 694 2321 Iustum
719 2293 753 2320 et
785 2283 1025 2319 necessarium
1051 2289 1103 2316 est

98 2341 304 2386 proditores
334 2345 369 2373 et
400 2340 599 2373 desertores
639 2338 777 2383 patriae
813 2345 985 2383 tanquam
1021 2347 1104 2369 reos

97 2393 214 2427 laesae
237 2391 434 2426 maiestatis
466 2391 610 2435 capitali
635 2390 810 2436 supplicio
827 2389 859 2437 2)
892 2387 999 2425 affici3
1040 2384 1098 2420 hic

98 2444 289 2479 Leocrates
315 2449 367 2478 est
389 2443 549 2477 desertor
571 2443 727 2488 patriae:
754 2454 839 2488 ergo
857 2438 1001 2486 capitali
1019 2451 1103 2484 sup-

100 2497 209 2542 plicio
235 2495 442 2530 afficiendus
465 2501 528 2530 est.

135 2643 166 2672 1)
191 2641 238 2666 Sic
261 2640 352 2699 huiust
365 2638 502 2665 orationis
527 2637 724 2669 interpretatio
750 2636 779 2662 in
798 2636 923 2662 omnibus
943 2635 1001 2661 illis
1018 2634 1104 2660 Editt.

173 2678 217 2702 est
235 2675 339 2707 inscrip
354 2681 380 2702 a,

135 2739 167 2768 2)
184 2737 332 2769 supplicio]
350 2736 400 2761 Ed.
418 2735 494 2760 1548.
513 2734 761 2766 errore-typogn:
781 2733 900 2765 supplic.

1154 1523 1188 1549 et
1206 1517 1367 1561 exempla
1385 1518 1499 1550 multa
1516 1518 1725 1553 recitantur.

1256 1568 1381 1601 Minor
1398 1575 1449 1602 est
1465 1566 1707 1616 κρινό,ιιενον;
1734 1582 1819 1603 nam
1838 1570 2031 1606 Leocrates
2054 1574 2159 1618 fingit

1153 1625 1378 1663 praetextum
1395 1647 1404 1660 ,
1447 1622 1545 1666 quod
1576 1621 1742 1655 videlicet
1770 1623 2026 1667 negotiationis
2053 1637 2158 1659 causa

1154 1670 1364 1705 discesserit.
1424 1671 1493 1705 Sed
1516 1669 1611 1706 hunc
1636 1680 1839 1717 pratextum
1867 1676 1999 1709 refutat
2024 1675 2160 1722 Lycur-

1153 1734 1228 1766 gus.
1282 1722 1389 1756 Tales
1413 1729 1533 1756 autem
1559 1725 1802 1760 accusationes
1828 1726 2020 1760 criminum
2040 1728 2158 1762 laesae

1155 1773 1350 1807 maiestatis
1382 1775 1530 1819 proprie
1562 1782 1737 1809 vocantur
1771 1777 1815 1810 ab
1837 1777 1964 1812 Atticis
1998 1779 2158 1828 εἰςαγγε-

1154 1822 1251 1869 λίαι,
1285 1831 1320 1858 et
1345 1823 1433 1859 haec
1458 1826 1636 1860 accusatio
1663 1829 1707 1860 ad
1733 1835 1900 1873 quartum
1926 1837 2159 1875 praeceptum

1155 1876 1324 1921 Deculogi
1344 1877 1518 1921 pertinet,
1544 1879 1640 1924 quod
1657 1879 1772 1913 sancit
1789 1880 1940 1925 imperia
1960 1880 2008 1928 3).
2050 1882 2159 1928 Quod

1155 1928 1235 1961 ideo
1253 1929 1404 1970 adiicio,
1432 1936 1472 1963 ut
1498 1930 1656 1974 cogitent
1681 1931 1839 1965 iuniores
1855 1959 1863 1973 ‚
1889 1933 2025 1967 formas
2050 1934 2160 1967 actio-

1154 1992 1242 2013 num
1270 1992 1311 2013 ex
1338 1981 1501 2014 doctrina
1528 1982 1702 2016 virtutum
1729 1990 1890 2028 sumptas
1914 1996 2000 2017 esse.
2063 1985 2158 2030 Quia

1155 2032 1251 2065 enim
1269 2038 1389 2066 sontes
1413 2034 1458 2066 ad
1476 2045 1611 2078 poenas
1629 2034 1796 2079 rapiunt,
1823 2035 2049 2069 munimenta
2075 2042 2159 2071 sunt

1155 2090 1189 2117 et
1205 2095 1326 2117 carcer
1343 2085 1529 2119 doctrinae
1551 2085 1738 2121 virtutum.

1207 2195 1371 2231 Oratio
1400 2196 1593 2243 Lycurgi
1627 2204 1790 2232 contra
1824 2196 2109 2234 Leocratem.

1258 2263 1395 2300 Iustum
1413 2272 1447 2299 et·
1462 2266 1563 2311 pium
1583 2266 1820 2301 accusationis
1842 2267 2007 2309 initium,
2033 2274 2074 2302 ut
2092 2268 2162 2302 rei-

1156 2317 1320 2361 publicae
1345 2318 1462 2352 fausta
1487 2318 1552 2359 sit,
1598 2324 1633 2351 et
1653 2325 1693 2352 ut
1716 2318 1794 2352 Deo
1823 2316 1942 2354 honos
1966 2319 2161 2361 tribuatur,

1156 2368 1297 2403 faciam.
1349 2369 1484 2403 Precor
1507 2369 1603 2403 enim
1624 2369 1742 2404 Deum
1758 2370 1812 2417 ⁴),
1840 2371 1871 2405 si
1895 2371 1986 2405 iuste
2004 2370 2161 2405 Leocra-

1157 2426 1229 2454 tem
1258 2432 1404 2463 accuso,
1432 2422 1530 2468 quod
1553 2422 1706 2466 templa,
1741 2433 1844 2463 aras,
1878 2422 1998 2464 lucos,
2029 2423 2162 2458 sacrifi-

1159 2472 1212 2506 cia
1246 2484 1266 2506 a
1293 2473 1492 2508 maioribus
1523 2473 1654 2507 tradita
1685 2473 1909 2519 prodiderit,
1941 2480 1983 2508 ut
2010 2481 2045 2509 et
2072 2472 2163 2509 mihi

1192 2609 1223 2638 8)
1251 2609 1329 2634 Conf.
1348 2608 1532 2633 Melanthonis
1559 2607 1680 2633 collatio
1705 2607 1844 2633 actionum
1870 2606 2025 2632 Atticarum
2051 2608 2078 2631 et
2102 2606 2162 2631 Ro-

1226 2649 1368 2669 manarum
1379 2661 1388 2676 ,
1407 2644 1435 2667 iu
1452 2643 1533 2667 huius
1553 2643 1635 2674 Corp.
1649 2642 1772 2668 Reform.
1800 2642 1864 2668 vol.
1879 2643 1953 2667 XVI.
1976 2649 2002 2673 p.
2015 2641 2068 2666 613
2082 2648 2126 2673 sq.

1192 2696 1224 2727 4)
1243 2697 1276 2720 Η,
1290 2697 1310 2721 l.
1330 2696 1358 2720 in
1376 2696 1462 2720 Editt.
1479 2695 1573 2728 1548„
1594 2696 1670 2723 1554.
1687 2695 1791 2727 legitur
1810 2696 1877 2720 nota
1895 2693 2076 2725 marginalis:
2105 2693 2162 2718 Or-

1229 2731 1302 2755 ditur
1321 2736 1338 2755 a
1355 2730 1523 2762 precatione.
