2351 2990
144 112 242 155 1023

245 197 353 230 Vobis
372 203 490 230 autem
507 194 575 229 hoc
590 197 715 229 foedus
733 193 923 228 honestum
949 193 1017 227 erit
1043 193 1134 226 mul-

140 253 183 287 tis
202 250 328 287 modis.
346 248 502 293 primum
519 248 601 293 quia
618 247 813 279 defendetis
830 245 959 278 iniuria
977 245 1134 283 affectos,

140 315 215 338 non
235 301 403 335 facientes
429 299 616 335 iniuriam;
653 298 782 330 deinde
808 296 891 342 quia
914 307 980 330 nos
1008 307 1135 341 perpe-

140 363 201 389 tuo
232 364 408 386 memores
439 350 569 383 crimus
603 347 707 382 huius
742 347 916 381 beneficii.
983 346 1131 381 Etcum

140 408 286 440 classem
304 402 497 436 habeamus
520 400 711 432 maximam
740 405 819 443 post
845 404 1021 439 vestram,
1051 409 1134 431 con-

139 458 310 495 siderate,
339 465 446 499 quam
465 451 509 485 sit
526 451 622 485 utilis
640 450 857 484 coniunctio.
910 449 1042 494 Magna
1060 449 1135 482 seli-

140 510 227 544 citas
260 507 324 539 crit
352 511 384 537 et
406 502 566 537 hostibus
594 503 753 546 ingrata,
796 502 824 535 si
848 502 1007 546 potentia
1035 500 1135 534 vobis

140 562 234 596 ultro
267 557 426 595 accedet,
467 554 542 588 sine
585 560 701 587 vestro
734 553 891 598 periculo
918 559 952 586 et
977 558 1135 597 sumptu,

141 623 248 658 quam
268 621 329 641 vos
348 617 497 649 magnae
513 605 686 649 pecuniae
706 611 740 638 ct
765 605 900 648 gratiae
927 605 1005 637 loco
1031 603 1135 637 aesti-

141 662 244 696 malis
257 687 265 699 ,
292 666 325 692 ct
342 657 427 691 llaec
445 656 596 690 accessio
615 656 716 690 vobis
733 656 883 700 gloriam
902 662 937 689 et
958 655 1051 689 vires
1074 667 1135 687 au-

141 721 215 759 get;
243 711 339 755 apud
356 721 421 743 nos
438 720 524 741 vero
536 734 545 747 ,
573 708 701 754 quibus
722 720 826 752 opem
842 708 953 747 fertis,
969 706 1135 750 gratiam,

141 777 233 811 quac
260 762 380 795 onmia
406 759 527 805 paucis
551 760 656 793 simul
682 759 925 803 contigerunt,
960 758 1134 803 paucique

140 818 304 854 suerunt,
337 812 398 858 qui
424 811 626 845 societatem
652 816 811 856 petentes
836 822 910 843 non
933 810 1051 843 minus
1074 810 1135 842 da-

140 873 221 902 rent
239 863 409 911 praesidii
430 869 463 896 et
482 862 705 902 ornamenti,
733 874 841 908 qnam
860 861 1093 906 accipiebant.

245 917 281 951 Si
298 916 376 961 quis
401 921 519 949 autem
544 914 741 953 existimat,
774 913 875 947 vobis
899 925 975 946 non
999 912 1136 956 impen—

141 972 224 1003 dere
254 968 408 1005 bellum,
449 972 564 1003 errat,
613 977 678 998 nec
707 964 804 998 videt
832 963 1136 997 Lacedaemonios

142 1028 239 1055 metu
261 1025 398 1052 vestrae
425 1016 605 1061 potentiae
630 1028 685 1050 res
710 1015 988 1055 novas‘moliri,
1017 1022 1050 1048 et
1069 1015 1136 1049 Co-

142 1071 295 1107 rinthios
328 1081 391 1114 per
423 1080 497 1102 sese
529 1067 666 1101 validos
693 1073 726 1100 ct
752 1067 853 1101 vobis
879 1067 1043 1101 inimicos
1068 1064 1137 1099 hoc

142 1136 245 1169 agere
257 1149 265 1159 ,
294 1133 371 1154 cum
389 1132 454 1153 nos
474 1119 668 1157 invadunt,
695 1125 734 1151 ut
750 1131 812 1152 vos
830 1124 1074 1158 antevertant,
1091 1130 1136 1150 ne

142 1176 424 1217 confflngamur,
459 1183 546 1203 neve
569 1171 737 1203 alterutra
755 1182 815 1215 spe
842 1171 1059 1204 frustrentur
1076 1175 1138 1203 aut

142 1225 294 1261 nocendi
312 1223 434 1263 nobis,
462 1229 522 1255 aut
547 1234 620 1256 sese
645 1222 916 1255 corroborandi.
971 1221 1049 1254 Erit
1074 1221 1137 1265 igi-

142 1286 200 1314 tur
217 1283 372 1310 vestrum
392 1275 505 1307 facere
523 1273 726 1307 societatem
745 1273 848 1307 nobis
865 1273 1085 1318 petentibus,
1104 1278 1138 1305 et

142 1330 211 1364 illis
228 1327 346 1373 potius
361 1325 491 1359 terrori
508 1337 599 1366 esse,
617 1337 724 1371 quam
741 1331 862 1369 postea
881 1324 1012 1358 auxilia
1029 1335 1137 1369 quae-

145 1394 222 1415 rerc
242 1379 340 1412 illato
360 1384 510 1411 terrore.

246 1430 283 1464 Si
300 1436 417 1463 autem
439 1429 558 1461 dicent
575 1427 746 1460 iniustum
772 1438 845 1459 esse
869 1425 1026 1470 recipere
1054 1424 1138 1457 alie-

143 1496 206 1517 nas
223 1481 402 1521 colonias,
430 1478 497 1512 boc
517 1478 759 1518 considerent,
786 1477 965 1510 coloniam
992 1477 1040 1509 ita
1064 1488 1138 1508 me-

144 1534 278 1579 tropoli
293 1531 469 1566 honorem
488 1530 635 1569 debere,
662 1529 690 1562 si
708 1541 781 1562 non
799 1529 974 1562 afficiantur
994 1528 1138 1567 iniuria,

143 1589 204 1621 sed
234 1584 375 1618 iniuriis
406 1583 595 1615 alienatur.
655 1580 866 1614 Educuntur
895 1580 990 1613 enim
1019 1578 1138 1612 coloni

144 1650 218 1672 non
240 1642 279 1669 ut
301 1634 554 1679 opprimantur
571 1632 759 1672 servitute,
793 1632 853 1665 sed
876 1637 915 1664 ut
940 1643 1042 1675 pares
1068 1630 1139 1664 sint

144 1688 325 1735 prioribus
343 1686 488 1719 civilius.

248 1738 355 1782 Quod
375 1743 492 1770 autem
519 1747 584 1768 nos
609 1733 737 1766 iniuria
763 1733 963 1774 affecerint,
993 1733 1139 1766 manife-

144 1799 236 1826 stum
254 1796 323 1827 est,
352 1788 458 1834 quia,
481 1798 559 1819 cum
585 1786 629 1818 ad
654 1784 824 1823 iudicium
848 1797 1139 1830 provocaremus,

145 1843 196 1875 illi
229 1841 337 1874 armis
370 1844 505 1872 certare
538 1837 753 1870 maluerunt.
816 1836 896 1881 Qua
926 1848 967 1869 cx
992 1849 1030 1869 re
1056 1848 1139 1869 con-

145 1895 315 1927 iecturam
334 1890 456 1930 facite,
475 1901 553 1922 cum
573 1888 659 1922 tales
678 1887 811 1921 fuerint
827 1900 909 1932 erga
928 1900 993 1922 nos
1011 1900 1139 1932 cogna-

145 1953 220 1985 tos,
248 1956 290 1976 ne
309 1941 424 1987 decipi
442 1953 504 1974 vos
528 1939 672 1979 sinatis,
701 1952 780 1973 cum
806 1937 1067 1979 hortabuntur,
1095 1952 1138 1972 ne

145 1995 249 2030 nobis
265 1992 502 2040 opitulemini.
553 1991 769 2025 Tutissimus
786 1997 836 2026 cst
853 1990 946 2024 enim
958 2018 966 2032 ,
996 1990 1057 2037 qui
1074 1990 1139 2023 mi-

146 2048 283 2081 nimum
299 2045 518 2091 gratificatur
533 2041 706 2077 hostibus.

249 2099 321 2133 Nee
352 2095 532 2129 violabitis
558 2095 703 2134 foedus,
739 2095 836 2139 quod
860 2106 938 2128 cum
964 2093 1140 2127 Laccdae-

148 2150 277 2184 moniis
293 2150 423 2182 sactum
444 2153 514 2186 est,
549 2146 659 2180 sinos
676 2145 872 2189 recipietis,
908 2145 970 2191 qui
994 2151 1140 2179 neutro-

147 2214 226 2236 rum
248 2200 333 2235 socii
360 2211 493 2234 sumuS.
546 2197 718 2242 Expresse
744 2196 839 2229 enim
866 2197 903 2229 in
923 2198 1065 2230 foedere
1089 2197 1140 2230 di-

146 2260 241 2287 ctum
260 2259 330 2292 est,
354 2251 384 2286 si
403 2262 473 2297 qua
489 2250 708 2284 Graecarum
726 2248 909 2282 civitatum
928 2261 1001 2281 non
1019 2248 1064 2282 sit
1086 2261 1141 2283 so-

148 2305 222 2344 cia,
248 2304 353 2337 licere
374 2303 404 2336 ei
423 2302 466 2335 ad
484 2308 585 2335 utros
601 2300 719 2340 volet,
736 2300 847 2333 libere
866 2301 1043 2335 accedere.
1097 2299 1142 2334 Et

148 2355 334 2399 indignum
352 2360 460 2394 esset,
487 2353 515 2387 si
535 2352 604 2386 illis
623 2352 703 2385 licet
721 2364 763 2385 ex
779 2351 968 2386 socialibus
991 2351 1142 2385 civitati-

147 2407 213 2440 bus
237 2412 270 2439 ct
294 2418 335 2439 ex
357 2405 494 2451 reliqua
519 2403 689 2445 Graecia,
724 2409 758 2436 et
783 2416 825 2437 ex
847 2403 971 2438 vestris
993 2403 1142 2437 subditis

148 2470 256 2491 naves
273 2468 432 2496 armare,
460 2456 561 2490 vobis
587 2455 743 2489 oblatam
766 2455 971 2489 societatem
998 2461 1032 2488 et
1055 2455 1142 2489 alias

145 2509 316 2544 utilitates
349 2507 579 2547 interdicere,
614 2513 649 2540 et
676 2506 776 2540 vobis
808 2512 981 2552 tanquam
1007 2506 1142 2540 crimen

147 2560 323 2599 obiicere,
360 2559 388 2592 si
414 2559 517 2592 nohis
541 2557 804 2593 adsentiamini.
863 2559 911 2593 At
935 2564 1058 2591 contra
1089 2557 1142 2591 iu-

147 2612 234 2646 stius
251 2617 340 2645 esset
358 2622 420 2643 vos
438 2621 456 2642 a
473 2610 576 2643 nobis
592 2609 761 2643 accusari.
789 2607 962 2644 Iniustum
979 2615 1030 2644 est
1046 2609 1140 2642 enim

148 2661 314 2696 homines
347 2661 588 2706 periclitantes
615 2667 650 2694 et
675 2660 776 2695 vobis
800 2673 875 2694 non
899 2661 1064 2695 inimicos
1087 2673 1142 2694 re-

150 2713 246 2759 pelli.
299 2713 438 2747 Deinde
460 2709 529 2746 hoc
552 2713 628 2753 fiet,
655 2723 731 2745 non
752 2713 955 2757 reprimetis
977 2712 1142 2747 inimicos

721 109 844 144 PHIL.
880 107 993 143 MEL.
1027 105 1232 142 SCRIPTA
1266 105 1603 144 PHILOLOGICA.

2086 109 2187 148 1024

1189 198 1325 226 vestros
1339 191 1390 237 ²),
1425 198 1461 225 et
1489 193 1611 227 sinetis
1644 205 1704 228 cos
1734 198 1889 227 crescere
1920 206 1962 228 ex
1992 200 2109 229 vestra
2130 207 2186 228 re-

1190 243 1295 287 gione
1307 269 1316 283 ,
1332 244 1429 288 quod
1448 243 1616 278 iniustum
1636 251 1698 279 est.
1732 244 1876 279 Rectius
1896 251 1948 279 est
1962 252 2081 279 autem
2099 255 2185 291 pro·-

1188 293 1331 334 hibere,
1358 306 1402 327 ne
1419 296 1514 339 apud
1529 307 1592 329 vos
1610 297 1812 329 conducant
1825 296 1974 338 milites,
2001 308 2042 331 ac
2065 297 2185 343 potius

1188 346 1292 379 nobis
1309 345 1471 386 mittere,
1495 347 1586 379 facta
1604 347 1722 390 palam
1740 347 1920 382 societate.

1291 395 1472 431 Utilitates
1488 404 1574 430 vero
1591 396 1821 433 multae'sunt
1838 399 1873 433 in
1889 396 1956 432 liae
1974 410 2033 439 re,
2060 404 2099 432 ut
2117 397 2184 431 ini-

1190 446 1240 480 tio
1257 447 1484 488 monuimus,
1503 459 1654 494 quarum
1673 450 1863 495 praecipua
1882 457 1933 485 est
1946 476 1955 491 ,
1974 451 2184 496 quod-com-

1188 511 1314 533 munes
1341 499 1477 532 inimici
1499 506 1582 533 sunt
1607 501 1710 534 nobis
1734 507 1768 534 et
1790 502 1912 543 vobis,
1948 507 1981 534 et
2004 501 2113 534 validi
2139 501 2185 534 ad

1188 551 1404 585 nocendum.
1458 550 1619 597 Cumque
1637 551 1738 586 vobis
1753 552 1924 587 offeratur
1939 552 2035 586 socia
2054 551 2185 593 classis,

1189 614 1263 635 non
1280 601 1440 646 potentia
1458 603 1740 643 mediterranea,
1767 614 1842 639 non
1857 604 1982 639 similis
2005 615 2108 638 causa
2133 608 2186 637 est

1188 653 1392 698 negligendi
1406 653 1493 687 tales
1513 654 1639 688 socios.
1692 654 1784 689 Nam
1806 654 1836 688 si
1859 655 1936 688 fieri
1958 662 2095 699 posset,
2122 666 2184 687 vo-

1189 704 1242 738 bis
1259 705 1514 749 perficiendum
1534 711 1629 746 erat,
1657 718 1701 740 ne
1719 705 1843 740 civitas
1857 706 1929 739 ulla
1947 705 2015 739 alia
2038 707 2184 740 classem

1190 753 1349 790 haberet.
1413 756 1483 790 Sed
1509 769 1588 790 cum
1614 754 1683 790 hoc
1704 757 1780 790 fieri
1804 768 1878 790 non
1903 757 2034 802 possit,
2065 756 2186 801 proxi-

1188 820 1289 841 mum
1306 814 1377 848 est,
1404 814 1445 841 ut
1463 808 1563 842 vobis
1579 808 1780 853 adiungatis
1795 808 1927 848 socios,
1956 807 2018 854 qui
2035 807 2188 841 maxime

1192 859 1314 892 valent
1334 860 1456 893 classe.

1293 909 1330 944 Si
1345 911 1558 956 quisi-autem
1576 909 1753 944 existimat
1769 909 1855 944 haec
1869 912 1911 944 de
1928 910 2081 944 utilitate
2096 915 2189 943 recte

1190 960 1279 1001 dici,
1306 963 1368 995 sed
1384 962 1530 1003 metuit,
1557 974 1601 995 ne
1618 963 1762 995 foedera
1788 962 2048 1003 dissolvantur,
2074 961 2103 995 is
2120 958 2190 994 hoc

1191 1013 1410 1054 consideret,
1438 1014 1536 1059 quod
1552 1014 1714 1048 diffidens
1732 1014 1868 1047 foederi
1896 1013 2008 1058 magis
2032 1013 2189 1054 deterret

1191 1064 1367 1099 inimicos.
1422 1065 1554 1098 Contra
1574 1077 1681 1105 vero,
1709 1065 1784 1098 sine
1800 1072 1900 1099 metu
1924 1077 2018 1104 esse,
2047 1070 2081 1098 et
2105 1075 2189 1097 con-

1191 1116 1300 1149 fidere
1314 1117 1518 1150 foederibus
1530 1143 1539 1157 ,
1566 1129 1631 1150 nec
1648 1116 1806 1161 recipere
1825 1117 1914 1150 alios
1930 1116 2064 1157 socios,
2093 1115 2190 1148 infir-

1192 1167 1297 1201 mitas
1315 1174 1366 1202 est
1381 1174 1505 1201 contra
1522 1168 1755 1213 potentiores.
1809 1168 1882 1203 Nec
1899 1180 1983 1201 vero
2006 1167 2121 1202 solum
2145 1167 2189 1200 de

1193 1218 1369 1264 Corcyra,
1395 1220 1457 1253 sed
1474 1220 1517 1253 de
1534 1220 1618 1264 ipsis
1635 1217 1785 1254 Athenis
1804 1220 1874 1252 iam
1891 1218 2102 1255 deliberatio
2125 1224 2187 1252 est.

1193 1269 1318 1311 Errat,
1352 1271 1383 1304 si
1398 1271 1476 1316 quis
1494 1271 1652 1314 cogitans
1675 1272 1717 1305 de
1742 1272 1834 1304 bello
1858 1283 1932 1303 non
1953 1271 2095 1310 futuro,
2127 1270 2189 1303 sed

1192 1327 1291 1354 moto
1318 1321 1409 1362 iam,
1444 1322 1584 1355 dubitat
1609 1321 1780 1369 recipere,
1797 1323 1930 1363 socios,
1965 1320 2029 1367 qui
2051 1327 2086 1355 et
2107 1332 2191 1366 pro-

1192 1372 1290 1405 desse
1310 1372 1467 1406 adiuncti
1482 1373 1678 1417 plurimum
1698 1379 1868 1418 possunt,
1898 1379 1933 1406 et
1954 1384 2082 1406 nocere
2107 1384 2193 1406 con-

1193 1423 1305 1456 iuncti
1328 1436 1407 1457 cum
1432 1422 1606 1458 hostibus.
1660 1425 1735 1460 Sita
1760 1431 1812 1458 est
1836 1423 1931 1458 enim
1948 1424 2104 1469 Corcyra
2127 1435 2191 1468 op·-

1193 1481 1347 1518 portune
1374 1476 1418 1508 ad
1444 1475 1631 1509 traiectum
1658 1478 1695 1509 in
1717 1474 1856 1509 Italiam
1883 1482 1917 1509 et
1939 1475 2118 1515 Siciliam,
2152 1480 2192 1508 ut

1194 1527 1493 1560 transvectionem
1524 1526 1743 1561 exercituum
1776 1528 1858 1561 inde
1892 1527 1929 1560 in
1964 1527 2189 1572 Peloponne-

1192 1590 1271 1611 sum
1288 1578 1340 1625 3),
1375 1585 1435 1612 aut
1458 1591 1499 1612 eo
1522 1591 1563 1612 ex
1585 1579 1836 1624 Peloponneso
1868 1579 2042 1624 impedire
2066 1577 2192 1624 possit,

1193 1635 1227 1662 et
1242 1630 1287 1662 ad
1305 1629 1392 1664 alias
1416 1630 1586 1664 utilitates
1612 1637 1818 1676 opportuna
1845 1637 1907 1664 est.
1961 1630 2126 1676 Denique
2148 1641 2190 1663 ex

1192 1678 1260 1713 hac
1276 1681 1375 1714 brevi
1392 1694 1531 1715 summa
1550 1694 1763 1726 cognoscere
1784 1682 1930 1727 potestis
1946 1694 2011 1715 nos
2029 1693 2104 1714 non
2130 1682 2189 1714 de-

1193 1733 1362 1766 serendos
1381 1745 1465 1767 esse.
1499 1733 1635 1769 Classes
1652 1734 1688 1767 in
1699 1734 1849 1768 Graecia
1869 1740 1939 1767 tres
1954 1739 2037 1768 sunt
2052 1732 2190 1777 magni-

1192 1783 1397 1824 faciendae,
1434 1791 1571 1825 vestra,
1606 1792 1728 1824 nostra
1755 1792 1789 1820 et
1806 1783 2005 1826 Corinthia.
2059 1783 2134 1816 Iam
2159 1782 2189 1818 si

1194 1835 1282 1870 duas
1299 1835 1468 1880 coniungi
1490 1835 1632 1877 sinetis,
1667 1843 1701 1869 et
1716 1835 1894 1870 Corinthii
1917 1836 2101 1881 potientur
2124 1847 2190 1868 no-

1194 1893 1265 1920 stra
1283 1888 1411 1928 classe,
1440 1887 1618 1926 difficilius
1636 1889 1737 1923 vobis
1754 1894 1933 1922 certamen
1949 1900 2028 1921 cum
2052 1887 2190 1920 duabus

1194 1939 1273 1973 crit.
1327 1939 1363 1972 Si
1390 1951 1476 1972 xero
1499 1951 1565 1973 nos
1591 1940 1796 1985 receperitis
1819 1940 1855 1972 in
1879 1939 2104 1978 societatem,
2132 1950 2191 1971 ve-

1194 1996 1267 2024 stra
1285 1990 1445 2034 potentia
1462 1990 1530 2024 erit
1549 1993 1678 2026 maior.

1386 2076 1548 2111 Oratio
1577 2074 1927 2115 Corinthiorum
1956 2077 2001 2124 ⁴).

1299 2144 1388 2179 Cum
1405 2145 1599 2191 Corcyraei
1613 2157 1687 2179 non
1704 2142 1771 2178 hoc
1788 2157 1898 2179 unum
1925 2144 2080 2190 egerint,
2107 2152 2147 2182 ut
2171 2158 2192 2180 a

1196 2196 1297 2231 vobis
1326 2197 1590 2242 reciperentur,
1623 2197 1683 2232 sed
1712 2209 1778 2231 nos
1802 2196 1910 2230 etiam
1933 2197 2191 2239 accusaverint,

1196 2255 1231 2282 et
1254 2249 1370 2294 questi
1393 2249 1465 2283 sint
1484 2261 1549 2283 nos
1573 2248 1703 2282 iniuste
1729 2248 1862 2282 bellum
1886 2249 2059 2290 movisse,
2096 2255 2131 2282 et
2152 2260 2190 2284 se

1196 2300 1328 2334 iniuria
1349 2301 1460 2342 affici,
1487 2312 1627 2334 necesse
1644 2306 1696 2334 est
1710 2312 1775 2334 nos
1800 2301 1843 2333 de
1868 2298 1935 2334 hac
1962 2300 2188 2335 accusatione

1196 2352 1353 2397 primum
1372 2353 1509 2393 dicere,
1533 2364 1574 2386 ac
1588 2351 1715 2386 deinde
1732 2353 1776 2384 ad
1793 2351 1968 2397 reliquam
1987 2352 2189 2388 orationem

1197 2404 1383 2445 accedere,
1408 2410 1448 2439 ut
1462 2410 1496 2438 et
1511 2409 1671 2438 nostram
1693 2403 1902 2449 petitionem
1926 2404 2055 2439 rectius
2081 2416 2191 2449 agno-

1230 2522 1262 2551 2)
1280 2521 1405 2546 inimicos
1425 2520 1550 2548 vestros]
1569 2519 1611 2543 sic
1628 2519 1656 2543 ln
1683 2519 1745 2550 ipsa
1771 2519 1898 2544 oratione
1922 2520 1939 2544 l.
1969 2519 1986 2544 l.
2015 2518 2134 2550 legitur3
2162 2517 2191 2542 in

1265 2556 1344 2580 huius
1363 2555 1425 2580 libri
1443 2555 1496 2579 fine
1515 2555 1606 2578 autem
1625 2554 1697 2578 inter
1717 2554 1883 2585 corrigenda
1901 2560 1951 2584 pro
1971 2555 2085 2579 vestros
2111 2552 2190 2577 exhi-

1267 2592 1359 2615 betur:
1378 2590 1503 2614 nostros.
1540 2589 1708 2620 Thucydidis
1728 2589 1813 2612 verba
1831 2589 1912 2613 sunt:
1930 2586 2043 2620 ἐχθρῶν
2061 2585 2157 2612 ὄντων.

1229 2642 1261 2671 3)
1287 2641 1504 2670 Peloponnesum
1530 2640 1598 2669 eto]
1629 2640 1669 2664 sic
1702 2639 1866 2670 scripsimus
1898 2649 1931 2662 =

1266 2676 1317 2701 Ed.
1338 2675 1413 2700 ¹562.
1431 2675 1527 2699 habet:
1555 2674 1755 2706 peloponesum
1774 2677 1825 2700 etc.

1229 2729 1260 2756 4)
1280 2726 1401 2758 Thucyd.
1420 2726 1447 2758 1,
1466 2726 1500 2751 :3⁷
1519 2740 1552 2747 —
1571 2725 1612 2751 43.

1965 2638 2177 2670 Πελοπόννησος
2183 2646 2191 2670 3
