2294 2975
131 130 177 166 59
701 116 822 152 PHIL.
858 113 970 150 MEL.
1005 111 1208 151 SCRIPTA
1241 114 1578 153 PHILOLOGICA.

134 217 188 249 rio
214 213 277 247 init
304 217 446 248 orator,
488 213 522 241 et
551 205 722 250 superbus
746 203 902 243 iuvenis,
935 207 968 234 ct
1000 199 1119 233 statim

137 266 237 300 initio
255 262 337 297 belli
353 260 463 294 civilis
477 265 552 293 erat
568 258 746 297 tribunus,
780 255 840 300 qui
855 251 1037 287 contendit
1055 263 1119 295 pro

136 318 284 351 Caesare
308 314 474 347 adversus
493 309 717 353 Pompeium.
774 306 820 339 lit
846 317 924 338 cum
947 308 1122 348 pugnaret

138 374 260 402 contra
280 365 415 398 Varum
441 369 473 395 ct
497 361 618 395 Iubam
642 358 736 403 apud
759 356 961 400 Bagradam
972 354 1038 399 ¹³²¹)
1058 353 1122 386 ssu-

137 420 232 452 xinm
245 445 252 455 ,
279 415 374 449 liaud
390 416 494 455 longe
511 414 552 445 ab
567 411 665 443 [tica
686 408 887 441 interfectus
905 412 967 440 est.
1006 405 1121 438 Porro

136 470 221 504 hai-r
247 467 394 513 epistola
421 471 469 498 cst
495 464 596 507 plane
621 459 816 498 rhetorica,
859 464 893 490 et
919 455 1026 490 habet
1053 461 1122 488 tres

137 528 269 566 partes:
312 515 571 551 excusationem
597 511 745 550 silentii,
790 507 1064 553 gratulationem
1090 511 1124 538 et

137 569 436 605 adhortationem.
488 563 684 597 Exordium
702 573 764 596 seu
786 561 900 605 prima
924 557 1122 603 propositio

138 623 244 657 habet
267 618 527 654 excusationem
552 614 700 653 silentii,
737 624 826 657 qnae
852 616 988 644 constat
1007 609 1123 641 inver—

137 675 253 707 sione:
288 670 370 705 lN'on
392 668 507 702 solum
533 678 606 699 non
632 671 683 699 est
704 664 911 702 molestum,
946 660 1042 706 quod
1068 671 1124 692 me

137 722 267 759 silentii
284 732 441 759 accusas,
468 719 527 753 sed
544 717 649 750 etiam
667 716 872 749 iucundum.
914 711 954 745 In
969 724 1010 745 eo
1030 710 1125 744 enim

138 773 225 808 milii
243 772 416 816 significas
435 781 593 803 amorem
611 775 711 801 tuum
723 793 732 806 ‚
761 766 857 811 quod
873 776 969 796 meas
989 762 1125 795 litteras

138 833 322 868 tantopere
347 822 456 866 cupis.
514 819 680 865 Sequitur
703 817 772 850 alia
797 815 973 849 excusatio
995 812 1126 847 silentii

140 891 157 909 a
176 889 238 909 sua
255 873 441 909 sedulitate
460 884 538 906 cum
556 868 783 903 infitiatione:
812 867 894 901 lN'on
918 878 995 899 sum
1016 863 1126 908 negli-

138 940 222 972 gens
239 926 273 959 in
291 925 477 959 scribendo
491 950 499 962 ,
533 928 567 955 ct
586 920 761 954 clauditur
779 918 962 951 exordium
978 921 1125 949 venusta

139 977 405 1014 admonitione,
445 980 485 1007 ut
513 984 622 1017 porro
647 971 784 1004 desinat
805 969 932 1002 iniuste
962 977 1126 1000 accusare

138 1029 291 1063 amicum
316 1025 466 1065 silentii,
509 1023 570 1069 qui
597 1024 633 1055 in
655 1021 840 1055 scribendo
865 1018 1058 1051 admodum
1083 1016 1129 1050 sit

139 1081 308 1114 assiduus.
361 1076 497 1109 Deinde
515 1074 660 1119 ponitur
676 1071 855 1110 narratio,
884 1070 919 1102 in
937 1080 1005 1114 qua
1022 1079 1128 1111 expo-

139 1132 192 1164 nit
214 1142 314 1164 suam
338 1127 634 1172 gratulationem,
676 1123 772 1168 quod
799 1121 921 1155 absens
951 1130 1128 1153 summam

140 1183 281 1215 laudem
298 1183 504 1212 consecutus
525 1176 580 1210 sit.
631 1175 759 1207 Postea
786 1172 886 1205 addit
908 1168 1128 1203 adhortatio-

139 1245 220 1266 nem
238 1233 282 1264 ad
300 1230 466 1262 virtutem
479 1254 488 1268 ,
514 1233 553 1260 ut
571 1226 682 1271 possit
702 1236 767 1269 par
794 1235 865 1257 esse
893 1219 1129 1265 expectationi

139 1283 264 1329 populi
280 1280 458 1320 Romani,
492 1279 684 1322 redeatque
710 1277 857 1308 domum
884 1272 1128 1306 ornatissimus

141 1343 174 1369 et
193 1339 404 1378 expectatus.
456 1330 573 1375 Atque
596 1326 683 1361 haec
706 1338 787 1371 pars
813 1331 863 1358 est
887 1323 1025 1368 generis
1049 1333 1129 1356 sua-

141 1385 237 1421 sorii.
275 1384 446 1429 Epilogus
464 1378 810 1414 commendationem
828 1374 936 1408 habet
951 1386 1034 1408 suae
1051 1385 1130 1417 per-

140 1448 268 1475 sonae,
297 1447 366 1480 qua
391 1434 561 1466 admonet
577 1430 770 1463 Curionem
794 1428 838 1460 ad
862 1424 1130 1471 gratitudinem,

141 1495 178 1521 ut
206 1498 344 1519 memor
374 1484 419 1518 sit
452 1481 713 1528 praeceptoris,
755 1478 853 1512 cuius
879 1488 988 1521 opera
1012 1475 1057 1509 sit
1081 1475 1130 1507 ita

142 1544 293 1572 evectus.

186 1641 512 1684 Argumentum
547 1638 589 1665 et
621 1628 795 1665 scholia
832 1629 876 1661 in
914 1627 1087 1672 episto-

523 1684 563 1716 la
574 1695 610 1715 m
638 1680 678 1714 Il.
691 1680 748 1725 ¹⁴).

244 1755 284 1789 In
312 1753 378 1788 hac
399 1751 546 1796 epistola
569 1756 657 1795 puto
685 1747 818 1793 aliquid
846 1748 983 1786 deesse,
1016 1758 1130 1791 neque

146 1809 240 1843 enim
260 1804 452 1840 cohaerent
469 1801 601 1835 omnia.
654 1799 849 1833 Exordium
875 1804 926 1831 est
951 1803 1130 1841 sumptum

146 1874 162 1893 a
184 1856 385 1892 testimonio
403 1854 546 1893 amoris,
574 1858 608 1885 et
622 1857 673 1885 est
692 1851 793 1883 valde
808 1846 1011 1894 ⁴1]·91m)11¹⁵),
1036 1848 1131 1893 quod

146 1911 273 1954 allegat
289 1913 439 1953 patrem.
493 1903 630 1937 Deinde
655 1901 803 1946 epistola
822 1899 927 1932 habet
945 1900 1131 1933 consilium

146 1964 188 1995 de
206 1960 317 1999 ludis,
346 1956 432 1990 etin
451 1955 527 1999 ipso
544 1953 691 1986 consilio
715 1951 995 1984 confutationem
1020 1957 1054 1983 et
1078 1962 1132 1983 re-

147 2010 419 2057 prehensionem
450 2005 645 2040 sententiae
673 2002 850 2037 Curionis.
917 2000 956 2033 ln
988 2002 1056 2034 fine
1082 2008 1134 2034 est

147 2058 468 2097 adhortatiuncula.

249 2112 359 2157 Epist.
376 2109 416 2143 ll.
444 2107 474 2152 §-
493 2108 525 2141 1.
553 2106 658 2141 Gravi
673 2110 754 2139 teste
766 2106 919 2147 privatus
934 2099 1026 2149 sum]
1043 2100 1134 2135 Nar-

147 2165 262 2204 ratio,
296 2174 364 2208 qua
390 2159 554 2203 deplorat
574 2162 726 2188 mortem
749 2154 860 2199 patris
888 2153 1073 2193 Curionis,
1102 2158 1135 2185 et

149 2222 273 2248 narrat
297 2213 472 2259 quaedam
489 2206 636 2241 consilia
655 2207 696 2240 de
714 2218 788 2238 non
812 2204 1033 2249 publicandis
1059 2216 1135 2237 mu-

151 2267 304 2299 neribus.

187 2365 253 2391 13⁶)
272 2363 437 2393 Bagradam]
457 2361 539 2384 Bditt.
556 2358 641 2388 1556,
662 2355 849 2380 1565—1577.
869 2355 955 2378 male:
976 2355 1135 2385 magadam.

187 2410 232 2437 n)
253 2407 326 2430 naec
345 2406 460 2436 epistola
479 2403 634 2427 Editionum
650 2400 734 2426 1537„
755 2399 839 2428 ¹545„
863 2398 945 2427 1546„
968 2398 1051 2422 1556..
1073 2398 1137 2420 1560

219 2441 336 2463 -1601,
363 2441 430 2463 duas
456 2439 611 2461 Editionum
634 2435 723 2463 1544„
744 2433 834 2461 1554,
857 2431 930 2455 1557.
956 2435 982 2454 et
1000 2432 1136 2455 Editionis

221 2475 377 2500 orenianae
401 2473 553 2502 epistolas,
588 2470 693 2493 scilicet
717 2466 862 2491 secundam
887 2467 914 2488 et
933 2466 1042 2489 tertiam
1062 2472 1137 2489 com-

219 2508 362 2540 plectitur,
383 2512 495 2537 quarum
515 2506 563 2528 iiia
580 2503 672 2527 verbis
691 2508 726 2526 ac
744 2501 831 2533 fuisti
845 2500 928 2530 patre·
945 2499 1054 2530 finitur,
1072 2501 1138 2523 haec

220 2545 311 2567 autem
329 2548 346 2565 a
365 2542 456 2564 verbis
475 2539 581 2570 Nempe
599 2537 695 2567 (Editt.
718 2537 809 2566 1544,
828 2535 920 2565 1554„
942 2534 1017 2558 1557.
1042 2535 1068 2557 et
1088 2533 1136 2558 Ed.

221 2577 306 2602 orell.
327 2576 442 2606 napae)
462 2574 589 2597 studium
603 2578 660 2595 non
673 2570 783 2602 defuit,
803 2568 917 2592 orditur.
954 2568 984 2590 lu
999 2568 1047 2592 Ed.
1065 2568 1138 2591 1540.

220 2614 336 2640 utraque
355 2616 381 2632 iu
407 2614 486 2631 uuam
511 2606 615 2637 quidem
639 2605 797 2633 coniuncta,
831 2605 859 2626 at
886 2602 983 2632 duplici
1010 2608 1137 2626 numero:

222 2645 254 2669 11.
274 2647 302 2668 et
321 2644 363 2667 111.
384 2645 426 2666 est
444 2642 583 2670 inscripta.

189 2688 236 2717 15)
255 2683 364 2716 ἠθικὸν]
382 2686 423 2708 sic
436 2685 518 2708 Editt.
533 2682 620 2713 1540„
639 2682 724 2711 1544.,
741 2681 824 2709 1551,
842 2680 927 2711 1557„
948 2679 1036 2709 ¹560.;
1056 2679 1137 2702 Editt.

225 2721 309 2751 1⁶37„
330 2720 403 2745 154⁶.
422 2719 539 2748 unicum
558 2716 607 2741 Ed.
620 2715 694 2739 1545.
714 2714 847 2745 ethicum5
864 2714 913 2738 Ed.
929 2714 1002 2738 1601.
1022 2713 1137 2738 ethicon.

2110 120 2158 154 60

1274 201 1385 247 Epist.
1402 201 1461 238 III.
1488 201 1518 248 ἓ.
1540 204 1572 238 1.
1599 205 1703 239 Brevi
1726 209 1836 239 tamen
1856 207 1906 239 sic
1925 202 2062 252 habeto]
2089 204 2161 237 Ra-

1174 253 1223 287 tio
1241 254 1471 288 dissuasionis
1487 255 1711 299 publicorum
1734 268 1934 290 munerum.

1277 303 1307 348 ἓ.
1326 307 1361 340 2.
1388 308 1529 341 Summa
1548 312 1579 341 ie
1597 306 1732 352 sciram)
1758 309 1794 341 in
1817 308 2047 351 expectatione
2072 303 2161 352 esse]

1175 354 1384 397 Conclusio,
1424 358 1608 391 continens
1639 354 1764 403 πάθη,
1806 370 1870 402 per
1894 369 1984 404 quae
2008 356 2164 390 breviter

1176 404 1387 441 adhortatur
1408 419 1487 441 eum
1500 435 1509 449 ,
1536 415 1575 442 ut
1591 409 1751 453 paratior
1768 410 1899 443 veniat.

1390 491 1526 527 Aliud
1562 493 1946 539 argumentum¹⁷).

1277 559 1435 603 Epistola
1464 567 1514 594 est
1534 562 1671 606 generis
1695 561 1928 595 deliberativi.
1988 558 2164 594 Dehorta-

1177 616 1234 643 tur
1253 611 1346 643 enim
1365 611 1557 645 Curionem
1574 624 1592 645 a
1610 613 1800 657 cupiditate
1821 612 2007 657 magnifice
2033 617 2068 645 et
2090 623 2164 644 am-

1176 660 1302 695 bitiose
1319 663 1518 706 apparandi
1542 676 1672 697 munus
1698 665 1864 705 funebre,
1900 664 1996 709 quod
2022 663 2079 695 ille
2100 674 2162 706 pa-

1177 713 1280 746 rabat
1295 713 1405 757 patris
1422 714 1601 747 demortui
1619 726 1733 749 causa.
1785 715 1838 748 De
1857 715 1954 748 cuius
1970 713 2162 747 immodico

1178 771 1353 808 apparatu
1386 764 1465 798 vide
1497 765 1654 798 Plinium
1683 766 1744 799 lib.
1768 765 1828 799 36.
1863 778 1937 809 cap.
1966 764 2023 799 15.
2072 764 2162 798 Tres

1179 821 1297 848 autem
1331 816 1538 860 praecipuas
1573 822 1691 861 partes
1734 814 1840 849 habet
1879 814 1966 849 haec
2005 815 2164 860 epistola.

1178 866 1360 910 Principio
1380 873 1430 900 est
1445 867 1624 907 narratio,
1653 879 1722 912 qua
1741 868 1904 912 deplorat
1928 874 2079 900 mortem
2103 878 2165 911 pa-

1180 917 1241 951 tris
1269 917 1453 958 Curionis,
1499 918 1597 953 cuius
1623 918 1807 951 exordium
1839 924 1889 950 est
1920 915 2057 963 ἠθικὸν
2084 929 2164 951 cum

1181 969 1335 1013 quodam
1357 981 1460 1002 sensu
1487 975 1693 1009 tractatum,
1730 975 1763 1002 et
1787 968 1940 1002 sumitur
1966 980 1984 1001 a
2009 969 2166 1013 quodam

1181 1019 1327 1058 affectu,
1354 1020 1520 1053 sciliceta
1538 1019 1741 1053 testimonio
1763 1019 1915 1059 amoris,
1951 1019 2051 1064 quasi
2073 1019 2166 1052 dice-

1180 1076 1249 1102 ret:
1279 1070 1425 1114 Semper
1443 1077 1474 1103 te
1499 1071 1600 1103 valde
1627 1070 1766 1109 amavi,
1802 1071 1945 1115 eiusque
1976 1069 2026 1102 rei
2049 1067 2164 1103 habeo

1181 1126 1303 1153 testem
1322 1127 1459 1165 patrem
1477 1128 1597 1161 tuum,
1632 1121 1714 1166 quia
1734 1120 1856 1153 Cicero
1881 1127 2018 1164 patrem
2042 1133 2166 1154 recon-

1182 1171 1314 1204 ciliavit
1324 1172 1369 1217 18)
1388 1171 1555 1212 Curioni,
1592 1184 1695 1217 quem
1719 1171 1946 1205 abdicaturus
1971 1177 2047 1204 erat
2068 1178 2168 1216 pater

1182 1222 1303 1256 Curio.
1356 1223 1494 1256 Deinde
1513 1229 1563 1256 est
1580 1222 1751 1266 expositio
1769 1223 1822 1255 sui
1846 1221 1983 1255 consilii
2009 1223 2052 1255 de
2076 1222 2168 1256 ludis

1180 1273 1368 1314 faciendis,
1412 1274 1532 1307 addita
1564 1273 1805 1307 confutatione
1833 1279 1867 1306 et
1892 1271 2168 1317 reprehensione

1182 1324 1376 1358 sententiae
1399 1324 1586 1365 Curionis,
1624 1337 1659 1358 se
1683 1324 1814 1358 scilicet
1838 1336 1917 1357 cum
1942 1323 2020 1358 aliis
2045 1324 2167 1358 amicis

1183 1387 1353 1417 munera,
1381 1388 1472 1422 quae
1499 1377 1623 1409 absens
1640 1375 1748 1409 Curio
1775 1387 1838 1409 suo
1863 1375 2008 1408 nomine
2033 1375 2168 1419 populo

1183 1424 1339 1460 exhiberi
1356 1427 1526 1467 voluerit,
1551 1439 1625 1459 non
1640 1426 1788 1460 edidisse
1799 1453 1808 1466 ,
1836 1426 1932 1472 quod
1948 1426 2075 1459 maluit
2089 1438 2169 1460 eum

1183 1478 1312 1511 virtute
1331 1479 1490 1512 favorem
1506 1479 1684 1511 bonorum
1701 1484 1734 1511 et
1758 1475 1931 1516 honores,
1966 1489 2072 1522 quam
2098 1478 2169 1510 lar-

1184 1528 1376 1572 gitionibus
1392 1529 1571 1574 consequi.
1623 1528 1765 1573 Epilogi
1781 1528 1855 1561 vice
1881 1527 1979 1560 addit
2002 1526 2170 1561 adhorta-

1184 1579 1396 1619 tiunculam‚
1430 1586 1470 1613 ut
1496 1579 1656 1613 ornatior
1680 1581 1826 1613 domum
1852 1580 1984 1612 redeat.
2036 1579 2170 1613 Putant

1185 1637 1302 1664 autem
1334 1632 1479 1676 quidam
1512 1631 1606 1664 docti
1634 1631 1671 1663 in
1696 1629 1761 1664 hac
1785 1630 1931 1674 epistola
1957 1631 2075 1663 deesse
2106 1630 2169 1663 ali-

1185 1682 1289 1727 quid,
1333 1689 1520 1726 propierea
1551 1683 1647 1728 quod
1673 1682 1793 1715 omnia
1818 1693 1891 1714 non
1920 1686 1999 1725 apte
2020 1687 2055 1714 et
2077 1681 2169 1715 iusto

1185 1733 1309 1766 ordIne
1335 1731 1536 1767 cohaerent.

1427 1817 1562 1850 Aliud
1597 1823 1921 1861 argumentum.

1286 1886 1431 1919 Mortuo
1448 1892 1549 1930 patre
1566 1885 1730 1919 Curionis
1751 1885 1872 1918 Cicero
1891 1884 1927 1916 in
1947 1884 2019 1916 filio
2045 1896 2169 1918 conso-

1185 1937 1294 1981 landp
1312 1937 1487 1982 optimum
1510 1937 1656 1970 modum
1680 1936 1717 1968 in
1744 1933 1809 1968 hac
1832 1935 1977 1979 epistola
2001 1936 2170 1980 sequitur.

1185 1988 1367 2032 Principio
1388 1988 1481 2021 enim
1499 2000 1601 2022 suum
1621 1987 1780 2020 dolorem
1793 2013 1801 2027 ,
1837 1998 1941 2031 quem
1966 1986 2048 2019 inde
2072 1998 2171 2031 cepe-

1187 2039 1307 2085 rit¹⁹),
1353 2039 1516 2083 exponit,
1555 2038 1673 2071 addita
1704 2037 1804 2070 brevi
1827 2036 2033 2070 laudatione
2057 2038 2170 2082 patris

1187 2090 1331 2124 mortui.
1385 2090 1522 2124 Deinde
1541 2101 1641 2123 suam
1659 2100 1804 2132 operam
1822 2088 1935 2121 desert
1951 2088 1988 2121 in
2006 2088 2170 2122 omnibus

1188 2143 1311 2181 rebus,
1352 2147 1391 2175 ut
1423 2153 1502 2174 cum
1535 2140 1604 2172 iam
1637 2140 1781 2173 orbatus
1805 2139 1850 2173 sit
1872 2145 2038 2183 parente,
2072 2140 2170 2180 sciat,

1189 2193 1285 2226 cuius
1302 2193 1396 2225 fideli
1412 2191 1558 2225 consilio
1576 2198 1609 2224 et
1625 2202 1731 2235 opera
1743 2217 1751 2230 ,
1788 2190 1926 2235 quoties
1945 2202 2032 2234 opus
2053 2191 2172 2231 fuerit,

1188 2244 1240 2277 uti
1266 2244 1402 2277 debeat.
1471 2243 1593 2276 Utitur
1615 2249 1732 2275 autem
1756 2241 1924 2274 continua
1953 2241 2173 2277 narratione.

1188 2294 1369 2338 Principio
1392 2294 1554 2338 deplorat
1568 2300 1721 2326 mortem
1738 2292 1849 2336 patris
1866 2291 2032 2326 Curionis
2053 2292 2172 2326 addita

1189 2345 1392 2390 precatione
1436 2351 1470 2378 et
1509 2344 1776 2390 pollicitatione.
1855 2343 1992 2376 Deinde
2032 2355 2171 2377 moram

1190 2403 1330 2430 excusat
1361 2397 1398 2428 in
1432 2396 1637 2429 muneribus
1673 2394 1806 2440 populo
1843 2392 2066 2434 exhibendis,
2112 2395 2174 2427 ad-

1226 2514 1271 2545 16)
1291 2516 1320 2539 te
1337 2515 1425 2543 scito]
1444 2513 1483 2537 sic
1500 2513 1565 2536 illae
1583 2511 1683 2541 Editt.;
1707 2510 1756 2535 Ed.
1777 2510 1864 2535 Orell.
1882 2510 1956 2535 scito
1977 2511 2014 2535 te.

1227 2557 1274 2585 17)
1294 2558 1352 2580 Hoc
1375 2557 1565 2585 argumentum
1592 2555 1618 2578 et
1642 2560 1759 2584 sequens
1784 2554 1818 2577 ab
1840 2553 1924 2579 Editt.
1944 2553 2035 2585 1556„
2067 2553 2173 2578 ¹565-

1260 2591 1334 2615 1596.
1357 2591 1524 2614 exhibentur.

1226 2634 1272 2662 18)
1291 2635 1381 2660 tuum,
1400 2633 1462 2662 quia
1481 2632 1578 2656 Cicero
1597 2632 1701 2661 patrem
1719 2629 1921 2658 reconciliavit]
1946 2630 2012 2655 haec
2037 2631 2121 2655 verba
2145 2630 2173 2654 'm

1258 2668 1307 2692 Ed.
1326 2667 1399 2691 ¹556.
1421 2667 1526 2690 desunt.

1227 2710 1272 2739 19)
1291 2710 1407 2741 ceperit]
1430 2709 1514 2734 Editt.
1534 2708 1626 2740 1556„
1646 2706 1836 2733 1565-1577.
1855 2706 1982 2737 eoeperit.
