2351 2990
188 131 263 166 667
763 127 885 162 PHlL.
920 126 1032 161 MEI..
1065 125 1267 161 SCRIPTA
1297 125 1633 161 PHILOLOGICA.

188 217 286 250 cuius
301 215 548 249 imitationem.
627 212 799 260 Pondere]
827 212 959 246 scilicet
975 211 1168 257 amplifica—

189 267 355 300 tionibus.
460 264 542 314 1110]
571 266 701 300 scilicet
723 261 973 297 Demosthene.
1077 261 1166 310 Hoc]

189 318 318 352 scilicet
336 317 518 351 Cicerone.
620 313 794 362 [Vatini-ae]
822 314 897 359 Ego
916 326 1040 348 censeo
1060 314 1165 347 etiam

189 369 395 403 Ciceronem
415 368 517 401 fnisse
536 366 709 410 aptiorem
729 367 773 399 ad
788 365 1048 411 eloquentiam,
1084 365 1166 410 quia

187 420 294 453 suerit
325 419 498 452 floridior.
568 414 845 450 Demosthenem
880 416 1002 450 scribit
1026 416 1167 448 Plutar-

189 469 274 504 chus
306 483 416 515 usque
446 470 490 501 ad
523 467 856 513 quinquagesimum
892 479 1025 501 annum
1059 472 1167 500 noctu

189 534 373 566 nunquam
405 518 589 552 extinxisse
624 519 826 558 lucernam,
865 530 1015 563 cumque
1047 517 1078 550 ei
1100 515 1167 550 hoc

189 572 310 618 probri
331 572 407 603 loco
423 570 597 603 obiectum
623 570 746 609 fuisse,
775 571 870 615 qnod
895 570 1086 602 meditatus
1112 580 1167 601 ac-

190 624 327 656 cederet
344 622 388 653 ad
410 621 584 665 agendum
597 647 605 660 ‚
634 621 838 665 respondit,
866 632 901 654 se
919 632 1004 653 vero
1022 619 1167 663 pudere,

189 674 216 707 si
242 673 482 705 immeditatus
509 673 675 705 ascendat
699 671 906 704 concionem
932 672 1080 704 daturus
1105 682 1168 714 po-

188 725 273 770 pulo
298 721 502 756 Atheniensi
535 722 720 757 consilium
746 722 804 768 ⁴²).
871 722 969 756 Sicut
998 721 1167 765 Virgilius

188 777 266 820 plus
284 774 376 807 valet
393 786 495 813 cura,
529 773 706 807 Homerus
725 780 870 806 natura:
905 773 952 806 ita
978 785 996 805 e
1023 772 1167 815 regione

190 827 314 861 Cicero
341 832 488 865 natura,
520 823 777 858 Demosthenes
801 836 896 857 cura.
958 823 1046 856 Cum
1072 822 1168 856 Cice-

188 877 268 911 roni
286 876 516 916 obiiceretur,
545 877 639 921 qnod
656 876 773 920 plures
796 874 1006 918 perdidisset
1029 887 1092 907 suo
1118 880 1169 906 te-

189 928 378 967 stimoniO,
421 940 528 972 quain
552 933 724 960 servasset
756 925 979 970 eloquentia,
1023 937 1168 969 respon-

189 981 257 1013 dit:
287 978 379 1023 Quia
398 978 475 1022 plns
493 976 580 1010 mibi
596 984 646 1011 est
668 977 766 1016 fidei,
799 988 906 1022 quam
933 976 1168 1021 eloquentiae.

188 1030 279 1063 Vere
299 1036 348 1062 est
365 1029 496 1061 dictum
509 1055 518 1068 ‚
547 1029 629 1074 quia
650 1028 799 1074 aequius
817 1027 962 1060 auditur
979 1026 1168 1060 mediocris

190 1080 452 1115 commendatio
484 1080 584 1119 fidei,
622 1092 728 1124 quam
759 1078 902 1111 iactatio
932 1077 1168 1123 eloquentiae.

190 1131 279 1167 ἄνευ
293 1128 498 1176 προοιμίων
516 1128 578 1164 καὶ
596 1127 746 1171 afflant,
766 1130 820 1162 lex
837 1135 912 1161 erat
922 1127 1070 1162 Athenis
1089 1141 1170 1173 pro-

188 1183 303 1228 posita
326 1181 539 1214 oratoribus.
593 1178 852 1227 διαβαπτίσω,
880 1180 916 1212 id
933 1186 1002 1220 est,
1022 1180 1170 1212 reddam

190 1247 268 1267 euin
285 1234 478 1276 depmznm,
506 1229 562 1264 ich
588 1231 652 1263 wil
677 1230 739 1264 ihu
754 1229 852 1264 recht
870 1229 1049 1265 waschen.
1105 1243 1169 1275 με-

190 1282 274 1319 θύει
291 1281 442 1330 μεγέθει
457 1284 534 1316 τῶν
549 1279 804 1330 πραγμάτων,
820 1279 1024 1326 Philippus:
1054 1281 1171 1315 ebrius

189 1334 435 1379 magnitudine
460 1345 592 1367 rerum.
656 1333 791 1367 Graeca
819 1332 940 1377 lingua
975 1339 1026 1366 est
1058 1332 1170 1365 multo

191 1385 370 1431 copiosior
383 1411 391 1423 ,
419 1397 526 1429 quain
542 1383 671 1417 Latina
686 1411 694 1424 ,
723 1390 757 1417 et
775 1384 885 1416 multa
904 1390 986 1416 sunt
1007 1384 1043 1415 in
1061 1383 1172 1416 Grae-

191 1438 238 1471 cis
273 1435 517 1469 venustissime
554 1435 666 1475 dicta,
702 1447 793 1480 quae
820 1434 947 1466 Latine
975 1434 1074 1467 reddi
1098 1445 1172 1466 non

189 1493 349 1533 possunt.
419 1484 676 1519 Demosthenes
708 1497 783 1518 non
821 1485 961 1517 videtur
995 1484 1172 1518 studiosus

190 1539 296 1573 fuisse
326 1537 509 1576 iocorum,
543 1543 604 1569 aut
634 1536 851 1576 dicacitatis,
885 1535 952 1568 suit
974 1536 1083 1569 tristis
1111 1547 1173 1567 na-

192 1596 283 1623 tura.
319 1588 588 1632 Disputationes
606 1586 786 1620 Ciceronis
802 1592 883 1620 sunt
901 1593 1023 1620 tenues
1044 1592 1077 1618 et
1092 1597 1173 1619 sua-

191 1653 262 1674 ves.
315 1638 355 1671 ln
373 1638 529 1683 epistolis
546 1639 719 1683 quaedam
738 1637 843 1669 ctiam
860 1637 1045 1669 illaborata
1064 1643 1097 1669 et
1119 1636 1172 1669 in-

193 1689 389 1735 composita
411 1695 503 1722 sunt.
557 1689 825 1732 Propemodum
852 1693 1012 1732 tempore
1032 1688 1173 1721 Cicero-

192 1743 267 1781 nis,
295 1754 373 1773 cum
392 1738 497 1773 huius
515 1739 653 1783 copiiun
680 1745 713 1771 et
739 1739 942 1771 felicitatem
966 1739 1097 1772 caeteri
1121 1750 1174 1772 as-

192 1791 290 1838 sequi
309 1801 383 1823 non‘
409 1797 593 1834 poterant,
622 1790 879 1835 praetexebant
905 1802 988 1823 suae
1017 1789 1174 1822 imbecil-

190 1843 282 1876 litati
300 1841 440 1875 virtutis
455 1854 607 1881 nomen,
635 1842 731 1887 quod
747 1841 862 1873 Attice
883 1841 1053 1875 dicerent.
1106 1840 1174 1873 Sed

193 1895 316 1928 Cicero
346 1892 431 1924 dicit
460 1905 533 1925 non
560 1893 645 1925 illud
669 1893 783 1926 solum
809 1904 880 1925 esse
904 1892 1081 1932 Atticum,
1115 1892 1175 1924 sed

193 1945 362 1991 quiddam
386 1944 549 1983 uberius,
587 1944 690 1988 quale
715 1941 966 1976 Demosthenis
993 1950 1026 1976 et
1043 1942 1176 1976 Isocra-

192 1997 247 2030 tis.
301 1994 340 2027 In
360 1995 515 2038 epistolis
532 1994 712 2039 Ciceronis
730 1994 832 2027 valde
851 1995 1027 2038 plurimae
1046 1994 1176 2038 episto-

192 2048 246 2080 lae
270 2044 400 2078 horum
428 2046 564 2085 Asinii,
601 2045 765 2078 Trebatii
795 2051 828 2077 et
853 2045 974 2084 Matii;
1009 2046 1069 2079 sed
1086 2045 1178 2077 Tre-

191 2098 308 2131 batius
327 2098 472 2129 caeteris
493 2097 746 2140 praeferendus
766 2096 921 2129 videtur.

299 2146 329 2191 ξ.
350 2147 432 2180 109.
462 2148 676 2193 Eloquentia]
706 2147 837 2180 scilicet
858 2146 1003 2180 Orator.

300 2197 330 2242 ἓ.
357 2199 439 2234 111.
476 2200 639 2231 Auditum
665 2198 729 2241 est]
766 2196 857 2231 Phil.
880 2198 963 2231 Mel.
996 2197 1083 2241 legit
1117 2209 1180 2230 uu-

196 2251 268 2283 dita
285 2249 343 2295 ῃὅ).
406 2251 496 2282 Prae
521 2262 555 2281 se
577 2249 662 2293 sert]
699 2249 797 2282 Talis
822 2255 871 2282 est
895 2249 1010 2281 oratio
1038 2247 1181 2281 loannis

195 2300 325 2343 l'ssugk
342 2299 386 2346 ²⁶)
407 2299 481 2332 sine
501 2312 629 2342 magno
652 2300 799 2344 impetu.

304 2350 333 2393 {-
354 2349 436 2383 115.
467 2351 678 2394 Pei-didisse]
708 2351 832 2389 idest,
860 2349 970 2382 nimia
998 2349 1179 2393 diligentia

198 2399 262 2432 sibi
283 2400 346 2444 ipsi
367 2414 508 2433 sni-cum
535 2402 703 2434 adimere.
758 2400 874 2446 (Talis
899 2406 948 2433 est
973 2401 1088 2433 oratio
1112 2401 1183 2433 sere

237 2516 284 2542 44)
305 2514 384 2538 Cous.
405 2514 541 2538 Plutarch.
562 2515 700 2539 Demosth.
719 2521 741 2539 c.
761 2515 785 2539 8.

241 2565 429 2623 45ὲέιιιιιὶιιι]
450 2566 487 2587 sic
507 2566 587 2589 etiam
607 2567 656 2591 Ed.
676 2566 786 2597 Spald.;
807 2566 855 2590 Ed.
875 2566 1002 2590 Frotsch.
1025 2567 1052 2589 et
1071 2566 1107 2592 ai.
1127 2572 1185 2590 au—

293 2607 301 2622 l
321 2605 373 2622 um.

242 2650 291 2677 46)
315 2650 447 2672 {ohannes
474 2649 565 2675 Ptine.
596 2650 705 2676 legatus
730 2651 842 2682 Georgii
868 2651 951 2674 Ducis
977 2651 1011 2674 ad
1030 2650 1186 2674 Electorem

275 2683 429 2741 ἰεᾶἒοιιιίιαεῦ
451 2684 521 2707 cous.
542 2684 716 2708 seckeiidorr
734 2686 751 2709 1.
779 2686 799 2710 l.
825 2685 870 2709 lii».
890 2686 933 2710 111.
963 2687 1029 2709 sect.
1048 2685 1073 2710 7.
1097 2683 1124 2717 §.
1143 2686 1186 2709 22.

1221 212 1264 246 D.
1276 210 1367 247 Phil.
1378 212 1479 260 Mel.)
1497 212 1555 259 ⁴⁷).
1634 211 1786 256 Calvum]
1802 210 1930 244 Calvus
1946 210 1992 257 ⁴⁸)
2012 210 2119 244 etiam
2135 211 2204 246 suit

1221 276 1263 296 ex
1287 263 1353 297 isto
1378 276 1523 307 genere,
1559 263 1620 309 qui
1645 263 1835 296 voluerunt
1857 261 1964 295 Attici
1991 262 2071 295 dici.
2130 262 2201 296 Sed

1220 320 1303 348 sunt
1319 314 1424 348 nimis
1440 315 1559 348 brevia
1579 314 1684 347 verba
1697 313 1878 347 Ciceronis
1894 313 1937 346 de
1955 312 2083 346 Calvo:
2112 312 2199 354 „Ni-

1221 365 1330 398 mium
1351 372 1470 398 tamen
1488 365 1671 411 inquirens
1686 365 1722 398 in
1741 377 1776 398 se
1788 391 1797 405 ,
1817 371 1922 410 atque
1939 363 2030 409 ispse
2048 376 2121 398 sese
2138 364 2201 398 ob-

1220 428 1375 456 servans,
1391 422 1620 461 metuensque
1637 428 1680 449 ne
1697 416 1863 449 vitiosum
1881 415 2079 459 colligeret,
2094 415 2202 449 etiam

1221 479 1344 500 verum
1369 467 1577 510 sanguinem
1602 466 1654 511 (id
1679 473 1748 507 est,
1781 480 1922 501 succum
1939 466 2004 512 49))
2029 467 2204 510 deperde-

1219 519 1292 551 bat.
1346 516 1468 563 ltaque
1486 518 1559 551 eius
1577 517 1691 551 oratio
1707 518 1816 551 nimia
1840 517 2011 562 religione
2039 524 2201 551 attenua-

1221 575 1275 609 ta,
1305 568 1417 601 doctis
1437 574 1470 601 et
1490 574 1622 601 attente
1645 569 1869 604 audientibus
1893 575 1969 602 erat
1990 568 2155 609 illustris,
2182 580 2204 601 a

1221 619 1448 653 multitudine
1466 625 1605 660 autem,
1639 625 1674 652 et
1696 632 1714 652 a
1739 620 1838 660 soro,
1871 620 1927 653 cui
1948 626 2031 653 nata
2056 626 2107 653 est
2132 619 2205 653 elo-

1221 670 1364 716 quentia
1376 697 1385 710 ,
1413 668 1696 710 devorabatnr'',
1723 670 1846 704 Cicero
1862 672 1898 703 in
1914 670 2028 704 Bruto
2042 669 2101 716 ⁶⁰).

1324 719 1354 765 ἓ.
1375 721 1459 755 116.
1488 718 1644 768 Cassius]
1671 720 1724 754 De
1744 721 1864 755 Cassio
1883 722 2014 755 Severo
2041 721 2121 755 vide
2139 720 2202 755 Se-

1221 784 1344 805 necam
1362 772 1428 818 ⁵¹),
1457 772 1555 806 cuius
1569 772 1652 805 libri
1670 772 1760 805 circa
1785 773 1900 817 ipsum
1926 772 2084 817 undique
2109 784 2206 806 com-

1221 823 1315 858 busti
1332 829 1433 863 sunt,
1461 823 1509 856 ita
1526 830 1565 856 ut
1590 823 1663 867 ipse
1684 836 1826 869 quoque
1849 823 2116 863 ambureretur,
2143 823 2205 856 sed

1222 881 1342 907 tamen
1358 886 1431 907 non
1449 874 1718 908 interficeretur.
1771 875 1921 908 Videtur
1937 880 1971 907 et
1985 871 2090 908 huius
2105 885 2205 906 men-

1222 926 1358 958 tionem
1376 926 1491 958 facere
1510 925 1681 958 Horatius
1697 925 1756 971 5²).

1326 974 1356 1019 ἓ.
1380 976 1463 1010 117.
1490 977 1573 1010 Plus
1587 978 1769 1022 stomacho]
1797 977 1948 1016 scilicet,
1964 975 2051 1008 dixit
2069 974 2205 1015 omnia,

1222 1033 1331 1071 prout
1343 1027 1479 1059 serebat
1495 1027 1692 1060 iracundia.

1326 1076 1356 1121 ᾗ.
1383 1077 1467 1111 119.
1513 1079 1604 1119 Quae
1632 1083 1712 1112 sunt
1740 1080 1860 1120 extra]
1896 1078 2027 1111 scilicet
2057 1082 2204 1110 externa

1222 1129 1316 1161 bona
1336 1135 1478 1172 praeter
1506 1135 1632 1162 artem.
1685 1128 1784 1161 Talis
1809 1129 1876 1161 fuit
1901 1129 2017 1161 oratio
2034 1127 2210 1162 Friderici

1224 1191 1243 1211 a
1259 1177 1381 1213 Thun.
1397 1179 1460 1225 523)
1538 1176 1675 1226 Saeuis]
1698 1179 1829 1212 scilicet
1846 1180 2048 1223 tragoediis.
2126 1181 2211 1214 Pri-

1223 1228 1326 1278 vati-s]
1356 1230 1488 1264 scilicet
1512 1230 1579 1263 fuit
1593 1230 1707 1263 tenuis
1729 1236 1763 1262 et
1777 1228 1934 1264 humilis.

1329 1280 1359 1324 ἓ.
1385 1282 1470 1316 122.
1504 1278 1705 1327 kVeteribus]
1740 1280 1871 1313 scilicet
1894 1280 2076 1314 Cicerone.
2138 1280 2207 1314 Ve-

1224 1331 1278 1364 nit
1294 1333 1338 1364 ad
1356 1329 1588 1375 philosophos
1605 1331 1765 1364 Latinos.
1992 1371 1998 1372 V

1327 1380 1357 1425 ἓ.
1377 1383 1460 1417 123.
1493 1382 1700 1425 Supersunt]
1736 1379 2008 1425 Philosophiam
2033 1393 2075 1414 ex
2097 1381 2209 1414 Grae-

1226 1433 1273 1466 cis
1291 1445 1473 1466 sumamus
1485 1459 1494 1472 ‚
1521 1433 1551 1465 si
1565 1433 1729 1466 volumus
1747 1432 1897 1466 artifices
1915 1432 1992 1465 fieri
2015 1444 2057 1465 ex
2071 1431 2208 1466 Aristo-

1226 1485 1293 1517 tele
1314 1490 1347 1516 et
1364 1484 1584 1516 Ptolemaeo.

1329 1533 1359 1578 ἓ.
1379 1533 1463 1569 124.
1497 1535 1643 1577 Sceptici
1660 1531 1725 1581 53)]
1760 1532 1891 1567 scilicet
1914 1532 2208 1574 consideratores,

1227 1585 1288 1630 qui
1306 1597 1380 1618 non
1404 1585 1688 1630 pronuntiabant
1711 1583 1944 1624 sententiam,
1971 1585 2032 1617 sed
2053 1584 2210 1628 disputa-

1225 1636 1313 1669 bant
1335 1636 1372 1669 in
1396 1643 1585 1681 utramque
1613 1642 1772 1679 partem,
1816 1635 1980 1668 dicebant
2000 1647 2036 1669 se
2061 1634 2211 1680 ἐπέχειν,

1227 1699 1273 1719 an
1290 1685 1364 1720 sich
1387 1685 1530 1727 halten,
1565 1688 1660 1720 unde
1683 1686 1768 1719 dicti
1792 1693 1875 1720 sunt
1899 1684 2102 1732 ἐφεκτικοὶ,
2139 1684 2208 1719 hoc

1227 1744 1290 1778 est,
1317 1738 1534 1771 Academici.
1583 1737 1826 1782 Quintilianus
1844 1737 1911 1770 fuit
1927 1735 2036 1770 homo
2052 1749 2212 1775 severum

1229 1789 1308 1822 ideo
1327 1789 1460 1822 amavit
1477 1802 1586 1833 genus
1612 1788 1785 1821 orationis
1811 1800 1886 1820 non
1908 1788 2014 1821 nimis
2037 1799 2213 1821 severum.

1229 1840 1359 1873 Seneca
1386 1841 1516 1873 mirum
1540 1840 1577 1872 in
1599 1840 1747 1872 modum
1774 1838 1931 1879 lascivit,
1965 1836 2073 1871 habet
2102 1839 2213 1872 inusi-

1230 1898 1321 1924 tatas
1337 1892 1465 1935 figuras
1477 1918 1486 1932 ,
1513 1891 1602 1925 sicut
1621 1890 1793 1924 Germani
1811 1890 1956 1935 quidam
1969 1915 1979 1929 ,
2007 1895 2059 1922 est
2076 1889 2214 1923 incom—

1230 1942 1384 1987 positum
1404 1955 1532 1986 genus,
1558 1949 1592 1975 et
1617 1942 1786 1986 pleraque
1812 1946 1895 1974 sunt
1918 1940 2086 1973 audacius
2109 1940 2215 1981 dieta,

1232 2006 1337 2039 quam
1361 1994 1500 2027 licebat.
1555 1993 1686 2026 Seneca
1712 2003 1786 2024 non
1808 1991 1874 2024 suit
1898 2003 1979 2023 vere
2005 1997 2039 2024 et
2061 1992 2215 2035 perfecte

1232 2046 1356 2078 doctus
1380 2045 1417 2076 in
1441 2042 1682 2089 philosophia.
1741 2042 1894 2076 Senecae
1919 2042 2120 2075 orationem
2153 2054 2217 2075 vo-

1267 2129 1315 2158 47)
1341 2129 1415 2152 'ralis
1441 2130 1485 2152 est
1503 2141 1536 2146 —
1555 2128 1634 2156 Met]
1658 2127 1743 2157 haee,
1777 2125 1904 2156 quoniam
1927 2125 1962 2149 ab
1988 2125 2094 2150 editore
2117 2125 2212 2151 Riccio

1302 2164 1394 2187 addita
1413 2165 1495 2194 sunt,
1521 2162 1598 2186 uncis
1618 2161 1723 2185 inclusi.

1269 2207 1317 2235 48)
1345 2207 1374 2231 C.
1399 2206 1522 2230 Licinius
1547 2205 1665 2234 Calviis,
1700 2204 1732 2227 de
1757 2209 1809 2233 quo
1834 2203 1905 2227 conf.
1932 2202 2029 2228 Orellii
2056 2203 2083 2226 et
2112 2202 2215 2227 Baiteri

1306 2242 1448 2266 Onomast.
1469 2240 1586 2264 Tulliam.
1607 2239 1636 2264 P.
1655 2238 1689 2264 11,
1706 2245 1731 2268 p.
1752 2238 1802 2261 343
1822 2244 1863 2268 sq.

1271 2285 1318 2313 49)
1339 2284 1365 2307 id
1385 2285 1443 2314 est,
1462 2283 1584 2310 succum]
1605 2282 1670 2305 haec
1689 2286 1742 2304 nou
1760 2282 1823 2304 sunt
1842 2281 1926 2304 verba
1945 2278 2099 2304 Ciceronis.

1275 2327 1324 2353 50]
1345 2326 1400 2350 Cic.
1420 2325 1496 2348 Brut.
1516 2330 1538 2347 e.
1558 2323 1600 2347 82.
1621 2321 1647 2354 §.
1667 2322 1727 2347 283.

1271 2370 1320 2397 51)
1342 2370 1463 2392 Senecae
1489 2366 1630 2395 Excerptt.
1656 2364 1787 2388 Controv.
1808 2364 1849 2388 111.
1879 2363 1969 2389 Praef.
1996 2369 2022 2393 p.
2040 2362 2117 2392 421.‚
2145 2362 2221 2386 conf.

1309 2403 1390 2426 etiam
1417 2401 1449 2424 de
1480 2401 1529 2423 hoc
1547 2402 1659 2423 oratore
1677 2399 1852 2428 Bernhardy:
1873 2398 1991 2423 Gruudr.
2012 2397 2036 2421 d.
2055 2397 2133 2420 Rom.
2150 2396 2217 2420 Litt.

1311 2437 1358 2460 Ed.
1377 2436 1405 2460 2.
1426 2442 1451 2465 p.
1469 2435 1521 2458 236
1540 2441 1580 2464 sq.

1275 2479 1323 2507 52)
1344 2478 1440 2502 Horat.
1460 2480 1547 2501 serm.
1566 2476 1593 2504 l,
1613 2477 1661 2507 10,
1680 2475 1722 2499 62.
1741 2475 1829 2506 Epist.
1848 2475 1876 2505 1,
1897 2476 1930 2504 4,
1949 2473 1975 2498 3.

1275 2514 1340 2541 52⁴)
1367 2510 1454 2542 Thon]
1481 2511 1531 2536 Ed.
1564 2511 1636 2534 1570.
1664 2510 1739 2534 Thin.
1765 2523 1799 2528 —-
1840 2510 1887 2533 Fr.
1923 2514 1941 2532 a
1964 2508 2038 2531 Thuu
2060 2505 2219 2536 praefectus

1312 2545 1512 2579 (Hauptniann)
1534 2544 1689 2570 XViniariae
1707 2552 1731 2569 c.
1754 2550 1816 2568 ann.
1838 2543 1904 2567 1509
1922 2555 1955 2559 —
1976 2541 2068 2571 15³2„
2093 2539 2147 2563 vid.
2166 2540 2224 2564 1011.

1313 2582 1375 2605 seb.
1395 2580 1508 2603 Miiiler:
1528 2580 1650 2602 Annales
1669 2579 1718 2602 des
1738 2579 1833 2603 Cliur-
1851 2584 1878 2601 u.
1893 2575 1996 2600 Fon-sti.
2012 2575 2119 2598 flauses
2133 2575 2220 2598 Sach-

1315 2622 1363 2638 sen
1383 2614 1540 2645 (Weimar,
1562 2613 1636 2637 1700.
1655 2612 1728 2643 Fol.)
1749 2620 1773 2642 p.
1795 2612 1839 2637 65.
1858 2611 1892 2634 70
1910 2617 1967 2640 sqq.
1985 2609 2026 2632 233.
2045 2609 2087 2632 86.

1279 2649 1328 2677 53)
1349 2649 1488 2679 sceptici]
1509 2648 1535 2671 in
1556 2647 1668 2676 Quintil.
1692 2649 1768 2670 textu
1786 2646 1836 2669 Ed.
1857 2644 1931 2669 1570.
1952 2642 2052 2674 iegitur
2071 2643 2220 2674 scepticos,

1315 2689 1383 2714 quae
1408 2682 1533 2712 vulgaris
1560 2684 1620 2705 erat
1645 2681 1743 2712 lecti03
1776 2680 1861 2704 Editt.
1885 2678 1995 2708 smum,
2020 2677 2145 2701 Frotsch.
2171 2682 2222 2707 pro

1315 2723 1347 2741 ea
1366 2716 1547 2740 restituerunt
1565 2716 1696 2747 Sextios,
1715 2715 1786 2739 conf.
1804 2713 1944 2743 utriusque
1958 2712 2024 2736 nota
2039 2711 2099 2736 crit.
2115 2712 2151 2736 ad
2165 2713 2190 2736 h.
2204 2711 2223 2735 l.

2141 125 2216 162 668
