2351 2990
178 127 248 161 507
733 111 855 148 PHIL.
889 109 1001 146 MEL.
1035 107 1236 145 scmr'rA
1270 110 1605 148 PHsLoLoGICA.
2128 112 2202 149 508

180 208 291 246 τικόν.
352 205 519 251 Sequitur
542 200 739 248 propositio
764 197 947 232 continens
970 194 1165 241 querelam,

181 274 287 308 quam
319 255 546 302 amplificavit
574 266 592 286 a
624 248 895 285 circumstantiis
907 273 916 287 ,
957 253 992 279 et
1017 245 1165 279 transla-

180 314 275 346 tione
293 310 435 354 culpae,
465 313 503 340 ut
519 310 632 339 servet
652 303 778 346 ipsum.
837 297 1047 342 Indignatur
1069 297 1164 330 enim

179 377 213 397 se
244 373 314 395 esse
349 371 490 393 eausam
527 355 641 388 omnis
668 350 801 385 doloris
835 356 869 383 et
901 360 1166 382 aerumnarum.

180 413 316 447 Deinde
335 409 455 456 paucis
471 420 505 441 se
523 403 725 438 consolatur
736 413 796 446 spe
809 400 954 439 reditus,
971 400 1068 433 euius
1083 410 1166 432 eon-

181 466 333 498 iecturas
348 461 517 507 quasdam
534 453 677 498 colligit.
713 451 906 486 Subiicitur
921 451 1026 494 longa
1041 462 1166 483 narra-

181 517 231 549 tio
259 517 300 548 de
323 511 428 545 variis
445 509 549 542 rebus
561 532 569 546 ‚
595 503 749 538 maxime
768 509 888 536 tamen
905 502 947 535 de
963 502 1041 535 loco
1058 500 1164 534 exilii.

180 568 265 599 Post
285 561 527 596 narrationem
547 554 756 589 dehortatur
770 566 916 587 uxorem
934 564 953 586 a
971 551 1163 585 divenden-

181 619 223 649 ‹la
242 615 322 646 villa
335 639 344 651 ‚
377 615 564 655 propterea
584 607 681 652 quod
698 618 737 638 ea
753 604 902 650 pecunia
919 604 1001 637 inde
1019 603 1164 636 collecta

179 680 251 699 non
271 664 422 697 multum
441 661 575 695 efficere
592 663 711 702 posset
732 656 769 689 in
792 655 988 700 colligenda
1011 655 1165 687 benevo-

181 717 285 750 lentia
304 713 452 751 cixium,
477 717 511 744 et
527 722 566 743 ea
585 721 639 742 res
656 707 728 741 filio
745 720 809 741 suo
826 708 996 740 damnum
1013 705 1164 738 allatura

177 769 232 801 sit.
284 764 323 799 In
341 765 408 797 fine
428 762 515 808 petit
534 759 601 794 sibi
617 758 773 793 rescribi.

422 844 559 879 Aliud
586 846 912 885 argumentum.

279 913 458 959 Epistulae
491 911 536 944 ad
560 908 768 942 Terentiam
798 919 873 940 non
903 912 985 939 sunt
1015 903 1166 948 scriptae

178 980 250 1002 uno
271 966 465 1009 eodemque
493 968 664 1004 tempore.
725 958 889 1003 Quatuor
913 956 1007 989 enim
1032 955 1166 1000 primas

181 1017 320 1062 scripsit
337 1016 459 1048 Cicero
469 1012 499 1058 S)
525 1012 674 1045 existens
695 1009 733 1041 in
758 1008 882 1047 exilio,
910 1007 1065 1052 reliquas
1081 1017 1165 1038 vero

179 1069 318 1102 rediens
335 1079 376 1099 ex
393 1062 577 1109 provincia
599 1060 734 1094 Cilicia.
793 1059 945 1092 Prodest
968 1064 1086 1091 autem
1104 1053 1168 1089 ha-

180 1133 258 1154 rum
290 1117 393 1151 lectio
425 1114 481 1147 vel
516 1111 678 1156 inprimis
712 1111 757 1143 ad
787 1108 855 1142 hoe
884 1109 1166 1152 intelligendum,

180 1169 361 1217 quomodo
395 1165 502 1199 suerit
532 1164 676 1196 affectus
700 1161 823 1194 Cicero
848 1160 996 1193 maritus
1019 1158 1165 1192 minime

179 1225 288 1255 durus
308 1226 342 1252 et
358 1223 459 1262 pater
476 1214 682 1248 mitissimus
699 1224 780 1255 erga
798 1223 944 1245 uxorem
967 1217 1002 1243 et
1024 1211 1166 1244 liberos.

179 1274 295 1306 Porro
312 1268 402 1303 lianc
427 1266 612 1310 epistolam
639 1263 779 1296 orditur
803 1262 983 1307 aptissime
1004 1274 1022 1294 a
1047 1267 1165 1305 capta-

182 1324 276 1356 tione
299 1317 568 1354 benevolentiae
592 1316 633 1348 de
656 1315 758 1347 laude
790 1313 1007 1345 constantiae
1033 1311 1166 1349 uxoris,

181 1374 299 1407 addita
318 1369 479 1416 querela,
506 1378 614 1412 quam
637 1364 828 1409 amplificat
852 1375 871 1395 a
895 1361 1166 1396 circumstantiis

179 1433 411 1469 personarum
429 1425 519 1452 etex
536 1429 659 1455 eausa,
695 1416 792 1460 quod
817 1414 980 1446 videlicet
1004 1424 1066 1447 sua
1089 1418 1167 1446 tan-

181 1484 255 1508 tum
275 1473 376 1517 culpa
392 1469 480 1503 haec
496 1468 588 1501 mala
607 1466 701 1499 exilii
721 1464 935 1496 acciderunt.
963 1463 1053 1496 Cum
1071 1463 1166 1494 enim

182 1527 304 1560 Cicero
330 1527 490 1555 metuens
518 1518 738 1550 tribunatum
759 1514 893 1554 Clodii,
920 1521 1042 1546 contra
1060 1524 1166 1557 quem

182 1573 424 1610 testimonium
459 1569 587 1603 tulerat
610 1567 646 1599 in
668 1565 798 1599 iudicio
824 1566 867 1597 (le
889 1564 1030 1597 violatis
1060 1562 1167 1596 sacris

183 1629 307 1661 Bonae
323 1624 418 1656 Deae
430 1648 439 1661 ‚
466 1618 702 1653 constituisset
718 1629 796 1649 cum
816 1615 964 1648 Caesare
980 1616 1114 1658 legatus
1131 1613 1168 1645 in

184 1677 338 1712 Galliam
365 1673 479 1711 abire,
513 1669 663 1702 mutavit
691 1666 898 1705 consilium,
932 1667 1028 1712 quod
1052 1664 1168 1698 existi-

182 1729 302 1762 mabat
317 1738 352 1759 se
371 1723 510 1768 penitus
530 1719 753 1753 conciliatum
772 1718 915 1750 tribuno
931 1722 1078 1761 propter
1094 1715 1168 1748 eius

181 1775 466 1813 benevolentiam
493 1778 526 1805 et
550 1770 669 1804 omnia
687 1768 800 1802 officia
818 1767 1068 1807 humanitatis,
1096 1778 1167 1811 quo

182 1833 274 1864 sacto
292 1827 409 1862 statim
429 1830 479 1858 est
496 1827 696 1861 accusatus,
720 1819 817 1865 quod
835 1825 957 1852 contra
974 1818 1027 1851 ius
1045 1823 1079 1850 et
1093 1829 1169 1849 ma-

182 1883 300 1914 iorum
333 1878 424 1920 leges
463 1871 675 1907 nobilissimi
708 1870 839 1916 quique
872 1871 1003 1915 absque
1037 1868 1168 1901 iudicio

183 1929 343 1965 damnati
370 1925 542 1970 supplicio
571 1922 687 1955 affecti
716 1927 841 1954 essent.
901 1920 1024 1965 Itaque
1049 1919 1168 1952 statim

185 1980 383 2025 compulsus
403 1983 453 2010 est
470 1975 592 2008 Cicero
610 1972 661 2004 ire
677 1972 714 2004 in
734 1970 888 2003 exilium.
948 1970 1086 2002 Deinde
1106 1982 1170 2013 po-

184 2039 317 2066 nuntur
337 2030 380 2063 ad
396 2028 501 2060 finem
519 2036 629 2069 usque
644 2022 763 2055 variae
779 2021 1015 2061 narrationes,
1042 2019 1170 2065 quibus

184 2081 374 2127 respondet
391 2076 515 2111 litteris
532 2074 663 2108 uxoris.

428 2160 564 2195 Aliud
592 2161 917 2201 argumentum.

289 2231 422 2265 Omnes
458 2226 626 2272 epistolae
656 2221 762 2256 huius
791 2221 873 2253 libri
895 2232 967 2253 uno
993 2220 1065 2253 sere
1090 2231 1173 2252 con-

188 2289 282 2319 stant
300 2285 508 2325 argumento
522 2304 530 2317 ‚
557 2275 706 2318 scriptae
725 2273 770 2305 ad
785 2272 992 2305 Terentiam
1013 2283 1173 2310 uxorem,

191 2347 268 2367 mm
291 2338 378 2365 esset
405 2330 441 2362 in
467 2327 570 2361 exilio
595 2325 731 2359 Cicero.
797 2323 912 2355 Porro
941 2322 979 2354 iu
1002 2319 1070 2354 hoc
1096 2327 1172 2354 toto

190 2385 280 2417 libro
317 2379 479 2425 inprimis
513 2384 563 2411 est
598 2374 818 2409 observanda
854 2373 1041 2405 affectuum
1069 2372 1174 2412 rati0‚

192 2436 276 2468 item
309 2430 480 2464 mirabilis
510 2429 570 2461 illa
598 2425 830 2471 perspicuitas
857 2430 890 2456 et
919 2423 1067 2457 facilitas
1092 2423 1175 2455 scri-

192 2483 310 2518 bendi.
363 2480 557 2513 Exordium
579 2483 696 2511 autem
720 2475 855 2520 primae
881 2474 1047 2518 epistolae
1069 2471 1176 2506 habet

193 2538 310 2569 locum
325 2530 591 2565 benevolentiae
609 2541 627 2561 a
646 2528 749 2561 laude
771 2524 988 2559 constantiae
1001 2551 1010 2564 ‚
1037 2524 1093 2557 cui
1117 2525 1177 2557 ad-

232 2669 262 2696 ῖς)
282 2664 393 2692 Cicero]
414 2662 453 2685 sic
470 2662 519 2687 Ed.
536 2661 627 2691 1556.;
661 2660 689 2685 in
707 2659 791 2684 Editt.
810 2658 902 2689 1565.‚
924 2656 1016 2687 157¹..
1036 2656 1110 2681 1596.
1129 2656 1179 2681 hoc

267 2705 364 2725 nomen
383 2698 467 2721 deest.

1216 197 1312 230 ditur
1345 195 1480 238 πάθος.
1548 198 1688 231 Deinde
1716 197 1876 243 sequitur
1903 198 2130 243 amplificatio
2161 211 2202 232 ex

1217 260 1342 289 causa,
1382 249 1479 295 quod
1503 249 1635 283 scilicet
1660 261 1722 283 sua
1750 249 1854 293 culpa
1878 248 1936 281 illa
1962 249 2055 282 mala
2086 249 2156 283 sint
2171 250 2204 294 ⁹)

1218 305 1410 333 contracta.
1470 300 1674 345 Sequuntur
1697 299 1922 333 narrationes
1944 300 2075 335 variae.
2134 298 2204 333 Illis

1217 350 1401 384 subiicitur
1424 348 1648 392 dehortatio,
1674 363 1718 384 ne
1743 351 1874 383 vendat
1895 351 2027 385 villam.
2077 348 2118 383 In
2136 351 2203 383 fine

1216 400 1295 433 loco
1315 401 1445 446 epilogi
1460 407 1511 435 est
1525 399 1852 441 adliortatinneula,
1888 408 1926 434 ut
1948 408 2045 435 curet
2073 401 2205 434 valetu-

1217 451 1338 485 dinem
1349 478 1358 492 ‚
1386 458 1424 485 ut
1440 452 1571 486 scribat
1586 458 1620 486 et
1635 452 1762 486 salutet
1779 452 1920 486 liberos.

1463 545 1601 580 Aliud
1622 555 1948 591 argumentum.

1319 613 1394 647 Hae
1410 614 1456 647 ad
1470 613 1677 648 Terentiam
1693 615 1862 659 epistolae
1880 615 2010 660 partim
2037 615 2075 648 in
2098 615 2202 649 exilio

1217 663 1368 708 scriptae
1391 671 1493 705 sunt,
1529 671 1563 698 et
1585 666 1659 698 fere
1682 672 1764 699 sunt
1784 664 1851 699 liae
1878 666 2032 710 priores,
2070 666 2202 710 partim

1218 727 1298 747 eum
1321 714 1445 748 Cicero
1471 726 1513 748 ex
1535 715 1719 760 provincia
1743 717 1882 750 rediens
1903 723 2050 761 propter
2070 717 2202 750 bellum

1217 765 1310 798 inter
1320 765 1533 810 Pompeium
1551 772 1585 799 et
1596 766 1782 800 Caesarem
1798 773 1915 801 ortum
1934 768 2041 800 domo
2057 768 2203 802 abesset.

1217 815 1322 849 Exilii
1340 829 1443 850 eausa
1462 816 1529 850 suit
1548 817 1669 850 odium
1687 816 1821 857 Clodii,
1856 818 1918 863 qui
1935 818 2088 851 Gabinio
2114 824 2148 851 et
2161 817 2204 852 L.

1217 867 1347 900 Pisone
1370 867 1572 901 consulibus
1592 868 1756 902 tribunus
1780 868 1892 913 plebis
1915 880 1984 902 una
2009 881 2089 902 cum
2105 868 2204 901 Vati-

1217 917 1278 951 nio
1297 918 1503 952 Ciceronem
1525 919 1561 951 in
1579 918 1632 952 ius
1649 919 1807 959 vocavit,
1845 920 1941 965 quod
1960 917 2123 953 homines
2139 930 2204 951 no-

1217 969 1323 1009 biles,
1350 969 1412 1014 qui
1437 982 1515 1002 cum
1535 969 1686 1002 Catilina
1712 970 2008 1010 confflraverant,
2041 970 2116 1003 sine
2139 981 2203 1013 po-

1218 1019 1293 1064 puli
1317 1032 1490 1053 consensu
1512 1020 1638 1053 ultimo
1668 1020 1841 1065 supplicio
1875 1021 2055 1054 affecisset.
2114 1019 2202 1053 Eius

1217 1071 1301 1103 sacti
1320 1070 1491 1103 invidiam
1508 1071 1679 1114 augebat,
1714 1072 1810 1116 quod
1825 1071 1946 1105 Cicero
1963 1069 2072 1104 horno
2087 1082 2202 1103 novus

1219 1127 1306 1161 erat,
1332 1134 1406 1154 non
1423 1134 1463 1154 ex
1481 1121 1632 1166 patricio
1651 1122 1788 1162 ordine,
1804 1129 1838 1155 et
1853 1122 1950 1167 quod
1964 1121 2137 1155 Romanis
2154 1121 2202 1153 le-

1218 1172 1318 1216 gibus
1332 1172 1369 1205 in
1386 1173 1537 1206 illustres
1552 1184 1722 1217 personas
1737 1173 1885 1217 capitale
1902 1171 2113 1217 supplicium
2127 1184 2202 1205 non

1217 1224 1458 1263 statuebatur,
1483 1223 1551 1256 nisi
1567 1235 1608 1256 ex
1627 1235 1798 1257 consensu
1816 1224 1923 1257 totius
1936 1223 2072 1268 populi.
2108 1222 2202 1268 Quia

1219 1281 1335 1307 autem
1357 1274 1480 1307 Cicero
1504 1286 1522 1307 a
1547 1273 1722 1318 Pompeio
1747 1274 1899 1318 turpiter
1920 1274 2148 1308 deserebatur
2168 1279 2202 1306 et

1219 1324 1348 1358 Caesar
1367 1325 1405 1357 in
1430 1324 1614 1369 provincia
1641 1331 1734 1364 erat,
1768 1325 1927 1358 eonsules
1948 1331 2065 1358 autem
2086 1322 2202 1357 homi-

1217 1387 1280 1409 nes
1303 1375 1421 1420 cupidi
1441 1381 1661 1419 praesentem
1681 1375 1889 1418 dignitatem
1914 1382 2038 1408 eontra
2060 1387 2203 1419 rempu-

1217 1426 1345 1458 blicam
1363 1427 1408 1458 ad
1424 1432 1609 1470 quaestum
1625 1426 1873 1466 conserebant,
1907 1432 1941 1458 et
1964 1426 2043 1458 ideo
2061 1425 2203 1459 Cicero-

1219 1488 1301 1508 nem
1327 1476 1517 1518 cupiebant
1541 1482 1722 1513 amotum,
1763 1476 1887 1506 Cicero
1917 1476 2050 1506 diffisus
2076 1484 2200 1506 causae

1220 1526 1309 1558 clam
1325 1531 1406 1558 ante
1425 1525 1518 1558 diem
1536 1524 1658 1557 iudicii
1674 1524 1710 1556 in
1725 1524 1868 1556 exilium
1887 1524 1986 1563 abiit,
2013 1523 2106 1557 unde
2122 1530 2203 1567 post

1219 1588 1377 1609 mensem
1395 1575 1571 1609 decimum
1588 1574 1788 1608 consulibus
1807 1575 1847 1608 P.
1865 1573 2016 1607 Lentulo
2030 1580 2065 1607 et
2075 1574 2119 1619 Q
2128 1573 2203 1606 Me-

1220 1627 1302 1660 tello
1320 1639 1339 1659 a
1356 1626 1500 1660 tribuno
1524 1625 1637 1670 plebis
1651 1625 1785 1658 Milone
1811 1632 1996 1659 revocatus
2019 1631 2080 1658 est.
2132 1624 2204 1657 Ha-

1219 1679 1305 1711 bent
1320 1684 1439 1710 autem
1454 1675 1521 1710 hae
1539 1676 1578 1709 in
1593 1676 1696 1710 exilio
1713 1676 1867 1721 scriptae
1887 1677 1960 1709 sere
1986 1675 2146 1721 querelas
2170 1682 2204 1708 et

1220 1729 1388 1761 mandata
1411 1729 1453 1761 de
1477 1739 1516 1760 re
1536 1727 1741 1761 domestica.
1799 1726 1904 1760 Initio
1929 1733 2047 1760 autem
2067 1726 2205 1771 primae

1221 1779 1389 1824 epistolae
1418 1784 1537 1823 captat
1569 1777 1857 1811 benevolentiam
1891 1789 1910 1810 a
1946 1789 2205 1810 commemora-

1220 1831 1317 1863 tione
1338 1830 1510 1863 virtutum
1525 1828 1726 1863 Terentiae.
1785 1828 1923 1862 Deinde
1948 1827 2127 1873 querelam
2151 1828 2204 1861 in-

1221 1881 1354 1921 stituit,
1379 1893 1486 1926 quam
1503 1879 1693 1923 amplificat
1707 1891 1727 1912 a
1744 1879 2014 1913 circumstantiis
2036 1890 2205 1922 persona-

1220 1944 1313 1966 rum.
1363 1930 1451 1964 Item
1470 1943 1510 1964 ex
1526 1942 1647 1965 causa:
1673 1929 1770 1974 Ego⁷
1796 1930 1933 1975 inquit,
1960 1929 2071 1973 magis
2087 1930 2205 1969 doleo,

1222 1983 1319 2028 quod
1334 1994 1412 2015 mea
1429 1982 1532 2026 culpa
1551 1981 1659 2014 incidi
1682 1981 1719 2013 in
1741 1978 1826 2013 haec
1853 1980 1958 2014 mala.
2010 1980 2102 2014 Bam
2124 1993 2204 2014 eum

1223 2033 1345 2066 Cicero
1364 2032 1584 2065 tribunatum
1603 2031 1718 2064 Clodii
1735 2037 1926 2070 metueret,
1962 2031 2057 2075 quod
2081 2038 2204 2065 eontra

1224 2097 1303 2117 eum
1328 2083 1448 2127 priore
1474 2094 1568 2115 anno
1591 2082 1833 2115 testimonium
1859 2082 1988 2115 tulerat
2016 2082 2053 2114 in
2073 2082 2204 2116 iudicio

1225 2136 1267 2167 (le
1292 2134 1432 2167 violatis
1457 2133 1563 2167 saeris
1580 2132 1701 2165 Bonae
1716 2131 1832 2173 Deae,
1866 2145 1936 2166 una
1959 2145 2039 2165 cum
2056 2132 2206 2167 Caesare

1225 2187 1358 2229 legatus
1374 2185 1410 2216 in
1428 2184 1580 2218 Galliam
1596 2184 1692 2215 abire
1709 2183 1833 2218 voluit.
1897 2184 1965 2217 Sed
1982 2183 2125 2217 Clodius
2142 2182 2207 2218 ho·

1225 2249 1284 2269 mo
1302 2241 1455 2275 astutus,
1488 2247 1566 2267 cum
1594 2233 1630 2266 id
1655 2233 1973 2275 animadverteret,
2007 2234 2208 2268 mirabilem

1226 2299 1307 2330 erga
1325 2286 1532 2319 Ciceronem
1555 2296 1630 2317 rem
1654 2284 1854 2325 simulavit,
1886 2285 1934 2318 ita
1956 2291 1996 2318 ut
2011 2285 2132 2318 Cicero
2155 2298 2207 2320 se-

1227 2350 1330 2371 curus
1354 2334 1444 2369 nihil
1467 2335 1619 2379 amplius
1643 2342 1816 2369 metueret
1847 2341 1881 2369 et
1902 2337 1946 2381 Q.
1969 2336 2116 2369 fratrem
2142 2349 2206 2370 suo

1227 2389 1304 2421 loco
1329 2386 1470 2420 Caesari
1493 2386 1646 2429 legatum
1670 2387 1824 2421 adderet⁴
1885 2387 1953 2420 Sed
1976 2386 2118 2420 Clodius
2140 2393 2208 2421 sta-

1229 2439 1292 2472 tim
1305 2464 1314 2478 ,
1341 2443 1529 2482 postquam
1547 2437 1751 2471 discesserat
1768 2437 1916 2478 Caesar,
1943 2449 2102 2472 exercere
2126 2449 2206 2470 eum

1229 2489 1344 2533 coepit
1353 2487 1411 2533 ¹⁰).

1263 2638 1294 2665 9)
1314 2636 1382 2665 sint]
1403 2635 1442 2659 sic
1461 2635 1508 2659 Ed.
1526 2635 1616 2666 1556.;
1640 2635 1825 2665 Editt.¹565.‚
1850 2635 1937 2666 1571.‚
1960 2635 2032 2659 1596.
2053 2639 2124 2659 sunt.

1266 2688 1312 2716 10)
1331 2687 1434 2717 coepit]
1455 2686 1495 2710 sie
1512 2686 1597 2710 Editt.
1618 2686 1708 2715 1565..
1730 2686 1819 2717 1571„
1840 2686 1930 2716 1596.;
1955 2686 2003 2710 Ed.
2022 2686 2097 2711 1550.
2116 2686 2193 2716 cepit.
