2351 2990
124 107 198 143 593
251 106 374 143 XXIII.
416 105 733 142 ARGUMENTA
757 105 823 141 ΕΤ
850 104 1054 141 SCHOLLA
1081 104 1130 142 IN
1156 106 1303 146 EPIST.
1331 110 1444 146 FAM.
1473 110 1556 147 CIC.
1584 110 1672 147 LIB.
1688 110 1745 148 XI.
1772 111 1846 148 ΕΡ.
1866 111 2038 148 11—15.

124 194 225 228 nium
244 194 315 227 iam
334 194 539 239 fugientem.
591 191 799 227 Exordium'
808 193 910 227 valde
926 193 1032 227 breve
1057 198 1120 233 est,

125 259 197 292 quo
216 253 250 279 et
268 258 374 290 supra
400 258 484 279 usus
509 251 579 284 est,
614 245 656 278 de
679 245 856 279 beneficiis
880 244 1062 279 Ciceronis
1088 251 1122 277 et

125 298 168 330 de
188 310 250 331 sua
271 297 499 341 gratitudine.
546 295 714 341 Sequitur
731 296 891 330 narratio
904 323 913 337 ‚
940 309 1030 342 quae
1049 296 1121 340 pri-

125 361 224 381 mum
257 354 394 382 constat
426 348 694 381 enumeratione
730 360 936 387 causarum,
992 347 1120 393 quibus

125 405 244 433 motus
267 398 422 432 noluerit
443 398 562 432 statIm
586 399 752 444 persequi
775 399 987 432 Antonium.
1050 398 1119 431 De-

126 450 209 483 inde
229 450 348 490 addit,
382 451 479 495 quod
501 450 613 483 multa
639 450 907 494 diligentissime
931 449 1120 483 tentaverit

127 508 248 534 contra
267 514 367 541 eum,
395 499 462 533 hoc
481 501 623 541 audito,
657 503 754 547 quod
781 508 876 534 certo
901 502 979 534 loco
1008 500 1121 534 consi-

123 558 242 586 steret.
297 552 485 586 Conclusio
504 550 611 585 habet
627 554 910 587 consolationem
932 559 966 585 et
989 550 1120 585 adhor-

124 603 308 637 tationem.

366 677 502 711 Aliud
537 684 864 723 argumentum.

225 745 423 780 Exordium
440 753 623 791 sumptum
645 753 696 781 est
713 759 732 779 a
751 745 997 790 magnitudine
1013 746 1118 778 bene-

121 797 304 838 ficiorum,
333 798 461 843 quibus
480 810 554 831 non
574 798 685 842 possit
708 798 937 842 respondere.
997 795 1120 841 Sequi-

121 855 181 882 tur
200 849 305 892 longa
322 849 482 882 narratio
500 849 686 882 continens
704 848 980 887 excusationem,
1008 859 1118 892 quare

121 912 196 932 non
215 900 333 933 statim
357 906 559 944 persecutus
584 899 629 933 sit
643 899 855 932 Antonium.
914 897 954 931 ln
976 899 1044 931 fine
1069 905 1120 932 est

122 951 355 995 pollicitatio,
384 963 451 995 qua
477 950 575 983 iubet
593 951 683 983 bene
710 962 853 995 sperare
878 951 1051 994 populum
1076 950 1118 982 de

121 1014 185 1035 suo
205 1002 378 1041 exercitu,
405 1007 439 1034 et
454 1001 559 1034 simul
575 1002 762 1041 admonet,
790 1007 849 1041 ut,
880 1001 909 1034 si
933 1013 1021 1045 opus
1045 1002 1118 1034 fue-

120 1053 186 1091 rit,
214 1053 500 1096 supplementum
520 1052 665 1084 mittant
681 1059 804 1084 contra
826 1054 978 1096 perfidos
1000 1054 1119 1091 duces,

121 1103 185 1148 qui
216 1104 280 1136 sub
311 1109 496 1147 praetextu
525 1103 770 1136 defendendae
797 1103 971 1137 libertatis
994 1104 1119 1137 adiun-

121 1160 207 1198 gant
221 1166 257 1187 se
274 1154 447 1187 Antonio.

341 1236 479 1270 Aliud
507 1237 900 1283 argumentum-²³⁸).

220 1305 284 1339 Est
298 1305 457 1338 narratio
469 1331 478 1345 ,
506 1305 543 1337 in
561 1317 630 1350 qua
650 1304 796 1349 exponit
811 1304 948 1349 primo,
973 1315 1034 1336 cur
1045 1304 1119 1336 An-

120 1356 260 1390 tonium
277 1357 468 1400 fugientem
491 1368 564 1388 non
589 1356 747 1400 potuerit
772 1355 955 1400 persequi;
989 1355 1116 1387 deinde

122 1409 207 1453 quid
225 1407 381 1447 tentarit,
408 1414 598 1452 postquam
610 1434 619 1447 ,
645 1419 716 1452 quo
733 1408 811 1440 loco
828 1406 1034 1440 consisteret
1044 1407 1117 1439 An-

121 1459 238 1495 tonius
251 1485 260 1499 ‚
288 1459 466 1502 cognovit.
521 1458 672 1492 Orditur
692 1470 711 1491 a
730 1458 928 1502 gratiarum
949 1458 1100 1491 actione.

365 1543 505 1576 Aliud
543 1549 874 1588 argumentum.

218 1609 342 1642 Primo
368 1616 510 1643 excusat
534 1623 590 1651 se,
633 1611 730 1655 quod
753 1609 952 1644 Antonium
976 1622 1050 1642 non
1073 1609 1118 1643 sit

121 1667 326 1705 persecutus
342 1661 534 1704 fugientem
552 1673 571 1693 a
591 1661 728 1705 proelio
748 1663 791 1694 ad
806 1661 985 1694 Mutinam
1009 1662 1114 1694 facto.

120 1711 260 1744 Deinde
291 1718 432 1751 narrat,
477 1711 563 1757 quid
593 1712 722 1755 egerit,
765 1713 851 1757 quid
882 1712 1028 1745 molitus
1059 1712 1115 1751 sit,

119 1763 277 1808 quidque
312 1760 426 1795 adhuc
456 1769 537 1806 agat
560 1763 756 1802 Antonius,
795 1769 829 1795 et
860 1763 945 1808 quid
978 1763 1115 1796 consilii

119 1814 194 1858 ipse
229 1815 273 1846 ad
305 1825 384 1846 eum
419 1814 695 1858 opprimendum
726 1811 865 1847 habeat.
927 1814 1114 1847 Postremo

119 1865 220 1898 addit
237 1865 519 1898 consolationem
531 1891 540 1905 ‚
567 1872 606 1898 ut
623 1865 760 1897 Romae
777 1864 848 1898 sint
865 1865 960 1898 bono
981 1865 1114 1905 animo,

121 1922 156 1949 et
171 1916 262 1949 laeta
281 1923 424 1961 sperent
440 1923 546 1961 atque
564 1922 760 1961 expectent.

230 2017 556 2062 Argumentum
586 2017 813 2063 epistolae
842 2016 999 2063 XIV.⁵⁰).

220 2095 429 2139 Respondet
463 2094 587 2128 Cicero
631 2096 675 2128 ad
710 2095 890 2140 quandam
927 2093 1111 2138 epistolam

119 2146 244 2186 Bruti,
272 2153 306 2179 et
330 2146 486 2190 primum
510 2146 728 2190 gratulatur,
757 2146 853 2191 quod
877 2158 939 2179 sua
965 2145 1110 2178 consilia

122 2205 157 2231 et
170 2198 284 2230 Bruto
308 2198 457 2241 probata
479 2197 623 2231 suerint.
679 2198 767 2231 Erat
790 2204 908 2230 autem
931 2196 1111 2230 Ciceronis

121 2248 308 2282 consilium
332 2248 528 2288 eiusmodi,
575 2248 674 2282 utin
702 2249 884 2293 republica
920 2248 1111 2281 decemviri

121 2305 344 2340 crearentur,
371 2299 463 2333 inter
479 2312 568 2345 quos
585 2306 618 2333 et
635 2300 824 2334 Octavium
836 2300 1021 2334 Caesarem
1043 2300 1111 2343 legi

120 2351 251 2391 voluit,
281 2363 434 2396 quorum
452 2363 534 2383 cura
551 2363 591 2384 ac
607 2351 789 2396 diligentia
815 2351 933 2385 omnia
958 2351 1110 2383 admini-

119 2408 329 2437 strarentur.
378 2401 434 2434 Sic
451 2403 544 2434 enim
560 2405 725 2447 sperabat
739 2416 887 2447 magnos
904 2409 1022 2436 motus
1038 2403 1110 2435 bel-

154 2531 202 2559 58)
222 2531 279 2553 Hoc
303 2530 492 2559 argumentum
517 2530 545 2551 ct
571 2534 688 2559 sequens
706 2529 734 2554 in
752 2530 834 2554 Editt.
856 2530 1045 2555 1565—1596.
1064 2530 1108 2554 af-

187 2565 323 2588 feruntur.

153 2609 200 2636 59)
220 2608 277 2631 Hoc
295 2607 484 2636 argumentum
503 2606 530 2629 et
549 2606 600 2630 duo
620 2607 762 2636 sequentia
782 2608 809 2632 in
828 2608 911 2632 Editt.
930 2608 1020 2639 1556„
1042 2609 1108 2632 ¹565

186 2641 304 2665 -1596,
322 2641 507 2664 inveniuntur.
560 2641 643 2664 Editt.
667 2641 872 2673 1537—1554.,
902 2643 991 2674 1557.,
1022 2644 1106 2671 1560.,

190 2676 264 2699 1601.
297 2682 384 2705 neque
413 2676 604 2705 argumentum
630 2681 718 2706 neque
742 2677 846 2701 scholia
869 2677 1053 2701 Melanthonis
1078 2677 1106 2700 in

187 2710 254 2733 hauc
273 2709 417 2739 epistolam
436 2710 570 2733 exhibent.

2092 111 2166 146 394

1174 196 1291 230 lorum
1316 196 1472 231 civilium
1491 197 1594 231 facile
1615 198 1733 232 sedari
1754 210 1868 244 posse.
1922 199 2167 245 Quamobrem

1173 247 1362 293 praecipue
1380 249 1445 282 sibi
1463 250 1661 294 gratulatur
1680 251 1722 283 de
1743 251 1944 284 assensione
1956 250 2079 290 Bruti,
2108 251 2168 282 ad-

1173 299 1323 333 miscens
1354 300 1460 333 etiam
1490 302 1665 346 quaedam
1697 302 1740 334 de
1771 314 1831 346 spe
1864 302 1988 346 populi
2020 307 2168 346 propter

1174 351 1362 384 liberatum
1388 352 1572 385 obsidione
1589 352 1755 387 Brutum.
1813 353 1952 386 Deinde
1976 352 2167 396 respondet

1175 414 1236 446 per
1263 403 1509 436 narrationem
1543 405 1587 436 ad
1621 405 1799 449 quandam
1827 404 2037 449 petitionem
2064 402 2168 435 Bruti

1175 455 1217 486 de
1241 453 1422 487 mittendis
1446 455 1596 498 pecunia
1619 462 1653 488 et
1676 455 1891 499 legionibus;
1928 456 2012 488 item
2039 455 2080 486 de
2106 454 2167 485 ob-

1174 504 1423 538 trectatoribus
1445 505 1568 545 Bruti,
1603 512 1636 539 et
1663 507 1876 551 quibusdam
1904 507 1980 540 aliis
2007 504 2170 549 negotiis,

1175 567 1265 601 quae
1283 555 1420 589 concisa
1441 556 1602 589 oratione
1621 565 1858 601 exponuntur.

1426 631 1563 666 Aliud
1592 641 1920 678 argumentum.

1275 697 1436 742 Epistola
1462 706 1512 733 est
1529 701 1768 742 nuntiatoria,
1800 702 1837 735 in
1856 713 1925 747 qua
1944 702 1986 735 de
2002 700 2110 734 variis
2130 712 2168 733 ac

1173 748 1294 782 multis
1314 750 1466 793 negotiis
1479 758 1603 785 monet
1618 752 1791 792 Brutum,
1824 752 1988 797 inprimis
2012 764 2097 785 vero
2123 752 2167 784 de

1173 811 1302 844 magna
1318 801 1443 845 populi
1460 803 1725 846 expectatione,
1753 810 1814 837 aut
1835 816 1895 848 spe
1920 810 2035 837 certae
2057 803 2168 835 victo-

1172 851 1246 884 riae
1273 858 1396 885 contra
1421 853 1639 892 Antonium;
1675 855 1760 887 item
1784 856 1826 888 de
1852 854 2027 888 veteranis
2047 853 2170 886 militi-

1172 903 1256 942 bus,
1281 909 1314 935 et
1332 904 1375 936 de
1394 904 1543 948 pecunia
1562 906 1753 949 postulata.
1792 906 1940 939 Constat
1956 906 2075 951 itaque
2094 910 2168 937 tota

1173 954 1320 998 epistola
1343 955 1463 989 multis
1489 968 1528 988 ac
1552 957 1700 991 diversis
1725 957 1993 990 narrationibus
2020 967 2168 1000 eamque

1173 1005 1353 1038 concludit
1367 1007 1511 1051 obliqua
1529 1005 1793 1048 adhortatione,
1816 1015 1855 1041 ut
1871 1008 1993 1053 populi
2010 1013 2169 1051 expecta-

1172 1056 1265 1089 tioni
1282 1057 1324 1089 de
1340 1058 1500 1090 Antonio
1520 1059 1756 1103 opprimendo
1771 1060 1971 1094 satisfacere
1991 1059 2141 1093 studeat.

1428 1133 1562 1167 Aliud
1589 1143 1919 1179 argumentum.

1275 1199 1377 1233 Duae
1394 1208 1476 1234 sunt
1492 1202 1730 1237 narrationes.
1778 1204 1900 1237 Altera
1918 1201 2025 1236 habet
2043 1215 2168 1248 quere-

1171 1249 1262 1290 lam,
1305 1264 1407 1284 suum
1439 1253 1596 1286 studium
1627 1254 1663 1287 in
1694 1261 1819 1288 senatu
1843 1267 1908 1299 pro
1935 1255 2085 1288 Caesare
2111 1266 2168 1287 or-

1171 1302 1291 1333 nando
1308 1314 1435 1345 parum
1452 1305 1656 1347 procedere.
1708 1306 1828 1338 Altera
1847 1306 2005 1338 continet
2022 1317 2168 1349 respon-

1170 1351 1307 1385 sionem
1328 1354 1372 1385 ad
1401 1366 1461 1394 ea,
1495 1367 1586 1399 quae
1609 1368 1672 1399 per
1695 1356 1830 1390 litteras
1853 1357 2005 1401 petierat
2023 1356 2166 1390 Brutus.

1170 1401 1209 1435 In
1225 1404 1294 1437 fine
1316 1410 1367 1437 est
1385 1406 1544 1449 precatio
1558 1433 1566 1446 ,
1594 1413 1634 1439 ut
1648 1408 1796 1440 feliciter
1813 1408 1844 1441 ei
1860 1421 1914 1442 res
1932 1409 2105 1442 succedat.

1386 1483 1523 1518 Aliud
1560 1493 1875 1529 argumentum
1893 1487 1951 1533 ⁶⁰).

1272 1550 1336 1584 Est
1369 1549 1456 1585 llaec
1491 1553 1639 1597 epistola
1675 1561 1756 1587 ante
1792 1555 1930 1600 aliquot
1964 1556 2165 1599 superiores

1171 1600 1313 1645 scripta.
1374 1603 1518 1648 Repetit
1543 1611 1682 1644 autem,
1719 1618 1810 1650 quae
1833 1608 1874 1638 de
1898 1607 1990 1639 hello
2009 1607 2163 1639 Romam

1170 1659 1240 1686 smt
1257 1653 1442 1694 nuntiata,
1477 1667 1516 1688 ac
1543 1656 1721 1699 promittit
1748 1657 1780 1689 ei
1808 1658 1979 1691 exercitus
2005 1665 2038 1691 et
2060 1670 2165 1702 pecu-

1170 1703 1279 1738 niam.
1331 1704 1392 1738 Bis
1410 1707 1629 1740 decemviros
1647 1714 1782 1741 creatos
1800 1720 1871 1741 esse
1889 1715 2013 1742 auctor
2031 1710 2163 1753 estAp-

1169 1755 1296 1798 pianus
1313 1755 1372 1789 lib.
1389 1758 1423 1790 3.
1450 1757 1534 1790 belli
1558 1758 1739 1803 civilisffl).
1800 1759 1924 1792 Primo
1950 1761 2058 1793 creati
2082 1767 2164 1794 sunt

1168 1806 1380 1847 decemviri,
1419 1808 1481 1853 qui
1506 1821 1566 1848 ea,
1601 1822 1692 1854 quae
1715 1810 1893 1844 Antonius
1916 1811 1953 1842 in
1978 1812 2163 1844 consulatu

1168 1857 1346 1900 gessisset,
1375 1867 1627 1902 cognoscerent
1646 1867 1679 1893 et
1694 1861 1889 1894 abolerent.
1942 1861 1995 1894 De
2021 1860 2075 1895 his
2100 1875 2161 1895 au-

1169 1914 1237 1940 tem
1263 1908 1386 1941 Cicero
1419 1909 1475 1942 hic
1512 1923 1586 1943 non
1618 1911 1797 1956 loquitur,
1839 1912 1928 1944 sicut
1955 1913 2089 1956 patebit
2122 1926 2162 1946 ex

1168 1958 1267 2002 epist.
1285 1959 1345 1993 20.
1394 1960 1556 1993 Secundo
1592 1962 1702 1994 creati
1730 1969 1812 1995 sunt
1847 1963 2056 2002 decemviri,
2101 1964 2162 2009 qui

1168 2009 1421 2043 distribuerent
1447 2012 1662 2055 promissum
1686 2013 1900 2057 stipendium
1928 2014 1964 2046 in
1990 2013 2158 2047 Martiam

1167 2067 1200 2093 et
1215 2060 1391 2105 Quartam
1410 2062 1587 2106 legionem
1612 2063 1649 2096 in
1673 2063 1830 2107 singulos
1855 2064 1983 2098 milites
2004 2063 2080 2100 250
2105 2078 2160 2098 co-

1166 2118 1331 2152 ronatos,
1359 2125 1399 2145 ac
1418 2114 1460 2146 de
1476 2111 1530 2147 his
1549 2115 1710 2160 loquitur
1727 2113 1794 2148 hoc
1815 2115 1906 2150 loco.

1299 2212 1488 2249 Scholia
1525 2216 1570 2249 in
1604 2216 1847 2262 epistolam
1876 2217 2023 2264 XV.⁶‘·'·).

1267 2290 1297 2336 ἓ.
1324 2294 1354 2327 1.
1396 2296 1473 2329 Etsi
1503 2296 1588 2328 mihi
1618 2301 1695 2329 {uae
1725 2293 1878 2342 litterae]
1911 2294 2106 2330 Exordium
2139 2309 2156 2330 a

1164 2345 1459 2388 comprobatione
1484 2346 1601 2380 officii.
1684 2347 1779 2380 Mihi
1803 2345 1996 2394 aedemfflss
2025 2347 2158 2381 Narra-

1162 2394 1333 2430 tiuncula.

1195 2514 1242 2542 60)
1262 2515 1320 2538 Hoc
1338 2515 1527 2545 argumentum
1546 2514 1645 2537 habent
1664 2513 1747 2537 Editt.
1766 2514 1955 2539 1565—1596.

1194 2557 1244 2585 61)
1262 2557 1377 2587 Appian.
1398 2557 1464 2580 Bell.
1485 2556 1535 2580 civ.
1557 2556 1603 2586 111,
1623 2556 1746 2579 80—81.

1195 2600 1243 2627 62)
1262 2601 1326 2623 Met.
1346 2601 1506 2627 argumento
1527 2598 1610 2623 Editt.
1632 2598 1834 2626 1537—1554.,
1865 2600 1950 2626 1557..
1972 2601 2058 2631 1560„
2079 2602 2152 2626 1601.

1228 2634 1255 2657 in
1274 2635 1324 2657 hac
1343 2634 1462 2664 epistota
1481 2636 1507 2656 et
1526 2633 1628 2656 duabus
1647 2634 1824 2663 sequentibus
1843 2637 1948 2658 carent.

1192 2676 1239 2703 63)
1259 2677 1312 2700 Pro
1331 2677 1372 2700 his
1393 2677 1448 2701 Cic.
1467 2676 1558 2699 verbis
1577 2676 1604 2699 in
1618 2677 1806 2703 Editt.{1545.,
1828 2678 1902 2702 1560.
1922 2678 1983 2702 huie
2001 2680 2081 2703 notae
2099 2680 2149 2703 ad-

1228 2711 1332 2740 scripta
1351 2713 1415 2734 suut
1435 2710 1589 2740 sequentia:
1617 2711 1789 2735 Coniunctio
1810 2713 1874 2736 tua.
