2294 2975
94 136 169 176 <255

97 224 206 260 Audio
232 215 388 261 capitales
414 207 502 257 esse]
525 205 699 251 Capitales
718 205 819 233 vocat
841 196 897 230 liic
913 206 991 234 eos,
1014 204 1074 238 qui

97 274 239 309 exitium
269 267 442 301 adserunt.

387 348 418 381 Α
426 360 443 380 r
454 359 473 389 g
483 358 504 378 u
514 356 546 376 iii
559 355 575 374 e
584 354 606 373 ii
617 347 629 371 t
640 351 661 371 u
671 349 703 369 m
724 335 782 379 ⁷⁰).

202 424 290 457 Cum
328 412 544 461 aliquamdiu
581 406 694 440 nullas
727 402 859 434 litteras
893 396 1081 456 accepisset

99 475 286 513 Trebatius
313 483 330 503 a
358 468 544 500 Cicerone,
575 455 796 509 existimabat
821 449 890 509 ’hoc
914 452 995 506 heri·
1019 448 1082 480 ali-

102 546 109 563 ι
127 542 172 563 uo
200 525 402 562 contemptu
419 522 451 547 et
470 514 532 544 ira.
585 509 685 541 lianc
702 513 936 559 suspicio-nem
957 500 1079 532 Cicero

99 545 272 625 pli-incipio
294 570 397 604 liuius
420 561 587 608 epistolae
620 557 743 594 diluit,
778 560 812 611 et
834 552 939 609 siiiiiil
967 563 1002 584 se
1026 562 1083 607 ex-

101 634 208 664 cusat,
234 635 294 656 rur
313 627 383 653 tam
402 616 462 649 diu
481 611 571 646 nihil
590 611 633 643 ad
651 609 936 663 euiii·s‹*rips·cri-t.
955 653 962 659 ι
975 602 1084 634 Dem-

101 683 142 714 de
169 678 362 720 sequuntur
384 666 470 704 ioci,
499 662 558 708 qui
576 666 657 696 sunt
673 664 751 713 nati
765 668 806 689 ex
823 666 932 687 nimia
953 659 1084 685 iaetan-

101 732 146 764 tia
166 722 344 760 Trebatii,
373 725 406 751 et
431 729 471 750 ex
491 713 598 745 variis
620 708 771 755 querelis
787 707 840 763 'de
866 709 1084 749 paupertate.

101 781 138 814 lu
165 780 230 811 fine
247 780 297 808 est
311 769 427 805 brevis
444 762 646 799 adhortatio
663 761 706 792 ad
729 757 965 792 scribendum.

348 851 481 888 Aliud
510 849 836 891 argumentum.

202 926 351 961 Orditur
374 919 465 954 hanc
482 915 667 961 epistolam
684 924 703 944 a
720 907 959 943 confutatione
975 904 1086 962 suspi-

104 980 214 1017 cionis
234 973 375 1012 silentii,
393 970 510 1004 addita
523 964 756 1000 excusatione.
784 960 910 1017 Puosteua
929 963 1087 1014 sequitur

104 1027 357 1077 expostulatio,
398 1031 488 1067 quae
521 1023 570 1051 est
602 1015 705 1059 plena
735 1014 965 1067 sesti-x‘issiinis
991 1019 1087 1063 iocis,

105 1095 194 1130 quos
217 1078 326 1114 sumit
342 1074 465 1108 Cicero
485 1082 525 1102 ex
546 1066 654 1111 ipsius
680 1064 844 1095 iactantia
873 1066 907 1093 et
925 1058 1088 1115 querelis.

108 1135 201 1169 Citat
229 1135 345 1163 autem
377 1120 619 1168 gravissimam
648 1112 857 1168 sententiam
896 1122 936 1142 ex
957 1109 1088 1148 humo,

107 1195 195 1230 quae
216 1184 331 1225 potest
348 1168 610 1209 accommodari
627 1167 670 1199 ad
697 1163 816 1197 onmia
837 1161 893 1194 illa
913 1167 1088 1216 tempora,

108 1235 165 1268 ubi
184 1235 275 1275 leges
298 1235 330 1261 et
354 1224 469 1259 omnis
493 1221 657 1255 honestas
674 1214 883 1259 negligitur,
909 1218 943 1244 et
969 1222 1088 1268 omnia

109 1288 140 1318 vi
169 1277 388 1324 aouiitur⁷¹).
442 1274 534 1307 Citat
552 1276 667 1303 autem
695 1268 780 1299 duas
797 1263 1091 1319 formulas-actio—

109 1338 173 1370 nis.
192 1311 208 1327 n
226 1333 345 1365 Altera
364 1334 414 1360 est
428 1324 479 1358 rei
501 1319 715 1356 vindicatio,
743 1327 849 1361 quam
874 1319 985 1345 veteri
1010 1323 1092 1344 con-

110 1384 293 1422 suetudine
315 1378 373 1413 hic
398 1381 501 1410 vocat
526 1385 567 1406 ex
591 1371 666 1404 iure
692 1378 801 1401 manu
823 1369 1024 1420 consertum
1034 1362 1092 1407 ⁷2).

109 1439 227 1472 Altera
242 1437 388 1465 vocatur
405 1424 643 1461 interdictum,
670 1425 790 1463 estque
807 1427 909 1459 agere
929 1426 969 1471 ex
987 1419 1094 1470 inter-

111 1490 224 1526 dicto,
259 1494 338 1517 cum
361 1478 532 1524 repetitur
554 1470 745 1518 possessi0‚
787 1467 880 1500 unde
907 1478 940 1497 Vl
968 1464 1094 1521 aliquis

110 1540 230 1586 pulsus
251 1532 366 1578 est73).
434 1527 475 1561 In
502 1527 569 1559 sine
600 1528 650 1556 est
676 1518 794 1553 brevis
825 1514 1027 1549 adhortatio
1051 1515 1095 1547 ad

111 1587 348 1625 scribendum.

353 1660 486 1696 Aliud
525 1658 851 1699 argumentum.

216 1732 409 1769 Exordium
444 1733 494 1760 est
518 1725 705 1767 figuratum
731 1717 914 1751 continens
940 1715 1098 1748 confuta-

118 1791 248 1823 tioneiii
269 1785 374 1817 salsae
392 1775 611 1822 suspicionis.
665 1771 747 1802 Yice
764 1766 1018 1824 propositionis
1039 1778 1099 1822 po:

116 1842 210 1874 nitur
236 1847 356 1871 caiisa,
385 1840 493 1876 quare
518 1827 578 1858 diii
594 1835 667 1856 non
683 1821 880 1864 scripserit,
907 1831 983 1850 cum
1001 1818 1097 1849 brevi

444 1878 579 1912 Deinde
604 1878 799 1918 sequuntur
829 1869 895 1901 ioci
918 1880 1028 1912 usque
1056 1868 1098 1899 ad

117 1887 375 1931 obiurgatione.
776 1921 782 1926 .
956 1920 962 1925 ι
985 1919 990 1924 .

476 1929 514 1961 lii
536 1929 601 1960 fine
621 1931 670 1957 est
687 1924 801 1955 brevis
819 1921 1036 1958 admonitio,
1064 1925 1101 1951 ut

116 1946 219 1975 finem
245 1935 423 1981 epistolae.

116 1991 252 2035 saepius
279 1986 419 2021 scribat.

260 2065 440 2104 Scholia
468 2063 512 2095 in
540 2057 782 2104 epistolam
810 2053 969 2099 XIVOn).

222 2138 252 2183 ξ.
272 2139 303 2171 1.
333 2137 439 2169 Causa
465 2125 601 2174 cudent]
631 2126 742 2157 Causa
768 2121 935 2167 cadit75),
964 2120 1024 2166 qui
1050 2131 1104 2152 re·

122 2191 262 2237 pellitur
294 2187 337 2220 ab
365 2183 520 2220 actione,
564 2178 671 2210 etiam
705 2180 895 2218 antequam
928 2173 970 2204 de
1002 2182 1102 2204 causa

123 2239 385 2287 pronuntiatur.

158 2342 204 2371 70)
225 2341 280 2362 Boe
299 2334 484 2363 argumentum
505 2331 532 2354 et
557 2328 608 2351 duo
626 2324 767 2356 sequentia
784 2324 817 2346 ab
835 2321 917 2346 Editt.
936 2321 1022 2352 1556„
1042 2320 1108 2345 1565

194 2373 308 2395 -1596,
330 2368 501 2399 praebentur.

160 2418 207 2444 ΐι)
226 2413 357 2442 aguntur]
371 2411 409 2432 sic
417 2406 562 2435 Eti.1556.;
581 2404 663 2427 Editt.
678 2401 761 2428 1565..
783 2399 867 2428 1569.,
884 2399 1107 2431 1592.ςοι·ιιιιθ,ιιι·.

161 2459 208 2483 72)
228 2441 266 2479 lie
285 2456 333 2477 hac
351 2451 467 2475 formula
485 2448 555 2472 conf.
576 2447 698 2471 Brissoii.
719 2444 735 2466 Ι.
755 2443 771 2466 l.
792 2442 880 2467 lili.V.
899 2447 940 2465 nr.
954 2441 1029 2466 XXL

162 2502 209 2527 73)
229 2498 304 2521 (nus.
326 2495 447 2518 iii-isson.
465 2492 484 2515 l.
502 2491 520 2514 l.
540 2490 582 2513 lib.
594 2488 630 2514 V.
649 2493 689 2511 nr.
704 2485 816 2510 XLVIH
831 2491 888 2514 sqq.

163 2544 209 2569 74)
230 2536 410 2563 Melanttionis
429 2534 616 2560 argumentum
641 2530 719 2552 huius
745 2528 878 2557 epistolae
896 2526 1024 2565 iurEditt.
1045 2526 1111 2565 1537

200 2588 232 2593 ‘-
249 2574 337 2596 ¹55⁴·-
362 2569 449 2595 1557„
472 2567 559 2589 1-5ίὶ0..
582 2565 654 2587 1601.
676 2570 726 2586 nou
749 2564 857 2586 exstat:
893 2567 969 2583 cuius
992 2562 1111 2584 auctoru,

200 2611 234 2632 sit
253 2606 439 2631 amnuit-ntum
462 2601 486 2622 iii
507 2601 587 2622 Editt.
609 2598 700 2627 1546,,
728 2598 799 2619 1601,
826 2595 885 2618 huic
910 2596 1043 2624 epistulae
1061 2602 1110 2617 su-

200 2640 364 2673 perpositum
374 2653 380 2663 .
400 2640 501 2658 nescio.

166 2688 213 2712 75)
238 2684 277 2707 lie
309 2682 358 2704 hac
387 2677 505 2701 formula
535 2675 606 2699 conf.
631 2674 752 2697 nrisson.
778 2674 796 2698 i.
822 2673 839 2697 1.
864 2673 910 2697 lib.
929 2672 962 2697 V.
987 2678 1028 2697 nr.
1055 2672 1112 2696 XL.

200 2717 271 2744 xm!
294 2722 334 2745 sq.

1137 856 1202 889 bus
1226 855 1396 888 consulat.

1138 907 1240 950 sippo
1267 905 1430 939 audierit.

1139 957 1309 990 tationem
1329 957 1372 989 ad
1386 957 1524 1000 saepius
1540 956 1782 996 scribendum,
1811 962 1845 989 et
1866 957 2002 996 iocum,
2030 956 2127 1001 quod

650 115 772 152 Ptin..
806 110 918 148 MEL.
951 103 1152 143 SCRIPTA
1185 99 1520 137 PHILOLOGICA.
2040 99 2116 138 255

1433 186 1597 230 Argum
1609 191 1755 219 entum
1771 185 1831 233 ⁷⁰).

1230 244 1370 279 locatur
1385 257 1464 279 cum
1480 245 1651 279 Trebatio
1665 271 1674 286 ‚
1702 245 1763 291 qui
1779 245 1849 278 iam
1874 245 2007 279 dudum
2029 243 2119 278 nihil

1130 295 1329 340 scripserat,
1353 302 1387 329 et
1404 297 1511 330 semel
1525 302 1662 329 tantum
1682 297 1897 330 salutaverat
1913 296 2120 330 Ciceronem

1134 358 1196 391 pei·
1214 346 1464 392 Chrysippum.
1498 346 1743 392 Reprehendit
1757 347 1875 393 itaque
1893 346 1966 381 eius
1983 347 2020 380 in
2036 347 2121 381 scri-

1132 399 1248 431 bendo
1270 398 1541 442 negligentiam,
1582 405 1616 431 et
1638 399 1743 432 simul
1768 411 1832 443 per
1856 399 1974 431 iocum
1999 399 2122 431 admo-

1133 455 1213 489 net,
1239 455 1279 481 ut
1303 449 1440 482 desinat
1462 455 1614 482 tractare
1632 456 1666 482 et
1681 450 1834 483 scribere
1857 461 1979 483 causas
2001 449 2121 482 soren-

1134 512 1207 540 ses,
1233 505 1421 543 propterea
1439 501 1535 544 quod
1557 501 1693 533 nullam
1721 499 1849 533 habeat
1874 501 2056 533 fortunam
2083 499 2122 532 in

1135 551 1343 584 actionibus.
1395 549 1543 583 Exordii
1566 551 1644 584 loco
1664 551 1810 595 ponitur
1827 550 1943 584 brevis
1962 550 2121 583 narratio

1135 603 1177 635 de
1195 601 1325 641 salute,
1353 612 1459 646 quam
1475 602 1634 634 nuntiari
1652 602 1799 635 iusserat
1816 602 2016 636 Trebatius.
2052 601 2123 634 De-

1136 653 1217 685 inde
1241 658 1291 686 est
1315 650 1543 696 reprehensio
1568 652 1830 687 taciturnitatis.
1889 652 2016 686 Postea
2042 653 2124 685 sub-

1137 704 1253 736 iicitur
1277 703 1393 742 iocus,
1421 704 1517 747 quod
1540 715 1667 747 parum
1689 703 1734 736 sit
1756 704 1838 736 felix
1862 715 1901 736 ac
1923 704 2124 736 fortunatus

1137 755 1174 786 in
1207 753 1319 786 causis
1351 753 1506 797 agendis.
1573 753 1686 786 Siiiiiil
1719 754 1812 786 enim
1848 754 2035 793 admonet,
2071 759 2123 793 ut,

1138 805 1235 850 quod
1249 804 1468 845 anteafecit,
1496 804 1630 849 aliquid
1648 804 1794 847 cogitet,
1821 817 1891 849 quo
1901 803 1946 850 ⁷⁷)
1971 804 2042 838 suis
2067 816 2121 836 re-

1455 855 1565 887 Addit
1594 862 1798 899 praeterea,
1833 855 1919 900 quid
1945 866 1987 887 ex
2012 853 2124 899 Chry—

1482 906 1670 939 Conclusio
1699 904 1804 939 habet
1824 905 1969 938 brevem
1993 903 2124 939 adhor-

1141 1020 1266 1051 paruin
1287 1007 1332 1040 sit
1353 1007 1500 1040 idoneus
1524 1009 1568 1040 ad
1593 1007 1846 1051 iurisperituiii.
1910 1006 1949 1039 ln
1973 1008 2040 1040 fine
2065 1018 2129 1050 po-

1141 1059 1237 1091 nitur
1261 1058 1372 1090 libera
1398 1059 1589 1097 consessio,
1618 1059 1713 1102 quod
1737 1057 1960 1090 familiariter
1975 1058 2019 1091 sit
2036 1057 2128 1090 ioca-

1141 1116 1216 1149 tus,
1244 1115 1277 1141 et
1302 1109 1399 1153 quod
1421 1120 1502 1141 vere
1531 1120 1610 1141 eum
1632 1108 1766 1152 diligat.

1383 1191 1522 1225 Aliud
1551 1198 1878 1236 argumentum.

1244 1251 1394 1294 Elegans
1419 1257 1522 1284 estet
1546 1249 1631 1283 haec
1658 1251 1823 1294 epistola,
1851 1250 1888 1282 in
1907 1262 1976 1295 qua
1993 1250 2131 1284 iocatur

1146 1315 1225 1336 cum
1250 1302 1439 1341 Trebatio,
1467 1301 1621 1345 primum
1641 1302 1682 1333 de
1709 1301 1801 1334 illius
1826 1302 1968 1334 fortuna
1993 1301 2030 1333 in
2050 1313 2130 1334 cau-

1147 1354 1193 1387 sis
1212 1353 1374 1397 agendis,
1402 1364 1553 1397 quarum
1572 1352 1742 1396 plurimas
1760 1351 1796 1383 in
1816 1351 1945 1384 iudicio
1964 1349 2133 1385 hactenus

1146 1404 1318 1441 amiserit;
1361 1404 1487 1436 deinde
1517 1404 1612 1448 quod
1641 1403 1834 1435 admodum
1871 1409 1992 1435 cautus
2024 1403 2069 1436 sit
2096 1402 2134 1435 in

1146 1454 1320 1499 fugiendis
1356 1454 1521 1498 periculis
1555 1460 1588 1486 et
1632 1453 1832 1491 laborihus;
1873 1459 2054 1497 postremo
2091 1454 2134 1486 de

1148 1506 1256 1550 ipsius
1279 1505 1414 1539 studiis.
1474 1504 1619 1537 Exordii
1642 1504 1720 1537 loco
1746 1503 1891 1547 ponitur
1915 1504 2032 1538 brevis
2053 1516 2136 1537 nar-

1148 1557 1239 1590 ratio
1258 1558 1300 1589 de
1318 1562 1458 1600 accepta
1477 1555 1701 1594 salutatione,
1729 1555 1846 1587 addita
1861 1552 2136 1598 reprehensione

1149 1608 1290 1642 silentii.
1343 1607 1468 1639 Postea
1493 1612 1689 1651 sequuntur
1714 1606 1784 1638 duo
1812 1605 1891 1638 ioci.
1945 1604 2133 1640 Conclusio

1149 1658 1256 1692 habet
1279 1659 1420 1690 brevem
1448 1655 1735 1689 adhortationem
1762 1656 1807 1688 ad
1823 1656 2047 1690 scribendum
2076 1657 2137 1689 ad-

1150 1711 1224 1743 dito
1253 1709 1358 1742 tertio
1382 1708 1472 1741 ioco.
1525 1706 1563 1740 In
1587 1708 1654 1740 fine
1678 1713 1728 1740 est
1752 1706 1960 1751 significatio
1986 1708 2138 1741 benevo-

1154 1761 1282 1794 lentiae
1296 1760 1353 1805 78).

1399 1841 1533 1874 Aliud
1570 1847 1894 1884 argumentum.

1254 1902 1377 1935 Brevis
1402 1908 1452 1935 est
1476 1901 1759 1941 narratiuncula,
1786 1901 1821 1933 iii
1846 1912 1913 1947 qua
1936 1901 2134 1945 expostulat

1155 1967 1232 1987 cum
1251 1953 1434 1991 Trebatio,
1463 1953 1558 1997 quod
1574 1950 1663 1984 nihil
1679 1952 1868 1996 scripserit.
1921 1951 2042 1984 Additi
2057 1958 2138 1985 sunt

1155 2006 1223 2038 ioci
1247 2011 1280 2038 et
1302 2004 1449 2037 ironiae.
1515 2002 1656 2047 Epilogi
1686 2003 1759 2035 vice
1794 2003 1938 2047 ponitur
1964 2003 2138 2036 excusatio

1154 2056 1290 2096 brevis,
1317 2068 1352 2089 se
1374 2067 1445 2087 non
1471 2054 1561 2088 serio
1585 2052 1671 2086 haec
1693 2054 1882 2098 scripsisse.
1934 2053 1974 2086 In
1998 2054 2066 2087 fine
2091 2059 2141 2088 est

1156 2106 1364 2152 significatio
1384 2105 1498 2139 mutui
1514 2104 1657 2138 amoris.

1301 2197 1485 2233 Scholia
1514 2198 1556 2230 in
1586 2198 1828 2242 epistolam
1856 2196 2006 2242 XV.⁷9).

1262 2258 1291 2302 ξ.
1304 2260 1335 2292 1.
1365 2260 1471 2300 Quam
1486 2259 1555 2291 sini
1570 2254 1710 2303 morosi]
1724 2256 1927 2299 Figuratum
1943 2255 2144 2300 epistolium

1161 2323 1201 2343 ex
1219 2311 1356 2343 duobus
1375 2308 1611 2352 pugnantibus
1635 2308 1828 2341 affectibus.

1194 2410 1241 2438 76)
1262 2410 1317 2432 Hoc
1335 2409 1523 2439 argumentum
1544 2409 1570 2431 et
1588 2408 1639 2432 duo
1658 2406 1799 2438 sequentia
1816 2408 1849 2431 ab
1867 2406 2056 2438 Editt.1556.‚
2077 2405 2143 2432 1565

1229 2444 1345 2468 -—1596.
1365 2443 1531 2467 exhibentur.

1195 2485 1241 2516 ⁷7)
1261 2487 1328 2516 quo]
1349 2485 1388 2509 sic
1406 2485 1454 2509 Ed.
1477 2485 1566 2514 1556.;
1586 2485 1668 2510 Editt.
1688 2484 1772 2515 1565„
1793 2483 1877 2514 1569„
1898 2482 1972 2507 1592.
1992 2483 2071 2513 quod.

1196 2529 1244 2556 78)
1263 2529 1291 2551 lii
1311 2529 1363 2551 fine
1382 2530 1425 2551 est
1443 2527 1606 2557 significatio
1629 2527 1859 2554 benevolentiae]
1878 2525 1917 2549 sic
1934 2524 1983 2549 Ed.
2004 2526 2096 2556 1556.;
2117 2523 2144 2549 in

1230 2562 1312 2587 Editt.
1335 2563 1420 2593 1565.,
1442 2563 1525 2589 1569,
1547 2563 1618 2585 1592.
1636 2563 1701 2585 haee
1720 2564 1782 2584 suiit
1801 2560 1910 2583 omissa.

1197 2605 1446 2633 79)Me1anti=0nis
1471 2607 1630 2631 argumento
1658 2604 1736 2627 tinius
1769 2603 1902 2633 epistolae
1925 2602 2008 2626 Editt.
2035 2602 2149 2626 153⁷-

1236 2640 1330 2670 155⁴.‚
1358 2640 1446 2669 1:³57..
1480 2640 1571 2667 1560.,
1598 2639 1672 2662 1601.
1702 2640 1812 2667 careum
1846 2637 1929 2660 Eiiitt,
1957 2636 2047 2664 1546..
2074 2637 2147 2660 1601.

1234 2674 1361 2698 Ascensii
1379 2674 1583 2704 argumentum,
1613 2673 1735 2697 auctoris
1763 2671 1869 2696 nomine
1888 2670 1987 2695 omisso
2005 2670 2151 2701 paucisque

1235 2708 1360 2738 munitm,
1385 2708 1509 2731 afferunt.
