2294 2975
110 122 155 156 91
695 108 817 147 PHIL.
855 106 966 144 MEL.
998 103 1199 141 SCRIPTA
1232 102 1567 142 PHILOLOGICA.
2093 103 2143 142 92

972 242 1172 273 LIBER
1215 241 1265 273 111.

163 352 488 396 Argumentum
524 351 566 378 et
595 341 773 378 scholia
804 340 846 373 in
875 339 1049 384 episto-

509 397 595 429 lant
622 394 699 440 l.¹).

209 478 277 512 Ista
298 474 446 520 epistola
463 470 551 505 nihil
578 469 673 502 aliud
698 466 805 501 habet
826 466 895 500 nisi
919 467 1101 512 quandam

109 526 488 565 commemorationem
507 519 796 557 benevolentiae,
829 518 867 550 in
883 530 953 563 qua
976 517 1102 550 recitat

111 583 266 627 primum
290 588 389 611 suam
414 585 494 616 erga
520 573 618 605 illum
642 569 948 609 benevolentiam,
974 568 1100 601 deinde

112 634 214 666 ollert
232 629 384 662 osticium
404 637 506 658 suum
516 624 559 669 ‘².).

214 680 244 725 §-
263 680 294 713 1.
323 680 364 712 Si
390 679 460 719 ipsa
485 670 688 720 respublica]
716 671 913 705 Exordium
936 683 977 704 ex
999 682 1101 714 prae-

112 733 288 767 dicatione
315 728 396 762 fidei
420 725 608 759 tabellarii.
706 725 916 766 Quapropter
940 723 996 756 ille
1017 719 1099 768 tibi]

111 785 187 818 Hoc
203 794 277 816 non
292 787 363 813 tam
383 778 472 823 estss)
491 776 688 815 exordium,
710 786 818 819 quam
833 773 978 806 reiectio
995 784 1103 818 qnae-

112 837 196 870 dam
222 844 364 871 eorum,
407 830 448 861 de
474 828 601 874 quibus
623 825 757 870 alioqui
781 825 909 857 merito
937 823 1101 869 debeat4)

112 887 276 922 scribere.
354 883 414 916 Sic
431 883 520 914 enim
534 880 596 913 tibi
609 874 791 923 persuade]
820 875 1038 919 Propositio,
1066 874 1102 906 in

112 950 181 984 qua
200 938 457 970 commemorat
473 931 515 963 de
532 942 594 962 suo
613 940 693 971 erga
708 927 809 960 illum
824 926 957 959 animo.
1012 927 1105 966 Quod

113 1001 212 1035 quum
229 990 275 1021 iia
293 987 336 1018 sit
346 981 404 1029 5)]
432 982 553 1014 Defert
570 979 737 1012 osticium.

217 1036 247 1082 ἓ.
267 1039 301 1072 2.
330 1035 442 1074 Cili-r,
471 1033 608 1066 libertus
622 1027 718 1076 tuus]
746 1027 825 1061 Alia
844 1026 1016 1061 narratio.

339 1118 475 1152 Aliud
508 1127 664 1159 argum
678 1112 884 1158 entumss).

217 1186 377 1232 Epistola
411 1189 461 1217 est
491 1181 628 1227 generis
661 1179 848 1212 familiaris
875 1191 936 1212 seu
959 1179 1106 1212 demon-

116 1240 275 1278 strativi,
310 1247 400 1282 quae
425 1233 532 1267 habet
555 1230 934 1266 commemorationem
954 1231 1107 1263 benevo-

115 1292 264 1329 lentiae,
291 1300 360 1334 qua
381 1286 460 1319 ideo
483 1283 729 1318 utitur-Cicero
742 1282 793 1328 ⁷),
819 1288 878 1321 ut,
903 1294 982 1314 cum
1001 1286 1105 1314 antea

117 1343 276 1379 simultas
292 1340 384 1372 inter
408 1349 466 1370 eos
489 1335 614 1375 suerit,
648 1333 819 1377 significet
840 1345 875 1366 se
900 1332 996 1365 aliud
1018 1329 1108 1364 nihil

118 1394 294 1439 cogitare,
336 1400 444 1435 quam
467 1387 611 1425 utillo,
649 1396 740 1430 quae
771 1389 854 1417 sunt
883 1384 960 1416 veri
991 1382 1107 1422 amici,

117 1446 304 1489 diligenter
345 1445 454 1474 curet.
532 1437 695 1471 Primum
730 1446 813 1479 ergo
847 1434 974 1467 recitat
1007 1445 1107 1467 suam

118 1508 201 1541 erga
217 1493 374 1539 Appium
391 1488 640 1535 proconsulem
652 1486 796 1520 Ciliciae
811 1485 1108 1519 benevolentiam.

117 1547 256 1583 Deinde
281 1543 386 1578 offert
404 1540 570 1575 officium.
622 1538 738 1572 Porro
755 1535 842 1572 haec
859 1537 1007 1581 epistola
1026 1536 1109 1570 scri-

119 1606 180 1646 pta
207 1604 258 1632 est
276 1594 398 1630 Servio
416 1591 572 1636 Sulpicio
588 1588 683 1623 Ruso
713 1595 747 1622 et
767 1588 818 1622 M.
840 1588 988 1622 Claudio
1012 1587 1110 1620 Mar-

121 1650 207 1685 cello
226 1645 446 1684 consulibus,
472 1643 682 1687 priusquam
701 1639 866 1673 Ciceroni
889 1652 929 1673 ex
953 1645 1110 1673 senatus-

122 1700 282 1736 consulto
317 1694 529 1730 demandata
560 1692 746 1737 provincia
777 1697 839 1725 est.
913 1689 1110 1724 Exordium

121 1752 272 1788 sumitur
300 1761 340 1782 ex
364 1744 628 1791 praedicatione
652 1742 733 1775 fidei
755 1741 950 1782 tabellarii,
990 1742 1109 1774 addita

122 1804 277 1850 quadam
295 1797 485 1833 reiectione
503 1807 626 1829 eorum
639 1820 648 1834 ‚
674 1794 716 1826 de
734 1793 860 1838 quibus
875 1792 960 1826 alias
981 1792 1110 1825 merito

123 1855 266 1888 deberet
294 1850 464 1887 scribere,
507 1845 608 1891 quasi
639 1845 787 1877 diceret:
831 1844 923 1888 Quia
946 1841 1110 1876 Pliannia

124 1904 244 1939 onmia
264 1901 402 1934 abunde
420 1898 482 1931 tibi
498 1902 668 1941 exponet,
696 1895 774 1928 ideo
801 1907 864 1938 ego
891 1893 981 1927 nihil
1007 1906 1044 1927 ea
1069 1895 1111 1927 de

123 1969 161 1990 re
178 1954 348 1991 scribam,
375 1956 513 1982 tantum
531 1959 645 1980 ineam
664 1958 745 1989 erga
770 1952 803 1978 te
827 1945 1111 1978 benevolentiam

124 2006 290 2041 testabor.
357 2001 494 2034 Deinde
525 1998 684 2043 sequitur
713 1996 931 2041 propositio,
975 1996 1013 2029 in
1044 2009 1112 2042 qna

126 2059 384 2092 commemorat
402 2053 443 2084 de
461 2062 524 2083 suo
543 2061 624 2092 erga
644 2049 743 2081 illum
763 2048 903 2088 animo,
939 2047 1039 2093 quasi
1062 2048 1113 2080 di-

127 2114 236 2143 ceret:
285 2105 343 2138 Tu
367 2115 401 2136 es
425 2099 514 2135 mihi
539 2098 775 2133 charissimus.
849 2098 965 2131 Sumit
994 2105 1112 2132 autem

125 2157 354 2205 probationes
379 2166 398 2187 a
421 2149 788 2186 commendationibus
806 2148 925 2194 Appii.
978 2150 1116 2194 Propo-

163 2295 191 2322 1)
209 2293 240 2317 ln
258 2290 342 2316 Editt.
362 2288 452 2317 1545„
473 2285 565 2315 1546.‚
586 2283 660 2307 1601.
684 2280 793 2321 numeri
809 2281 922 2306 duorum
941 2281 1062 2312 priorum
1079 2282 1116 2306 li-

197 2329 306 2351 brorum
330 2322 538 2350 continuantur,
571 2318 632 2342 huic
657 2323 727 2340 enim
752 2317 885 2346 epistolae
909 2323 1038 2340 numerus
1061 2316 1116 2347 ³0.,

197 2358 373 2390 subsequenti
392 2361 519 2380 numerus
537 2353 569 2377 31
590 2354 640 2376 etc.
659 2350 791 2380 adscripti
811 2351 882 2374 sunt.

163 2406 194 2434 2)
214 2405 271 2427 une
295 2400 485 2431 argumentum
508 2397 537 2421 in
561 2395 645 2420 Editt.
666 2393 732 2418 1537
747 2393 887 2424 —1554.‚
912 2393 1004 2424 1557.,
1031 2393 1117 2425 1560.,

201 2438 276 2462 1601.
296 2435 442 2459 invenitur.

163 2481 194 2512 3)
215 2485 268 2504 non
287 2480 341 2500 tam
360 2477 419 2504 est]
440 2474 488 2499 Ed.
510 2473 584 2497 1560.
603 2477 658 2496 non
680 2472 723 2495 est
743 2471 806 2495 tam.

163 2527 193 2553 4]
214 2521 325 2548 debeat]
347 2519 395 2543 Ed.
417 2518 490 2541 1545.
510 2517 631 2540 debebat.

165 2568 196 2595 5)
216 2566 269 2589 Pro
286 2563 327 2586 his
347 2561 401 2585 Cic.
421 2559 513 2582 verbis
532 2557 747 2585 quditt.1545.,
769 2556 843 2580 1560.
861 2555 922 2581 huic
940 2557 1022 2580 notae
1036 2562 1119 2586 prae-

201 2600 255 2624 fixa
273 2597 335 2620 suut
353 2595 437 2617 verba
457 2591 609 2623 Perficiam
626 2591 768 2622 profecto.

164 2643 196 2669 6)
215 2641 271 2665 noc
290 2636 480 2667 argumentum
502 2635 529 2658 et
548 2633 599 2657 duo
620 2633 765 2663 sequentia
788 2632 816 2657 in
835 2632 918 2657 Editt.
941 2633 1033 2664 1556.‚
1054 2632 1121 2657 1565

203 2672 318 2697 -1596-
337 2669 518 2700 reperiuntur.

165 2718 195 2745 7)
215 2716 301 2741 utitur
320 2712 432 2741 Cicero]
452 2710 501 2735 Ed.
522 2708 596 2734 1556.
617 2708 715 2734 cicero
734 2708 827 2734 utitur.

1154 336 1276 371 sitioni
1301 343 1352 370 est
1376 336 1493 370 addita
1518 335 1727 382 pollicitatio
1752 336 1869 371 officii.
1932 334 2070 371 Deinde
2094 341 2144 371 est

1154 388 1221 421 alia
1241 388 1400 421 narratio
1420 389 1462 421 de
1478 388 1605 423 liberto
1618 415 1627 430 ,
1655 389 1711 422 cui
1732 394 1850 422 tamen
1872 389 2145 432 praeferendum

1154 446 1270 472 censet
1288 436 1502 474 Pllanniam.
1556 439 1597 473 In
1622 441 1689 473 fine
1713 446 1765 473 est
1787 439 2071 480 commendatio,
2105 445 2146 472 ut

1154 489 1334 523 Valerium
1353 490 1640 525 iurisconsultum
1657 490 1846 535 diligenter
1864 490 2017 525 adiuvet.

1401 572 1535 608 Aliud
1573 581 1896 619 argumentum.

1256 642 1370 675 Totus
1401 642 1491 674 liber
1519 642 1643 676 tertius
1670 642 1889 676 consumitur
1912 641 1950 674 in
1979 640 2148 687 epistolis,

1156 705 1246 739 quae
1273 700 1354 727 sunt
1377 693 1527 737 scriptae
1550 694 1593 725 ad
1609 693 1765 739 Appium
1783 691 1978 727 Pulchrum
1995 705 2147 737 procon-

1154 745 1265 778 sulem
1284 744 1445 784 Ciliciae,
1478 743 1534 777 cui
1558 751 1680 788 postea
1706 744 1829 778 Cicero
1854 757 1894 778 ex
1916 750 2145 778 senatuscon-

1155 796 1246 830 sulto
1272 795 1445 829 successit.
1508 795 1697 828 Praedicat
1730 801 1849 828 autem
1880 795 2011 840 ubique
2042 807 2147 828 suum

1156 859 1314 880 amorem
1340 853 1374 879 et
1398 846 1533 886 officia,
1561 846 1690 880 additis
1714 845 2016 880 confutationibus
2033 845 2148 890 suspi-

1156 898 1298 931 cionum
1324 897 1532 937 simultatis,
1575 910 1666 942 quae
1692 897 1958 930 existimabatur
1985 897 2147 930 nondum

1157 949 1297 995 penitus
1322 961 1394 982 esse
1420 947 1601 992 deposita,
1636 949 1938 994 quemadmodum
1963 946 2032 981 hoc
2056 947 2147 980 indi-

1158 1006 1212 1032 cat
1230 1000 1352 1033 Cicero
1373 1001 1430 1034 12.
1448 999 1596 1043 epistola
1613 999 1758 1033 secundi
1775 999 1869 1033 libri.
1921 998 2037 1031 Porro
2060 996 2147 1031 haec

1158 1050 1274 1096 prima
1292 1050 1439 1095 epistola
1469 1056 1605 1083 constat
1629 1049 1970 1083 commemoratione
1993 1050 2147 1083 benevo-

1159 1102 1287 1135 lentiae
1315 1108 1349 1134 et
1368 1100 1626 1146 pollicitatione
1650 1113 1795 1134 suorum
1817 1101 2026 1134 officiorum.
2080 1100 2149 1133 Ex-

1160 1153 1299 1186 ordium
1316 1152 1468 1186 sumitur
1485 1164 1503 1184 a
1523 1152 1678 1197 quadam
1693 1151 1884 1184 reiectione
1901 1163 2040 1192 eorum,
2057 1163 2148 1196 quae

1159 1205 1201 1237 de
1219 1204 1399 1248 republica
1415 1203 1542 1236 merito
1562 1203 1713 1236 scribere
1731 1203 1885 1243 deberet,
1910 1203 2028 1235 addita
2046 1214 2149 1247 prae-

1160 1255 1335 1289 dicatione
1366 1253 1568 1298 diligentiae
1593 1266 1633 1287 ac
1655 1254 1736 1286 fidei
1760 1253 1948 1288 tabellarii.
2015 1253 2149 1300 Estque

1159 1305 1245 1340 haec
1267 1318 1406 1339 summa
1433 1305 1585 1338 exordii:
1621 1302 1783 1338 Pliannia
1817 1305 1964 1339 libertus
1994 1310 2075 1338 tuus
2105 1305 2148 1337 de

1159 1357 1360 1401 republica,
1392 1369 1481 1402 quae
1506 1356 1653 1389 dicenda
1676 1362 1799 1396 erunt,
1827 1356 1967 1389 abunde
1985 1361 2148 1400 exponet.

1161 1409 1281 1453 Quare
1296 1406 1387 1441 nihil
1405 1420 1493 1452 opus
1511 1413 1580 1447 est,
1607 1413 1647 1440 ut
1663 1407 1706 1440 de
1723 1405 1789 1440 hac
1804 1419 1841 1442 re
1860 1408 1905 1440 ad
1924 1413 1957 1440 te
1978 1406 2149 1444 scribam;

1161 1466 1301 1493 tantum
1334 1458 1625 1492 commemorabo
1664 1459 1706 1491 de
1731 1470 1811 1491 mea
1833 1470 1916 1503 erga
1939 1464 1973 1491 te
1996 1458 2151 1492 benevo-

1161 1511 1282 1544 lentia.
1335 1510 1502 1555 Sequitur
1527 1509 1744 1553 propositio,
1779 1510 1875 1556 quod
1899 1509 1992 1542 inter
2015 1508 2149 1542 amicos

1161 1563 1265 1606 longe
1281 1561 1326 1595 sit
1343 1559 1579 1594 charissimus.
1630 1560 1801 1593 Rationes
1816 1566 2005 1593 sumuntur
2029 1571 2048 1593 a
2071 1571 2151 1605 per-

1162 1625 1249 1647 sona
1267 1619 1301 1645 et
1315 1610 1535 1645 humanitate
1550 1611 1670 1655 Appii.
1727 1611 1855 1645 Postea
1873 1618 1924 1644 est
1940 1610 2149 1656 pollicitatio

1162 1676 1308 1699 suorum
1328 1663 1525 1696 officiorum
1537 1688 1546 1701 ‚
1574 1662 1629 1694 cui
1645 1662 1789 1695 additur
1805 1668 1952 1695 venusta
1970 1662 2093 1695 allusio
2112 1661 2150 1694 in

1163 1714 1337 1748 vocabulo
1354 1713 1509 1747 Palladis
1528 1718 1562 1746 et
1577 1712 1761 1759 Appiadis.
1813 1712 1941 1746 Postea
1959 1718 2010 1747 est
2025 1724 2151 1745 narra-

1164 1767 1213 1799 tio
1236 1766 1278 1798 de
1306 1765 1416 1797 altero
1443 1765 1590 1804 liberto,
1631 1764 1692 1809 qui
1724 1764 1830 1797 etiam
1859 1764 1977 1797 attulit
2003 1763 2151 1803 litteras,

1163 1816 1268 1851 liuius
1293 1816 1513 1860 diligentiam
1536 1821 1570 1848 et
1593 1827 1768 1849 summam
1789 1813 2047 1850 humanitatem
2073 1814 2151 1847 dili-

1165 1867 1365 1912 gentissime
1389 1867 1581 1912 praedicat.
1644 1865 1685 1899 In
1710 1867 1777 1899 fine
1800 1865 1947 1910 ponitur
1971 1877 2152 1901 commen—

1165 1919 1261 1952 datio
1283 1918 1413 1952 iocosa.
1478 1917 1589 1952 Notat
1609 1918 1703 1950 enirn
1726 1916 1928 1957 Valerium,
1973 1917 2017 1949 ad
2043 1929 2149 1962 quem

1165 1969 1305 2015 scripsit
1323 1969 1516 2003 admodum
1533 1968 1681 2001 facetam
1709 1967 1891 2012 epistolam
1920 1968 1956 2000 in
1978 1968 2046 2000 fine
2068 1967 2151 2000 libri

1166 2021 1291 2066 primi,
1320 2021 1416 2066 quod
1434 2032 1508 2053 non
1529 2017 1660 2052 habeat
1681 2030 1845 2062 magnam
1870 2019 1955 2052 iuris
1978 2019 2150 2063 cognitio-

1166 2085 1268 2113 nem,
1297 2078 1331 2105 et
1349 2072 1444 2117 quod
1470 2071 1506 2103 in
1532 2083 1572 2103 eo
1594 2071 1671 2117 plus
1692 2069 1735 2103 sit
1758 2070 2011 2114 simplicitatis,
2043 2081 2151 2118 quam

1168 2124 1333 2158 scientiae
1353 2129 1386 2156 et
1402 2122 1613 2167 cognitionis
1628 2122 1756 2165 legum.

1409 2215 1550 2249 Aliud
1584 2221 1908 2258 argumentum.

1270 2283 1453 2328 Principio
1468 2281 1574 2316 habet
1589 2288 1657 2315 tres
1672 2282 1795 2316 breves
1817 2283 2041 2318 narrationes
2065 2281 2153 2318 haec

1170 2335 1329 2380 epistola.
1388 2335 1510 2368 Prima
1535 2333 1691 2367 continet
1713 2334 2013 2377 praedicationem
2034 2333 2154 2370 Phan-

1171 2387 1263 2427 niae,
1292 2399 1333 2419 ex
1350 2398 1420 2431 quo
1438 2385 1569 2424 omnia,
1597 2396 1687 2429 quae
1700 2385 1836 2418 Romae
1853 2392 2017 2429 aguntur,
2044 2398 2153 2431 quam

1169 2437 1334 2470 facillime
1358 2436 1551 2479 intelligere
1574 2435 1694 2479 possit.
1763 2436 1921 2469 Secunda
1946 2437 2152 2471 narratione

1172 2488 1316 2533 exponit
1339 2487 1511 2526 osticium,
1555 2492 1588 2519 et
1612 2487 1829 2520 voluntatem
1855 2499 1956 2521 suam
1983 2499 2064 2532 erga
2082 2488 2155 2533 Ap-

1170 2540 1290 2584 pium,
1323 2550 1402 2571 cum
1428 2538 1581 2582 quadam
1602 2538 1713 2570 amica
1731 2538 2005 2582 pollicitatione,
2034 2545 2154 2586 estque

1172 2601 1333 2634 aspersus
1369 2588 1477 2621 iocus.
1556 2588 1689 2621 Ultima
1720 2589 1879 2622 narratio
1912 2590 2156 2634 complectitur

1172 2639 1411 2673 laudationem
1431 2639 1547 2672 Cilicis
1564 2651 1628 2684 per
1650 2639 1887 2674 collationem.

1173 2690 1434 2725 commendatIo
1452 2717 1461 2731 ,

1944 2639 1984 2674 In
2010 2641 2078 2674 fine
2104 2648 2155 2675 est

1512 2703 1602 2736 quae
1644 2691 1760 2725 iocum
1802 2688 1907 2724 habet
1947 2691 2153 2727 admixtum.
