2351 2990
197 131 270 167 389

304 215 334 260 ξ.
348 216 382 249 5.
416 216 587 261 Nequead
602 210 791 259 auxilium]
819 210 926 244 Redit
951 210 996 243 ad
1020 209 1182 244 utilitatis

200 267 490 311 explicationem,
526 277 587 299 seu
612 264 823 307 congeriem.
928 260 1183 303 confirmandus

198 316 291 364 erat]
310 316 516 360 Congeries:
545 327 634 361 quae
654 314 785 347 fuerint
800 312 1060 356 praeparanda,
1085 323 1182 344 exer-

200 369 286 401 citus
302 367 577 405 confirmandus,
596 365 751 397 civitates
768 362 974 395 retinendae
993 362 1030 395 in
1047 363 1114 395 fide
1124 362 1182 407 58).

301 417 330 461 §-
349 418 383 451 6.
417 420 534 455 Νυηε,
578 426 674 459 quum
695 411 826 460 Dezim]
861 413 983 445 Altera
1005 425 1106 457 pars,
1146 413 1182 445 in

200 482 268 514 qua
289 468 474 512 pollicetur
490 465 701 508 reipublicae
718 476 816 497 suam
835 475 994 507 operam.

301 517 331 561 ᾗ.
350 518 382 551 7.
410 519 500 551 Ilaec
514 518 544 548 si
564 512 650 561 iam]
678 513 860 558 Epilogus.
924 514 1018 548 Mihi
1032 510 1182 560 quidem]

201 568 378 602 Clausula-

409 656 542 690 Aliud
578 663 893 700 argumentum
909 656 969 704 ⁵⁹).

300 725 388 759 Cum
406 724 538 757 Brutus
565 729 598 756 et
613 722 765 757 Plancus
784 724 938 757 Galliam
961 722 1182 768 provinciam

197 775 312 809 sortiti
331 781 461 814 essent,
488 773 641 806 Brutum
660 774 820 807 Mutinae
841 774 979 808 obsedit
993 774 1183 814 Antonius,

197 827 292 871 quod
314 826 425 858 nollet
448 824 514 858 sibi
538 825 658 857 cedere
683 824 852 858 Celticam
872 825 1046 865 Galliam,
1075 836 1182 870 quam

194 877 372 909 Antonius
396 881 469 908 arte
493 875 667 920 quadam,
700 881 740 908 ut
762 876 828 909 sibi
852 877 1068 915 traderetur,
1103 875 1184 907 efl'e-

196 933 302 961 cerat.
353 926 505 959 Plancus
526 932 643 959 autem
669 927 770 970 quasi
793 938 872 959 cum
891 926 1049 959 AntoniO
1076 926 1184 958 collu-

195 978 282 1011 dens
299 977 457 1022 quietum
472 977 662 1009 exercitum
678 977 803 1010 tenuit.
854 976 905 1009 Ea
923 989 979 1010 res
997 989 1075 1009 cum
1093 976 1183 1009 mul-

195 1028 239 1060 tis
275 1028 510 1071 suspicionem
543 1027 746 1070 praeberet,
794 1026 967 1059 Plancum
1000 1039 1020 1058 a
1060 1033 1184 1059 senatu

197 1078 454 1117 abalienatum,
481 1076 638 1109 Antonio
657 1078 776 1109 favere
793 1083 826 1109 et
842 1078 886 1110 ob
912 1077 947 1110 id
973 1077 1065 1109 male
1090 1077 1183 1120 apud

197 1140 320 1161 omnes
336 1128 478 1167 audire,
506 1125 560 1160 his
576 1126 702 1160 litteris
725 1139 760 1160 se
788 1134 947 1168 excusat,
982 1139 1044 1160 cur
1068 1139 1183 1172 neque

196 1180 239 1212 de
256 1179 438 1211 voluntate
457 1189 518 1211 sua
539 1177 676 1210 senatui
696 1177 892 1221 scripserit,
925 1190 990 1210 nec
1016 1176 1184 1211 hactenus

195 1229 263 1262 illis
279 1228 390 1261 turbis
412 1240 447 1261 se
463 1228 614 1260 voluerit
630 1227 846 1268 immiscere,
874 1229 977 1261 affert
993 1240 1114 1261 causas
1130 1228 1184 1261 sui

196 1278 408 1324 consiliiffl)‚
443 1279 539 1323 quod
564 1278 593 1311 si
618 1278 811 1321 imparatus
833 1277 948 1312 adhuc
972 1279 1184 1312 sententiam

196 1342 296 1364 suam
315 1329 528 1373 aperuisset,
557 1341 595 1360 ea
615 1340 668 1361 res
693 1341 767 1361 non
788 1328 855 1362 sibi
877 1330 1012 1367 solum,
1039 1330 1098 1361 sed
1116 1328 1184 1360 rei-

195 1380 356 1425 publicae
377 1391 518 1425 quoque
536 1379 702 1411 obfutura
726 1379 842 1413 suerit.
902 1379 1063 1412 Potuisse
1088 1379 1183 1411 enim

194 1432 412 1475 imparatum
438 1427 552 1462 adhuc
579 1430 622 1462 ab
645 1429 803 1462 Antonio
826 1430 993 1474 opprimi.
1046 1429 1183 1462 Deinde

197 1482 238 1514 de
257 1481 410 1514 exercitu
422 1507 431 1521 ‚
458 1480 642 1524 provincia
660 1486 694 1512 et
710 1480 892 1514 voluntate
917 1492 978 1515 sua
1002 1480 1090 1512 bene
1108 1480 1185 1523 pol-

196 1532 332 1566 licetur.

445 1613 579 1647 Aliud
614 1621 938 1658 argumentum.

302 1681 390 1715 Cum
414 1681 589 1714 Antonius
613 1680 657 1714 D.
680 1682 833 1715 Brutum
864 1682 1034 1726 collegam
1061 1681 1186 1715 Planci

198 1732 359 1766 Mutinae
385 1732 591 1772 obsedisset,
632 1738 666 1764 et
688 1732 840 1766 Plancus
865 1745 967 1766 suum
993 1732 1183 1765 exercitum

199 1783 358 1829 quietum
376 1783 562 1821 tenuisset,
597 1794 661 1814 nec
685 1783 861 1826 praesidio
880 1783 1001 1816 fuisset
1019 1783 1185 1826 collegae,

199 1835 294 1867 risus
312 1840 362 1866 est
378 1834 529 1866 Plancus
546 1833 647 1877 quasi
662 1845 741 1866 cum
759 1834 917 1866 Antonio
927 1834 972 1879 61)
996 1834 1184 1867 colludere.

199 1884 322 1929 Itaque
341 1884 377 1916 in
403 1884 639 1927 suspicionem
662 1884 759 1917 venit
786 1886 828 1917 de
853 1884 1067 1917 alienatione
1094 1897 1113 1917 a
1132 1896 1186 1917 re-

200 1935 339 1980 publica
358 1941 391 1967 et
407 1935 539 1967 abiecta
557 1934 738 1967 voluntate
756 1935 829 1968 eius
845 1936 1096 1969 defendendae.
1137 1935 1187 1968 Ut

201 1986 307 2029 igitur
325 1983 415 2017 hanc
431 1984 666 2028 suspicionem
685 1992 867 2018 amoveret
883 1993 916 2018 et
939 1992 1127 2020 testaretur
1150 1998 1185 2019 se

201 2035 465 2080 paratissimum
499 2047 570 2068 esse
605 2036 649 2067 ad
676 2038 972 2080 propugnandam
994 2037 1187 2081 rempubli-

203 2099 300 2126 cam,
328 2085 381 2119 his
398 2085 545 2129 publicis
566 2085 692 2118 litteris
717 2099 858 2119 causam
886 2100 968 2121 suae
994 2087 1187 2121 cunctatio-

203 2138 258 2170 nis
278 2137 409 2176 reddit,
438 2143 471 2169 et
496 2136 649 2169 ostendit
675 2148 716 2169 ex
739 2138 842 2170 certis
863 2138 994 2179 causis,
1030 2151 1091 2171 cur
1115 2138 1188 2171 istis

205 2187 315 2220 turbis
338 2199 372 2219 se
395 2184 562 2220 hactenus
584 2186 778 2220 immiscere
805 2188 970 2222 noluerit.
1040 2188 1189 2222 Orditur

207 2244 323 2270 autem
352 2249 370 2270 a
394 2237 639 2281 propositione
666 2249 730 2281 per
756 2239 1039 2283 occupationem:
1077 2239 1190 2273 Excu—

244 2370 291 2397 58)
313 2372 385 2394 llaec
401 2373 467 2394 nota
484 2370 512 2394 in
531 2370 627 2394 iisdem
645 2370 662 2394 2
681 2369 763 2394 Editt.
788 2376 847 2394 cum
873 2371 1046 2400 praecedenti
1065 2371 1092 2395 in
1110 2377 1191 2395 unam

279 2405 319 2427 sic
337 2405 479 2428 coniuncta
505 2406 560 2427 est:
594 2404 692 2435 Neque
710 2405 748 2428 ad
766 2405 927 2433 auxilium]
946 2406 1026 2428 Redit
1044 2407 1078 2429 ad
1097 2419 1123 2423 -
1142 2413 1190 2429 seu

279 2438 442 2494 congerliielm.
477 2438 643 2469 congeries:
671 2440 745 2468 Quae
762 2439 865 2462 fuerint
884 2439 946 2467 (Ed.
968 2440 1042 2464 1560.
1066 2440 1190 2468 fuerunt)

279 2482 313 2487 —
330 2477 357 2493 m
414 2478 436 2495 e.

245 2512 293 2539 59)
313 2513 369 2535 Hoc
386 2514 571 2542 argumentum
591 2516 617 2537 et
635 2513 688 2538 tria
706 2515 847 2545 sequentia
865 2516 898 2540 ab
915 2514 998 2539 Editt.
1014 2515 1105 2547 1556.,
1126 2516 1192 2540 1565

279 2558 311 2562 —
322 2546 395 2569 1596.
420 2547 585 2570 exhibentur.

246 2588 294 2615 60)
313 2588 494 2644 stiilcoilsilii]
522 2588 561 2612 sic
579 2590 660 2614 Editt.
683 2591 775 2623 1565.,
801 2592 892 2624 157¹.,
921 2593 1012 2623 1596.;
1046 2593 1095 2617 Ed.
1116 2594 1189 2619 1556.

281 2627 356 2645 cous¹
371 2628 388 2644 ιι
407 2628 456 2644 sui.

247 2663 304 2721 61¹Je
313 2663 446 2721 Aantonio]
464 2662 502 2688 sic
520 2664 601 2689 Editt.
619 2666 708 2696 1565.,
730 2667 819 2699 1571„
840 2669 931 2700 ¹596.;
968 2669 1016 2693 Ed.
1038 2669 1111 2694 1556,
1131 2669 1190 2694 col-

307 2704 323 2728 g
345 2715 350 2721 .

764 125 886 162 PHIL.
921 123 1033 161 MEL.
1068 122 1271 160 SCRIPTA
1305 123 1640 162 PfflLOLOGlCA.

2144 128 2219 164 340

1235 211 1320 245 sabo
1335 223 1391 244 me
1406 211 1652 256 negligentiae.
1699 211 1790 246 Huic
1807 211 1949 246 subiicit
1963 212 2220 254 narrationem,

1234 273 1324 307 quae
1341 273 1462 296 causas
1480 262 1635 307 exponit.
1687 262 1810 296 Prima
1827 269 1878 298 est
1891 264 1935 296 de
1953 269 2133 307 expectata
2158 276 2221 309 op-

1233 313 1452 356 portunitate
1472 313 1648 346 iuvandae
1663 314 1896 358 reipublicae;
1932 315 2084 348 secunda
2101 314 2144 347 de
2158 326 2221 358 pa-

1235 363 1356 397 randis
1381 364 1519 398 auxiliis
1530 363 1589 410 32).
1662 364 1726 398 His
1751 365 1863 398 causis
1888 365 2029 408 copiose
2055 364 2221 405 collectis,

1234 414 1354 447 multis
1372 414 1644 450 circumstantiis
1661 415 1846 460 expositis,
1871 415 2057 459 pollicetur
2075 427 2110 448 se
2126 427 2221 448 nunc

1234 464 1538 508 promptissimum
1557 477 1629 499 esse
1650 467 1695 499 ad
1715 466 1948 499 resistendum
1973 464 2133 499 hostibus
2153 465 2222 498 rei-

1234 515 1395 559 publicae
1430 522 1464 548 et
1494 515 1559 549 sibi
1589 528 1653 549 nec
1684 517 1903 550 voluntatem
1933 529 1996 550 nee
2019 516 2222 549 facultatem

1237 566 1366 599 abesse.
1418 564 1572 611 Ideoque
1591 573 1747 600 recenset
1765 573 1799 600 et
1821 574 2032 611 apparatum
2056 578 2140 601 suae
2163 579 2221 600 ex-

1236 616 1436 660 peditionis.
1498 615 1850 660 Epilogus,continet
1874 618 2054 663 obliquam
2080 617 2221 661 petitio-

1236 680 1336 707 nem,
1376 673 1415 700 ut
1446 679 1481 700 se
1512 673 1714 701 excusatum
1747 675 1781 702 et
1804 668 1983 704 adiutores
2006 668 2220 713 reipublicae

1237 719 1504 751 commendatos
1526 715 1692 753 habeant.

1479 800 1613 835 Aliud
1647 808 1975 846 argumentum.

1335 869 1488 903 Plancus
1505 882 1606 903 suum
1627 869 1817 904 exercitum
1835 871 1897 903 diu
1921 869 2080 915 quietum
2102 875 2222 903 tenue-

1236 925 1310 958 rat,
1352 932 1430 953 cum
1453 919 1630 954 Antonius
1653 920 1804 954 Brutum
1830 921 1991 954 Mutinae
2019 919 2221 954 obsedisset.

1237 970 1336 1014 Quae
1354 982 1408 1003 res
1427 971 1526 1010 fecit,
1558 977 1598 1004 ut
1621 971 1723 1004 multi
1746 971 2010 1015 suspicarentur
2033 983 2113 1004 eum
2137 970 2221 1004 alie-

1236 1032 1321 1053 num
1341 1032 1412 1054 esse
1430 1033 1449 1053 a
1467 1027 1592 1054 senatu
1609 1027 1642 1054 et
1657 1022 1834 1054 colludere
1851 1034 1929 1055 cum
1939 1021 2110 1055 Antonio.
2148 1021 2222 1055 Has

1236 1071 1451 1115 suspiciones
1469 1071 1617 1114 publicis
1633 1072 1757 1105 litteris
1766 1072 1811 1117 ⁶³)
1835 1073 2012 1112 confutat,
2039 1083 2146 1117 seque
2165 1084 2221 1104 ex-

1237 1128 1353 1161 cusat,
1379 1122 1475 1167 quod
1493 1134 1566 1154 non
1581 1122 1698 1154 statim
1716 1121 1896 1154 miscuerit
1918 1135 1953 1155 se
1978 1122 2222 1166 praesentibus

1237 1171 1366 1210 turbis;
1406 1172 1490 1204 item
1521 1184 1611 1218 quae
1643 1184 1781 1216 semper
1809 1172 1916 1206 fuerit
1943 1173 2106 1206 voluntas
2139 1184 2221 1216 erga

1237 1223 1502 1266 rempublicam.
1555 1222 1753 1255 Exordium
1777 1229 1955 1267 sumptum
1982 1229 2033 1256 est
2055 1223 2099 1255 ab
2124 1234 2223 1256 occa-

1237 1273 1334 1306 sione
1358 1273 1625 1307 scribendarum
1647 1273 1845 1306 litterarum
1869 1274 1912 1306 ad
1936 1280 2108 1306 senatum.
2162 1273 2223 1306 Se-

1237 1323 1358 1367 quitur
1391 1323 1586 1363 excusatio,
1625 1335 1734 1368 quare
1757 1323 2031 1357 dissimulaverit
2052 1321 2222 1357 hactenus

1236 1386 1270 1406 se
1286 1371 1423 1407 hostem
1447 1386 1518 1407 esse
1536 1374 1697 1407 Antonii.
1754 1373 1860 1406 Ratio
1884 1374 2034 1408 sumitur
2059 1374 2102 1407 ab
2126 1373 2222 1407 utili:

1238 1424 1329 1468 Quia
1348 1423 1581 1457 dissimulatio
1599 1424 1732 1468 profuit
1750 1424 1984 1467 reipublicae,
2012 1425 2131 1457 addita
2149 1437 2223 1457 am-

1237 1474 1511 1518 plificatiuncula
1546 1487 1564 1507 a
1597 1486 1658 1508 sua
1690 1486 1856 1518 persona.
1921 1475 2049 1508 Postea
2076 1475 2224 1519 ponitur

1238 1525 1418 1568 congeries
1459 1537 1582 1557 eorum
1600 1551 1610 1565 ‚
1665 1537 1756 1569 quae
1797 1531 1900 1557 antea
1938 1525 2079 1558 fuerant
2120 1538 2224 1570 prae-

1237 1576 1417 1620 paranda,
1463 1588 1569 1621 qnam
1605 1575 1794 1620 quicquam
1827 1575 2088 1618 aggrederetur.
2162 1576 2222 1609 Se-

1238 1626 1411 1672 quiturffl)
1443 1626 1650 1670 pollicitatio
1679 1638 1761 1659 suae
1792 1626 1985 1659 voluntatis
2016 1638 2098 1670 erga
2132 1639 2225 1660 rem-

1238 1677 1434 1721 publicam,
1464 1677 1583 1709 addita
1599 1676 1698 1708 brevi
1715 1675 1951 1719 descriptione
1975 1677 2029 1710 sui
2053 1677 2223 1711 exercitus

1238 1735 1270 1760 et
1288 1727 1504 1772 provinciae.
1559 1726 1747 1760 Conclusio
1765 1724 1869 1759 habet
1886 1727 2131 1770 repetitionem
2147 1728 2223 1772 pol-

1237 1778 1440 1811 licitationis
1457 1778 1499 1811 de
1517 1790 1577 1812 sua
1595 1778 1788 1810 voluntate.
1840 1775 1879 1809 In
1896 1778 1963 1810 fine
1980 1778 2126 1822 ponitur
2144 1779 2224 1811 bre-

1239 1829 1289 1862 vis
1304 1828 1449 1873 petitio,
1483 1835 1523 1862 ut
1544 1834 1686 1862 senatus
1711 1840 1769 1860 eos
1792 1829 2057 1861 commendatos
2081 1826 2222 1869 habeat,

1239 1880 1299 1925 qui
1313 1880 1467 1913 studium
1485 1886 1518 1912 et
1537 1891 1683 1923 operam
1706 1878 1892 1911 conserunt
1913 1879 1956 1911 ad
1981 1878 2220 1913 defensionem

1238 1930 1465 1974 reipublicae.

1484 2004 1617 2038 Aliud
1654 2009 1973 2047 argumentum.

1339 2074 1497 2119 Epistola
1515 2080 1565 2107 est
1587 2071 1816 2106 excusatoria.
1869 2072 1977 2104 Varia
2004 2071 2097 2106 enim
2121 2081 2222 2108 erant

1240 2126 1368 2159 iudicia
1391 2127 1433 2159 de
1449 2125 1600 2164 Planco,
1636 2123 1732 2168 quod
1756 2123 1876 2156 consul
1902 2123 2102 2166 designatus
2128 2136 2222 2158 rem-

1240 2177 1416 2221 publicam
1447 2186 1649 2219 suspensam
1686 2179 1832 2206 teneret.
1899 2173 2095 2207 Exordium
2129 2187 2222 2208 sum·

1241 2234 1340 2272 ptum
1367 2233 1417 2260 est
1438 2227 1481 2259 ab
1507 2223 1751 2268 occupatione:
1792 2223 1871 2257 Scio
1902 2236 1959 2258 me
1984 2224 2097 2257 videri
2120 2237 2221 2260 accu-

1242 2279 1389 2312 sandum
1406 2289 1499 2316 esse,
1526 2277 1621 2321 quod
1646 2275 1900 2319 rempublicam
1923 2281 1994 2308 tam
2016 2275 2077 2309 diu
2102 2281 2222 2310 tenue-

1242 2330 1308 2362 rim
1328 2329 1363 2361 in
1382 2340 1441 2372 spe
1457 2328 1498 2360 de
1514 2338 1592 2359 mea
1610 2326 1810 2365 voluntate,
1838 2338 1948 2371 quare
1962 2338 2018 2359 me
2038 2327 2221 2362 excusabo.

1241 2380 1435 2414 Exordium
1460 2377 1617 2422 sequitur
1643 2376 1856 2420 propositio:
1900 2377 2069 2410 Consulto
2101 2378 2220 2411 distuli

1242 2430 1532 2476 significationem
1566 2440 1665 2461 meae
1695 2427 1886 2461 voluntatis
1914 2439 1996 2472 erga
2027 2428 2218 2471 rempubli-

1275 2548 1323 2575 62)
1343 2545 1468 2574 auxiliis]
1488 2544 1536 2569 Ed.
1558 2543 1631 2568 ¹571.
1652 2545 1794 2574 corrupte:
1820 2543 1920 2567 exiliis.

1275 2591 1323 2617 63)
1344 2590 1400 2612 Has
1419 2587 1590 2616 suspiciones
1609 2587 1722 2616 publicis
1740 2587 1858 2615 litteris]
1877 2585 1918 2610 sic
1935 2585 2115 2616 Editt.1565.,
2137 2586 2220 2618 ¹571..

1312 2623 1402 2652 1596.;
1425 2622 1474 2645 Ed.
1495 2622 1568 2644 1556.
1588 2622 1644 2644 lias
1665 2621 1777 2650 publicis
1796 2620 1898 2644 litteris
1917 2619 2094 2649 suspiciones,

1275 2668 1322 2695 64)
1340 2664 1482 2694 sequitur]
1502 2663 1543 2701 sie
1559 2663 1609 2687 Ed.
1625 2663 1717 2695 1556.;
1741 2662 1928 2693 Editt.,1565.,
1947 2661 2033 2693 1571.,
2053 2662 2126 2687 1596.
2146 2663 2221 2688 Con-

1312 2699 1414 2732 geriem
1434 2699 1564 2729 sequitur.
