2351 2990
98 108 173 146 925
284 108 472 143 XXXVIII.

201 198 265 237 Qui
291 198 479 230 libertatem
500 196 608 239 pulsis
632 209 678 229 ea:
704 197 784 230 urbe
806 201 979 241 tyrannis,

254 250 296 281 Et
320 249 405 292 ques
428 250 560 291 patriae
582 249 762 281 restituere
787 261 867 282 suae
883 250 941 295 ²⁰).

98 313 209 347 Poeta
248 314 365 360 inquit
384 342 393 354 ,
449 314 528 347 ideo
563 326 622 348 eos
659 313 797 348 honore
833 316 977 350 affectos
1013 328 1098 356 esse,

99 365 182 411 quia
199 366 397 399 deleverint
414 366 512 405 illos,
540 366 602 411 qui
628 373 750 399 contra
778 367 871 411 leges
896 368 932 400 in
956 368 1097 401 civitate

97 417 390 451 dominabantur.
452 417 543 450 Nam
560 417 597 450 in
615 430 676 451 ore
696 419 862 453 omnibus
880 426 963 453 tunc
982 417 1098 452 adhuc

97 475 193 508 erat,
222 466 313 502 hanc
331 469 437 502 fuisse
458 469 632 503 libertatis
649 470 800 503 amissae
819 483 973 511 causam,
1001 471 1098 516 quod

97 521 242 565 quidam
262 520 484 554 sustulissent
500 521 744 555 accusationes
769 534 914 562 eorum,
949 522 1010 568 qui
1039 523 1098 555 de-

96 579 231 605 cretum
268 572 413 618 aliquod
461 572 630 606 adversus
672 573 765 617 leges
809 580 1097 618 composuerant.

95 622 188 657 Nam
205 623 326 657 audivi
344 624 387 656 de
407 630 508 668 patre
528 637 607 657 meo
621 651 629 664 ,
658 625 719 670 qui
745 625 832 658 vixit
856 637 970 659 annos
994 625 1098 671 quin-

96 688 164 720 que
182 681 216 708 et
231 675 448 719 nonaginta,
478 682 510 708 et
534 689 598 720 per
622 689 766 709 omnem
792 676 901 709 vitam
931 677 1097 709 omnibus

96 727 346 760 communibus
382 727 548 771 periculis
582 728 617 760 in
652 728 793 761 civitate
827 728 999 762 interfuit.
1066 726 1097 761 Is

96 778 191 811 enirn
210 791 315 822 saepe
332 777 421 811 mihi
446 791 508 823 per
536 780 648 813 otium
676 780 723 813 ita
749 780 933 813 narrabat.
996 780 1098 813 Post-

96 841 204 874 quam
225 830 371 863 libertas
390 831 552 863 restituta
574 837 641 869 est,
671 832 698 864 si
715 831 793 877 quis
819 832 1008 864 accusabat.
1035 831 1098 863 ali-

97 893 224 926 quein,
260 881 322 926 qui
345 882 526 915 decretum
556 889 679 915 contra
710 883 802 926 leges
833 888 1098 927 composuerat,

95 932 229 965 dictum
249 933 380 966 factum
393 960 401 973 ,
428 945 509 967 reus
526 934 645 967 statim
661 936 920 968 condemnatus
936 941 998 968 est.
1036 933 1099 967 Ni-

95 981 146 1016 hil
160 985 274 1028 magis
290 984 441 1029 impium
461 985 649 1020 videbatur
666 986 740 1019 cive
757 992 880 1018 contra
900 986 994 1030 leges
1014 984 1099 1019 scri-

95 1036 200 1069 bente
225 1035 361 1081 aliquid
386 1043 447 1069 aut
469 1044 606 1081 agente.
660 1037 705 1071 Et
722 1037 894 1071 iudicium
913 1037 1099 1071 exerceba-

95 1093 174 1127 tur,
202 1093 242 1120 111
256 1087 314 1120 1116
331 1088 523 1128 narrabat,
557 1102 630 1121 non
657 1090 963 1135 quemadmodum
989 1089 1097 1121 modo

95 1145 296 1177 exet-cetum
325 1140 384 1173 sed
401 1139 533 1173 iudices
549 1140 750 1175 infestiores
768 1147 870 1173 erant
886 1153 965 1181 reo,
989 1153 1097 1186 quam

96 1190 315 1230 accusatori,
343 1197 376 1224 et
392 1191 543 1224 scribam
563 1205 668 1237 saepe
683 1193 921 1231 revocabant,
950 1198 984 1225 et
1002 1192 1099 1225 iube-

95 1242 184 1275 bant
200 1242 329 1275 iterum
347 1249 454 1287 atque
472 1242 601 1276 iterum
626 1244 719 1288 leges
743 1250 776 1277 et
800 1244 982 1276 decretum
1011 1244 1099 1277 illud

97 1293 225 1337 legere.
266 1293 312 1326 Et
328 1294 618 1327 condemnabant
635 1307 726 1335 reos,
754 1294 893 1328 etiamsi
910 1307 984 1327 non
1003 1308 1099 1328 com-

96 1345 275 1379 misissent
290 1345 328 1377 in
351 1357 474 1378 omnes
492 1345 605 1390 leges,
633 1348 693 1380 sed
712 1347 767 1379 vel
791 1358 862 1379 una
886 1346 1004 1392 aliqua
1030 1346 1099 1391 syl-

96 1396 178 1429 laba
196 1396 234 1428 in
249 1396 385 1439 legibus
395 1397 549 1438 31011110.

201 1455 248 1488 Α1
264 1456 580 1500 planelridiculum
598 1464 666 1497 est,
696 1460 791 1504 quod
811 1471 906 1493 nunc
925 1460 979 1493 fit:
1019 1473 1099 1493 cum

97 1507 210 1542 scriba
230 1507 356 1540 recitat
374 1508 555 1540 decretum
576 1515 699 1542 contra
718 1511 809 1555 leges
827 1511 958 1544 factum
971 1538 980 1551 ,
1009 1512 1100 1545 iudi-

98 1572 176 1593 cum
195 1558 307 1592 animi
324 1560 619 1603 peregrinantur,
655 1567 827 1607 tanquam
853 1563 1001 1596 audiant
1026 1575 1100 1596 car—

97 1623 179 1643 men
205 1610 372 1656 aliquod,
408 1617 468 1643 aut
492 1611 648 1644 fabulam
673 1611 763 1646 nihil
791 1615 834 1647 ad
858 1626 893 1647 se
919 1615 1100 1658 pertinen-

96 1668 180 1696 tem,
245 1661 321 1695 Iam
355 1662 460 1695 etiam
483 1661 737 1699 Demosthenis
764 1665 913 1698 artificio
940 1667 1101 1711 turpissi-

94 1727 175 1747 mus
192 1726 269 1747 mos
284 1714 322 1747 in
339 1714 470 1747 iudicia
489 1714 648 1748 invectus
665 1723 726 1750 est.
768 1717 859 1751 Nam
880 1719 1099 1752 consuetudo

96 1765 313 1800 iudiciorum
331 1771 404 1798 tota
422 1778 589 1810 perversa
609 1774 678 1807 est,
708 1780 788 1802 reus
805 1776 965 1810 accusat,
1001 1777 1101 1803 actor

98 1818 309 1862 respondet;
334 1817 468 1850 interea
494 1817 625 1851 iudices
653 1820 754 1852 obliti
779 1832 924 1859 causae,
960 1822 1002 1854 de
1030 1835 1099 1867 qua

97 1868 335 1914 pronuntiare
361 1869 557 1909 debebant,
596 1878 772 1913 coguntur
799 1872 877 1906 aliis
909 1873 950 1905 (16
983 1875 1100 1914 rebus,

99 1921 228 1967 quibus
262 1932 337 1953 non
369 1927 453 1954 sunt
486 1922 558 1953 dati
596 1921 748 1963 iudices,
791 1924 965 1958 calculum
995 1926 1099 1960 serre.

97 1972 213 2012 Reus,
242 1972 431 2017 siquando
450 1979 569 2006 tamen
588 1985 663 2006 rem
683 1975 820 2019 attigit,
855 1988 931 2009 non
954 1977 1040 2010 dicit
1065 1991 1099 2011 se

97 2024 195 2057 iuxta
214 2023 306 2067 leges
325 2024 524 2068 scripsisse,
551 2026 611 2058 sed
636 2028 731 2070 quod
757 2033 859 2060 antea
888 2028 966 2062 aliis
992 2030 1098 2062 etiam

96 2076 244 2120 impune
266 2075 373 2108 fuerit
391 2082 513 2109 contra
533 2076 626 2120 leges
643 2079 808 2112 scribere.
870 2079 922 2112 Ea
949 2093 1019 2114 una
1041 2082 1100 2115 de-

97 2127 258 2161 fensione
279 2127 386 2160 audio
405 2128 474 2160 iam
498 2129 674 2162 confidere
694 2129 976 2175 Ctesiphontem.

172 2187 405 2221 Gloriabatur
424 2188 865 2235 aliquandoAristophon,
883 2193 978 2237 quod
997 2194 1100 2239 quin-

99 2239 197 2285 quies
215 2245 248 2272 et
265 2239 464 2283 septuagies
482 2247 627 2275 vocatus
644 2241 681 2274 in
706 2242 759 2276 1115
784 2250 932 2287 propter
958 2246 1098 2279 decreta

99 2298 222 2324 contra
242 2291 336 2334 leges
354 2291 463 2329 sacta,
492 2293 659 2331 evaserim
692 2306 815 2327 verum
836 2294 1012 2340 Cephalus
1030 2297 1100 2339 1116,

100 2343 161 2388 qui
179 2343 281 2375 valde
300 2343 484 2386 popularis
503 2340 644 2378 habitus
663 2352 731 2386 est,
765 2347 869 2390 longe
900 2348 1002 2381 aliter
1026 2350 1100 2392 glo-

98 2395 279 2433 riabatur,
313 2406 499 2440 nunquam
518 2407 553 2428 se
572 2404 736 2430 vocatum
757 2411 829 2432 esse
845 2399 882 2431 in
902 2399 974 2440 ius,
1011 2407 1100 2434 tam-

100 2446 164 2479 etsi
188 2446 292 2490 plura
324 2446 462 2479 decreta
489 2449 745 2492 composuisset
772 2462 879 2496 quam
909 2452 1098 2497 quisquam

100 2498 201 2531 alius.
262 2498 379 2543 Atque
404 2495 461 2530 1116
484 2499 612 2533 merito
638 2501 810 2544 gloriatus
840 2509 908 2541 est;
943 2516 1027 2536 nam
1056 2518 1097 2538 eo

100 2555 260 2594 tempore
277 2562 351 2582 non
368 2556 507 2583 tantum
529 2551 601 2591 illi,
630 2552 691 2598 qui
718 2553 754 2586 in
780 2555 961 2599 republica
982 2569 1099 2590 versa-

135 2670 184 2697 20)
205 2669 238 2692 ui
259 2675 357 2692 versus
377 2672 486 2693 exstant
502 2670 582 2694 etiam
597 2670 623 2694 in
634 2672 697 2697 Mel.
712 2672 872 2702 Opp.Basil.
894 2675 921 2698 T.
934 2675 967 2699 V.
988 2682 1012 2704 p.
1028 2675 1098 2702 334.,

172 2704 285 2734 eiusque
306 2705 471 2735 Epigramni.
491 2705 531 2729 ed.
553 2706 680 2730 Vincent.
701 2708 748 2731 sol.
769 2708 789 2731 P
803 2709 838 2732 2³
859 2711 885 2732 et
906 2710 931 2732 in
952 2710 1002 2733 hoc
1016 2710 1098 2741 Corp.

167 2739 227 2762 Ref.
248 2738 283 2763 X.
304 2746 329 2768 1».
347 2739 407 2763 661.

526 108 751 144 INTERPR.
780 109 1043 145 ORATIONIS
1069 111 1315 146 AESCHINIS
1345 112 1544 146 CONTRA
1573 113 1961 150 CTESIPHONTEM.

2075 116 2149 152 926

1150 199 1300 238 bantur,
1346 205 1471 231 mutuo
1495 211 1530 233 56
1554 200 1786 239 accusabant,
1827 203 1888 234 sed
1913 202 2018 234 etiam
2045 201 2151 234 amici

1153 250 1307 289 amicos,
1337 250 1366 283 si
1388 251 1471 295 quid
1492 257 1613 283 contra
1634 252 1893 296 rempublicam
1912 253 2087 287 fecissent.

1254 300 1367 334 Huius
1382 302 1434 334 rei
1452 303 1650 346 exemplum
1672 310 1777 337 extat.
1839 303 2017 338 Arrhinus
2036 303 2153 337 Thra-

1151 352 1316 396 sybulum
1335 354 1512 386 accusavit
1529 361 1676 398 propter
1694 366 1866 388 coronam
1882 356 2061 388 decretam
2081 355 2153 388 cui-

1152 405 1254 443 dam,
1284 404 1346 448 qui
1364 405 1479 437 suerat
1496 405 1611 439 socius
1635 406 1671 438 in
1694 407 1898 439 reducendo
1930 408 2083 451 populo;
2119 413 2153 439 et

1151 455 1337 488 succubuit
1354 453 1619 501 Thrasybulus,
1654 470 1733 491 cum
1761 458 1904 503 quidem
1932 471 2054 492 recens
2080 470 2153 490 me-

1152 507 1266 538 moria
1291 507 1452 539 beneficii
1479 508 1588 551 ipsius
1616 516 1716 543 esset.
1777 509 1845 542 Sed
1871 522 1945 542 non
1972 511 2154 543 condona-

1151 558 1238 591 bant
1263 558 1396 591 iudices
1421 559 1569 604 reliquis
1595 561 1731 594 meritis
1758 568 1953 605 peccatum.
2024 560 2153 594 Existi-

1152 609 1299 641 mabant
1316 609 1431 649 enim,
1460 612 1556 654 quod
1573 611 1662 644 sicut
1686 612 1895 646 reddidisset
1920 614 1968 646 eis
1998 612 2152 657 patriam

1152 658 1419 705 Thrasybulus,
1469 662 1516 693 ita
1554 670 1736 706 oporteret
1773 664 1979 697 retinendae.
2017 663 2154 708 patriae

1152 724 1255 745 causa
1275 712 1401 745 eiicere
1419 712 1517 744 illum
1539 715 1626 746 urbe
1641 741 1649 754 ,
1680 715 1891 748 scribentem
1916 716 2051 761 aliquid
2072 727 2155 748 con-

1152 771 1206 796 tra
1238 764 1343 807 leges.
1415 764 1517 798 Nunc
1547 777 1621 797 uon
1655 766 1792 809 agimus
1824 765 1891 799 hoc
1925 768 2051 807 modo,
2093 767 2152 800 sed

1153 815 1302 848 omnino
1327 815 1547 848 contrarium
1575 817 1624 849 fit.
1686 818 1776 851 Nam
1806 818 1862 851 isti
1889 819 2022 852 strenui
2049 820 2154 851 duces

1152 866 1281 906 vestri,
1310 867 1438 912 quibus
1456 868 1619 900 nonnulli
1640 869 1822 912 publicum
1841 870 1878 902 111
1899 870 1994 903 curia
2021 870 2153 902 victum

1153 918 1269 952 solent
1287 919 1495 958 decernere,
1525 920 1763 963 deprecantur
1782 933 1847 965 pro
1867 922 1954 955 reis:
1992 920 2057 955 1105
2081 933 2155 954 me-

1152 970 1221 1002 rito
1241 969 1376 1004 debetis
1398 970 1554 1004 iudicare
1581 971 1740 1015 ingratos
1765 984 1850 1006 esse.
1910 973 2002 1007 Nam
2030 973 2092 1018 qui
2118 972 2155 1004 in

1152 1021 1262 1054 libera
1280 1022 1423 1054 civitate
1441 1020 1579 1055 honore
1598 1024 1764 1063 affectus,
1799 1025 1906 1057 audet
1934 1038 2037 1069 opem
2061 1025 2154 1057 serre

1153 1073 1240 1112 illis,
1284 1073 1346 1118 qui
1373 1080 1496 1106 contra
1522 1075 1615 1118 leges
1641 1075 1777 1120 aliquid
1804 1077 2043 1120 scripserunt,
2085 1074 2156 1115 hic,

1153 1137 1232 1158 cum
1250 1124 1450 1157 libertatem
1469 1124 1527 1157 Dii
1547 1132 1580 1158 et
1595 1126 1687 1170 leges
1708 1127 1921 1167 defendant,
1948 1135 2080 1162 statum
2108 1127 2156 1159 ci·

1153 1175 1290 1215 vitatis,
1333 1176 1431 1209 cuius
1458 1177 1630 1210 beneficio
1655 1177 1832 1211 honorem
1858 1186 2066 1213 consecutus
2092 1184 2155 1218 est,

1153 1228 1354 1261 labefactat.
1417 1228 1497 1272 Qua
1514 1228 1622 1272 igitur
1640 1230 1846 1263 defensione
1867 1232 1919 1264 uti
1939 1231 2042 1264 liceat
2057 1231 2154 1263 bono

1154 1279 1221 1311 civi
1248 1285 1282 1311 et
1307 1281 1482 1312 advocato
1508 1281 1691 1321 modesto,
1733 1293 1797 1325 ego
1823 1283 1951 1316 dicam.
2019 1282 2059 1315 ln
2084 1289 2155 1315 tres

1154 1336 1272 1374 partes
1289 1330 1516 1364 distribuitur
1538 1332 1634 1372 dies,
1670 1345 1749 1365 cum
1776 1341 1959 1368 exercetur
1984 1334 2155 1368 iudicium

1153 1383 1196 1414 de
1212 1382 1355 1414 decreto
1376 1389 1498 1415 contra
1517 1384 1610 1427 leges
1626 1384 1772 1428 scripto,
1834 1386 1955 1419 Prima
1982 1398 2075 1431 aqua
2102 1385 2157 1417 in-

1153 1432 1316 1466 funditur
1342 1433 1454 1466 actori
1478 1440 1512 1467 et
1540 1435 1676 1479 legibus
1711 1448 1751 1468 ac
1784 1437 1958 1477 libertati;
2001 1438 2155 1472 secunda

1155 1497 1246 1529 aqua
1266 1496 1327 1517 reo
1346 1483 1469 1525 ethis,
1499 1487 1560 1531 qui
1578 1487 1628 1519 illi
1646 1488 1931 1531 patrocinantur.
1987 1490 2076 1523 Cum
2095 1501 2157 1522 au-

1154 1542 1225 1568 tem
1246 1536 1372 1580 primis
1389 1538 1573 1572 sententiis
1591 1551 1672 1572 reus
1695 1551 1769 1571 non
1795 1542 2012 1581 absolvitur,
2051 1540 2155 1574 tertia

1154 1599 1246 1632 aqua
1266 1587 1468 1621 infunditur
1485 1590 1529 1622 ad
1548 1591 1809 1624 decernendam
1829 1605 1982 1636 poenam
2005 1605 2071 1637 pro
2097 1593 2156 1624 de-

1154 1638 1228 1671 licti
1263 1639 1521 1683 magnitudine.
1597 1642 1769 1687 Quisquis
1801 1645 1909 1688 igitur
1944 1646 2157 1689 deprecatur

1154 1702 1332 1735 poenam,
1359 1691 1388 1724 is
1414 1693 1531 1725 studet
1556 1692 1646 1725 iram
1672 1700 1826 1728 vestram
1852 1696 2029 1741 mitigare.
2083 1694 2157 1740 Qui

1154 1743 1190 1775 in
1208 1742 1334 1786 primis
1353 1743 1536 1777 sententiis
1556 1756 1622 1788 pro
1639 1757 1701 1777 reo
1717 1747 1949 1789 deprecatur,
1978 1747 2157 1781 iusiuran-

1154 1795 1259 1833 dum,
1287 1794 1401 1838 leges,
1429 1795 1630 1828 libertatem
1646 1796 1796 1840 negligi,
1821 1805 1854 1831 et
1871 1799 1937 1832 sibi
1957 1797 2156 1832 condonari

1154 1845 1253 1889 petit.
1308 1846 1385 1878 Hoc
1402 1859 1516 1892 neque
1534 1853 1654 1891 petere
1678 1848 1774 1881 bono
1799 1850 1896 1890 viro,
1931 1863 2047 1896 neque
2073 1861 2157 1883 con-

1155 1898 1297 1937 cedere,
1341 1897 1369 1931 si
1395 1904 1510 1942 petat,
1552 1900 1730 1933 convenit.
1794 1901 1915 1946 Quare
1941 1903 2058 1936 iubete
2083 1914 2156 1941 eos,

1154 1956 1193 1983 ut
1210 1949 1409 1983 sinantvos
1431 1950 1564 1994 primas
1587 1952 1781 1985 sententias
1806 1953 1903 1986 iuxta
1927 1955 2019 1998 leges
2044 1955 2156 1991 serre3

1155 2008 1277 2045 postea
1295 2007 1444 2034 utantur
1461 2003 1713 2046 deprecatione
1738 2016 1888 2047 poenae.
1947 2008 1997 2038 Ac
2026 2017 2155 2050 prope-

1154 2054 1300 2086 modum
1327 2051 1416 2085 1111111
1444 2053 1584 2087 videtur
1606 2067 1698 2087 nova
1733 2056 1809 2100 lege
1841 2059 2038 2091 cavendum
2069 2069 2156 2098 esse,

1154 2117 1197 2137 116
1218 2104 1254 2137 111
1275 2105 1404 2138 talibus
1421 2104 1560 2138 iudiciis
1578 2106 1682 2138 liceat
1706 2107 1761 2139 vel
1789 2109 1901 2141 actori
1929 2110 1982 2141 vel
2007 2122 2069 2142 reo
2095 2110 2156 2141 ad-

1154 2163 1299 2190 vocatos
1316 2154 1498 2191 adhibere.
1552 2157 1635 2191 Non
1658 2158 1753 2190 enim
1779 2160 1954 2193 incertum
1973 2167 2034 2194 aut
2056 2161 2156 2204 igno-

1154 2214 1228 2242 tum
1249 2208 1302 2242 ius
1318 2215 1388 2249 est,
1416 2211 1475 2242 sed
1495 2209 1712 2253 descriptum
1733 2211 1837 2245 certis
1860 2212 1996 2255 legibus
2019 2212 2155 2246 vestris.

1154 2260 1251 2293 Sicut
1269 2260 1363 2293 enim
1381 2260 1418 2293 in
1438 2261 1647 2294 fabricando
1673 2263 1833 2306 regulam
1856 2262 2048 2303 habemus,
2084 2276 2156 2308 qua

1154 2312 1310 2353 utimur,
1354 2325 1433 2345 cum
1468 2313 1633 2347 volumus
1660 2326 1896 2357 cognoscere,
1940 2328 1986 2348 an
2018 2314 2155 2360 aliquid

1153 2370 1288 2397 rectum
1307 2364 1351 2397 sit
1368 2376 1433 2397 nec
1450 2377 1511 2397 ne:
1541 2365 1588 2397 ita
1606 2366 1766 2409 regulam
1787 2366 1869 2400 iusti
1891 2373 1925 2400 et
1946 2366 2069 2400 iniusti
2092 2365 2156 2400 ha-

1153 2416 1277 2449 bemus
1294 2416 1331 2448 in
1348 2413 1404 2450 his
1419 2416 1558 2450 iudiciis
1581 2415 1674 2449 hanc
1698 2418 1855 2451 tabulam
1869 2445 1878 2459 ,
1914 2425 1948 2452 et
1972 2419 2155 2452 decretum

1155 2474 1188 2500 61
1204 2468 1400 2513 adscriptas
1419 2468 1524 2513 leges.
1576 2469 1672 2502 Haec
1691 2482 1770 2502 cum
1790 2471 1987 2504 ostenderis
2007 2471 2100 2503 inter
2119 2483 2155 2505 56

1154 2520 1373 2560 consentire,
1401 2521 1585 2555 descende.
1639 2521 1736 2566 Quid
1761 2534 1850 2566 opus
1875 2529 1926 2556 est
1941 2521 2156 2556 Demosthe—

1153 2584 1235 2604 nem
1255 2570 1424 2605 adhibere
1437 2572 1452 2605 ¹2'
1507 2573 1613 2617 Quod
1632 2573 1660 2606 si
1676 2573 1804 2607 omissa
1825 2573 1915 2608 iusta
1934 2575 2075 2607 ratione
2095 2575 2154 2608 de-

1152 2624 1323 2658 fensionis
1353 2623 1560 2658 adhibueris
1592 2625 1799 2669 improbum
1830 2623 2015 2659 hominem
2053 2630 2086 2657 et
2118 2627 2155 2660 in

1153 2676 1303 2710 dicendo
1324 2676 1510 2717 callidum,
1540 2677 1726 2711 conaberis
1741 2690 1807 2712 nos
1825 2678 2007 2722 decipere,
2041 2681 2074 2710 et
2084 2678 2156 2712 Iae-

1154 2729 1213 2763 des
1237 2728 1495 2773 rempublicam
1509 2755 1518 2771 ,
1554 2735 1587 2762 et
1608 2729 1795 2764 labefacies
1816 2729 2030 2765 libertatem.
2085 2729 2154 2764 Sed
