2351 2990
224 127 296 163 859

223 214 398 247 lainitates
419 211 472 244 Ιιίι·
493 209 631 244 bonore
651 211 760 247 affici,
789 223 852 243 nec
873 211 949 242 ficta
971 222 1056 242 voce
1076 210 1210 242 lamen-

224 265 310 301 tari,
341 265 399 297 sed
426 276 509 296 xero
534 263 656 296 dolore
681 261 873 294 excruciari
899 267 1078 294 oratorem
1105 272 1211 305 opor-

222 323 307 349 tere.
363 314 436 347 Hoc
454 315 560 347 modo
587 325 665 346 cum
691 313 820 344 scirent
843 324 916 345 sese
941 312 1050 352 affici,
1085 318 1118 345 et
1142 324 1210 352 me,

220 380 293 400 non
321 379 401 405 xus,
436 378 500 409 ego
524 365 641 409 potius
664 363 792 396 electus
815 375 905 396 511111.
973 363 1046 397 Nec
1071 369 1209 396 tantum

221 418 344 463 populi
361 417 440 450 talis
460 417 622 448 voluutas
639 414 723 453 suit,
751 414 810 447 sed
829 414 935 447 etiam
955 420 1072 458 patres
1093 420 1126 447 01
1141 414 1210 447 sra-

220 477 289 502 tres
321 469 607 505 interfectorum,
649 465 708 510 qui
743 466 786 497 ad
820 465 954 499 funeris
989 465 1209 498 curationem

220 520 318 554 electi
346 521 505 557 fueraut,
533 517 580 550 sic
604 522 802 550 senserunt.
864 516 934 561 Qui
958 528 1037 549 011111
1062 528 1208 549 coenam

219 572 431 616 praeberent
456 569 549 613 apud
574 567 726 600 maxime
750 567 986 601 necessarium
1010 567 1211 600 interfecto-

220 635 298 655 rum
313 649 320 656 ,
348 621 441 664 apud
463 632 518 652 me
539 620 789 663 praebuerunt.
843 619 980 652 Genere,
1005 619 1099 651 enim
1121 618 1210 652 alius

219 673 296 706 aliis
321 672 470 716 propior
501 678 596 710 erat,
633 672 692 703 sed
726 669 865 714 publice
896 670 1070 704 universis
1100 682 1208 703 nemo

218 723 368 768 propior
385 728 459 755 erat
474 734 580 767 qucun
602 733 678 764 eg0.
740 720 805 754 Cui
830 721 923 753 enim
949 721 1102 754 maxime
1127 733 1209 765 pro-

218 775 338 808 fuisset
358 774 436 807 illos
452 773 556 806 fuisse
573 772 724 806 xictores
744 778 777 805 et
799 773 935 811 salvos,
971 772 999 806 is
1022 784 1063 805 ex
1085 784 1207 805 eorum

218 826 383 865 interitu,
427 824 487 869 qui
517 823 653 856 utinam
679 836 753 856 non
778 823 980 863 accidisset,
1012 823 1207 856 maximum

218 878 380 910 dolorem
403 875 552 919 accepit;
582 887 621 907 ac
638 875 745 907 recita
764 874 1004 918 epigramma,
1036 875 1133 919 quod
1151 886 1208 907 eo-

218 941 297 962 rum
314 932 548 960 momumento
568 925 777 970 inscriptum
797 932 867 965 est,
894 932 933 958 ut
950 938 990 958 ex
1006 925 1082 970 ipso
1101 937 1209 969 agno-

218 993 291 1014 scas
309 986 341 1012 te
362 979 540 1021 ingratum
557 983 590 1010 et
609 977 906 1010 calumniatorem
923 988 1007 1011 esse.
1047 977 1184 1011 Recita.

543 1093 886 1135 Epiyramma.

217 1175 309 1206 liaec
334 1174 545 1203 monumenta
569 1174 683 1211 ieynnt
709 1169 813 1207 cives,
849 1170 906 1213 que·
925 1168 1062 1211 sortiter
1086 1183 1184 1205 arma

270 1225 337 1255 Pro
361 1222 487 1263 patriis
511 1221 603 1259 aris,
638 1231 761 1263 proque
784 1220 888 1252 {edere
906 1218 1003 1262 fitcis.

218 1277 289 1308 Nec
313 1284 437 1305 cessere
461 1276 564 1310 metu,
601 1282 660 1303 nec
686 1272 787 1302 vitum
810 1272 965 1303 mnium-e
989 1278 1123 1312 cummi,

272 1327 350 1359 Cum
373 1325 505 1365 patriae
527 1322 696 1354 auxilinm
719 1327 852 1362 pectora
873 1320 943 1363 fida
961 1320 1090 1364 ferunt,

220 1379 261 1410 Et
285 1386 398 1408 saeros
424 1375 611 1417 reprimunt
635 1373 762 1411 hostes,
797 1385 856 1405 nec
876 1384 982 1414 vreyna
1004 1375 1146 1416 superba

272 1429 445 1459 lissei-nae
464 1426 577 1468 yemis
600 1425 743 1457 Graecia
763 1435 859 1456 sert-a
878 1422 982 1465 ferai.

219 1479 287 1512 Sed
310 1481 481 1521 postquam
510 1477 585 1508 1·ἱοἰί
608 1475 688 1507 duri
707 1485 781 1506 sors
805 1485 925 1515 aspera
945 1472 1026 1515 sati,

270 1531 422 1570 Ipsorum
442 1528 576 1569 patriae
601 1537 690 1557 tenne
712 1529 799 1557 tenet
824 1536 897 1557 ossa
921 1525 1029 1556 sinus.

218 1581 294 1612 Non
316 1578 415 1620 falli,
451 1581 585 1609 eventus
607 1581 637 1608 et
661 1587 790 1617 semper
812 1575 933 1607 luthere
955 1574 1125 1613 secundos,

270 1631 417 1663 Divinae
441 1633 570 1660 tantum
595 1629 698 1659 soriis
723 1628 757 1658 id
779 1638 850 1658 esse
870 1627 970 1658 scius.

218 1681 323 1715 Nulla
343 1683 447 1721 potest
475 1680 580 1711 vitare
604 1679 772 1711 hominum
796 1678 964 1719 supientia
985 1675 1108 1719 ficium,

270 1732 403 1765 Multus
427 1734 456 1762 e!
481 1730 639 1762 Immanis
662 1729 826 1761 mentibus
848 1738 947 1760 error
971 1729 1067 1760 inest.

220 1784 385 1815 Fortunae
408 1781 532 1812 vicibus
556 1785 680 1813 ›eaiztru
703 1779 850 1811 obnoxia
873 1783 988 1811 nostra
1010 1783 1069 1816 est,

272 1835 342 1866 Nec
365 1834 470 1864 vitm-e
490 1832 640 1863 homines
664 1832 779 1863 iris-tia
799 1829 874 1872 faia
899 1833 1032 1874 queunt.

321 1898 432 1931 Audis
448 1894 620 1931 Aeschine
639 1896 676 1928 in
694 1893 761 1928 hac
784 1895 860 1939 ipsa
882 1894 1113 1939 inscriptione
1137 1906 1211 1927 non

219 1951 327 1985 tribui
361 1956 526 1982 mentum
559 1947 713 1987 oratori,
757 1948 817 1980 sed
842 1945 944 1979 Deo?
1004 1946 1076 1980 Cur
1103 1946 1212 1990 igitur

220 2015 297 2036 eum
316 1999 405 2034 1111111
422 2000 627 2044 exprobras,
643 1996 752 2031 1101110
771 1998 978 2037 execrando,
1006 2003 1039 2030 et
1056 1997 1142 2030 dicis
1158 2009 1212 2037 ea,

219 2066 309 2099 quae
335 2053 371 2084 in
401 2058 502 2084 tuum
529 2057 561 2083 et
582 2056 727 2083 tuorum
752 2049 866 2093 capita
884 2048 980 2082 Deus
1003 2048 1211 2081 convertat?

220 2105 309 2138 Cum
331 2110 448 2136 autem
469 2108 503 2135 et
529 2101 598 2134 alia
621 2101 733 2134 multa
758 2098 847 2133 mihi
872 2099 1021 2132 crimina
1044 2100 1212 2133 obiecerit

219 2156 444 2200 impudenter
460 2153 655 2192 mentiens,
690 2150 757 2185 boc
775 2150 927 2184 maxime
948 2151 1096 2185 miratus
1121 2164 1212 2191 sum,

220 2208 317 2253 quod
332 2207 369 2238 in
388 2204 595 2239 narratione
611 2203 719 2237 cladis
739 2202 896 2247 patriae,
921 2214 966 2235 ne
985 2201 1211 2246 significatio-

218 2271 302 2291 nem
335 2257 479 2302 quidem
507 2255 674 2288 benevoli
705 2260 739 2287 et
767 2253 850 2288 iusti
874 2253 958 2287 civis
983 2253 1137 2287 ostendit
1157 2254 1212 2287 vel

219 2309 385 2353 lacrymis
402 2308 457 2340 vel
482 2307 634 2351 gemitu,
668 2306 730 2340 sed
750 2305 893 2339 sublimi
918 2316 1002 2337 voce
1027 2305 1153 2339 alacris
1179 2311 1213 2338 et

219 2360 354 2399 laetus,
381 2359 554 2398 iubilans,
586 2370 666 2391 cum
693 2357 837 2403 quidem
862 2362 1004 2401 putaret
1027 2368 1063 2390 se
1088 2362 1212 2390 contra

220 2423 276 2443 1110
310 2410 443 2450 dicere,
485 2422 520 2444 se
550 2410 666 2453 ipsum
697 2408 862 2453 patefecit
888 2408 1076 2441 ostendens
1107 2420 1142 2441 se
1174 2408 1214 2440 in

223 2461 422 2494 calamitate
458 2461 593 2505 patriae
626 2472 701 2493 non
737 2460 829 2493 affici
861 2458 1044 2492 communi
1076 2459 1212 2493 dolore.

223 2511 393 2557 Quisquis
428 2518 544 2545 autem
582 2511 667 2544 dicit
696 2524 731 2545 se
761 2512 854 2556 leges
888 2517 922 2543 et
956 2510 1212 2554 rempublicam

222 2563 335 2602 tueri,
370 2568 409 2595 ut
426 2562 488 2595 iste
507 2574 601 2595 nunc
619 2563 775 2603 iactitat,
810 2563 841 2596 si
863 2559 953 2594 nihil
975 2561 1091 2602 aliud,
1118 2559 1213 2594 110110

222 2621 315 2648 certe
333 2613 491 2646 animum
509 2611 638 2646 habere
655 2615 777 2654 debet,
812 2613 936 2647 iisdem
956 2613 1060 2646 rebus
1086 2618 1125 2645 ut
1149 2613 1212 2645 do-

220 2666 292 2698 leat
309 2671 343 2698 et
358 2665 526 2704 laetetur,
554 2664 680 2710 quibus
700 2665 821 2698 dolent
838 2671 871 2698 et
885 2665 1064 2697 laetantur
1083 2665 1213 2697 caeteri

222 2716 334 2756 cives,
361 2728 425 2749 nec
440 2721 625 2760 praetextu
649 2716 861 2760 reipublicae
885 2728 952 2760 pro
974 2713 1136 2749 hostibus
1160 2715 1213 2749 di-

797 124 917 159 PHlL.
953 123 1064 159 MEL.
1105 121 1306 158 SCRIPTA
1340 121 1674 157 PfflLoLOGICA.

2180 124 2254 160 860

1264 219 1359 247 cere,
1386 213 1426 240 ut
1442 214 1479 241 tu
1497 220 1591 242 110110
1608 208 1712 248 sacis,
1740 208 1801 253 qui
1822 208 1908 242 dicis
1934 219 1989 241 me
2015 220 2155 242 eausam
2179 221 2251 243 esse

1263 256 1392 291 borum
1424 259 1604 299 omnium,
1648 265 1681 292 et
1704 271 1759 292 me
1781 271 1925 293 suasore
1949 267 2046 293 mota
2070 272 2142 294 esse
2165 257 2252 294 haec

1263 309 1425 353 negotia,
1463 322 1541 343 00111
1567 317 1686 343 tamen
1709 311 1820 343 multo
1845 317 1947 351 ante,
1987 323 2094 356 quam
2120 323 2183 355 ego
2207 312 2253 345 ad

1263 361 1519 404 rempublicam
1550 361 1697 401 accessi,
1730 362 1902 395 Graeciae.
1934 362 2134 395 libertatem
2166 359 2252 396 hacc

1264 411 1387 445 civitas
1404 412 1590 445 defendere
1609 413 1776 457 coeperit.
1838 414 1889 446 Ac
1912 413 1939 447 si
1956 411 2025 446 1100
2041 413 2146 446 decus
2163 411 2253 446 mihi

1264 462 1480 496 tribueretur
1498 475 1562 507 per
1576 476 1632 496 me
1651 464 1782 497 sactum
1799 476 1891 505 esse,
1919 471 1958 497 111
1973 476 2036 497 vos
2054 475 2253 508 opponere-

1264 513 1306 546 tis
1325 513 1384 553 iis,
1416 514 1477 558 qui
1494 514 1682 547 Graeciam
1697 514 1734 546 in
1749 515 1952 548 servitutem
1969 515 2087 548 conati
2099 521 2184 549 sunt
2198 527 2254 548 re-

1264 564 1401 607 digere,
1426 577 1555 599 munus
1573 564 1704 598 daretis
1728 563 1818 598 mihi
1841 566 1945 610 longe
1970 566 2084 599 maius
2107 566 2253 600 caeteris

1264 615 1450 655 omnibus,
1485 628 1576 661 quae
1602 615 1772 649 tribuistis
1795 614 1974 651 hactenus.
2035 617 2104 650 Sed
2119 628 2254 663 nequa-

1264 678 1372 711 quam
1391 664 1457 699 1100
1475 667 1518 699 (10
1534 679 1589 699 1110
1606 667 1785 710 praedico.
1837 667 1910 701 Vos
1929 667 2024 700 enim
2046 668 2179 701 iniuria
2203 668 2254 701 af-

1263 718 1421 757 ficerem,
1449 730 1514 750 1100
1530 730 1592 751 vos
1610 717 1865 758 concederetis,
1893 724 1927 751 et
1940 718 2016 758 iste,
2043 719 2073 752 si
2087 719 2254 753 voluntas

1263 768 1337 802 eius
1356 769 1446 802 iusta
1472 775 1578 808 esset,
1615 780 1689 801 non
1715 775 1862 813 propter
1888 781 2005 801 meam
2029 769 2255 803 inimicitiam

1263 819 1363 853 vobis
1375 819 1571 853 maximum
1583 820 1686 853 decus
1698 820 1914 854 calumniose
1927 819 2089 865 eriperet.
2115 820 2183 854 Sed
2194 832 2256 854 cur

1262 868 1331 903 hoc
1348 869 1570 915 reprehendo
1583 897 1592 911 ,
1626 883 1704 903 cum
1723 871 1791 903 alia
1809 871 1993 904 mendacia
2008 871 2257 905 manifestiora

1263 921 1415 955 dixerit?
1458 922 1579 967 Quum
1597 921 1691 955 dicat
1707 935 1764 955 1110
1781 923 1959 956 collusisse
1981 934 2060 956 cum
2082 920 2256 964 hostibus,

1262 972 1342 1005 talis
1360 973 1447 1018 quid
1462 973 1576 1006 dicere
1591 985 1666 1006 non
1683 972 1799 1007 ausit?
1848 973 1900 1006 Ac
1917 973 1947 1007 si
1964 973 2042 1019 quis
2063 974 2158 1007 volet
2180 974 2256 1008 sine

1262 1024 1459 1058 mendaciis
1471 1024 1589 1058 etsiue
1601 1024 1691 1058 odiis
1700 1036 1782 1057 vere
1793 1025 2031 1065 considerare,
2048 1025 2111 1070 qui
2124 1037 2163 1058 re
2177 1025 2255 1069 ipsa

1262 1075 1334 1108 sint
1360 1081 1503 1109 autores
1528 1073 1658 1108 harum
1681 1075 1944 1116 calamitatum,
1975 1075 2135 1109 inveniet
2148 1073 2254 1110 huius

1262 1126 1394 1160 similes
1417 1126 1455 1158 in
1481 1126 1628 1171 singulis
1645 1126 1792 1160 urbibus
1807 1126 1912 1160 fuisse
1931 1138 2006 1159 non
2023 1127 2095 1160 mei
2110 1127 2255 1168 similes,

1263 1177 1343 1222 qui,
1372 1190 1481 1223 quum
1499 1190 1554 1211 res
1571 1175 1731 1222 Philippi
1748 1175 1863 1210 adhuc
1881 1177 2025 1221 exiguae
2044 1184 2078 1211 et
2092 1178 2255 1211 infirmae

1263 1234 1378 1262 essent
1388 1241 1492 1272 saepe
1503 1228 1606 1262 nobis
1615 1228 1900 1273 praedicentibus
1917 1235 1951 1261 et
1962 1228 2096 1272 optima
2105 1241 2256 1262 monen-

1262 1279 1375 1319 tibus,
1402 1279 1606 1323 turpissima
1628 1279 1789 1323 corrupti
1807 1280 1968 1312 mercede
1985 1279 2165 1323 publicam
2187 1279 2257 1314 uti-

1262 1330 1398 1362 litatem
1416 1330 1662 1373 proiecerunt,
1690 1330 1761 1363 suis
1780 1329 1932 1371 civibus,
1961 1342 2050 1376 quos
2075 1327 2257 1364 habebant

1262 1380 1461 1420 adiunctos,
1483 1380 1649 1425 deceptis,
1676 1382 1788 1413 donec
1803 1380 1971 1414 servitute
1987 1381 2148 1424 oppressi
2161 1387 2257 1422 sunt,

1263 1432 1359 1475 apud
1375 1429 1565 1465 Thessalos
1582 1429 1770 1471 Daochus,
1799 1432 1894 1475 apud
1913 1431 2002 1464 alios
2019 1431 2099 1472 alii,
2126 1443 2167 1465 ac
2181 1431 2257 1466 dies

1262 1494 1317 1515 me
1334 1482 1499 1515 deficeret
1524 1482 1735 1514 recitantem
1751 1481 1900 1514 nomina
1919 1482 2160 1526 proditorum.
2207 1482 2257 1516 Hi

1263 1545 1386 1566 omnes
1417 1532 1526 1566 simili
1556 1533 1740 1566 voluntate
1774 1531 1813 1565 in
1844 1532 1917 1566 suis
1945 1533 2071 1577 patriis
2098 1534 2257 1575 fuerunt,

1263 1584 1361 1629 quali
1386 1584 1482 1628 apud
1506 1596 1569 1618 vos
1591 1583 1649 1617 isti
1669 1581 1833 1617 homines
1853 1583 1981 1617 nefarii
2008 1590 2257 1626 assentatores,

1262 1641 1377 1679 pestes
1395 1641 1428 1668 et
1444 1647 1624 1669 eversores
1638 1646 1721 1669 suae
1741 1634 1889 1681 quisque
1904 1634 2054 1679 patriae,
2073 1635 2136 1681 qui
2151 1635 2258 1670 liber-

1263 1692 1373 1719 tatem
1396 1686 1638 1730 propinarunt
1661 1692 1765 1719 antea
1778 1683 1967 1730 Philippo,
1994 1686 2256 1720 111111οΑ1οΧ011-

1263 1738 1350 1777 dro,
1377 1737 1439 1782 qui
1456 1743 1579 1770 ventre
1597 1744 1631 1770 et
1646 1736 1859 1782 turpissimis
1879 1737 2123 1782 voluptatibus
2144 1738 2257 1772 beati-

1263 1788 1423 1822 tudinem
1440 1788 1659 1829 metiuntur,
1686 1795 1720 1822 et
1738 1788 1957 1829 libertatem,
1994 1800 2085 1834 quae
2108 1789 2255 1823 maiori-

1262 1840 1328 1873 bus
1344 1839 1474 1873 nostris
1490 1839 1569 1873 finis
1584 1839 1650 1873 fuit
1668 1846 1702 1873 et
1717 1840 1897 1873 bonorum
1915 1840 2036 1883 regula
2047 1866 2057 1880 ‚
2079 1846 2256 1876 evertunt.

1263 1890 1377 1924 Huius
1393 1890 1618 1934 turpissimae
1637 1897 1670 1924 et
1687 1892 1847 1925 omnium
1864 1891 2088 1925 sermonibus
2105 1891 2255 1925 damna-

1264 1948 1319 1975 tae
1335 1942 1519 1983 factionis,
1547 1942 1716 1986 perfidiae
1735 1949 1770 1976 et
1785 1941 2017 1987 proditionis,
2043 1942 2071 1976 si
2085 1942 2161 1976 sine
2178 1940 2256 1976 hal-

1262 1993 1480 2027 lucinatione
1505 1993 1694 2027 dicendum
1722 1999 1792 2033 est,
1828 2005 1903 2037 non
1924 1993 1991 2027 fuit
2014 1993 2109 2028 socia
2132 2000 2256 2028 nostra

1265 2044 1387 2078 civitas
1404 2050 1550 2089 propter
1566 2057 1643 2078 mea
1661 2044 1805 2078 consilia
1817 2071 1826 2084 ,
1855 2050 1888 2077 et
1905 2045 2000 2088 apud
2024 2057 2087 2079 vos
2110 2045 2186 2090 ipse
2209 2045 2254 2079 ab

1264 2094 1330 2129 hac
1345 2096 1498 2129 factione
1515 2096 1651 2130 alienus
1667 2095 1730 2129 fui.
1790 2095 1886 2128 Haec
1909 2108 1990 2129 cum
2014 2095 2062 2128 ita
2090 2096 2180 2137 sint,
2215 2102 2256 2130 tu

1264 2159 1320 2180 me
1335 2147 1552 2191 interrogas,
1580 2159 1670 2193 quae
1688 2147 1799 2180 virtus
1815 2159 1893 2179 mea
1911 2144 2049 2180 honore
2065 2146 2171 2193 digna
2187 2146 2255 2182 sit?

1263 2198 1478 2243 Respondeo
1494 2198 1618 2243 igitur:
1648 2197 1768 2243 Quum
1785 2199 2039 2242 gubernatores
2055 2198 2094 2231 in
2109 2198 2255 2233 Graecis

1265 2250 1467 2284 civitatibus
1481 2249 1641 2294 corrupti
1656 2255 1771 2283 essent
1793 2262 1916 2283 omnes
1934 2262 1953 2282 a
1974 2256 2009 2283 te
2032 2249 2176 2284 initium
2198 2262 2256 2284 su-

1264 2308 1414 2342 mentes,
1440 2313 1496 2334 me
1510 2313 1575 2334 nec
1590 2307 1740 2345 tempus,
1763 2313 1827 2334 nec
1842 2301 2163 2347 blandiloquentia,
2188 2313 2256 2335 nec

1264 2353 1542 2398 promissionum
1568 2353 1797 2397 magnitudo,
1830 2365 1894 2386 nec
1916 2365 2014 2397 spes,
2039 2364 2105 2387 nec
2127 2358 2256 2394 metus,

1264 2416 1330 2437 nec
1361 2404 1493 2448 gratia,
1535 2416 1650 2449 neque
1679 2404 1870 2450 quicquam
1893 2404 1990 2438 aliud
2020 2403 2173 2445 inflexit,
2214 2410 2255 2438 ut

1266 2456 1412 2490 consilia
1429 2456 1520 2490 iusta
1537 2462 1570 2489 et
1586 2456 1685 2489 utilia
1705 2455 1841 2500 patriae
1858 2455 2058 2490 abiicerem.
2117 2455 2192 2490 Nec
2215 2455 2256 2488 in

1266 2507 1439 2548 consiliis,
1466 2513 1506 2541 ut
1522 2507 1598 2546 isti,
1633 2507 1803 2540 inclinavi
1823 2519 1879 2540 me
1903 2507 1946 2540 ad
1969 2507 2128 2547 lucrum,
2162 2506 2254 2540 sicut

1265 2559 1398 2592 trutina
1422 2560 1621 2603 propendet
1647 2560 1692 2592 ad
1713 2559 1851 2592 lancem
1876 2564 2078 2596 oneratam;
2112 2558 2173 2591 sed
2198 2556 2255 2601 egi

1266 2610 1387 2643 omnia
1419 2616 1535 2650 recto,
1576 2610 1668 2644 iusto
1699 2616 1733 2643 et
1767 2610 1976 2654 incorrupto
2008 2609 2141 2642 animo.
2206 2607 2254 2642 Et

1266 2674 1376 2707 quum
1393 2662 1445 2694 rei
1462 2661 1623 2695 omnium
1643 2661 1818 2695 maximae
1835 2660 2069 2706 praefuerim,
2104 2670 2194 2705 quae
2216 2659 2256 2692 in

1264 2711 1357 2746 hanc
1387 2719 1538 2746 aetatem
1570 2712 1791 2753 inciderunt,
1834 2711 2074 2757 integritatem
2098 2716 2133 2745 et
2156 2709 2255 2745 iusti-
