2294 2975
69 111 117 147 49
241 108 364 147 XXIII.

67 198 229 233 omnium
258 197 476 243 flagitiorum
503 195 756 241 impunitatem
779 194 857 230 aliis
881 207 1059 229 concesse-

66 257 162 285 runt.
221 248 339 296 Atque
361 249 399 282 in
423 246 492 282 hoc
514 248 592 281 loco
615 247 763 292 paulurn
787 247 984 291 digreditur
1002 246 1059 280 Ci-

66 313 169 342 cero,
194 301 347 335 multum
364 301 406 334 de
423 299 529 333 exilio
547 311 611 333 suo
632 305 667 331 et
688 298 886 331 amicorum
911 298 1058 343 perfidia

68 364 302 399 conquerens.
372 351 468 384 Haec
499 356 618 384 autem
642 349 763 382 omnia
785 349 952 383 accidisse
975 349 1061 383 dicit

66 404 170 448 culpa
202 403 451 448 improborum
476 400 687 441 hominum,
728 400 790 446 qui
823 399 1059 445 terrebantffi)

65 454 341 499 rempublicam:
380 466 416 488 se
441 453 549 497 igitur
573 452 676 485 facile
704 453 898 485 concedere
924 452 1059 498 aliquid

65 505 241 550 Pompeio
272 512 307 539 et
330 504 473 539 Caesari
503 503 608 538 bonis
639 502 793 544 civibus,
829 516 918 549 quos
942 509 1060 548 speret

66 556 284 601 reipublicae
327 562 459 590 statum
501 555 688 589 meliorem
737 555 940 588 reddituros
987 566 1059 588 esse

69 608 243 643 omnium.
295 606 435 640 Deinde
451 611 712 640 commemorat
729 606 872 647 Cicero,
897 618 968 652 quo
984 605 1059 638 ani-

67 671 150 700 mo,
176 664 366 704 postquam
385 659 429 692 ab
446 658 550 691 exilio
575 663 762 692 revocatus
787 664 860 698 est,
888 656 1059 701 reipubli-

68 721 129 743 cae
150 710 291 754 negotia
314 710 539 750 tractaverit,
572 709 670 754 quod
696 720 915 754 quamquam
942 719 1060 752 spera-

66 767 197 795 verunt
227 761 424 795 adversarii
456 774 536 794 eum
561 761 713 793 fractum
741 760 845 793 exilio
870 759 1059 792 abiectiore

67 811 189 846 animo
208 811 246 844 in
263 812 444 856 republica
460 817 684 846 versaturum
703 822 776 844 esse
788 837 797 850 ,
824 816 945 843 tamen
969 809 1060 842 anti-

68 876 180 910 quum
205 875 344 896 rnorem
369 863 583 903 obtinuerit,
617 862 736 907 quoad
756 861 873 902 licuit,
907 867 941 894 et
963 861 1061 894 addit

68 914 177 948 etiam
197 925 359 954 causam,
393 926 455 947 cur
479 919 560 958 post
585 912 729 945 exilium
752 918 853 945 tanto
879 912 1000 945 animo
1023 912 1061 944 in

67 964 325 1010 rempublicam
345 964 539 999 accesserit.
591 963 770 997 Dicuntur
794 970 913 996 autem
939 963 1058 996 omnia

67 1015 156 1050 haec
170 1027 236 1060 per
251 1015 505 1060 digressionem
525 1015 727 1060 quandam,
755 1027 861 1060 quam
881 1027 986 1059 supra
1008 1015 1060 1047 in-

65 1067 192 1101 stituit.
257 1066 386 1101 Postea
410 1067 563 1100 instituit
587 1065 815 1099 collationem
843 1066 898 1100 sui
927 1065 1060 1099 reditus

68 1130 149 1152 cum
167 1117 378 1163 Metelli⁶³)‚
406 1119 503 1164 quod
523 1117 737 1162 reipublicae
756 1129 946 1151 consensus
965 1117 1003 1150 in
1025 1129 1060 1150 se

66 1169 288 1204 restituendo
306 1169 466 1203 animum
485 1169 552 1203 sibi
568 1168 762 1209 addiderit,
798 1175 831 1201 et
857 1169 939 1202 inde
963 1168 1061 1201 colli-

70 1220 121 1265 git
138 1232 180 1253 ex
194 1220 334 1253 minore
358 1221 403 1253 ad
425 1220 559 1260 maius,
595 1221 692 1265 quod
713 1232 792 1253 cum
815 1219 888 1263 ipse
914 1218 1061 1253 honori-

68 1270 230 1305 ficentius
246 1270 291 1304 sit
307 1277 492 1305 revocatus
503 1298 512 1311 ‚
539 1271 652 1315 magis
669 1270 773 1304 etiam
791 1271 913 1304 deceat
929 1283 963 1304 se
979 1283 1062 1304 con—

70 1322 200 1357 stantia
217 1328 252 1355 et
266 1322 476 1367 magnitudo
495 1322 618 1357 animi.

169 1373 333 1407 Tandem
359 1374 520 1420 sequitur
541 1374 706 1418 repetitio
737 1373 930 1418 superioris
960 1385 1063 1417 argu-

68 1424 200 1458 menti:
228 1425 389 1458 Mutatus
409 1432 460 1459 est
482 1431 592 1459 status
616 1425 857 1470 reipublicae:
887 1436 970 1468 ergo
997 1437 1062 1468 ego

73 1487 215 1521 quoque
232 1476 361 1509 merito
377 1477 591 1511 sententiam
608 1484 728 1516 muto,
758 1489 802 1509 ne
830 1476 903 1509 vim
927 1475 1063 1519 patriae

72 1526 199 1559 afferre
232 1527 373 1568 videar,
408 1528 505 1573 quod
532 1528 637 1561 Plato
659 1525 856 1573 prohibuit.
924 1527 1063 1559 Deinde

71 1577 172 1611 addit
187 1585 436 1622 argumentum
453 1579 600 1625 flbflltffi
623 1586 657 1612 et
678 1577 827 1612 honesto
842 1606 850 1619 ‚
886 1591 956 1624 quo
980 1590 1062 1622 pro-

69 1629 132 1662 bat
159 1641 263 1662 suum
295 1630 500 1669 consilium;
543 1630 646 1676 quasi
668 1630 814 1663 diceret:
854 1630 951 1663 Utile
974 1627 1062 1662 mihi

72 1686 143 1719 est,
170 1686 211 1713 ut
228 1680 420 1725 adiungam
438 1693 494 1714 me
510 1682 794 1725 potentioribus,
821 1687 855 1714 et
880 1688 932 1714 est
954 1679 1064 1714 hone-

72 1737 166 1765 stum
193 1743 336 1776 quoque
363 1744 422 1765 eos
442 1732 562 1776 sequi,
598 1733 659 1778 qui
687 1745 761 1765 non
792 1733 905 1766 solum
938 1733 975 1765 in
1008 1744 1063 1764 me

70 1782 231 1815 munifici
257 1783 418 1823 fuerunt,
450 1783 510 1816 sed
538 1782 643 1816 etiam
673 1784 929 1827 rempublicam
960 1784 1064 1816 rebus·

72 1832 144 1867 suis
166 1832 270 1877 gestis
293 1834 488 1878 plurimum
512 1834 690 1868 iuverunt.
747 1834 854 1868 Aliud
878 1847 1064 1878 argumen-

72 1891 149 1918 tum
168 1896 188 1917 a
208 1883 368 1919 Caesaris
385 1897 467 1929 erga
485 1897 520 1918 se
539 1891 572 1918 et
586 1887 732 1918 fratrem
754 1886 1004 1925 beneficentia,
1033 1892 1066 1918 et

74 1936 118 1969 ab
136 1935 245 1980 ipsius
261 1948 414 1981 persona
428 1949 468 1970 ac
486 1936 656 1981 dignitate
675 1937 830 1970 additur.

176 1986 382 2021 Secunda
407 2000 490 2032 pars
516 1988 684 2032 epistolae
712 1994 780 2027 est,
816 2000 877 2021 cur
900 2000 978 2020 cum
997 1987 1066 2019 Va-

73 2037 164 2071 tinio
182 2038 219 2071 in
237 2039 389 2082 gratiam
405 2039 570 2080 redierit,
599 2045 633 2072 et
650 2051 728 2072 eum
747 2039 954 2072 defenderit.
1008 2038 1068 2071 As-

73 2090 143 2122 sert
167 2096 286 2123 autem
308 2091 395 2124 duas
420 2102 558 2124 causas:
592 2090 770 2135 primuni,
805 2092 900 2135 quod
926 2090 1068 2123 Caesari

74 2141 112 2174 id
129 2141 271 2185 roganti
290 2142 562 2186 gratificandum
588 2142 672 2181 fuit;
706 2142 853 2181 deinde,
887 2142 982 2188 quod
1008 2154 1069 2174 vo-

75 2192 182 2226 luerit
199 2192 334 2238 aliquid
350 2205 452 2237 aegre
470 2194 585 2227 facere
602 2193 723 2227 amicis
740 2193 867 2227 Clodii.
918 2191 949 2226 Is
972 2193 1069 2226 locus

77 2250 129 2277 est
160 2245 393 2288 amplificatus
423 2246 583 2290 exemplo
616 2245 779 2278 Terentii
812 2257 852 2278 ex
885 2244 1069 2277 comoedia

74 2293 262 2329 Eunucho.

180 2346 343 2379 Tertia
372 2346 541 2391 epistolae
558 2358 640 2392 pars
657 2353 728 2388 est,
753 2359 814 2381 cur
833 2359 912 2380 cum
932 2346 1071 2387 Crasso,

79 2403 205 2431 contra
229 2409 335 2442 quem
356 2398 395 2431 in
418 2405 544 2432 senatu
570 2399 725 2442 graviter
747 2398 893 2439 dixerit,
926 2398 1072 2432 redierit

80 2449 119 2482 in
148 2449 312 2493 gratiam.
378 2448 492 2482 Affert
523 2456 641 2483 autem
666 2450 737 2483 fere
769 2450 909 2484 easdem
938 2461 1072 2490 causas,

82 2512 170 2547 quas
186 2512 292 2545 supra
309 2500 352 2533 de
367 2499 513 2534 Vatinio
529 2501 709 2546 exposuit,
736 2514 772 2536 se
799 2501 836 2535 id
857 2501 978 2535 secisse
1001 2501 1073 2546 pri-

415 106 725 146 ARGUMENTA
759 106 825 142 ET
859 106 1062 143 SCHOLIA

118 2634 169 2663 52)
187 2633 344 2662 terrebant]
363 2633 403 2657 sic
421 2633 469 2657 Ed.
492 2633 581 2665 1556.;
607 2635 691 2658 Editt.
707 2635 899 2660 1565—1577.
918 2635 1056 2659 tenebant.

119 2685 170 2714 63)
190 2685 222 2714 Q.
239 2684 382 2723 ‘Caecilius
407 2684 536 2723 Metellus
561 2685 592 2709 L.
619 2685 638 2708 f.
662 2685 834 2713 Numidicus,
871 2687 904 2709 de
926 2692 978 2716 quo
1003 2687 1075 2712 conf.
1101 2704 1103 2728 5

157 2719 257 2744 Orellu
275 2720 303 2742 et
324 2719 426 2742 Baiter·
447 2719 587 2743 Onomast.
607 2719 723 2744 Tullian.
743 2721 818 2746 P.11.
838 2721 1035 2750 p.103-105.

84 2761 267 2794 Mummi.
290 2760 398 2793 Ormi.
424 2761 510 2792 VoL.
532 2760 641 2792 xvn.

1096 106 1145 144 IN
1177 107 1326 145 EPIST.
1359 107 1473 145 FAM.
1510 108 1596 146 CIC.
1632 110 1764 151 LIB,1.
1801 115 1873 154 ΕΡ.
1900 119 1935 155 9.
2059 120 2108 158 50

1113 207 1212 229 mum
1237 195 1274 230 in
1291 196 1442 241 gratiam
1460 196 1620 232 Caesaris
1643 205 1676 232 et
1691 199 1875 248 Pompeii3
1908 205 2036 240 deinde
2061 209 2106 241 ob

1114 247 1256 281 illorum
1275 248 1445 288 iniurias,
1472 248 1534 294 qui
1550 261 1767 296 quamquam
1787 255 1902 297 idem,
1930 259 2026 302 quod
2049 258 2106 292 Ci-

1113 310 1193 331 cero
1204 325 1214 340 ,
1240 299 1277 332 in
1293 299 1473 344 republica
1490 308 1742 345 sequerentur,
1768 311 1889 340 tamen
1905 309 2107 351 gaudebant

1113 349 1321 384 Ciceronem
1344 350 1674 396 potentissimorum
1700 351 1889 390 hominum
1912 360 1994 392 odio
2026 373 2105 405 gra-

1112 401 1201 435 vari.
1265 401 1329 436 Est
1353 409 1471 435 autem
1496 415 1634 436 summa
1660 401 1765 440 huius
1788 408 1876 449 loci,
1912 412 2008 455 quod
2031 423 2106 445 non

1112 451 1352 486 imbecillitate
1371 453 1502 493 animi,
1529 460 1590 487 aut
1606 454 1814 499 timiditate,
1850 461 1911 493 sed
1930 464 2105 496 constanti

1112 502 1265 544 iudicio,
1315 511 1350 537 et
1378 505 1414 538 in
1446 505 1599 548 gratiam
1626 506 1792 553 Pompeii
1821 510 1872 544 illi
1903 511 1948 545 sit
1980 525 2104 547 recon-

1113 554 1263 588 ciliatus.

1213 605 1383 649 Epilogus
1411 606 1567 641 breviter
1598 610 1728 653 repetit
1756 611 1913 647 rationes
1944 614 1997 648 sui
2022 627 2104 648 con-

1112 655 1202 696 silii,
1229 668 1291 690 cur
1315 661 1457 690 cesserit
1483 657 1649 693 nonnihil
1676 662 1718 694 de
1743 663 1892 706 pristina
1918 666 2104 701 sententia.

1111 707 1233 740 Prima
1252 713 1320 748 est,
1348 709 1444 753 quod
1466 710 1571 743 tantis
1590 711 1627 743 in
1645 713 1824 756 republica
1842 715 1926 748 viris
1941 728 2016 749 non
2031 718 2106 751 fue-

1112 758 1159 790 rit
1177 758 1394 802 pertinacius
1411 760 1666 800 resistendum;
1694 765 1845 797 secunda
1863 778 1967 800 causa
1989 779 2009 800 a
2032 781 2107 801 me-

1112 809 1189 842 ritis
1208 809 1369 853 ipsorum
1392 810 1430 843 in
1452 823 1504 850 se3
1541 812 1644 845 tertia
1669 825 1688 846 a
1712 814 1831 849 fratris
1855 817 2105 853 coniunctione

1114 873 1193 893 cum
1219 861 1387 899 Caesare;
1424 869 1551 907 quarta
1574 863 1617 896 ab
1640 863 1780 898 iniuriis
1805 867 2104 905 adversariorum.

1114 911 1277 945 Tandem
1292 912 1375 945 facit
1388 912 1510 946 Cicero
1527 913 1770 960 apostrophen
1781 916 1826 964 ω)
1845 919 1889 951 ad
1901 918 2104 961 Lentulum,

1113 963 1150 996 in
1168 976 1237 1009 qua
1255 963 1306 996 illi
1322 975 1384 997 sua
1403 964 1517 998 officia
1535 966 1659 1000 defert.

1356 1049 1493 1085 Aliud
1528 1059 1861 1097 argumentum.

1215 1116 1311 1150 Haec
1330 1118 1478 1161 epistola
1495 1119 1600 1163 plane
1619 1126 1669 1153 est
1690 1133 1783 1154 nova
1806 1134 1824 1155 a
1850 1124 2106 1168 superiorffius,

1115 1179 1205 1213 quae
1225 1168 1463 1214 continentffi)
1490 1182 1666 1204 suminam
1695 1174 1875 1217 quandam
1896 1175 2107 1220 disputatio-

1114 1231 1200 1252 num
1233 1219 1270 1252 in
1299 1227 1424 1253 senatu
1453 1222 1495 1254 de
1518 1222 1662 1265 negotio
1684 1222 1940 1260 Alexandrino.
1999 1227 2108 1261 Prae-

1115 1282 1194 1304 sens
1216 1276 1334 1303 autem
1357 1271 1505 1315 epistola
1533 1278 1694 1306 versatur
1720 1274 1758 1306 in
1784 1277 1937 1319 quadam
1962 1289 2108 1323 respon-

1115 1322 1214 1355 sione
1238 1327 1430 1365 perpetua,
1465 1324 1561 1368 quod
1578 1322 1750 1359 Lentulus
1773 1327 1966 1360 admodum
1992 1330 2109 1374 cupie-

1115 1373 1176 1406 bat
1195 1372 1325 1405 certior
1341 1373 1429 1413 fieri,
1458 1386 1527 1418 qua
1544 1386 1582 1407 re
1597 1381 1715 1409 motus
1728 1376 1851 1410 Cicero
1870 1379 1913 1411 ab
1929 1379 1989 1412 illa
2005 1380 2110 1414 liber-

1116 1430 1186 1457 tate
1204 1424 1240 1456 in
1259 1423 1417 1458 dicendis
1434 1426 1616 1459 sententiis
1641 1438 1708 1470 pro
1731 1428 1912 1470 republica
1935 1430 2110 1466 discessis-

1116 1481 1186 1514 set,
1215 1482 1248 1507 et
1273 1475 1375 1520 quasi
1398 1476 1518 1508 omnia
1546 1478 1755 1510 concederet
1769 1478 1943 1524 Pompeio
1970 1488 2003 1515 et
2023 1482 2111 1516 Cae-

1116 1526 1198 1560 sari.
1258 1524 1365 1565 Item,
1400 1538 1510 1571 quare
1537 1527 1720 1561 Vatinium
1745 1530 1980 1578 summumffl)
2006 1546 2109 1568 suum

1117 1576 1302 1610 inimicum
1326 1577 1515 1610 defendere
1545 1578 1726 1622 coepisset.
1794 1580 1891 1615 Haec
1921 1584 2004 1629 quia
2035 1598 2109 1618 non

1117 1629 1231 1662 solum
1247 1627 1438 1661 Lentulum
1451 1655 1459 1669 ,
1486 1630 1547 1662 sed
1564 1630 1652 1663 alios
1668 1630 1857 1676 plerosque
1876 1633 1991 1668 bonos
2015 1636 2111 1671 viros

1117 1680 1329 1719 movebant,
1358 1678 1481 1713 Cicero
1498 1680 1535 1712 in
1552 1678 1617 1713 hac
1641 1687 1714 1714 tota
1738 1682 1885 1725 epistola
1912 1698 2034 1720 causas
2057 1689 2110 1721 sui

1118 1730 1254 1764 consilii
1276 1738 1552 1772 commemorat,
1579 1731 1702 1766 volens
1725 1729 1793 1766 hoc
1818 1737 1926 1769 modo
1951 1750 1985 1770 se
2007 1751 2111 1782 pror—

1118 1795 1175 1817 sus
1198 1782 1350 1814 liberare
1375 1781 1474 1814 omni
1497 1783 1696 1827 suspicione
1720 1783 1979 1821 inconstantiae
2007 1801 2046 1822 ac
2070 1791 2112 1823 ti-

1117 1832 1300 1867 miditatis.
1363 1832 1561 1867 Exordium
1586 1841 1768 1878 sumptum
1795 1843 1847 1870 est
1877 1850 1895 1872 a
1930 1840 2113 1883 praedica-

1118 1885 1215 1917 tione
1234 1883 1339 1916 officii
1356 1884 1428 1924 sui,
1457 1886 1554 1930 quod
1576 1885 1724 1919 omnino
1742 1893 1926 1929 extenuat,
1955 1897 1989 1924 et
2012 1893 2114 1937 quasi

1119 1936 1255 1969 nullum
1292 1934 1469 1968 existimat
1503 1948 1590 1980 prae
1622 1937 1867 1981 magnitudine
1900 1943 2112 1976 meritorum

1119 1986 1281 2025 Lentuli,
1310 1992 1344 2018 et
1361 1986 1459 2019 addit
1476 1988 1802 2031 comparationem,
1831 1992 1926 2034 quod
1946 2004 2112 2035 praesens

1120 2045 1240 2071 tamen
1261 2036 1460 2080 perspicere
1486 2038 1659 2081 potuisset
1680 2039 1899 2073 voluntatem
1924 2055 2113 2085 summam,

1121 2101 1160 2122 ac
1175 2088 1598 2132 studiuml-coniunctum,
1626 2088 1782 2134 primum
1802 2090 1838 2123 in
1860 2092 2016 2129 dicendis
2035 2108 2113 2129 sen-

1122 2140 1239 2174 tentiis
1252 2166 1260 2179 ,
1288 2139 1325 2171 in
1343 2139 1652 2174 administratione
1667 2141 1899 2185 reipublicae;
1929 2145 2057 2179 deinde
2074 2147 2111 2181 in

1123 2190 1291 2225 vexandis
1309 2196 1342 2223 et
1361 2192 1609 2235 oppugnandis
1627 2193 1849 2227 adversariis.

1225 2242 1368 2276 Narra
1381 2242 1444 2275 tio
1473 2242 1649 2287 principio
1671 2240 1776 2276 hahet
1796 2245 1939 2288 longam
1958 2259 2113 2282 comme-

1124 2293 1362 2327 morationem
1392 2305 1476 2327 suae
1506 2294 1724 2328 constantiae
1756 2295 1792 2327 in
1814 2296 1970 2331 dicendis
1992 2299 2112 2335 liberis

1124 2344 1403 2388 sententiislpro
1432 2345 1625 2389 republica.
1696 2345 1893 2392 Postquam
1931 2350 2113 2385 restitutus

1126 2402 1218 2437 erat,
1260 2396 1357 2443 quod
1383 2395 1567 2443 scilicetffi)
1592 2395 1628 2428 in
1655 2397 1838 2438 omnibus,
1882 2402 2113 2444 quemadmo-

1125 2449 1210 2482 dum
1234 2447 1351 2480 decuit
1377 2447 1513 2480 bonum
1539 2447 1655 2480 virum
1682 2454 1715 2480 et
1738 2455 1916 2483 amantem
1940 2451 2113 2488 libertatis

1158 2567 1206 2595 64)
1225 2565 1425 2595 apostrophen]
1445 2563 1493 2586 Ed.
1515 2563 1589 2586 1556.
1612 2559 1805 2596 ἀποστροφήν.

1158 2618 1207 2646 65)
1225 2616 1380 2644 continent]
1398 2615 1437 2638 sie
1455 2615 1504 2640 Ed.
1525 2615 1617 2645 1556.;
1641 2614 1726 2639 Editt.
1746 2608 1937 2643 παίει-1577.
1957 2619 2086 2645 continet.

1160 2669 1208 2695 66)
1227 2667 1375 2694 summum]
1393 2665 1433 2689 sic
1452 2665 1502 2689 Ed.
1523 2665 1613 2696 155s.;
1639 2665 1666 2689 iu
1684 2665 1767 2700 Editt.
1790 2665 1980 2691 1565—1577.
1999 2669 2086 2694 deest.

1161 2719 1209 2747 67)
1227 2718 1348 2747 scilicet]
1369 2717 1409 2742 sic
1427 2717 1514 2742 Editt.
1536 2717 1742 2748 1565-15r7.;
1767 2717 1815 2743 Ed.
1836 2718 1912 2742 1556.
1930 2719 2065 2746 videlicet.

1504 2751 1527 2788 4
