2351 2990
89 117 164 155 853

88 213 149 240 1111
166 212 340 251 tanquam
357 205 527 246 iniustus,
544 205 606 250 qui
623 216 728 250 saepe
748 212 949 246 accusatus,
964 212 1085 239 tamen

88 269 164 291 non
193 257 311 301 potuit
341 256 504 290 convinci
528 262 701 302 tanquam
724 257 886 291 iniustus.
946 257 1086 291 Deinde

89 309 258 342 adversus
283 306 497 342 Aeschinem
531 306 622 341 mihi
659 308 804 354 quidem
833 308 980 353 gloriari
1003 309 1086 342 licet

91 361 135 393 ab
154 360 231 404 ipso
248 372 304 392 me
321 371 508 405 nunquam
525 367 726 393 accusatum
740 372 824 394 esse.
853 360 974 405 Quare
988 361 1084 406 quod

91 411 137 445 ad
167 417 202 444 te
231 411 376 451 attinet,
414 411 498 444 civis
532 423 606 444 non
629 424 707 445 sum
733 412 890 445 deterior
913 409 1084 456 Cephalo.

90 462 180 496 Cum
197 469 317 496 autem
331 462 444 495 multa
462 462 531 495 alia
556 463 627 497 sint
650 475 724 496 non
748 465 896 497 obscura
923 463 1022 507 signa
1047 463 1084 495 in

88 515 157 548 isto
175 514 362 558 pravitatis
382 520 416 547 61
431 514 704 547 malevolentiae
719 542 728 555 ,
754 521 829 549 tum
848 527 933 547 vero
949 512 1017 547 hoc
1044 515 1084 547 il-

85 565 197 599 lustre
216 571 284 605 est,
305 566 401 610 quod
415 565 596 599 fortunam
616 572 789 611 tanquam
806 562 979 611 probrum
994 564 1085 598 mihi

88 616 222 650 obiicit.
275 615 352 660 Ego
374 628 459 650 vero
488 617 648 663 quisquis
671 616 780 651 homo
805 616 945 651 1101111111
971 618 1084 650 fortu-

86 679 170 700 nam
189 674 361 713 tanquam
380 669 553 712 probrum
571 669 712 709 obiicit,
740 669 897 703 insanire
912 681 993 702 eum
1013 667 1083 701 exi-

85 719 204 753 stimo.
274 718 364 752 Cum
398 720 493 752 enim
529 726 563 753 et
595 720 642 760 is,
693 721 755 766 qui
792 719 1082 754 florentissimam

86 781 165 803 eam
198 767 330 803 habere
364 771 580 811 arbitratur,
623 784 697 805 non
722 772 829 812 sciat,
865 784 911 804 an
934 771 1014 805 talis
1037 772 1082 803 ad

85 833 272 866 vesperam
292 834 462 856 mansura
479 822 543 863 sit,
569 835 798 869 nequaquam
815 825 914 856 decet
930 835 1008 855 eam
1034 823 1083 854 al-

85 873 153 906 teri
176 880 216 907 ut
241 873 376 906 crimen
402 873 569 908 obiicere.
630 874 719 908 Cum
747 881 866 908 autem
890 871 1082 907 Aeschines

84 930 125 958 ut
143 924 212 958 alia
229 925 361 965 multa,
397 925 445 958 ita
471 932 506 958 et
529 923 617 958 haec
639 927 789 970 superbe
815 932 849 959 et
872 931 1082 970 arroganter

82 975 191 1016 dixit,
219 976 440 1009 considerate
453 1002 462 1016 ,
490 982 624 1022 quanta
642 989 721 1010 mea
743 978 858 1010 oratio
877 977 920 1010 de
937 978 1081 1010 fortuna

83 1026 204 1060 verior
234 1033 269 1060 et
293 1025 488 1061 humanior
511 1028 555 1062 sit
577 1040 684 1073 quam
709 1029 821 1063 istius.
881 1028 958 1073 Ego
982 1028 1082 1062 urbis

81 1084 228 1112 nostrae
250 1078 435 1112 fortunam
457 1079 592 1112 bonam
617 1092 690 1114 esse
717 1080 852 1120 sentio,
884 1086 924 1113 ut
946 1086 980 1112 et
1002 1092 1081 1112 ora-

83 1129 162 1163 cula
181 1130 380 1171 affirmant,
415 1131 476 1164 sed
500 1142 598 1171 eam,
632 1143 724 1177 quae
749 1144 845 1165 nunc
869 1143 992 1164 omnes
1016 1129 1081 1164 ho-

82 1180 198 1214 mines
214 1182 410 1225 gubernat,
438 1194 580 1215 saevam
600 1194 685 1217 esse.
740 1183 830 1228 Quis
857 1182 952 1216 6111111
969 1182 1080 1216 Grae-

82 1244 207 1266 corum
237 1239 300 1266 aut
320 1233 559 1266 barbarorum
586 1231 655 1266 hoc
680 1240 841 1278 tempore
865 1246 940 1267 non
959 1233 1079 1267 multis

81 1283 264 1317 aerumnis
282 1282 487 1317 exercetur?
515 1283 599 1317 Fuit
613 1284 721 1328 igitur
736 1283 805 1318 hoc
827 1286 944 1318 bonae
967 1286 1080 1318 fortu-

80 1346 148 1368 nae
164 1334 283 1375 urbis,
312 1335 409 1380 quod
423 1332 574 1369 honesta
593 1335 783 1380 elegimus,
818 1342 853 1369 et
874 1336 993 1369 111111115
1015 1336 1079 1368 du-

80 1386 168 1419 riter
186 1385 308 1419 afflicti
331 1399 454 1420 sumus
471 1398 580 1432 quam
597 1387 728 1420 caeteri
743 1387 892 1427 Graeci,
921 1387 983 1433 qui
1008 1386 1079 1419 exi-

79 1437 274 1472 stimarunt
290 1449 326 1470 se
342 1437 446 1471 nobis
466 1438 612 1472 desertis
630 1438 827 1472 incolumes
843 1439 932 1473 fore.
970 1438 1078 1471 Tem-

77 1500 210 1534 porum
227 1495 348 1522 31116111
367 1488 452 1529 fuit,
489 1495 523 1522 et
547 1489 622 1523 61115
644 1489 829 1531 fortunae,
865 1502 957 1536 quae
982 1501 1078 1522 nunc

78 1540 211 1585 passim
227 1547 372 1584 regnat,
404 1552 470 1574 nos
488 1552 632 1586 quoque
647 1553 713 1586 pro
730 1542 966 1586 proportione
982 1553 1077 1574 com-

77 1591 244 1625 munium
277 1591 521 1625 calamitatum
555 1592 670 1626 socios
695 1605 786 1633 esse,
824 1605 902 1626 611111
931 1598 1077 1626 eventus

76 1655 153 1677 non
174 1642 308 1676 fuerint
328 1643 486 1677 secundi.
538 1643 586 1676 At
610 1643 751 1688 privata
772 1645 916 1678 fortuna
944 1644 983 1677 in
1006 1644 1078 1678 sin-

77 1695 244 1740 gulorum
260 1694 410 1739 privatis
425 1694 577 1738 negotiis
595 1695 854 1729 consideranda
872 1702 933 1730 est.
972 1695 1020 1728 At
1035 1696 1077 1728 de

77 1747 223 1780 fortuna
244 1746 389 1792 quidem
406 1758 470 1790 ego
488 1752 583 1779 recte
601 1753 636 1779 et
659 1746 749 1781 111516
774 1745 863 1780 1111111
889 1748 937 1781 516
961 1747 1076 1780 dicere

78 1797 217 1838 videor,
237 1804 270 1831 et
281 1804 396 1832 vestra
407 1797 538 1831 iudicia
546 1810 686 1831 mecum
698 1811 891 1842 congruere
902 1798 1076 1834 existimo.

181 1850 291 1895 Quod
307 1861 393 1883 vero
409 1849 467 1882 ille
484 1849 667 1883 fortunam
684 1862 803 1883 meam
821 1850 998 1894 privatam
1022 1851 1076 1883 in-

78 1902 221 1935 firmam
238 1907 273 1934 et
289 1901 510 1945 languidam,
526 1901 704 1945 potiorem
717 1901 800 1934 facit
810 1901 964 1946 publica,
984 1914 1075 1947 quae

76 1954 173 1987 bona
193 1959 227 1986 et
243 1964 371 1997 magna
388 1959 457 1992 est,
487 1953 681 1986 absurdum
701 1959 762 1987 est.
815 1953 885 1986 Sed
908 1953 938 1987 si
961 1954 1076 1986 omni-

77 2017 126 2038 no
140 2017 259 2038 meam
274 2005 459 2038 fortunam
477 2004 529 2038 vis
547 2004 793 2045 considerare,
811 2005 856 2037 ad
874 2011 970 2038 tuam
991 2017 1075 2038 6011-

76 2057 190 2096 feras,
218 2062 251 2089 et
265 2055 295 2090 si
312 2055 472 2090 invenies
487 2055 674 2089 meliorem
698 2062 779 2096 tua,
810 2056 930 2090 desine
955 2057 1075 2089 convi-

77 2107 176 2141 ciari.
227 2107 317 2140 Peto
334 2113 472 2148 autem,
498 2119 543 2141 ne
560 2107 638 2152 quis
655 2119 711 2140 me
736 2114 927 2152 propterea
951 2108 1074 2141 levita-

77 2159 122 2193 tis
139 2164 298 2199 accuset,
325 2159 423 2204 quod
437 2158 475 2191 in
499 2157 592 2192 hanc
616 2159 998 2192 commemorationem
1020 2159 1075 2192 in-

78 2210 234 2256 gredior.
287 2209 362 2254 Ego
380 2210 476 2243 enim
494 2210 652 2245 insanire
668 2211 830 2244 existimo
849 2224 972 2245 omnes
985 2238 995 2251 ,
1012 2212 1074 2257 qui

77 2262 136 2296 vel
150 2261 228 2296 aliis
245 2268 495 2307 paupertatem
512 2269 684 2308 tanquam
700 2263 874 2307 probrum
889 2263 1074 2304 obiiciunt,

77 2314 135 2347 vel
152 2314 353 2358 gloriantur
369 2325 404 2347 se
430 2313 468 2346 in
493 2314 631 2358 magnis
656 2315 783 2359 opibus
808 2314 963 2348 nutritos
989 2327 1073 2349 esse.

75 2365 145 2400 Sed
163 2363 269 2399 huius
285 2364 451 2398 maledici
467 2371 500 2399 et
516 2366 784 2401 calumniatoris
802 2366 998 2411 petulantia
1017 2379 1074 2400 co-

77 2417 129 2463 git
143 2429 202 2450 me
228 2416 345 2450 dicere
368 2414 436 2450 hac
459 2417 503 2450 de
526 2430 585 2458 re,
627 2420 724 2464 quod
745 2419 911 2465 quidem,
944 2425 985 2452 ut
1005 2419 1074 2452 sert

75 2480 244 2514 praesens
270 2468 442 2509 materia,
475 2481 555 2502 611111
578 2470 751 2504 modestia
780 2470 920 2504 faciam.
981 2467 1074 2503 Mihi

75 2520 226 2565 contigit
240 2518 432 2555 Aeschines
449 2517 596 2555 honeste
615 2521 652 2554 in
668 2522 760 2556 ludis
783 2521 967 2556 litterariis
994 2534 1073 2555 eru-

74 2572 144 2606 diri
159 2578 193 2606 et
207 2570 340 2606 habere
356 2571 540 2606 facultates
555 2579 693 2614 tantas,
718 2580 758 2608 ut
783 2574 945 2618 egestatis
969 2585 1072 2607 causa

74 2622 166 2657 nihil
190 2623 343 2668 turpiter
366 2624 568 2658 faciendum
593 2632 693 2659 esset.
753 2625 892 2659 Deinde
916 2638 1072 2670 egressus

77 2687 119 2709 ex
144 2675 298 2719 pueritia
322 2676 413 2717 vixi,
449 2682 489 2710 ut
515 2676 749 2711 conveniebat
778 2684 871 2711 recte
896 2677 1071 2717 instituto,

72 2727 223 2769 praebui
253 2735 414 2773 sumptus
445 2729 491 2761 ad
522 2729 722 2773 spectacula
753 2736 787 2763 et
811 2731 857 2763 ad
881 2729 1071 2763 armandas

334 118 472 155 XXXV.
500 118 897 154 INTERPRETATIO
929 118 1191 155 ORATIONIS
1218 118 1560 155 DEMOSTHEMS
1588 120 1652 155 DE
1682 121 1891 159 CORONA.

2061 125 2136 163 854

1138 217 1265 245 naves,
1293 207 1427 240 contuli
1444 207 1633 252 pecuniam
1650 208 1693 240 ad
1718 209 1876 252 publicas
1900 212 2136 255 necessitates,

1138 257 1419 291 munificentiam
1451 259 1590 303 publice
1622 265 1657 292 et
1686 259 1854 304 privatim
1890 265 2050 306 exercui,
2085 266 2138 300 sui

1138 308 1235 342 utilis
1268 309 1402 342 civitati
1431 317 1464 343 et
1487 310 1632 345 civibus.
1695 311 1823 345 Postea
1844 325 1950 355 vei-0,
1984 328 2063 349 cum
2090 319 2137 351 ad

1139 360 1279 404 publica
1298 361 1444 395 consilia
1465 362 1615 402 accessi,
1644 374 1702 396 eas
1717 369 1837 407 partes
1852 364 1959 409 elegi,
1988 375 2137 413 propter

1140 423 1227 457 quas
1247 418 1281 445 et
1297 424 1315 444 a
1332 412 1447 457 patria
1467 420 1499 446 et
1524 414 1566 446 ab
1593 413 1670 447 aliis
1687 414 1831 448 Graecis
1853 427 1958 461 saepe
1986 431 2136 453 corona-

1139 469 1194 496 tus
1227 476 1324 503 sum,
1359 470 1392 497 61
1418 477 1505 508 quas
1531 477 1576 497 ne
1603 478 1666 499 xos
1691 466 1835 511 quidem
1861 467 1997 502 inimici
2020 471 2137 505 dicere

1139 514 1276 548 audetis
1308 527 1383 548 non
1412 515 1518 549 fuisse
1549 514 1729 551 honestas.
1790 518 1889 553 Talis
1922 520 1989 554 suit
2014 534 2136 557 cursus

1138 577 1239 598 meae
1264 566 1357 599 vitae
1385 566 1422 598 in
1445 567 1585 611 privata
1612 569 1770 603 fortuna.
1834 569 1996 616 Cumque
2021 574 2136 607 multa

1139 617 1270 649 addere
1294 629 1456 661 possem,
1491 618 1634 659 desino,
1671 632 1715 652 ne
1740 620 1797 653 cui
1821 619 1907 654 haec
1932 624 2071 665 oratio,
2105 625 2137 659 si

1137 668 1307 711 praeliari
1324 669 1466 709 videar,
1495 670 1644 703 molesta
1670 671 1726 704 sit.
1781 672 1839 705 Tu
1863 685 1948 707 vero
1974 675 2030 708 vir
2057 688 2136 721 gra-

1137 718 1299 760 vissime,
1329 720 1389 765 qui
1407 720 1556 764 despicis
1580 721 1688 762 alios,
1725 724 1846 756 confer
1870 725 1914 757 ad
1938 723 2032 760 hunc
2057 740 2135 762 cur

1137 782 1215 803 sum
1232 771 1415 804 fortunam
1444 778 1556 805 tuam.
1610 772 1668 806 Tu
1694 780 1812 807 autem
1836 775 1874 807 in
1898 788 2028 821 magna
2056 792 2135 823 ege-

1137 827 1226 854 state
1243 823 1405 857 detentus
1431 835 1466 856 es
1491 825 1586 867 apud
1611 830 1750 867 patrem
1776 826 1963 860 docentem
1989 829 2133 864 inludo

1136 872 1331 914 litterario,
1376 881 1568 919 occupatus
1602 877 1752 909 terendo
1789 883 2011 920 atramento,
2049 894 2134 926 pur-

1137 925 1261 967 gandis
1279 925 1469 966 subselliis,
1489 928 1665 960 verrenda
1680 925 1798 961 schola
1816 941 1915 962 more
1934 931 2040 972 servi,
2058 945 2134 966 non

1136 975 1283 1019 ingenui
1306 977 1550 1012 adolescentis.
1611 978 1740 1012 Postea
1764 979 1861 1012 111111
1889 988 2002 1016 361316
2026 984 2135 1017 1113111

1136 1026 1295 1061 initianti
1323 1029 1434 1062 libros
1472 1029 1632 1073 legebas,
1681 1036 1715 1063 et
1745 1031 1814 1064 alia
1845 1031 1950 1067 simul
1984 1046 2136 1080 appara-

1134 1079 1217 1119 bas,
1270 1092 1349 1120 eos,
1400 1080 1462 1125 qui
1509 1080 1765 1122 initiabantur,
1818 1090 1929 1118 noctu
1969 1098 2136 1132 consper-

1135 1130 1235 1164 sione
1261 1131 1457 1172 lustrabas,
1494 1138 1528 1165 et
1556 1132 1631 1165 luto
1658 1139 1692 1166 et
1716 1134 1852 1168 furfure
1877 1138 2058 1180 tergebas,
2101 1145 2136 1173 et

1134 1193 1282 1226 surgens
1320 1195 1340 1215 a
1374 1183 1587 1217 lustratione
1628 1185 1780 1219 docuisti
1815 1198 1876 1220 eos
1917 1188 2051 1223 dictum
2092 1190 2135 1223 il-

1134 1233 1214 1266 lud:
1250 1233 1369 1278 Effugi
1395 1235 1547 1274 malum,
1590 1235 1712 1269 inveni
1746 1237 1891 1276 melius
1936 1245 1969 1272 et
2001 1241 2133 1286 gloria-

1132 1284 1229 1317 baris
1262 1286 1443 1319 neminem
1474 1286 1603 1321 clarius
1633 1288 1797 1322 ululasse.
1861 1288 1974 1335 quue
2013 1294 2132 1335 credo,

1134 1335 1219 1380 quia
1254 1344 1532 1371 consentaneum
1566 1344 1617 1372 est
1656 1339 1762 1373 fuisse
1802 1339 1840 1372 in
1873 1341 1959 1375 ludo
2001 1356 2133 1379 sonum

1133 1398 1208 1419 non
1236 1389 1355 1422 minus
1385 1389 1630 1432 splendidum,
1676 1402 1784 1436 quam
1815 1403 1912 1425 nunc
1944 1395 2055 1429 estin
2079 1397 2132 1430 di-

1134 1438 1259 1474 cendo.
1312 1438 1473 1473 Interdiu
1498 1447 1617 1474 autem
1637 1442 1790 1476 ducebas
1813 1441 1941 1479 choros
1965 1458 2030 1490 per
2054 1448 2131 1483 vias

1132 1490 1291 1534 publicas
1309 1497 1500 1524 coronatus
1516 1492 1694 1526 foeniculo
1707 1495 1912 1539 etpopuleis
1930 1497 2130 1541 frondibus,

1133 1548 1167 1575 et
1182 1549 1363 1587 serpentes
1382 1542 1574 1578 collidebas
1595 1544 1730 1578 levatos
1755 1558 1863 1590 supra
1888 1556 2012 1592 caput,
2039 1550 2130 1585 Bac-

1133 1591 1238 1627 chum
1255 1595 1427 1628 invocans
1446 1601 1479 1627 et
1494 1595 1639 1636 saltans,
1668 1608 1747 1629 cum
1769 1597 1912 1642 quidem
1925 1606 1957 1632 te
1967 1601 2130 1636 aniculae

1131 1646 1363 1679 nominarent
1378 1652 1412 1678 et
1426 1643 1579 1680 hederae
1605 1653 1639 1680 et
1663 1659 1868 1682 vannorum
1884 1649 1948 1697 4)
1975 1659 2128 1697 gestato-

1131 1709 1205 1730 rem
1256 1704 1290 1731 et
1305 1698 1505 1730 mercedem
1521 1699 1648 1731 darent
1664 1699 1845 1743 placentas
1862 1707 1896 1734 et
1909 1702 1993 1738 liba.
2039 1705 2130 1739 Pro-

1131 1755 1210 1793 pter
1225 1761 1281 1783 res
1297 1755 1433 1789 tantas,
1469 1749 1546 1794 quis
1563 1762 1638 1782 11011
1664 1751 1797 1784 (1166161
1823 1753 2006 1788 fortunam
2030 1762 2131 1791 tuam

1130 1800 1236 1834 fuisse
1255 1799 1445 1833 eximiam?
1482 1800 1680 1846 Postquam
1703 1814 1789 1835 vero
1814 1803 2005 1849 inscriptus
2029 1819 2065 1841 es
2090 1809 2129 1842 in

1131 1852 1228 1885 tribu
1250 1858 1330 1892 tua,
1369 1863 1409 1884 ac
1433 1851 1562 1885 omitto
1594 1854 1798 1898 quomodo,
1840 1855 1961 1889 statim
1993 1858 2130 1903 elegisti

1130 1916 1261 1937 munus
1277 1902 1492 1947 gloriosum,
1520 1910 1560 1937 ut
1580 1904 1731 1938 servires
1755 1905 1887 1941 infimis
1912 1909 2129 1954 magistrati-

1130 1955 1195 1989 bus
1227 1955 1264 1987 in
1294 1954 1540 1989 describendo.
1601 1955 1665 1989 His
1699 1957 1816 2001 operis
1845 1958 1977 1994 relictis
2002 1969 2128 2006 postea

1131 2007 1273 2047 omnia,
1316 2018 1407 2052 quae
1432 2008 1469 2039 in
1494 2006 1572 2040 aliis
1597 2018 1758 2049 accusas,
1797 2010 1910 2043 fecisti
1932 2011 2025 2056 ipse,
2060 2026 2127 2048 1166

1130 2058 1354 2102 discrepabat
1375 2057 1448 2090 vita
1472 2070 1623 2103 sequens
1647 2071 1665 2092 a
1688 2060 1814 2104 priori.
1877 2061 2021 2097 Locasti
2044 2078 2128 2110 ope-

1128 2122 1206 2143 ram
1223 2107 1456 2143 histrionibus
1469 2136 1477 2149 ,
1506 2110 1568 2155 qui
1584 2111 1820 2145 nominantur
1834 2114 1933 2147 rauci
1950 2116 2006 2148 vel
2023 2129 2129 2161 gran-

1129 2161 1265 2202 disoni,
1308 2168 1341 2194 et
1363 2161 1486 2194 tertias
1510 2168 1630 2205 partes
1655 2163 1871 2206 sustinuisti,
1911 2167 2005 2200 unde
2029 2169 2127 2211 ficus,

1128 2214 1252 2247 botros
1267 2219 1301 2246 et
1319 2212 1431 2246 olivas
1449 2212 1658 2257 colligebas,
1684 2215 1774 2249 sicut
1793 2228 1906 2261 caupo
1937 2230 1979 2252 ex
2002 2219 2127 2256 alienis

1127 2265 1267 2304 fundis,
1309 2271 1343 2297 et
1370 2264 1475 2309 plura
1509 2265 1706 2310 accipiebas
1738 2267 1906 2310 vulnera,
1950 2282 2058 2316 quam
2088 2272 2127 2306 in

1128 2317 1274 2361 proeliis
1296 2315 1465 2356 civitatis,
1503 2316 1542 2349 in
1570 2317 1698 2362 quibus
1721 2331 1784 2352 vos
1808 2320 1852 2352 de
1877 2320 1950 2354 vita
1978 2322 2126 2358 dimica-

1127 2369 1200 2403 stis.
1262 2367 1352 2401 Erat
1375 2367 1469 2401 enim
1494 2375 1708 2413 perpetuum
1730 2370 1864 2404 bellum
1889 2369 2126 2411 histrionibus

1129 2433 1208 2454 cum
1229 2419 1509 2465 spectatoribus,
1536 2421 1598 2453 ubi
1615 2433 1694 2454 cum
1719 2422 1832 2455 multa
1856 2424 2004 2459 xnlnera
2027 2439 2126 2461 acce-

1127 2471 1241 2517 peris,
1274 2483 1348 2504 non
1371 2471 1503 2505 mirum
1528 2477 1579 2505 est
1604 2478 1638 2505 te
1661 2472 1750 2507 alios
1775 2473 1910 2510 alienos
1941 2488 1960 2510 a
1994 2478 2126 2514 talibus

1126 2522 1255 2569 pugnis
1271 2535 1436 2557 accusare
1452 2522 1664 2558 timiditatis.
1717 2524 1786 2559 Sed
1805 2527 1932 2561 omitto
1950 2540 2011 2570 ea,
2037 2543 2128 2576 quo-

1127 2588 1208 2609 rum
1239 2587 1344 2609 causa
1370 2575 1408 2608 in
1432 2581 1681 2619 paupertatem
1705 2578 1866 2612 converti
1889 2586 2027 2624 potest,
2068 2593 2125 2615 ac-

1128 2628 1213 2661 cedo
1229 2627 1378 2672 propius
1394 2627 1438 2659 ad
1463 2638 1606 2660 morum
1628 2629 1903 2666 accusationem.
1958 2631 2064 2666 Tales
2086 2633 2126 2666 in

1161 2737 1229 2765 413)
1248 2738 1416 2768 vannorum]
1434 2737 1482 2763 Ed.
1504 2737 1581 2762 1562.
1600 2743 1748 2765 vaunuum.

1515 2779 1599 2815 54*
