2351 2990
120 130 195 165 989

122 215 364 255 adstrinxere,
409 221 449 248 ut
481 213 560 259 pari
593 212 812 257 benignitate
841 212 1028 258 gratiaque
1053 218 1126 245 tam

123 280 223 301 reum
240 279 349 312 quam
376 272 532 299 actorem
558 265 664 298 iudex
692 264 836 304 audiat,
872 265 956 297 dum
983 264 1128 298 alterius

124 331 265 352 causam
287 316 530 351 honestiorem
551 316 743 359 intelligat:
773 316 967 349 Scelestum
994 322 1028 349 et
1050 328 1127 349 cru-

123 371 202 404 dete
218 369 389 403 iudicium
408 381 500 408 esse,
526 368 553 401 si
572 368 657 413 quid
677 374 855 401 statuatur
874 373 976 400 antea
990 395 999 407 ,
1019 379 1126 413 quam

125 434 204 454 cum
222 421 448 455 accusatione
465 425 673 464 comparata
694 419 739 452 sit
757 419 928 452 defensio,
954 418 1009 451 Ad
1029 417 1127 458 haec,

123 473 190 507 sibi
208 474 300 506 male
317 472 494 518 propitios
513 471 608 505 Deos
628 472 784 504 reddunt
801 471 933 504 iudices
950 470 1027 510 isti,
1053 469 1127 515 qui,

124 537 204 558 cum
224 524 405 558 accusanti
424 536 528 557 aures
543 524 653 556 libere
672 522 906 563 indulserint,
935 534 996 555 reo
1021 522 1128 554 (lene-

125 583 230 621 gant,
264 583 325 609 aut
350 575 552 620 praestigiis
579 575 674 619 capti
697 574 900 614 delatoriis,
937 573 1128 607 mussitan-

123 634 176 661 tes
194 629 448 661 condemnant.
502 627 662 659 Tantum
682 639 701 659 a
720 627 834 666 iusto,
863 638 978 671 aequo
991 652 999 665 ‚
1017 626 1128 664 bono,

124 679 261 723 legibus
287 686 321 712 et
348 679 602 718 iureiurando,
631 684 775 712 senatus
799 678 888 710 bene
914 676 1128 710 constitutae

124 730 277 764 civitatis
294 730 472 764 calumnia
497 730 686 774 discrepat.
738 728 833 769 Iam,
861 729 889 762 si
916 729 971 762 cui
998 728 1127 761 dubiae

123 782 206 815 fidei
224 783 339 826 legum
361 782 565 816 conditores
582 782 769 821 videntur,
806 793 960 826 quorum
986 781 1125 813 decreta

123 841 376 875 commonent,
412 834 567 874 iustitia,
603 846 677 866 non
710 833 828 866 studio
853 832 1009 876 partium
1037 831 1128 865 iudi-

124 897 221 925 care,
251 885 279 919 is
299 887 401 931 longe
419 886 545 930 optimi
564 891 691 930 poetae
709 884 892 929 impendio
909 884 1033 917 scitam
1050 896 1128 917 sen-

123 937 273 970 tentiam
293 938 361 985 34),
390 939 502 971 immo
527 949 612 970 vero
638 937 750 980 legem
777 942 1041 971 sacrosanctam
1067 947 1128 968 au-

123 989 217 1021 diat:

172 1047 246 1082 Nec
264 1047 333 1081 nisi
349 1047 481 1081 librato
502 1047 648 1081 dirimat
668 1047 841 1082 sententia
860 1047 973 1086 litem,

170 1100 279 1133 Parte
297 1099 383 1145 quid
400 1113 441 1133 ex
456 1107 610 1146 utraque
621 1106 740 1146 queat,
759 1099 922 1132 examine
933 1096 1128 1143 causaeffi).

226 1168 408 1203 Nimirum
427 1175 525 1202 vates
543 1168 782 1213 intelligebat,
805 1180 846 1200 ex
865 1166 1032 1200 omnibus
1050 1165 1128 1199 nul-

120 1221 192 1254 lam
220 1233 314 1260 esse,
350 1232 465 1266 neque
491 1220 714 1264 graviorem,
749 1232 865 1265 neque
897 1217 1126 1252 audaciorem

120 1272 312 1311 iniuriam,
342 1285 448 1317 quam
467 1272 599 1305 indicta
621 1284 725 1305 causa
750 1282 969 1317 quemquam
994 1275 1129 1302 morta-

119 1324 207 1357 lium
239 1324 412 1357 damnare
434 1323 492 1371 36).
553 1322 592 1357 Id
629 1336 714 1356 vero
745 1335 785 1356 ex
818 1322 917 1355 omni
942 1328 1045 1367 parte
1073 1333 1128 1353 ca-

118 1375 319 1410 lumniator
343 1376 491 1409 molitur
507 1375 576 1422 3⁷),
610 1375 662 1409 uti
686 1388 765 1408 cum
792 1375 914 1408 furore
943 1386 983 1406 ac
1005 1384 1128 1406 vecor-

122 1429 179 1462 dia
216 1426 396 1467 homiuis,
438 1440 559 1460 coram
596 1440 667 1473 quo
700 1439 757 1461 res
788 1426 925 1471 agitur,
968 1425 1127 1458 indefen-

122 1493 201 1515 sum
217 1479 264 1525 38)
283 1492 383 1513 reum
403 1479 624 1519 committat,
651 1480 880 1512 defensurum
898 1478 1031 1523 parteis
1047 1489 1128 1510 suas

123 1531 338 1566 clancularia
360 1532 516 1565 sectione
536 1538 668 1565 arceat.
722 1531 822 1564 Adeo
848 1530 942 1563 enim
967 1528 1037 1562 boc
1063 1526 1128 1561 ho-

122 1584 262 1618 minum
289 1596 399 1627 genus
425 1583 622 1617 obnoxium
648 1589 699 1617 est
726 1582 914 1616 formidini
931 1580 999 1628 39),
1038 1581 1127 1613 adeo

122 1634 213 1669 nibil
234 1637 342 1669 audet
356 1635 494 1680 palam;
530 1636 591 1669 sed
616 1635 766 1679 perinde
790 1640 896 1680 atque
922 1634 983 1679 qui
1009 1645 1050 1665 ex
1075 1632 1127 1664 in-

123 1688 221 1723 sidiis
242 1687 435 1721 transversi
457 1685 596 1721 hostem
622 1687 817 1726 invadunt,
851 1698 892 1718 ex
918 1684 1042 1718 abdito
1066 1683 1128 1716 ali-

123 1741 237 1774 cunde
253 1752 360 1784 specu
379 1740 555 1773 iaculatur
571 1739 637 1784 ⁴⁰),
665 1744 705 1772 ut
723 1751 798 1772 non
817 1737 882 1778 sit,
918 1737 979 1782 qui
1001 1742 1126 1769 contra

120 1793 177 1825 vel
204 1792 346 1825 mittere
372 1792 502 1832 telum,
546 1792 602 1824 vel
625 1803 737 1824 manu
762 1790 978 1824 contendere
1003 1787 1127 1833 possit,

119 1843 305 1890 hostisque
335 1844 480 1888 ignarus
507 1843 726 1883 adversarii,
766 1843 974 1887 fraudisque
997 1840 1128 1874 inscius

121 1903 259 1942 pereat.
321 1896 428 1941 Quod
461 1897 622 1941 profecto
649 1895 797 1928 minime
825 1894 932 1926 fallax
954 1892 1126 1925 indicium

123 1955 194 1989 est,
221 1949 257 1981 in
276 1948 454 1982 calumnia
473 1946 564 1981 nibil
582 1948 694 1981 inesse
712 1947 806 1987 veri,
824 1943 914 1978 nihil
930 1945 1006 1979 sani
1025 1956 1128 1990 pror-

123 2014 201 2035 sum
218 2000 278 2047 4¹).
338 2000 431 2034 Nam
458 2000 521 2046 qui
546 2006 775 2034 accusaturus
800 1997 1027 2044 quempiam,
1061 1995 1128 2030 sibi

160 2102 208 2134 3⁴)
229 2103 262 2126 fl.
293 2103 310 2126 l.
337 2102 362 2125 in
382 2101 466 2125 Editt.
495 2100 589 2128 1538.,
622 2100 694 2124 1543.
720 2100 787 2123 nota
812 2098 928 2129 margin.
954 2097 1079 2128 Micylli:
1105 2099 1128 2121 A

196 2136 364 2161 testimonio.

161 2190 210 2218 35]
232 2189 357 2213 examine
376 2189 492 2217 causae]
517 2188 558 2212 sic
576 2188 626 2211 Ed.
647 2187 739 2214 1562.:
763 2188 874 2211 ceterae
893 2186 977 2210 Editt.
1004 2186 1130 2210 examine

196 2230 292 2249 causa.
331 2224 440 2254 (verba
465 2229 566 2250 graeca
592 2223 671 2246 huius
696 2223 853 2246 sententiae
873 2223 953 2245 sunt:
983 2218 1061 2250 Μὴτε
1089 2219 1129 2245 δι’·

196 2266 247 2289 κην
266 2256 396 2291 δικάσῃς,
415 2255 484 2289 πρὶν
502 2255 590 2290 ἄμφω
610 2257 658 2290 [al.
679 2254 805 2289 ιῗμφοῖν]
825 2256 921 2289 μῦθον
940 2253 1094 2289 ἀκούσῃς).

162 2308 210 2340 36)
232 2310 263 2332 Η.
286 2309 304 2334 l.
326 2308 351 2332 in
372 2308 455 2332 Editt.
478 2309 568 2336 1559.,
590 2309 655 2332 1564
674 2321 709 2325 -
729 2308 805 2334 1587.
825 2308 891 2332 nota
909 2306 1046 2338 margar:
1072 2306 1129 2331 Ca-

195 2343 345 2368 lumniator
364 2343 466 2367 indicta
483 2349 568 2367 causa
586 2344 705 2368 damnat.

162 2396 211 2423 37)
234 2396 266 2419 Η.
286 2396 305 2420 1.
325 2395 351 2418 in
373 2395 458 2419 Editt.
481 2395 572 2423 1538„
600 2395 675 2420 1513.
702 2396 767 2419 nota
794 2394 910 2425 margin.
930 2393 1051 2425 Micylli:
1077 2395 1130 2418 Mi-

198 2430 275 2454 noris
295 2430 472 2460 amplificatio
491 2435 508 2453 a
526 2430 615 2454 modo.

160 2472 209 2501 38)
231 2473 419 2501 indel'ensum]
447 2473 532 2497 Editt,
568 2473 658 2500 ¹559..

197 2507 370 2531 disiunctiin:
397 2507 423 2530 in
445 2508 598 2531 defensum.

160 2551 209 2579 39)
231 2551 262 2574 Η.
284 2551 301 2575 l.
323 2551 349 2574 in
370 2550 418 2573 Ed.
440 2550 514 2574 1518.
535 2552 601 2574 nota
620 2550 753 2581 margum
773 2550 954 2575 Metlculosos
972 2549 1132 2574 Calumnia-

195 2587 291 2615 ἴοι-θῇς
323 2587 350 2608 in
379 2585 462 2608 Editt.
491 2586 581 2615 1559,,
611 2586 702 2615 1564.,
731 2586 806 2610 1587.
827 2586 1050 2611 calumniatores
1072 2586 1132 2609 for-

196 2620 342 2649 midolosi3
362 2620 387 2643 in
409 2620 457 2644 Ed.
482 2620 555 2644 1570.
593 2620 818 2645 calumniatores
840 2620 1004 2645 formidandi
1024 2622 1096 2643 sunt.

165 2662 212 2703 40)
232 2663 383 2721 iapulae'ttur]
402 2663 441 2687 sic
460 2663 542 2687 Editt.
566 2663 633 2687 1518
651 2676 685 2680 -
706 2664 800 2694 1513.;
819 2664 904 2688 Editt.
926 2664 993 2688 1559
1012 2678 1038 2682 -
1058 2663 1131 2687 1592.

199 2704 258 2721 lacu
272 2704 307 2721 an
325 2705 366 2723 ur.

161 2737 209 2771 41)
230 2742 376 2769 prorsum]
397 2740 438 2764 sic
455 2745 550 2764 omnes
570 2740 654 2766 Editt.
678 2742 791 2771 praeter
818 2741 868 2768 Ed,
893 2741 986 2772 1562„
1019 2740 1063 2765 ubi
1089 2740 1132 2764 le-

195 2774 285 2805 gitur:
312 2781 440 2807 prorsus.

691 2473 786 2503 1564„
820 2473 915 2503 1570.,
952 2472 1027 2497 1587.
1060 2472 1132 2495 male

428 127 501 162 XL.
542 124 947 162 INTERPRETATIO
974 123 1239 160 ORATIONIS
1265 123 1462 159 LUCIANI
1490 123 1538 159 IN
1568 124 1873 164 CALUMMAM.

2112 134 2187 168 990

1183 210 1344 244 conscius
1363 217 1413 244 est
1432 211 1507 244 veri
1524 211 1571 258 ⁴⁸²)
1584 239 1592 253 ,
1621 215 1745 257 procul
1764 216 1872 249 dubio
1890 224 1923 250 et
1941 219 2058 263 palam
2079 221 2185 253 audet

1182 262 1426 295 adversarium
1446 263 1640 303 incessere,
1664 267 1863 310 corrigere,
1886 277 2098 314 purgantem
2120 272 2187 304 cri—

1182 326 1265 347 men
1291 314 1397 348 serre.
1451 315 1500 348 Ut
1527 316 1562 348 in
1588 317 1702 357 belm,
1741 318 1801 363 qui
1828 319 1918 352 iusta
1945 322 2019 354 acie
2043 323 2185 356 vincere

1182 363 1321 399 hostem
1343 366 1461 410 palam
1488 374 1624 411 potest,
1660 375 1764 413 turpe
1788 371 1905 410 ducit,
1941 379 2019 406 astu
2043 380 2075 406 et
2101 375 2186 408 insi-

1183 417 1250 451 diis
1267 422 1414 450 certare.
1467 418 1514 451 At
1537 417 1605 452 hoc
1629 433 1739 464 genus
1764 419 1929 456 homines
1954 424 1990 456 in
2015 425 2105 459 aulis
2129 439 2185 459 re—

1182 468 1247 512 giis
1265 474 1425 512 spectare
1442 470 1618 512 plurimos
1640 473 1745 506 datur
1763 474 1829 520 ⁴³),
1855 474 2067 519 optimatum
2087 478 2187 510 favo-

1181 532 1257 552 rem
1278 517 1373 553 bisce
1391 520 1526 555 artibus
1544 523 1755 558 anibienteis
1769 526 1816 572 ⁴³¹)
1829 553 1837 565 ,
1856 527 1916 559 ubi
1933 527 2065 561 scilicet
2083 535 2116 561 et
2133 529 2186 561 in-

1183 571 1277 604 vidia
1311 572 1434 604 crebra
1470 579 1504 605 et
1532 575 1653 608 variae
1677 577 1896 620 suspiciones
1922 585 1956 612 et
1979 581 2186 613 assentandi

1183 623 1470 668 criminandique
1489 626 1627 659 occasio
1654 628 1839 673 multiplex
1863 629 1899 662 in
1923 638 2095 675 promptu
2123 639 2186 666 est.

1183 674 1219 708 Si
1236 674 1380 720 quidem
1401 674 1449 707 ibi
1465 675 1529 722 4ιό),
1559 690 1630 722 quo
1648 679 1812 723 pluribus
1836 681 1938 725 plura
1965 695 2042 727 spes
2068 690 2186 717 osten-

1182 732 1254 766 tat,
1291 738 1332 759 eo
1358 738 1499 761 necesse
1525 735 1576 761 est
1600 730 1737 763 maiore
1762 732 1918 773 invidia,
1964 735 2185 770 saevioribus

1183 777 1294 818 odiis,
1322 779 1562 812 aemulatione
1582 781 1765 816 callidiore
1783 785 1924 818 certari.
1976 784 2049 819 Illic
2066 787 2112 833 ⁴⁶)
2133 788 2185 820 vi-

1183 830 1265 863 deas
1294 829 1393 870 licet,
1436 844 1544 877 quam
1581 845 1678 867 acres
1713 835 1803 867 alter
1826 836 1861 868 in
1886 837 2037 871 alterum
2063 840 2185 874 oculos

1183 882 1331 925 defigat,
1367 895 1435 927 qua
1456 896 1538 916 cura
1564 884 1748 926 observet,
1784 888 1893 921 veluti
1915 888 2088 933 singulari
2113 903 2186 924 cer-

1183 934 1317 966 tamine
1336 946 1545 978 congressus
1561 936 1628 981 ⁴⁷),
1655 937 1683 971 si
1701 938 1788 983 quid
1814 940 1951 983 uspiam
1979 941 2014 973 in
2039 942 2185 976 alterius

1183 997 1335 1030 corpore
1354 986 1447 1020 forte
1463 988 1607 1021 fortuna
1632 990 1767 1023 nudum
1781 1017 1790 1030 ,
1815 997 1876 1024 aut
1895 993 1987 1026 male
2005 995 2186 1028 munitum

1183 1037 1398 1081 conspiciat,
1433 1040 1528 1085 quod
1557 1040 1663 1074 ferire
1690 1042 1839 1076 feliciter
1860 1044 1982 1088 possit.
2036 1044 2089 1078 lta
2115 1052 2187 1080 stu-

1183 1089 1243 1123 dio
1262 1089 1390 1135 cuique
1415 1097 1485 1131 est,
1522 1105 1601 1125 cum
1628 1093 1701 1138 ipse
1727 1095 1863 1139 primus
1889 1109 1962 1130 esse
1986 1098 2102 1142 cupit,
2133 1098 2187 1131 uti

1183 1141 1387 1186 proximum
1407 1143 1569 1184 deiiciat,
1606 1147 1789 1187 exturbet,
1819 1149 2016 1190 convellat,
2043 1150 2187 1194 procul-

1183 1200 1248 1226 cet.
1302 1193 1368 1227 Hic
1389 1195 1418 1227 si
1447 1195 1526 1240 quis
1548 1203 1599 1230 est
1622 1197 1678 1230 vir
1699 1199 1811 1242 frugi,
1840 1206 1972 1233 temere
2001 1202 2186 1242 evertitur,

1183 1244 1365 1285 illuditur,
1419 1247 1575 1292 denique
1622 1249 1862 1293 ignominiose
1916 1253 2187 1288 exterminatur.

1183 1297 1316 1330 Contra
1330 1325 1339 1338 ,
1368 1298 1429 1344 qui
1445 1299 1656 1333 adsentandi
1677 1302 1783 1345 paulo
1803 1303 1954 1346 peritior
1969 1311 2038 1345 est,
2068 1312 2101 1338 et
2123 1303 2187 1338 ha-

1182 1348 1309 1381 biliore
1329 1351 1373 1382 ad
1392 1351 1639 1385 mentiendum
1670 1353 1834 1397 ingenio,
1862 1357 2057 1400 probatur,
2085 1370 2187 1402 supe-

1183 1407 1240 1433 rat
1264 1400 1323 1447 ²³⁸).
1381 1401 1473 1435 Sane
1500 1404 1649 1437 omnino
1677 1405 1773 1439 iuxta
1800 1407 1951 1441 Homeri
1976 1421 2121 1441 carmen
2138 1408 2186 1456 4⁹)

1184 1458 1234 1486 est
1250 1450 1356 1486 liuius
1376 1455 1581 1489 certaminis
1598 1456 1671 1489 alea
1687 1471 1692 1490 :

1234 1513 1405 1559 Undique
1423 1516 1605 1548 communi
1624 1517 1781 1550 saevitur
1800 1518 1935 1560 Marte,
1963 1520 2114 1566 parique

1233 1564 1430 1612 Victusque
1448 1567 1634 1613 victorque
1652 1570 1784 1602 cadunt
1802 1571 1888 1605 fato.

1284 1635 1404 1669 Alium
1431 1635 1582 1669 subinde
1605 1637 1694 1671 alius
1719 1639 1786 1672 alia
1812 1639 1868 1672 via
1896 1640 2122 1685 aggreditur,
2147 1645 2188 1673 ut

1181 1687 1255 1719 fere
1279 1688 1355 1720 fieri
1378 1688 1484 1728 solet,
1520 1688 1632 1722 sicubi
1647 1689 1693 1735 ⁵⁰)
1719 1691 1761 1724 de
1786 1692 1925 1736 magnis
1950 1692 2068 1736 agitur
2091 1704 2187 1724 com-

1182 1739 1318 1778 modis;
1345 1739 1406 1772 sed
1425 1752 1489 1784 per
1506 1741 1704 1775 calumnias
1723 1742 1789 1776 iter
1814 1750 1865 1777 est
1889 1750 1928 1777 ut
1957 1743 2188 1788 compendia·

1181 1791 1296 1831 rium,
1331 1791 1379 1823 ita
1404 1791 1553 1825 minime
1579 1805 1756 1828 securum.
1818 1795 2002 1840 Principia
2029 1795 2186 1828 invidiae

1182 1844 1312 1876 debent
1339 1842 1385 1890 51)
1424 1843 1516 1877 inter
1547 1857 1718 1891 spemque
1752 1853 1961 1893 metumque
1986 1846 2186 1881 fluctuanti.

1181 1895 1306 1929 Exitus
1321 1893 1413 1927 nihil
1429 1908 1503 1928 non
1522 1897 1725 1930 miserabile
1738 1925 1747 1938 ,
1776 1899 1950 1943 tragicum
1965 1926 1974 1939 ,
2002 1899 2186 1932 calamito—

1216 1997 1264 2030 42)
1286 1999 1317 2023 Η,
1338 1999 1355 2023 l.
1376 1997 1402 2021 in
1423 1997 1507 2022 Editt.
1530 1998 1605 2023 1559,
1619 2015 1626 2025 ,
1648 1999 1714 2022 1564
1732 2012 1766 2016 -
1788 1999 1861 2024 1587,
1882 2001 1947 2024 nota
1966 2001 2098 2031 margin.:
2126 2001 2186 2024 Ve-

1251 2035 1321 2057 ritas
1345 2039 1398 2056 non
1420 2033 1642 2063 tergiversatum
1672 2034 1698 2057 in
1720 2034 1804 2058 Editt.
1830 2035 1920 2060 1535..
1950 2036 2024 2061 1543.
2050 2037 2116 2060 nota
2134 2036 2186 2060 Mi-

1251 2068 1337 2099 cylli:
1362 2068 1506 2098 Epilogus.

1218 2111 1264 2143 43)
1300 2113 1331 2137 Η.
1365 2112 1384 2137 l.
1416 2111 1442 2134 in
1477 2111 1563 2136 Editt.
1591 2111 1682 2139 15³8..
1723 2112 1796 2136 15⁴0.
1831 2115 1896 2137 nota
1922 2114 2039 2145 margin.
2065 2114 2186 2144 Micylli:

1252 2147 1283 2170 ll.
1303 2146 1353 2170 Ubi
1374 2146 1545 2176 potissimum
1566 2149 1697 2169 versetur
1716 2147 1908 2172 calumniator.

1217 2188 1264 2221 4⁴)
1285 2190 1464 2218 ainbienteis]
1485 2190 1525 2213 sic
1545 2195 1639 2213 omnes
1659 2190 1761 2221 Edita,
1785 2193 1899 2221 excepta
1924 2192 1973 2215 Ed.
1996 2191 2085 2220 1522,
2111 2198 2179 2222 quae

1253 2226 1348 2249 habet:
1378 2225 1539 2248 ambientes.

1218 2268 1266 2301 45)
1288 2269 1320 2292 fl.
1342 2268 1358 2292 Ι.
1380 2268 1405 2291 in
1428 2268 1509 2292 leuitt.
1533 2267 1624 2299 1533,
1653 2267 1728 2292 1543.
1749 2269 1815 2292 nota
1834 2274 1922 2300 marg.
1942 2269 2066 2300 Micylli:
2091 2270 2185 2301 Argu-

1254 2305 1373 2328 mentum
1393 2308 1409 2326 δ,
1427 2308 1521 2329 causa.

1219 2346 1358 2404 wgnlllllgiq]
1380 2346 1421 2370 sic
1445 2351 1541 2369 omues
1559 2345 1643 2369 Editt.
1671 2345 1783 2375 praeter
1810 2345 1860 2369 Ed.
1881 2346 1973 2377 1518.,
2000 2346 2045 2369 ubi
2069 2346 2186 2377 legitur:

1219 2425 1267 2454 47)
1287 2425 1472 2453 congressus]
1492 2423 1532 2447 sic
1550 2423 1634 2449 Edttt.
1656 2424 1722 2447 1518
1740 2437 1773 2440 -
1794 2423 1885 2455 15-13.,
1907 2425 2000 2455 15325
2019 2424 2105 2449 Editt.
2123 2425 2189 2448 1559

1256 2474 1287 2477 -
1310 2459 1386 2484 1587.
1408 2465 1624 2490 congressurus.

1220 2503 1268 2536 48)
1290 2505 1322 2527 H.
1342 2504 1359 2526 l.
1380 2503 1407 2526 in
1427 2503 1510 2527 Editt.
1532 2502 1622 2533 15³3,
1653 2501 1727 2526 1543.
1747 2503 1813 2526 nota
1836 2502 1953 2533 margin.
1972 2502 2095 2533 Micylli:
2120 2504 2188 2527 Ani-

1256 2539 1397 2569 plificatio.

1219 2583 1268 2610 49)
1288 2583 1368 2607 Hom.
1388 2582 1418 2605 ll.
1437 2581 1529 2605 xvm
1542 2598 1550 2610 ,
1568 2580 1628 2606 309.

1220 2627 1268 2654 50)
1289 2626 1392 2654 sicubi]
1414 2625 1497 2649 Editt.
1522 2625 1613 2655 1559.,
1636 2624 1702 2648 ¹564
1720 2637 1754 2641 —
1772 2625 1848 2650 159⁷.
1869 2625 2035 2649 disiunctim:
2056 2625 2095 2648 sic
2113 2625 2168 2648 ubi.

1219 2670 1269 2697 51)
1290 2668 1425 2699 principia
1445 2668 1565 2691 invidiae
1581 2668 1673 2695 (Dat)
1694 2668 1808 2696 debent]
1829 2669 1869 2693 sic
1885 2669 1967 2692 Editt.
1986 2668 2187 2698 1518-1543.,

1258 2705 1333 2728 1592.
1358 2703 1402 2735 (z
1426 2703 1539 2729 Lucian.
1559 2701 1608 2733 τήν
1625 2699 1679 2735 μὶν
1698 2701 1788 2735 ἀρχὴν
1806 2699 1862 2727 ἀπὸ
1889 2701 2003 2736 φθόνου
2022 2721 2029 2728 .
2050 2722 2056 2727 .
2077 2701 2188 2735 λαμβά-

1253 2740 1379 2799 {ggii-etii?
1405 2739 1488 2762 Editt.
1509 2739 1576 2762 1559
1594 2751 1628 2755 -
1649 2738 1724 2763 1557.
1750 2739 1889 2770 Principia
1912 2739 2033 2763 invidiae
2065 2738 2188 2770 (Genit.)
