2351 2990
173 128 243 163 491

416 209 553 244 Aliud
578 213 908 254 argumentum.

275 292 442 327 'Narratio
474 293 516 325 de
550 290 704 324 amicitia
733 301 812 321 cum
836 285 997 325 Licinio,
1039 284 1161 318 addita

175 357 239 389 pro
258 344 379 377 :unicis
398 342 717 376 commendatione.
771 337 939 383 Sequitur
964 336 1081 370 brevis
1105 347 1165 380 pe-

175 396 252 429 titio
264 423 272 436 ,
301 402 339 429 ut
357 394 531 428 Licinium
549 393 691 425 adiuvet
708 390 744 422 in
760 389 937 423 omnibus.

420 482 557 516 Aliud
587 483 916 522 argumentum.

278 551 402 595 incipit
419 563 437 582 a
458 549 570 582 causis
589 546 922 585 commendationis,
950 542 1018 577 hoc
1034 549 1097 582 est,
1121 543 1165 575 ab

177 602 349 640 amicitia,
377 613 466 645 quae
482 600 549 633 sibi
566 612 645 632 cum
663 598 723 631 illo
746 595 1006 640 intercedat90).
1059 595 1166 627 Prae-

175 654 274 696 cipue
292 658 408 684 autem
433 651 588 685 studium
614 650 650 682 in
675 649 863 695 sequendis
884 647 1044 692 partibus
1060 646 1167 679 Pom-

175 704 243 748 peii
264 703 401 747 allegat.

345 799 531 835 Scholia
560 802 604 833 in
633 799 873 844 epistolam
901 794 990 829 thI.

303 874 333 920 ξ.
361 878 392 910 1.
436 879 478 910 L.
515 876 689 910 Gemit-ilio
705 871 777 920 91)]
817 869 1090 906 Commendatio
1108 869 1168 917 ⁹²).

178 932 261 963 Eum
285 925 428 974 nmmo]
457 926 637 961 Narratio.

278 994 307 1039 ἓ.
327 997 361 1030 2.
388 997 539 1035 Deinde,
566 996 597 1028 si
616 989 776 1039 quidffl)]
804 989 1053 1035 Praecisioffi).

476 1083 869 1130 Argumentumffi).

278 1157 426 1202 Aliquot
462 1168 544 1190 suos
579 1154 712 1187 amicos
747 1151 974 1185 commendat
1008 1146 1168 1182 Thermo

179 1208 423 1252 propraetori,
453 1209 497 1240 ad
518 1211 624 1252 quenl
641 1204 763 1239 scribit
783 1202 930 1247 epistola
949 1201 1008 1234 17.
1035 1199 1118 1233 libri
1133 1201 1169 1234 2.

180 1259 299 1292 Prima
327 1259 473 1303 epistola
500 1258 659 1291 continet
683 1253 1031 1289 commendationem
1062 1263 1170 1295 nego-

179 1312 309 1343 tiorum
336 1310 525 1344 Gemicilii.
590 1307 758 1343 Narratio
791 1304 898 1339 habet
926 1303 1169 1337 laudationem

179 1373 364 1406 personae,
393 1361 511 1394 addita
530 1358 840 1393 commendatione
857 1355 1004 1389 mininie
1020 1352 1170 1397 vulgari,

179 1419 217 1445 ut
236 1413 397 1445 videlicet
416 1412 469 1444 illi
485 1418 625 1456 praesto
654 1411 698 1444 sit
724 1421 784 1441 sna
812 1419 919 1451 opera
948 1406 984 1438 in
1006 1404 1171 1438 omnibus

179 1464 341 1507 negotiis.
389 1463 520 1495 Addita
537 1467 618 1494 sunt
635 1466 670 1493 et
685 1464 892 1502 argumenta
911 1457 954 1488 ab
970 1456 1079 1498 ipsius
1095 1466 1171 1485 ino-

181 1515 294 1553 rIbus,
323 1520 355 1546 et
372 1514 469 1559 quod
485 1524 624 1545 causam
642 1509 772 1543 habeat
789 1507 1028 1541 iustissimam.
1077 1504 1171 1536 Haec

181 1564 464 1604 commendatio,
505 1575 594 1608 quae
619 1566 760 1606 poterat
784 1558 896 1591 videri
923 1556 1028 1589 nimis
1056 1554 1172 1593 anxia,

183 1616 405 1648 concluditur
433 1614 653 1659 praecisione
686 1624 746 1645 seu
779 1609 1017 1647 correctione,
1052 1605 1171 1639 addita

182 1667 436 1709 significatione
455 1678 538 1699 suae
560 1662 797 1708 gratitudinis.

431 1758 564 1791 Aliud
589 1761 915 1800 argumentum.

283 1826 452 1861 Narratio
464 1851 473 1865 ‚
498 1836 588 1869 quae
605 1823 763 1856 continet
777 1821 977 1865 longiorem
995 1827 1172 1850 commen-

183 1879 363 1911 dationem
396 1877 621 1920 negotiorum
656 1873 845 1907 Geniicilii.
919 1868 1173 1904 Narrationcm

183 1929 342 1975 sequitur
360 1927 553 1973 praecisio,
581 1926 700 1957 addita
720 1924 931 1967 repetitione
948 1920 1174 1954 commenda-

184 1981 300 2014 tionis.

218 2115 266 2142 90)
285 2111 381 2142 Incipit
400 2122 433 2128 —-
452 2108 628 2135 intercedat]
649 2106 689 2129 sic
704 2103 884 2133 Editt.1565.‚
907 2102 993 2131 1571„
1015 2100 1106 2131 1596.;
1125 2099 1175 2123 Ed.

258 2148 333 2171 1556.
354 2147 377 2169 A
396 2145 488 2169 causis
509 2140 759 2166 commendationis.
780 2140 858 2167 (cett.
878 2137 1001 2164 desunt).

221 2198 267 2229 91)
289 2196 455 2224 Gemit-ilio]
476 2194 516 2218 sic
535 2194 599 2217 illae
618 2191 719 2221 Editt.;
744 2189 792 2212 Ed.
814 2187 899 2212 Orell.
920 2186 1080 2211 Genucilio.

221 2251 268 2277 92)
289 2250 361 2272 Haec
376 2250 441 2271 nota
455 2248 481 2270 et
498 2246 567 2269 duae
581 2245 725 2273 sequentes
743 2241 769 2264 in
783 2240 865 2263 Editt.
878 2238 964 2266 1537..
985 2237 1072 2267 1540„
1094 2236 1179 2267 1545„

256 2284 331 2308 ¹560.
352 2283 497 2312 leguntur3
524 2280 551 2303 in
570 2278 753 2306 kssditt.1544.‚
775 2275 867 2303 1554„
891 2272 964 2296 1557.
985 2272 1093 2295 desunt.

223 2335 270 2361 93)
291 2335 343 2357 Pro
357 2333 399 2355 his
413 2332 469 2357 Cic.
487 2330 579 2354 verbis
600 2330 625 2352 in
639 2328 721 2352 Editt.
736 2326 820 2355 1545„
841 2324 914 2348 1560.
929 2323 988 2346 huic
1003 2324 1084 2346 notae
1097 2327 1180 2352 prae-

260 2369 312 2391 fixa
331 2370 393 2389 sunt
414 2366 571 2396 sequentia:
596 2364 680 2387 Nihil
701 2363 785 2387 enim.

224 2419 271 2444 9-1)
291 2417 319 2439 In
339 2416 433 2438 iisdem
453 2415 469 2438 2
483 2414 565 2438 Editt.
583 2413 644 2436 huic
663 2414 744 2436 notae
764 2417 812 2441 pro
832 2409 873 2432 his
893 2407 1031 2437 adscripta
1050 2407 1114 2430 sunt
1133 2412 1180 2429 sc-

262 2451 371 2481 quentia
392 2450 446 2473 cic.
467 2450 564 2472 verba:
590 2448 646 2472 »Sed
664 2454 719 2471 nou
739 2446 818 2470 milti.

226 2504 273 2531 95)
293 2501 448 2528 praecisio]
470 2500 508 2523 sic
522 2500 605 2523 Editt.
623 2499 707 2524 1537..
728 2498 813 2524 1540..
835 2495 925 2520 1545:
950 2494 1000 2519 Ed.
1016 2492 1090 2516 1560.
1109 2492 1182 2515 Xar-

262 2536 341 2560 ratio.
362 2547 394 2551 —
432 2534 499 2557 Huic
519 2537 599 2557 natac
619 2534 646 2556 in
664 2533 747 2556 Editt.
770 2532 854 2561 15⁴5„
876 2530 950 2553 1560.
970 2529 997 2551 in
1017 2528 1071 2551 fine
1090 2527 1182 2549 addita

264 2572 329 2593 sunt
348 2570 427 2592 haec:
460 2571 571 2591 sinuum
593 2569 646 2591 ιἸΙιι
668 2567 748 2596 suut]
774 2566 839 2595 Agit
864 2564 979 2595 gratias.
1004 2562 1085 2590 (haec
1110 2561 1182 2583 enim

264 2605 349 2627 verba
367 2603 402 2626 ad
421 2602 524 2624 initium
545 2602 686 2631 sequentis
706 2601 839 2630 epistolae
865 2597 1020 2628 spectantia
1046 2596 1073 2619 in
1100 2595 1142 2618 his
1166 2594 1182 2618 2

264 2638 347 2662 Editt.
368 2637 402 2661 ad
421 2637 500 2659 finem
520 2636 652 2665 epistulae
671 2636 738 2659 mn.
757 2635 847 2658 relata
865 2634 952 2659 sunt).

227 2690 274 2717 96]
294 2689 352 2712 Hoc
371 2687 560 2716 argumentum
573 2687 599 2707 et
614 2691 731 2715 sequens
745 2685 772 2708 in
783 2684 868 2708 Editt.
882 2683 967 2713 1556„
988 2681 1096 2705 1565-
1107 2679 1182 2704 1596.

263 2722 446 2753 reperiuntur.

751 119 874 155 PfflL.
906 117 1020 154 MEL.
1054 115 1255 153 SCRIPTA
1289 115 1627 152 PHILOLOGICA.

2132 116 2206 154 492

1375 200 1559 239 Scholia
1594 203 1642 240 in
1678 203 1925 253 epistolam
1952 201 2043 240 LIV.

1286 324 1293 330 ¹
1320 275 1426 316 Quum
1447 277 1530 310 ηιὶΙιὶ
1548 274 1736 324 m1111a⁹⁷)]
1763 274 1847 320 Agit
1867 273 2064 321 gratiasae).
2117 273 2207 307 Pro-

1217 325 1365 368 positio:
1393 326 1536 360 Gratias
1553 339 1637 371 ago,
1665 328 1762 373 quod
1777 327 1972 360 liberaliter
1989 325 2147 359 tractasti
2157 324 2208 358 M.

1219 375 1434 411 Marcilium.
1497 379 1628 419 Quare,
1657 381 1741 425 quod
1757 380 1922 425 reliquum
1939 383 2006 418 est,
2031 390 2052 411 a
2068 382 2100 411 te
2114 373 2208 422 peto]

1218 427 1363 460 Adiecta
1390 427 1536 472 petitio,
1575 435 1609 462 et
1631 442 1724 463 nova
1750 429 2034 463 commendatio:
2076 426 2210 460 Iterum

1220 479 1371 511 eundem
1388 479 1453 512 tibi
1471 481 1694 515 commendo.

1514 553 1836 599 Argumentum
1850 556 1909 602 ⁹⁹).

1320 621 1480 666 Epistola
1498 623 1628 667 partim
1649 630 1699 658 est
1715 623 1911 667 gratiarum
1936 623 2029 656 actio
2041 649 2050 663 ‚
2077 621 2209 666 partim

1220 672 1357 716 petitio.
1409 672 1507 707 Loco
1526 674 1662 706 exordii
1679 674 1825 717 ponitur
1846 674 2043 718 propositio
2062 674 2211 717 figurata

1220 724 1501 766 comparatione.
1553 723 1691 757 Deinde
1709 731 1760 758 est
1774 725 1899 768 petitio
1916 737 1975 758 seu
1998 736 2091 758 nova
2116 736 2211 757 com-

1220 773 1414 808 mendatiO.

1467 840 1601 875 Aliud
1630 848 1959 886 argumentum.

1322 907 1480 953 Epistola
1501 916 1551 943 est
1568 907 1815 956 εὐχαρισῑική.
1863 909 2047 954 Principio
2065 915 2116 943 est
2131 921 2214 954 pro-

1222 959 1369 1004 positio:
1405 962 1482 1004 Ago
1501 961 1565 994 tibi
1580 962 1712 1005 gratias
1724 988 1732 1001 ‚
1762 962 1859 1006 quod
1876 961 2069 994 liberaliter
2085 966 2212 993 tracta-

1221 1011 1265 1044 sti
1282 1011 1498 1046 Marcilium.
1552 1012 1797 1056 Propositioni
1815 1013 1958 1045 additur
1981 1011 2107 1056 petItio
2132 1024 2212 1045 cum

1222 1074 1314 1094 nova
1334 1063 1660 1096 commendatione:
1695 1062 1827 1096 Iterum
1853 1064 2005 1096 eundem
2030 1062 2094 1096 tibi
2118 1075 2213 1095 com-

1223 1114 1353 1146 mendo
1368 1113 1440 1160 l⁰⁰).

1475 1190 1612 1223 Aliud
1641 1196 1966 1234 argumentum.

1324 1258 1447 1291 Primo
1465 1258 1661 1302 gratiarum
1681 1258 1772 1291 actio
1790 1265 1859 1298 est,
1895 1258 1992 1303 quod
2014 1256 2168 1290 amicum
2192 1268 2212 1289 a

1223 1322 1258 1343 se
1290 1311 1579 1342 commendatum
1611 1316 1774 1341 amanter
1799 1309 2015 1343 tractaverit.
2076 1307 2215 1341 Deinde

1224 1360 1367 1404 petitio,
1393 1367 1432 1393 ut
1449 1360 1480 1393 ei
1503 1372 1611 1404 porro
1637 1360 1744 1393 etiam
1767 1361 1994 1393 commodare
2022 1372 2063 1392 ac
2085 1359 2216 1404 gratifi-

1224 1412 1315 1451 cari,
1343 1412 1439 1456 quod
1461 1411 1589 1455 possit,
1617 1417 1752 1455 pergat.

1396 1490 1581 1526 Scholia
1618 1493 1665 1524 in
1693 1490 1940 1535 epistolam
1967 1489 2042 1524 LV.

1327 1559 1357 1605 ἓ,
1384 1561 1416 1597 1.
1460 1562 1536 1595 Etsi
1559 1561 1644 1594 milei
1667 1557 1798 1606 videor]
1841 1557 2040 1591 Exordium
2066 1568 2085 1589 a
2111 1568 2215 1591 causa

1225 1612 1422 1652 scribendi,
1466 1611 1596 1645 scilicet
1626 1611 1669 1644 ab
1698 1611 1834 1649 officio,
1873 1609 1955 1654 quia
1987 1607 2141 1641 amicitia
2166 1614 2217 1641 est

1226 1663 1314 1697 mihi
1339 1676 1418 1696 curn
1442 1663 1595 1697 Anneio.
1655 1663 1826 1707 σημεῖον,
1861 1658 2087 1707 αἰτιολογία,
2121 1659 2219 1704 quod

1227 1716 1271 1749 sit
1289 1715 1319 1748 ei
1332 1714 1360 1760 ¹)
1379 1714 1530 1753 amicus,
1558 1726 1637 1747 cum
1654 1713 1758 1745 lande
1775 1711 1958 1755 Anneii2).
2010 1713 2101 1744 lVam
2118 1721 2218 1755 quum

1227 1770 1295 1801 iam
1310 1763 1434 1812 diuss)]
1463 1764 1631 1798 Narratio
1652 1776 1732 1796 cum
1757 1758 1964 1800 ἀποδιώξει.

1332 1816 1361 1860 {-
1378 1819 1413 1851 2.
1440 1818 1493 1849 De
1516 1812 1663 1862 reliquo]
1692 1815 1723 1846 A
1743 1814 1819 1846 iure
1846 1817 2096 1854 argumentum
2116 1821 2218 1854 prae-

1229 1868 1329 1913 ponit
1353 1866 1570 1912 petitioni'‘).
1673 1867 1754 1899 Peto
1776 1865 1835 1897 abs
1854 1861 1905 1909 ie]
1941 1861 2071 1895 Petitio
2101 1874 2119 1893 a
2146 1861 2220 1905 pri-

1261 1970 1310 1998 97)
1329 1969 1399 1994 mila·
1419 1967 1526 1995 multa]
1546 1966 1585 1989 sic
1604 1965 1669 1988 illae
1687 1964 1787 1994 Editt.;
1816 1963 1866 1987 Ed.
1887 1961 1974 1986 osen.
1991 1961 2086 1985 multa
2104 1960 2184 1985 mihi.

1261 2011 1309 2041 98)
1329 2012 1394 2040 Agit
1413 2010 1534 2039 gratias]
1559 2009 1598 2031 sic
1622 2008 1649 2030 in
1673 2006 1763 2030 Editt.
1784 2005 1991 2035 1537—1544.‚
2013 2004 2107 2033 1554„
2128 2002 2222 2033 1557.;

1297 2046 1325 2068 iu
1338 2045 1422 2068 Editt.
1435 2044 1519 2071 1545„
1541 2043 1615 2066 1560.
1634 2042 1658 2064 Ιι.
1671 2041 1689 2065 l.
1709 2041 1827 2068 desunt,
1847 2038 1973 2069 quoniam
1992 2038 2027 2061 ad
2042 2038 2123 2061 finem
2138 2042 2222 2068 prae-

1297 2078 1420 2103 cedentis
1441 2076 1572 2107 epistotae
1591 2076 1654 2098 sunt
1672 2075 1776 2104 relata,
1802 2074 1863 2096 vide
1883 2074 1975 2095 notam
1995 2073 2037 2096 95.

1262 2123 1311 2151 99)
1332 2123 1389 2145 Hoc
1408 2120 1599 2176 arguuienttum
1620 2118 1647 2141 et
1666 2117 1718 2140 duo
1736 2115 1879 2146 sequentia
1896 2115 1923 2138 in
1942 2115 2026 2138 Editt.
2044 2114 2134 2145 1556„
2155 2113 2223 2138 1565

1299 2156 1415 2180 —1596.
1439 2155 1535 2177 exstan
1551 2171 1557 2177 .

1266 2198 1329 2230 100)
1350 2199 1490 2221 lternm—
1500 2194 1683 2222 commendo]
1699 2193 1739 2216 sic
1751 2192 1834 2217 Editt.
1847 2192 1920 2215 1565.
1941 2192 1983 2219 (in
1996 2196 2048 2221 qua
2060 2191 2110 2215 Ed.
2125 2197 2223 2215 errore

1300 2235 1410 2263 typogr.
1431 2231 1548 2260 tegitur:
1575 2227 1758 2259 commenda),
1779 2227 1874 2257 1571.‚
1902 2226 1994 2256 1556.;
2031 2225 2058 2249 iu
2077 2226 2126 2250 Ed.
2148 2226 2221 2250 1556.

1301 2269 1369 2291 haec
1389 2267 1493 2289 desunt.

1267 2311 1296 2338 1)
1316 2309 1356 2337 ci]
1376 2309 1402 2331 in
1421 2307 1469 2330 Ed.
1493 2305 1566 2328 1560.
1587 2304 1673 2328 deest.

1265 2353 1296 2383 2)
1317 2353 1391 2375 Haec
1404 2350 1468 2373 nota
1482 2348 1507 2371 in
1524 2348 1605 2370 Editt.
1622 2347 1706 2372 1545..
1728 2346 1802 2370 1560.
1822 2345 1955 2369 disiuncta
1974 2346 2015 2368 est
2033 2344 2060 2368 in
2079 2345 2129 2368 has
2147 2346 2222 2368 tres:

1301 2387 1368 2412 Etsi
1391 2384 1475 2411 mihi]
1493 2381 1642 2405 Exordium
1660 2393 1693 2397 —
1711 2388 1772 2404 cuin
1790 2380 1905 2403 Anneio.
1960 2379 2037 2403 Num
2061 2385 2146 2410 quum
2165 2379 2225 2402 iam

1301 2421 1366 2447 din]
1391 2417 1514 2449 σημεῖον.
1571 2416 1696 2439 Tantam
1721 2417 1751 2439 in
1776 2416 1823 2443 eo]
1849 2412 2003 2446 αἰτιολογία
2022 2425 2056 2430 -
2074 2412 2170 2436 Annei.
2189 2425 2223 2429 -

1302 2455 1332 2478 ln
1359 2453 1407 2477 Ed.
1429 2451 1502 2475 1537.
1528 2451 1611 2472 verba
1638 2450 1769 2480 σημεῖον,
1795 2448 1947 2479 αἰτιολογία
1974 2449 2026 2471 ete.
2051 2447 2106 2472 Cic.
2127 2445 2222 2470 verbis

1302 2489 1379 2514 ,Num
1397 2492 1483 2517 quum
1503 2486 1559 2508 inm
1578 2485 1627 2507 diu
1648 2484 1674 2507 in
1693 2483 1817 2514 margine
1837 2485 1901 2506 sunt
1919 2482 2054 2511 apposita.

1267 2531 1297 2562 3)
1318 2531 1370 2554 Pro
1396 2529 1436 2552 liis
1461 2528 1515 2552 Cic.
1542 2527 1633 2550 verbis
1656 2527 1683 2550 in
1705 2526 1790 2550 Editt.
1810 2526 1900 2555 1540„
1922 2525 2015 2554 1544„
2036 2524 2128 2553 1554.‚
2149 2523 2224 2547 1557.

1303 2565 1363 2589 huic
1381 2565 1462 2587 notae
1481 2562 1628 2591 adscriptis
1642 2561 1670 2584 in
1684 2560 1864 2589 Editt.1545.,
1886 2559 1960 2583 1560.
1979 2558 2003 2581 ei
2021 2558 2142 2588 praefixa
2161 2561 2226 2581 sunt

1305 2598 1463 2629 sequentia:
1490 2598 1564 2621 Eum
1583 2602 1646 2620 cum
1668 2595 1843 2625 surditatis,
1874 2593 1968 2623 quibus
1985 2591 2013 2615 in
2031 2592 2080 2616 Ed.
2101 2591 2175 2616 1537.
2196 2592 2223 2615 iu

1302 2633 1426 2663 margine
1444 2631 1571 2661 apposita
1590 2632 1640 2653 est.

1270 2679 1300 2706 4)
1320 2678 1393 2701 naec
1417 2676 1482 2699 nota
1508 2674 1535 2696 in
1559 2673 1642 2696 Editt.
1668 2672 1875 2702 1537—1544.‚
1896 2669 1986 2700 1554.‚
2009 2669 2082 2693 ¹557.
2108 2668 2226 2700 legitur3

1309 2712 1336 2735 in
1355 2710 1438 2736 Editt.
1459 2708 1549 2747 1:545„
1571 2708 1645 2732 ¹560.
1664 2708 1750 2732 deest.
