2351 2990
134 90 205 125 341

131 188 220 209 cam.
265 175 372 208 Ratio
388 180 527 219 sumpta
544 181 596 208 est
612 175 655 208 ab
672 174 769 209 utili:
797 176 890 221 Quia
907 174 974 212 hoc
991 178 1126 223 profuit

128 226 358 271 reipublicae.
410 226 541 259 Addita
563 231 614 259 est
636 226 866 271 amplificatio
892 229 936 261 de
960 242 1022 263 sua
1045 242 1125 274 per-

127 290 235 317 sona,
280 276 376 323 quod
406 288 512 310 nemo
540 276 653 321 possit
683 278 775 310 male
804 279 976 323 suspicari
1001 281 1044 313 de
1069 293 1123 322 eo,

127 342 206 362 cum
225 329 263 361 in
279 328 444 361 omnibus
461 326 607 361 honeste
625 340 661 361 se
678 329 833 372 gesserit.
883 330 1052 376 Sequitur
1068 344 1122 365 re-

125 380 251 424 petitio
270 379 453 412 institutae
469 378 619 412 rationis
641 379 684 412 ab
708 380 787 413 utili
812 392 876 424 per
901 382 1118 426 congerIem:

127 430 311 464 Exercitus
333 429 400 463 suit
418 430 700 467 confirmandus3
736 430 840 471 item,
869 432 1027 467 civitates
1043 435 1119 467 fini-

124 482 231 514 timae
257 480 462 513 retinendae
477 481 622 514 fuerunt
638 481 674 513 in
690 481 769 516 fide.
823 482 992 528 Epilogus
1011 483 1119 519 habet

122 533 266 574 longam
290 531 569 564 declarationem
593 544 676 565 suae
700 533 893 568 voluntatis
919 547 1000 579 erga
1023 548 1117 569 rem-

123 583 322 627 publicam,
350 582 406 615 cui
423 582 460 614 in
478 583 643 616 omnibus
661 584 859 618 consultum
887 586 983 630 cupit
1008 587 1114 620 etiam

122 633 288 677 neglectis
306 633 376 667 suis
394 630 592 667 honoribus
610 640 642 666 et
661 634 784 668 salute.

282 733 605 779 Argumentum
636 735 864 781 epistolae
891 735 949 770 IX.

220 809 518 843 Narratiunculae
533 809 578 856 65)
608 810 821 854 complures.

337 885 470 919 Aliud
498 891 809 929 argumentum
825 884 884 930 ⁶⁶).

219 953 317 987 Sicut
335 953 372 985 in
390 953 458 985 fine
476 952 718 996 praecedentis
736 952 904 996 epistolae
921 952 986 985 toti
1009 965 1109 986 sena-

115 1004 166 1038 tui
183 1016 285 1037 suum
305 1004 465 1036 animum
485 1004 695 1043 declaravit,
723 1003 771 1035 ita
791 1010 823 1036 et
840 1003 876 1036 in
899 1001 964 1037 hac
990 1005 1034 1037 ad
1052 1004 1108 1036 Ci-

113 1067 277 1088 ceronem
301 1054 469 1098 privatim
496 1054 617 1087 scribit
643 1061 677 1087 et
708 1055 895 1087 confirmat
920 1067 1020 1088 suam
1045 1068 1106 1088 vo-

111 1107 285 1139 luntatem
301 1106 453 1138 tuendae
480 1105 694 1148 reipublicae
712 1106 880 1139 adversus
895 1105 1104 1140 Antonium.

109 1157 307 1190 Exordium
350 1161 488 1189 constat
523 1156 760 1198 gratulatione
778 1182 787 1195 ,
839 1158 935 1201 quod
970 1157 1102 1190 bonam

110 1220 208 1252 spem
225 1207 346 1241 fecerit
361 1206 561 1250 pollicendo
580 1219 679 1239 suam
706 1218 853 1250 operam
877 1208 1102 1251 reipublicae.

108 1259 246 1291 Deinde
273 1264 323 1291 est
346 1257 565 1301 propositio,
608 1269 677 1302 qua
706 1258 893 1290 confirmat
915 1270 1015 1291 suam
1040 1271 1101 1291 vo-

108 1311 281 1343 luntatem
306 1309 342 1341 in
367 1308 552 1341 liberanda
576 1307 768 1352 republica.
836 1307 944 1341 Ratio
968 1309 1101 1352 gravis-

107 1361 197 1395 sima
214 1366 264 1393 est
281 1365 420 1403 sumpta
438 1371 478 1392 ex
494 1356 688 1392 honestatis
703 1359 799 1398 loco,
828 1360 924 1403 quod
943 1371 1017 1392 non
1035 1373 1098 1393 suo

110 1411 320 1450 commodo,
360 1411 421 1443 sed
445 1409 660 1453 reipublicae
688 1422 792 1443 causa
818 1409 854 1442 id
878 1410 995 1444 faciat.
1059 1410 1099 1443 Iu

106 1463 174 1496 fine
192 1469 242 1496 est
258 1461 417 1494 narratio
435 1461 477 1493 de
494 1460 565 1494 suis
583 1460 693 1504 copiis
705 1487 714 1501 ,
741 1461 854 1506 deque
871 1473 935 1494 suo
957 1461 1096 1495 itinere.

351 1536 487 1570 Aliud
514 1542 842 1580 argumentum.

195 1605 363 1639 Continet
381 1605 527 1649 epistola
545 1604 843 1649 pollicitationem
862 1604 980 1645 officii,
997 1606 1093 1651 quod

101 1657 201 1691 nullo
218 1668 332 1701 neque
348 1662 508 1699 tempore
527 1668 641 1700 neque
668 1656 746 1688 loco
770 1656 854 1688 velit
882 1657 999 1689 deesse
1025 1656 1093 1689 rei-

100 1709 280 1753 publicae,
308 1708 368 1740 sed
393 1719 469 1739 eam
496 1718 560 1750 pro
586 1706 720 1739 viribus
745 1706 927 1740 adiuvare.
979 1706 1092 1740 Exor-

99 1760 198 1793 dIum
217 1764 354 1791 constat
373 1758 510 1791 duobus
528 1756 631 1796 locis,
667 1757 904 1800 gratulatione
921 1763 955 1789 et
971 1758 1091 1791 testifi-

100 1811 238 1844 catione
254 1809 308 1843 sui
325 1809 469 1842 amoris.
522 1808 727 1852 Sequuntur
745 1808 834 1840 duae
853 1809 1089 1848 narrationes,

100 1874 251 1908 quarum
277 1860 387 1893 altera
412 1858 519 1892 habet
547 1859 804 1903 expositionem
833 1858 887 1892 sui
919 1859 1031 1892 animi
1056 1866 1089 1892 et

96 1912 291 1946 voluntatis
308 1923 390 1955 erga
407 1910 678 1954 rempublicam,
705 1909 742 1941 in
760 1921 828 1954 qua
845 1922 927 1943 usus
944 1916 994 1943 est
1011 1922 1088 1954 gra-

96 1964 240 1998 vissima
259 1962 466 1995 narratione
483 1973 565 1994 vere
582 1960 687 2004 digna
706 1960 920 2004 imperatore
947 1967 980 1993 et
1006 1973 1088 1993 con-

97 2016 190 2056 sule,
233 2015 329 2060 quod
351 2014 448 2047 nulla
472 2010 651 2045 honorum
677 2011 889 2055 cupiditate,
927 2012 988 2045 sed
1010 2018 1087 2045 tan—

97 2074 173 2100 tum
190 2065 405 2110 reipublicae
422 2076 543 2097 amore
563 2064 608 2096 ad
625 2063 698 2097 eius
716 2062 956 2096 defensionem
985 2069 1019 2095 et
1042 2064 1086 2095 ad

95 2124 189 2151 recte
207 2117 409 2151 faciendum
433 2115 648 2160 impellatur.
708 2113 829 2147 Altera
852 2113 1010 2146 narratio
1036 2120 1086 2147 est

94 2169 212 2202 brevis
228 2169 269 2201 de
284 2180 347 2201 suo
368 2167 533 2201 exercitu.
586 2165 627 2199 In
643 2167 711 2199 fine
729 2165 884 2198 breviter
906 2171 1028 2198 monet
1053 2172 1086 2198 et

96 2217 306 2253 adhortatur
323 2218 529 2252 Ciceronem
546 2218 591 2250 ad
608 2223 771 2251 mutuum
789 2228 961 2250 amorem.

344 2295 481 2328 Aliud
514 2299 842 2338 argumentum.

197 2361 261 2396 Est
278 2362 372 2395 idem
392 2368 638 2405 argumentum
656 2374 735 2394 cum
754 2360 901 2405 epistola
921 2360 1082 2404 septima.

94 2415 284 2449 Praedicat
300 2413 394 2446 enim
414 2425 516 2446 suum
535 2425 616 2457 erga
640 2412 898 2457 rempublicam
923 2412 1081 2444 animum

129 2534 176 2564 65)
196 2533 264 2558 Huic
276 2532 336 2557 voci
352 2532 378 2555 in
391 2530 474 2555 Editt.
485 2530 684 2559 1540-1545.,
700 2531 785 2561 1554„
800 2530 886 2562 1557„
907 2530 979 2555 1560.
999 2536 1082 2560 prae-

161 2570 216 2593 fixa
233 2569 297 2591 sunt
316 2567 371 2591 Cic.
390 2567 477 2589 verba
496 2563 536 2596 (§.
553 2565 605 2592 1.):
638 2565 722 2589 Nihil
745 2567 773 2589 te
797 2566 884 2595 mihi,
910 2565 1006 2595 quibus
1034 2567 1083 2589 hoc

162 2604 352 2633 argumentum
371 2601 398 2624 in
417 2600 466 2623 Ed.
488 2599 563 2623 1537.
582 2599 610 2622 in
629 2599 751 2630 margine
769 2602 813 2623 est
832 2600 994 2629 appositum.

131 2645 180 2672 66)
199 2646 257 2668 Hoc
274 2645 465 2675 argumentum
484 2644 511 2666 et
529 2642 584 2665 tria.
603 2642 786 2671 sequentiam
802 2642 885 2667 Editt.
905 2642 977 2667 1556.
989 2659 996 2673 ‚
1017 2643 1082 2667 1565

164 2679 281 2704 -1596.
302 2678 485 2702 inveniuntur.

274 87 396 124 XXIII.
446 87 754 125 ARGUMENTA
778 88 845 125 ET
871 89 1075 127 SCHOLIA
1099 91 1148 129 IN
1174 93 1322 133 EPIST.
1348 97 1462 136 FAM.
1490 99 1574 138 CIC.
1601 102 1689 141 LIB.
1709 107 1749 143 Χ.
1776 108 1848 147 ΕΡ.
1867 113 1900 148 8.
1919 115 1953 150 9.
1972 119 2030 154 10.

2098 123 2173 160 342

1178 192 1218 214 ac
1235 184 1403 220 studium.
1453 185 1493 220 In
1512 189 1658 224 exordio
1676 195 1875 235 gratulatur
1892 200 1958 234 sibi
1977 204 2074 238 illam
2095 207 2171 241 lau-

1176 232 1276 274 dem,
1305 248 1413 281 quam
1439 240 1535 282 apud
1551 240 1758 277 Ciceronem
1784 247 1962 293 obtineat,
1995 268 2169 304 suumque

1176 295 1257 328 erga
1275 286 1375 321 illum
1394 300 1554 324 amorem
1573 298 1732 329 testatur.

1421 364 1558 400 Aliud
1586 379 1916 413 argumentum.

1274 428 1389 464 Habet
1405 430 1491 468 haec
1507 435 1654 479 epistola
1672 444 1740 473 tres
1756 443 2053 482 narratiunculas.
2087 450 2166 484 Pri-

1171 488 1227 509 ma
1255 486 1305 513 est
1329 482 1371 514 de
1400 485 1521 518 animo
1544 499 1607 520 suo
1631 500 1712 532 erga
1733 490 1960 536 Ciceronem,
1989 504 2062 532 tum
2081 513 2163 545 erga

1169 531 1437 573 rempublicam.
1498 536 1656 571 Secunda
1680 548 1730 573 est
1750 543 1792 576 de
1811 542 2028 589 honoribus,
2067 554 2164 596 quod

1169 584 1307 613 tantum
1339 590 1437 627 petat
1463 585 1574 621 iustos
1603 586 1768 627 honores.
1836 595 1970 631 Ultima
2001 603 2160 636 narratio

1169 636 1220 662 est
1235 632 1277 664 de
1296 645 1360 666 suo
1379 637 1544 671 exercitu.

1359 735 1544 772 Scholia
1582 740 1628 773 in
1665 744 1907 787 epistolam
1936 752 1975 786 X.

1167 860 1172 866 .
1206 861 1213 867 η
1268 809 1297 855 {-
1318 813 1350 846 1.
1387 816 1462 848 Etsi
1485 815 1590 863 satis]
1623 817 1792 854 Narratio
1806 849 1814 861 ‚
1852 837 1919 869 qua
1945 833 2156 874 comprobat

1165 860 1256 895 illius
1284 863 1442 898 consilia.
1521 869 1557 900 Is
1580 871 1669 902 enim
1692 872 1851 920 deniqne]
1881 877 2085 928 αἰτιολογία
2096 883 2141 930 ⁶⁷)

1163 924 1273 957 quare
1290 916 1449 948 nondum
1469 916 1539 949 sint
1557 918 1688 952 decreti
1708 918 1874 959 honores.
2145 912 2155 925 '

1183 1013 1190 1020 ⁸
1265 962 1294 1007 ἓ.
1314 967 1348 1000 2.
1377 968 1412 999 Is
1427 973 1554 1007 autem,
1582 968 1659 1016 qui]
1687 970 1739 1004 Ex
1758 974 1963 1011 definitione
1975 978 2021 1025 68)
2040 977 2153 1016 hono-

1160 1026 1208 1047 ris
1226 1022 1366 1060 sumpta
1385 1023 1435 1050 est
1453 1018 1655 1067 αἶτιολογία
1666 1021 1724 1067 ⁶⁷).

1458 1102 1621 1147 Argum
1634 1109 1853 1156 entumffl').

1259 1168 1417 1213 Epistola
1442 1171 1573 1214 partim
1598 1173 1818 1216 laudatoria,
1860 1180 1990 1222 partim
2018 1183 2150 1221 adhor-

1157 1220 1284 1252 tatoria
1309 1227 1370 1254 est.
1430 1220 1571 1255 Laudat
1596 1225 1751 1267 primum
1778 1228 1996 1265 voluntatem
2013 1234 2136 1270 Planci

1156 1282 1223 1314 qua
1246 1271 1384 1313 cognita
1401 1271 1475 1314 ipsc
1492 1281 1698 1309 consecutus
1721 1277 1765 1310 sit
1789 1281 1882 1322 apud
1906 1294 2027 1318 ornnes
2053 1265 2149 1321 sum:

1154 1332 1248 1352 mam
1273 1321 1494 1364 dignitatem.
1560 1322 1784 1360 Adhortatur
1808 1333 1981 1373 eundem,
2017 1343 2055 1369 ut
2079 1340 2147 1371 rei-

1154 1372 1314 1415 publicae
1345 1372 1585 1407 defensionem
1616 1378 1784 1412 adversus
1808 1380 2006 1417 Antonium
2039 1391 2145 1422 susci-

1153 1422 1237 1466 piat.
1290 1422 1354 1456 Est
1371 1423 1490 1468 itaque
1507 1426 1623 1468 prima
1641 1439 1723 1471 pars
1742 1426 1845 1465 huius
1869 1435 2038 1477 epistolae
2062 1451 2144 1474 nar-

1151 1473 1242 1505 ratio
1261 1474 1302 1506 de
1321 1474 1466 1507 consilio
1491 1481 1525 1508 et
1551 1478 1734 1512 voluntate
1759 1480 1901 1523 Planci,
1937 1499 2043 1531 quam
2068 1490 2142 1534 ipse

1151 1530 1183 1556 et
1201 1536 1323 1558 omnes
1341 1524 1401 1556 alii
1418 1523 1647 1560 vehementer
1664 1530 1835 1573 probent;
1870 1535 1954 1569 item
1976 1539 2017 1571 de
2034 1552 2140 1575 orna-

1148 1575 1276 1609 mentis
1312 1577 1473 1609 nondum
1505 1578 1653 1612 decretis
1687 1581 1890 1618 absentibus
1924 1591 2139 1633 consulibus,

1148 1627 1267 1658 addita
1310 1632 1404 1659 certa
1446 1628 1703 1671 pollicitatione
1745 1636 1896 1676 praemii
1942 1639 2140 1682 dignissimi

1146 1676 1254 1720 ipsius
1272 1677 1413 1710 virtute.
1471 1678 1592 1712 Altera
1619 1692 1702 1724 pars
1722 1679 1828 1718 habet
1852 1691 2137 1733 propositionem

1144 1740 1204 1761 seu
1223 1726 1533 1770 adhortationem,
1565 1737 1605 1764 ut
1630 1741 1755 1777 pergat
1778 1737 1969 1773 defendere
1994 1754 2137 1788 rempu-

1142 1779 1269 1812 blicam
1287 1779 1369 1812 totis
1385 1780 1530 1814 viribus.
1581 1780 1621 1813 In
1638 1784 1707 1817 fine
1723 1786 1835 1820 defert
1852 1801 1953 1823 suum
1981 1794 2135 1829 officium

1142 1829 1179 1862 in
1194 1831 1440 1874 promovenda
1458 1837 1491 1863 et
1507 1832 1726 1868 defendenda
1744 1837 1915 1881 dignitate
1934 1843 2049 1878 amici.

1394 1913 1530 1949 Aliud
1564 1928 1889 1962 argumentum.

1242 1980 1459 2014 Laudatoria
1480 1989 1529 2016 est
1545 1984 1704 2026 epistola.
1756 1989 1943 2024 Praedicat
1963 1994 2055 2027 enim
2075 1996 2132 2029 Ci-

1141 2043 1221 2064 cero
1247 2039 1451 2076 promptam
1476 2033 1512 2065 in
1528 2033 1661 2068 Planco
1684 2037 1890 2074 liberandae
1916 2043 2130 2088 reipublicae

1140 2083 1380 2123 voluntatem,
1410 2085 1504 2128 quod
1524 2086 1671 2119 omnino
1689 2091 1912 2125 constituerit
1936 2098 2130 2139 rempubli-

1139 2146 1214 2166 cam
1231 2134 1301 2165 iam
1319 2133 1454 2168 invare.
1508 2135 1691 2181 Principio
1720 2147 1770 2173 est
1791 2145 1952 2177 narratio
1977 2146 2125 2190 figurata

1139 2184 1389 2228 occupatione,
1432 2197 1499 2230 qua
1525 2189 1746 2223 occasionem
1771 2192 1945 2227 scribendi
1970 2199 2126 2241 exponit.

1137 2235 1275 2268 Deinde
1303 2248 1409 2280 quam
1437 2243 1534 2280 grata
1558 2241 1696 2273 senatui
1720 2242 1826 2277 suerit
1849 2245 1922 2278 eius
1950 2248 2126 2290 voluntas,

1137 2293 1414 2327 commemorat,
1451 2294 1484 2320 et
1506 2291 1659 2323 ostendit
1684 2304 1762 2325 eum
1787 2307 1944 2329 summos
1970 2295 2124 2334 honores

1137 2350 1178 2371 ex
1201 2338 1267 2371 isto
1290 2344 1419 2371 conatu
1445 2347 1714 2376 consecuturum
1740 2356 1822 2379 esse.
1876 2347 1985 2381 Addit
2004 2357 2121 2384 autem

1137 2389 1424 2433 occupationem,
1452 2402 1514 2423 cur
1535 2399 1676 2426 senatus
1703 2395 1882 2430 decretum
1908 2399 1951 2431 de
1976 2396 2122 2434 honori-

1135 2441 1199 2473 bus
1217 2440 1403 2475 distulerit.
1451 2440 1583 2486 Estque
1599 2443 1646 2475 ibi
1667 2446 1803 2479 erudita
1821 2447 2013 2493 disputatio
2029 2465 2122 2485 sum—

1168 2557 1218 2584 67)
1235 2556 1402 2589 αἰτιολογία]
1422 2558 1506 2581 Editt.
1525 2559 1614 2591 1545„
1637 2561 1711 2587 1560.
1730 2564 1897 2597 Aetiotogfa.

1167 2600 1215 2628 68)
1234 2600 1404 2629 definitione]
1426 2601 1474 2624 Ed.
1497 2602 1571 2626 1545.
1592 2609 1688 2627 errore
1708 2606 1833 2638 typogr.:
1862 2609 2032 2635 diffinitione.

1167 2643 1215 2669 69)
1240 2643 1297 2665 Hoc
1318 2644 1507 2673 argumentum
1527 2645 1553 2666 et
1573 2644 1624 2669 duo
1644 2649 1787 2677 sequentia
1805 2650 1832 2675 in
1851 2651 1934 2677 Editt.
1952 2652 2035 2685 1556,
2058 2654 2122 2678 1565

1204 2677 1318 2701 -1596,
1340 2677 1458 2700 exstant.

1421 2709 1510 2746 22*
