<?xml version="1.0" encoding="UTF-8"?>
<!DOCTYPE html PUBLIC "-//W3C//DTD XHTML 1.0 Transitional//EN"
    "http://www.w3.org/TR/xhtml1/DTD/xhtml1-transitional.dtd">
<html xmlns="http://www.w3.org/1999/xhtml" xml:lang="en" lang="en">
 <head>
  <title>
</title>
<meta http-equiv="Content-Type" content="text/html;charset=utf-8" />
  <meta name='ocr-system' content='tesseract 3.04.00' />
  <meta name='ocr-capabilities' content='ocr_page ocr_carea ocr_par ocr_line ocrx_word'/>
</head>
<body>
  <div class='ocr_page' id='page_1' title='image "./operaquaesupersu17melauoft_0127.png"; bbox 0 0 2294 2975; ppageno 0'>
   <div class='ocr_carea' id='block_1_1' title="bbox 80 140 1991 188">
    <p class='ocr_par' dir='ltr' id='par_1_1' title="bbox 80 140 1991 188">
     <span class='ocr_line' id='line_1_1' title="bbox 80 140 1991 188; baseline 0.005 -9"><span class='ocrx_word' id='word_1_1' title='bbox 80 143 155 181; x_wconf 77' lang='lat'>229</span> <span class='ocrx_word' id='word_1_2' title='bbox 221 143 342 178; x_wconf 82' lang='lat' dir='ltr'>xxm.</span> <span class='ocrx_word' id='word_1_3' title='bbox 393 140 704 177; x_wconf 55' lang='lat' dir='ltr'><strong>ARGUMENTA</strong></span> <span class='ocrx_word' id='word_1_4' title='bbox 728 140 794 175; x_wconf 86' lang='lat' dir='ltr'>ET</span> <span class='ocrx_word' id='word_1_5' title='bbox 821 140 1023 175; x_wconf 84' lang='lat' dir='ltr'>SCHOLIA</span> <span class='ocrx_word' id='word_1_6' title='bbox 1051 141 1097 175; x_wconf 64' lang='lat' dir='ltr'>ix</span> <span class='ocrx_word' id='word_1_7' title='bbox 1122 141 1269 176; x_wconf 78' lang='lat' dir='ltr'>EPlsr.</span> <span class='ocrx_word' id='word_1_8' title='bbox 1297 141 1411 177; x_wconf 62' lang='grc' dir='ltr'><strong>ΒΑΜ.</strong></span> <span class='ocrx_word' id='word_1_9' title='bbox 1438 141 1521 178; x_wconf 80' lang='lat' dir='ltr'>cic.</span> <span class='ocrx_word' id='word_1_10' title='bbox 1552 143 1714 183; x_wconf 81' lang='lat' dir='ltr'>LIB.V1.</span> <span class='ocrx_word' id='word_1_11' title='bbox 1741 148 1813 185; x_wconf 80' lang='grc' dir='ltr'>ΕΡ.</span> <span class='ocrx_word' id='word_1_12' title='bbox 1831 151 1991 188; x_wconf 83' lang='lat'>14—18.</span> 
     </span>
    </p>
   </div>
   <div class='ocr_carea' id='block_1_2' title="bbox 216 226 941 273">
    <p class='ocr_par' dir='ltr' id='par_1_2' title="bbox 216 226 941 273">
     <span class='ocr_line' id='line_1_2' title="bbox 216 226 941 273; baseline -0.003 -10"><span class='ocrx_word' id='word_1_13' title='bbox 216 228 396 263; x_wconf 78' lang='lat' dir='ltr'>Scholia</span> <span class='ocrx_word' id='word_1_14' title='bbox 426 230 472 262; x_wconf 91' lang='lat' dir='ltr'>in</span> <span class='ocrx_word' id='word_1_15' title='bbox 499 228 750 273; x_wconf 83' lang='lat' dir='ltr'>epistolam</span> <span class='ocrx_word' id='word_1_16' title='bbox 781 226 941 273; x_wconf 73' lang='lat' dir='ltr'>XVI.³³).</span> 
     </span>
    </p>
   </div>
   <div class='ocr_carea' id='block_1_3' title="bbox 81 285 1076 436">
    <p class='ocr_par' dir='ltr' id='par_1_3' title="bbox 81 285 1076 436">
     <span class='ocr_line' id='line_1_3' title="bbox 186 285 1076 334; baseline -0.006 -10"><span class='ocrx_word' id='word_1_17' title='bbox 186 288 216 333; x_wconf 56' lang='grc' dir='ltr'>ᾗ.</span> <span class='ocrx_word' id='word_1_18' title='bbox 245 291 276 323; x_wconf 90' lang='lat'>1.</span> <span class='ocrx_word' id='word_1_19' title='bbox 316 292 359 324; x_wconf 61' lang='lat' dir='ltr'>Se·</span> <span class='ocrx_word' id='word_1_20' title='bbox 382 290 466 323; x_wconf 75' lang='lat' dir='ltr'>mihi</span> <span class='ocrx_word' id='word_1_21' title='bbox 491 301 558 322; x_wconf 81' lang='lat' dir='ltr'>non</span> <span class='ocrx_word' id='word_1_22' title='bbox 579 294 687 322; x_wconf 81' lang='lat' dir='ltr'>tecum</span> <span class='ocrx_word' id='word_1_23' title='bbox 704 285 780 334; x_wconf 74' lang='lat'>3¹)]</span> <span class='ocrx_word' id='word_1_24' title='bbox 815 287 1076 331; x_wconf 79' lang='lat' dir='ltr'>Argumentum</span> 
     </span>
     <span class='ocr_line' id='line_1_4' title="bbox 81 338 1076 379; baseline -0.001 -7"><span class='ocrx_word' id='word_1_25' title='bbox 81 340 420 374; x_wconf 72' lang='lat' dir='ltr'>commendationis:</span> <span class='ocrx_word' id='word_1_26' title='bbox 462 339 572 373; x_wconf 90' lang='lat' dir='ltr'>Vetus</span> <span class='ocrx_word' id='word_1_27' title='bbox 604 345 655 372; x_wconf 87' lang='lat' dir='ltr'>est</span> <span class='ocrx_word' id='word_1_28' title='bbox 681 338 775 371; x_wconf 89' lang='lat' dir='ltr'>inter</span> <span class='ocrx_word' id='word_1_29' title='bbox 811 351 876 372; x_wconf 90' lang='lat' dir='ltr'>nos</span> <span class='ocrx_word' id='word_1_30' title='bbox 908 339 1076 379; x_wconf 86' lang='lat' dir='ltr'>amicitia,</span> 
     </span>
     <span class='ocr_line' id='line_1_5' title="bbox 82 390 887 436; baseline 0 -12"><span class='ocrx_word' id='word_1_31' title='bbox 82 403 165 436; x_wconf 90' lang='lat' dir='ltr'>ergo</span> <span class='ocrx_word' id='word_1_32' title='bbox 184 393 267 425; x_wconf 91' lang='lat' dir='ltr'>volo</span> <span class='ocrx_word' id='word_1_33' title='bbox 284 405 340 425; x_wconf 89' lang='lat' dir='ltr'>me</span> <span class='ocrx_word' id='word_1_34' title='bbox 356 391 420 425; x_wconf 90' lang='lat' dir='ltr'>tibi</span> <span class='ocrx_word' id='word_1_35' title='bbox 437 403 509 425; x_wconf 88' lang='lat' dir='ltr'>esse</span> <span class='ocrx_word' id='word_1_36' title='bbox 527 390 818 423; x_wconf 90' lang='lat' dir='ltr'>commendatum</span> <span class='ocrx_word' id='word_1_37' title='bbox 828 390 887 436; x_wconf 42' lang='grc' dir='ltr'>3ζ’).</span> 
     </span>
    </p>
   </div>
   <div class='ocr_carea' id='block_1_4' title="bbox 373 474 780 521">
    <p class='ocr_par' dir='ltr' id='par_1_4' title="bbox 373 474 780 521">
     <span class='ocr_line' id='line_1_6' title="bbox 373 474 780 521; baseline -0.002 -12"><span class='ocrx_word' id='word_1_38' title='bbox 373 476 704 520; x_wconf 85' lang='lat' dir='ltr'>Argumentum</span> <span class='ocrx_word' id='word_1_39' title='bbox 720 474 780 521; x_wconf 72' lang='grc'>36).</span> 
     </span>
    </p>
   </div>
   <div class='ocr_carea' id='block_1_5' title="bbox 76 531 1076 938">
    <p class='ocr_par' dir='ltr' id='par_1_5' title="bbox 76 531 1076 938">
     <span class='ocr_line' id='line_1_7' title="bbox 181 531 1075 580; baseline -0.002 -12"><span class='ocrx_word' id='word_1_40' title='bbox 181 535 341 579; x_wconf 81' lang='lat' dir='ltr'>Epistola</span> <span class='ocrx_word' id='word_1_41' title='bbox 359 542 411 569; x_wconf 91' lang='lat' dir='ltr'>est</span> <span class='ocrx_word' id='word_1_42' title='bbox 426 534 606 580; x_wconf 88' lang='lat' dir='ltr'>petitoria.</span> <span class='ocrx_word' id='word_1_43' title='bbox 659 533 779 578; x_wconf 83' lang='lat' dir='ltr'>Rogat</span> <span class='ocrx_word' id='word_1_44' title='bbox 800 534 893 567; x_wconf 92' lang='lat' dir='ltr'>enim</span> <span class='ocrx_word' id='word_1_45' title='bbox 912 531 1075 578; x_wconf 84' lang='lat' dir='ltr'>Bithyni-</span> 
     </span>
     <span class='ocr_line' id='line_1_8' title="bbox 80 585 1076 626; baseline -0.002 -7"><span class='ocrx_word' id='word_1_46' title='bbox 80 598 159 626; x_wconf 88' lang='lat' dir='ltr'>cus,</span> <span class='ocrx_word' id='word_1_47' title='bbox 186 593 225 619; x_wconf 93' lang='lat' dir='ltr'>ut</span> <span class='ocrx_word' id='word_1_48' title='bbox 244 586 368 619; x_wconf 90' lang='lat' dir='ltr'>Cicero</span> <span class='ocrx_word' id='word_1_49' title='bbox 386 599 421 620; x_wconf 92' lang='lat' dir='ltr'>se</span> <span class='ocrx_word' id='word_1_50' title='bbox 441 587 623 620; x_wconf 76' lang='lat' dir='ltr'>absentem</span> <span class='ocrx_word' id='word_1_51' title='bbox 642 586 832 618; x_wconf 82' lang='lat' dir='ltr'>defendere</span> <span class='ocrx_word' id='word_1_52' title='bbox 849 598 888 619; x_wconf 91' lang='lat' dir='ltr'>ac</span> <span class='ocrx_word' id='word_1_53' title='bbox 912 585 1003 618; x_wconf 89' lang='lat' dir='ltr'>tueri</span> <span class='ocrx_word' id='word_1_54' title='bbox 1017 597 1076 618; x_wconf 77' lang='lat' dir='ltr'>ve-</span> 
     </span>
     <span class='ocr_line' id='line_1_9' title="bbox 80 636 1074 681; baseline -0.001 -12"><span class='ocrx_word' id='word_1_55' title='bbox 80 636 130 671; x_wconf 91' lang='lat' dir='ltr'>lit.</span> <span class='ocrx_word' id='word_1_56' title='bbox 192 637 389 671; x_wconf 85' lang='lat' dir='ltr'>Exordium</span> <span class='ocrx_word' id='word_1_57' title='bbox 416 638 575 670; x_wconf 89' lang='lat' dir='ltr'>continet</span> <span class='ocrx_word' id='word_1_58' title='bbox 601 644 850 681; x_wconf 72' lang='lat' dir='ltr'>argumentum</span> <span class='ocrx_word' id='word_1_59' title='bbox 879 647 940 671; x_wconf 89' lang='lat' dir='ltr'>seu</span> <span class='ocrx_word' id='word_1_60' title='bbox 965 636 1074 669; x_wconf 88' lang='lat' dir='ltr'>ratio-</span> 
     </span>
     <span class='ocr_line' id='line_1_10' title="bbox 78 686 1076 734; baseline 0 -14"><span class='ocrx_word' id='word_1_61' title='bbox 78 700 160 721; x_wconf 90' lang='lat' dir='ltr'>nem</span> <span class='ocrx_word' id='word_1_62' title='bbox 175 701 259 722; x_wconf 89' lang='lat' dir='ltr'>suae</span> <span class='ocrx_word' id='word_1_63' title='bbox 274 689 468 733; x_wconf 84' lang='lat' dir='ltr'>petitionis,</span> <span class='ocrx_word' id='word_1_64' title='bbox 484 695 605 734; x_wconf 78' lang='lat' dir='ltr'>estque</span> <span class='ocrx_word' id='word_1_65' title='bbox 615 686 702 721; x_wconf 69' lang='lat' dir='ltr'>haec</span> <span class='ocrx_word' id='word_1_66' title='bbox 714 701 868 721; x_wconf 84' lang='lat' dir='ltr'>summa:</span> <span class='ocrx_word' id='word_1_67' title='bbox 896 687 1006 721; x_wconf 72' lang='lat' dir='ltr'>Vetus</span> <span class='ocrx_word' id='word_1_68' title='bbox 1025 694 1076 721; x_wconf 88' lang='lat' dir='ltr'>est</span> 
     </span>
     <span class='ocr_line' id='line_1_11' title="bbox 76 737 1075 785; baseline -0.001 -14"><span class='ocrx_word' id='word_1_69' title='bbox 76 739 170 772; x_wconf 90' lang='lat' dir='ltr'>inter</span> <span class='ocrx_word' id='word_1_70' title='bbox 201 752 267 774; x_wconf 92' lang='lat' dir='ltr'>nos</span> <span class='ocrx_word' id='word_1_71' title='bbox 291 741 466 780; x_wconf 88' lang='lat' dir='ltr'>amicitia,</span> <span class='ocrx_word' id='word_1_72' title='bbox 495 752 605 785; x_wconf 89' lang='lat' dir='ltr'>quare</span> <span class='ocrx_word' id='word_1_73' title='bbox 631 740 735 784; x_wconf 86' lang='lat' dir='ltr'>cupio</span> <span class='ocrx_word' id='word_1_74' title='bbox 754 766 763 779; x_wconf 94' lang='lat'>,</span> <span class='ocrx_word' id='word_1_75' title='bbox 800 746 839 771; x_wconf 91' lang='lat' dir='ltr'>ut</span> <span class='ocrx_word' id='word_1_76' title='bbox 862 752 917 771; x_wconf 90' lang='lat' dir='ltr'>me</span> <span class='ocrx_word' id='word_1_77' title='bbox 945 737 1075 771; x_wconf 76' lang='lat' dir='ltr'>habeas</span> 
     </span>
     <span class='ocr_line' id='line_1_12' title="bbox 78 790 1076 836; baseline -0.002 -13"><span class='ocrx_word' id='word_1_78' title='bbox 78 793 378 826; x_wconf 87' lang='lat' dir='ltr'>commendatum.</span> <span class='ocrx_word' id='word_1_79' title='bbox 447 791 616 836; x_wconf 88' lang='lat' dir='ltr'>Sequitur</span> <span class='ocrx_word' id='word_1_80' title='bbox 645 790 867 835; x_wconf 83' lang='lat' dir='ltr'>propositio,</span> <span class='ocrx_word' id='word_1_81' title='bbox 909 801 999 834; x_wconf 87' lang='lat' dir='ltr'>quae</span> <span class='ocrx_word' id='word_1_82' title='bbox 1025 796 1076 822; x_wconf 90' lang='lat' dir='ltr'>est</span> 
     </span>
     <span class='ocr_line' id='line_1_13' title="bbox 76 840 1072 887; baseline -0.002 -13"><span class='ocrx_word' id='word_1_83' title='bbox 76 842 194 876; x_wconf 90' lang='lat' dir='ltr'>brevis</span> <span class='ocrx_word' id='word_1_84' title='bbox 211 843 348 887; x_wconf 83' lang='lat' dir='ltr'>petitio,</span> <span class='ocrx_word' id='word_1_85' title='bbox 400 841 441 875; x_wconf 90' lang='lat' dir='ltr'>In</span> <span class='ocrx_word' id='word_1_86' title='bbox 458 843 598 886; x_wconf 81' lang='lat' dir='ltr'>epilogo</span> <span class='ocrx_word' id='word_1_87' title='bbox 617 854 690 874; x_wconf 91' lang='lat' dir='ltr'>uno</span> <span class='ocrx_word' id='word_1_88' title='bbox 709 847 815 885; x_wconf 87' lang='lat' dir='ltr'>atque</span> <span class='ocrx_word' id='word_1_89' title='bbox 834 840 945 872; x_wconf 89' lang='lat' dir='ltr'>altero</span> <span class='ocrx_word' id='word_1_90' title='bbox 964 841 1072 873; x_wconf 85' lang='lat' dir='ltr'>verbo</span> 
     </span>
     <span class='ocr_line' id='line_1_14' title="bbox 76 891 970 938; baseline -0.001 -12"><span class='ocrx_word' id='word_1_91' title='bbox 76 893 266 938; x_wconf 88' lang='lat' dir='ltr'>pollicetur</span> <span class='ocrx_word' id='word_1_92' title='bbox 291 906 393 928; x_wconf 88' lang='lat' dir='ltr'>suam</span> <span class='ocrx_word' id='word_1_93' title='bbox 421 893 675 938; x_wconf 78' lang='lat' dir='ltr'>gratitudinem</span> <span class='ocrx_word' id='word_1_94' title='bbox 693 904 759 936; x_wconf 85' lang='lat' dir='ltr'>pro</span> <span class='ocrx_word' id='word_1_95' title='bbox 778 891 970 925; x_wconf 86' lang='lat' dir='ltr'>beneficiis.</span> 
     </span>
    </p>
   </div>
   <div class='ocr_carea' id='block_1_6' title="bbox 323 980 833 1023">
    <p class='ocr_par' dir='ltr' id='par_1_6' title="bbox 323 980 833 1023">
     <span class='ocr_line' id='line_1_15' title="bbox 323 980 833 1023; baseline -0.002 -10"><span class='ocrx_word' id='word_1_96' title='bbox 323 980 463 1013; x_wconf 87' lang='lat' dir='ltr'>Aliud</span> <span class='ocrx_word' id='word_1_97' title='bbox 504 985 833 1023; x_wconf 79' lang='lat' dir='ltr'>argumentum.</span> 
     </span>
    </p>
   </div>
   <div class='ocr_carea' id='block_1_7' title="bbox 78 1037 1079 1391">
    <p class='ocr_par' dir='ltr' id='par_1_7' title="bbox 78 1037 1079 1391">
     <span class='ocr_line' id='line_1_16' title="bbox 178 1037 1076 1084; baseline -0.004 -11"><span class='ocrx_word' id='word_1_98' title='bbox 178 1039 339 1084; x_wconf 83' lang='lat' dir='ltr'>Epistola</span> <span class='ocrx_word' id='word_1_99' title='bbox 364 1045 415 1072; x_wconf 88' lang='lat' dir='ltr'>est</span> <span class='ocrx_word' id='word_1_100' title='bbox 436 1038 625 1083; x_wconf 80' lang='lat' dir='ltr'>petitoria,</span> <span class='ocrx_word' id='word_1_101' title='bbox 654 1045 819 1071; x_wconf 88' lang='lat' dir='ltr'>constans</span> <span class='ocrx_word' id='word_1_102' title='bbox 836 1037 971 1070; x_wconf 88' lang='lat' dir='ltr'>duabus</span> <span class='ocrx_word' id='word_1_103' title='bbox 995 1048 1076 1080; x_wconf 87' lang='lat' dir='ltr'>par-</span> 
     </span>
     <span class='ocr_line' id='line_1_17' title="bbox 79 1087 1077 1134; baseline -0.002 -12"><span class='ocrx_word' id='word_1_104' title='bbox 79 1090 190 1131; x_wconf 89' lang='lat' dir='ltr'>tibus,</span> <span class='ocrx_word' id='word_1_105' title='bbox 222 1090 386 1123; x_wconf 81' lang='lat' dir='ltr'>videlicet</span> <span class='ocrx_word' id='word_1_106' title='bbox 411 1090 558 1123; x_wconf 84' lang='lat' dir='ltr'>exordio</span> <span class='ocrx_word' id='word_1_107' title='bbox 582 1096 615 1122; x_wconf 89' lang='lat' dir='ltr'>et</span> <span class='ocrx_word' id='word_1_108' title='bbox 648 1089 906 1134; x_wconf 86' lang='lat' dir='ltr'>propositione.</span> <span class='ocrx_word' id='word_1_109' title='bbox 964 1087 1077 1120; x_wconf 82' lang='lat' dir='ltr'>Exor-</span> 
     </span>
     <span class='ocr_line' id='line_1_18' title="bbox 78 1139 1077 1186; baseline -0.002 -13"><span class='ocrx_word' id='word_1_110' title='bbox 78 1141 177 1174; x_wconf 88' lang='lat' dir='ltr'>dium</span> <span class='ocrx_word' id='word_1_111' title='bbox 196 1142 341 1175; x_wconf 88' lang='lat' dir='ltr'>ductum</span> <span class='ocrx_word' id='word_1_112' title='bbox 360 1148 412 1175; x_wconf 91' lang='lat' dir='ltr'>est</span> <span class='ocrx_word' id='word_1_113' title='bbox 426 1153 445 1174; x_wconf 92' lang='lat' dir='ltr'>a</span> <span class='ocrx_word' id='word_1_114' title='bbox 465 1153 588 1181; x_wconf 86' lang='lat' dir='ltr'>causa,</span> <span class='ocrx_word' id='word_1_115' title='bbox 616 1153 727 1186; x_wconf 87' lang='lat' dir='ltr'>quare</span> <span class='ocrx_word' id='word_1_116' title='bbox 749 1139 839 1173; x_wconf 92' lang='lat' dir='ltr'>nihil</span> <span class='ocrx_word' id='word_1_117' title='bbox 857 1152 945 1184; x_wconf 91' lang='lat' dir='ltr'>opus</span> <span class='ocrx_word' id='word_1_118' title='bbox 968 1139 1013 1172; x_wconf 89' lang='lat' dir='ltr'>sit</span> <span class='ocrx_word' id='word_1_119' title='bbox 1028 1139 1077 1171; x_wconf 89' lang='lat' dir='ltr'>al-</span> 
     </span>
     <span class='ocr_line' id='line_1_19' title="bbox 80 1191 1076 1238; baseline -0.001 -14"><span class='ocrx_word' id='word_1_120' title='bbox 80 1192 189 1226; x_wconf 89' lang='lat' dir='ltr'>terius</span> <span class='ocrx_word' id='word_1_121' title='bbox 212 1200 371 1238; x_wconf 89' lang='lat' dir='ltr'>repetere</span> <span class='ocrx_word' id='word_1_122' title='bbox 398 1192 499 1225; x_wconf 91' lang='lat' dir='ltr'>initia</span> <span class='ocrx_word' id='word_1_123' title='bbox 532 1192 730 1231; x_wconf 75' lang='lat' dir='ltr'>amicitiae,</span> <span class='ocrx_word' id='word_1_124' title='bbox 763 1198 953 1236; x_wconf 84' lang='lat' dir='ltr'>propterea</span> <span class='ocrx_word' id='word_1_125' title='bbox 980 1191 1076 1236; x_wconf 91' lang='lat' dir='ltr'>quod</span> 
     </span>
     <span class='ocr_line' id='line_1_20' title="bbox 78 1241 1078 1288; baseline -0.002 -12"><span class='ocrx_word' id='word_1_126' title='bbox 78 1250 182 1276; x_wconf 89' lang='lat' dir='ltr'>antea</span> <span class='ocrx_word' id='word_1_127' title='bbox 200 1245 284 1278; x_wconf 86' lang='lat' dir='ltr'>satis</span> <span class='ocrx_word' id='word_1_128' title='bbox 300 1245 508 1277; x_wconf 87' lang='lat' dir='ltr'>confirmata</span> <span class='ocrx_word' id='word_1_129' title='bbox 535 1250 569 1276; x_wconf 92' lang='lat' dir='ltr'>et</span> <span class='ocrx_word' id='word_1_130' title='bbox 587 1249 770 1288; x_wconf 88' lang='lat' dir='ltr'>perspecta</span> <span class='ocrx_word' id='word_1_131' title='bbox 795 1250 856 1277; x_wconf 83' lang='lat' dir='ltr'>est.</span> <span class='ocrx_word' id='word_1_132' title='bbox 909 1241 1078 1286; x_wconf 88' lang='lat' dir='ltr'>Proposi-</span> 
     </span>
     <span class='ocr_line' id='line_1_21' title="bbox 79 1292 1079 1340; baseline 0 -14"><span class='ocrx_word' id='word_1_133' title='bbox 79 1295 129 1327; x_wconf 87' lang='lat' dir='ltr'>tio</span> <span class='ocrx_word' id='word_1_134' title='bbox 146 1292 252 1328; x_wconf 84' lang='lat' dir='ltr'>habet</span> <span class='ocrx_word' id='word_1_135' title='bbox 275 1296 418 1328; x_wconf 72' lang='lat' dir='ltr'>brevem</span> <span class='ocrx_word' id='word_1_136' title='bbox 446 1295 675 1340; x_wconf 87' lang='lat' dir='ltr'>petitionem,</span> <span class='ocrx_word' id='word_1_137' title='bbox 710 1301 750 1327; x_wconf 91' lang='lat' dir='ltr'>ut</span> <span class='ocrx_word' id='word_1_138' title='bbox 774 1295 928 1327; x_wconf 88' lang='lat' dir='ltr'>amicum</span> <span class='ocrx_word' id='word_1_139' title='bbox 954 1294 1079 1327; x_wconf 88' lang='lat' dir='ltr'>absen-</span> 
     </span>
     <span class='ocr_line' id='line_1_22' title="bbox 79 1346 833 1391; baseline -0.001 -12"><span class='ocrx_word' id='word_1_140' title='bbox 79 1352 148 1379; x_wconf 87' lang='lat' dir='ltr'>tem</span> <span class='ocrx_word' id='word_1_141' title='bbox 169 1347 267 1380; x_wconf 91' lang='lat' dir='ltr'>omni</span> <span class='ocrx_word' id='word_1_142' title='bbox 286 1359 414 1391; x_wconf 85' lang='lat' dir='ltr'>genere</span> <span class='ocrx_word' id='word_1_143' title='bbox 433 1347 633 1379; x_wconf 83' lang='lat' dir='ltr'>officiorum</span> <span class='ocrx_word' id='word_1_144' title='bbox 653 1346 833 1379; x_wconf 82' lang='lat' dir='ltr'>defendat.</span> 
     </span>
    </p>
   </div>
   <div class='ocr_carea' id='block_1_8' title="bbox 78 1431 1079 1587">
    <p class='ocr_par' dir='ltr' id='par_1_8' title="bbox 78 1431 1079 1587">
     <span class='ocr_line' id='line_1_23' title="bbox 322 1431 820 1476; baseline -0.002 -12"><span class='ocrx_word' id='word_1_145' title='bbox 322 1431 458 1465; x_wconf 83' lang='lat' dir='ltr'>Aliud</span> <span class='ocrx_word' id='word_1_146' title='bbox 492 1438 820 1476; x_wconf 82' lang='lat' dir='ltr'>argumentum.</span> 
     </span>
     <span class='ocr_line' id='line_1_24' title="bbox 182 1490 1079 1535; baseline -0.002 -11"><span class='ocrx_word' id='word_1_147' title='bbox 182 1491 366 1535; x_wconf 88' lang='lat' dir='ltr'>Principio</span> <span class='ocrx_word' id='word_1_148' title='bbox 383 1491 530 1535; x_wconf 90' lang='lat' dir='ltr'>ponitur</span> <span class='ocrx_word' id='word_1_149' title='bbox 547 1492 759 1535; x_wconf 81' lang='lat' dir='ltr'>propositio,</span> <span class='ocrx_word' id='word_1_150' title='bbox 788 1490 844 1523; x_wconf 92' lang='lat' dir='ltr'>cui</span> <span class='ocrx_word' id='word_1_151' title='bbox 860 1496 911 1523; x_wconf 89' lang='lat' dir='ltr'>est</span> <span class='ocrx_word' id='word_1_152' title='bbox 928 1501 1079 1534; x_wconf 90' lang='lat' dir='ltr'>praepo-</span> 
     </span>
     <span class='ocr_line' id='line_1_25' title="bbox 78 1541 948 1587; baseline -0.002 -12"><span class='ocrx_word' id='word_1_153' title='bbox 78 1541 143 1576; x_wconf 85' lang='lat' dir='ltr'>sita</span> <span class='ocrx_word' id='word_1_154' title='bbox 170 1542 274 1576; x_wconf 88' lang='lat' dir='ltr'>ratio.</span> <span class='ocrx_word' id='word_1_155' title='bbox 328 1542 468 1575; x_wconf 88' lang='lat' dir='ltr'>Deinde</span> <span class='ocrx_word' id='word_1_156' title='bbox 494 1543 655 1587; x_wconf 85' lang='lat' dir='ltr'>sequitur</span> <span class='ocrx_word' id='word_1_157' title='bbox 669 1541 787 1575; x_wconf 77' lang='lat' dir='ltr'>brevis</span> <span class='ocrx_word' id='word_1_158' title='bbox 810 1541 948 1586; x_wconf 86' lang='lat' dir='ltr'>petitio.</span> 
     </span>
    </p>
   </div>
   <div class='ocr_carea' id='block_1_9' title="bbox 242 1625 908 1671">
    <p class='ocr_par' dir='ltr' id='par_1_9' title="bbox 242 1625 908 1671">
     <span class='ocr_line' id='line_1_26' title="bbox 242 1625 908 1671; baseline -0.002 -11"><span class='ocrx_word' id='word_1_159' title='bbox 242 1625 431 1660; x_wconf 79' lang='lat' dir='ltr'>Scholia</span> <span class='ocrx_word' id='word_1_160' title='bbox 460 1627 497 1659; x_wconf 90' lang='lat' dir='ltr'>in</span> <span class='ocrx_word' id='word_1_161' title='bbox 526 1627 774 1671; x_wconf 89' lang='lat' dir='ltr'>epistolam</span> <span class='ocrx_word' id='word_1_162' title='bbox 802 1625 908 1660; x_wconf 87' lang='lat' dir='ltr'>XVII.</span> 
     </span>
    </p>
   </div>
   <div class='ocr_carea' id='block_1_10' title="bbox 82 1692 1079 1790">
    <p class='ocr_par' dir='ltr' id='par_1_10' title="bbox 82 1692 1079 1790">
     <span class='ocr_line' id='line_1_27' title="bbox 190 1692 1079 1739; baseline -0.001 -12"><span class='ocrx_word' id='word_1_163' title='bbox 190 1692 220 1737; x_wconf 64' lang='grc' dir='ltr'>ἓ.</span> <span class='ocrx_word' id='word_1_164' title='bbox 239 1695 271 1727; x_wconf 89' lang='grc'>1.</span> <span class='ocrx_word' id='word_1_165' title='bbox 302 1696 381 1728; x_wconf 83' lang='lat' dir='ltr'>Cum</span> <span class='ocrx_word' id='word_1_166' title='bbox 408 1700 617 1728; x_wconf 74' lang='lat' dir='ltr'>caeterarum</span> <span class='ocrx_word' id='word_1_167' title='bbox 646 1707 778 1734; x_wconf 82' lang='lat' dir='ltr'>rerum,</span> <span class='ocrx_word' id='word_1_168' title='bbox 804 1695 884 1739; x_wconf 85' lang='lat' dir='ltr'>etc.]</span> <span class='ocrx_word' id='word_1_169' title='bbox 911 1693 1079 1738; x_wconf 85' lang='lat' dir='ltr'>Proposi-</span> 
     </span>
     <span class='ocr_line' id='line_1_28' title="bbox 82 1745 829 1790; baseline 0 -12"><span class='ocrx_word' id='word_1_170' title='bbox 82 1745 151 1785; x_wconf 81' lang='lat' dir='ltr'>tio,</span> <span class='ocrx_word' id='word_1_171' title='bbox 177 1758 247 1790; x_wconf 86' lang='lat' dir='ltr'>qua</span> <span class='ocrx_word' id='word_1_172' title='bbox 266 1752 367 1789; x_wconf 85' lang='lat' dir='ltr'>optat</span> <span class='ocrx_word' id='word_1_173' title='bbox 382 1772 390 1785; x_wconf 89' lang='lat'>,</span> <span class='ocrx_word' id='word_1_174' title='bbox 420 1751 459 1778; x_wconf 92' lang='lat' dir='ltr'>ut</span> <span class='ocrx_word' id='word_1_175' title='bbox 477 1757 548 1778; x_wconf 91' lang='lat' dir='ltr'>una</span> <span class='ocrx_word' id='word_1_176' title='bbox 568 1746 688 1778; x_wconf 66' lang='lat' dir='ltr'>vivere</span> <span class='ocrx_word' id='word_1_177' title='bbox 707 1745 829 1789; x_wconf 84' lang='lat' dir='ltr'>possit.</span> 
     </span>
    </p>
   </div>
   <div class='ocr_carea' id='block_1_11' title="bbox 382 1830 783 1877">
    <p class='ocr_par' dir='ltr' id='par_1_11' title="bbox 382 1830 783 1877">
     <span class='ocr_line' id='line_1_29' title="bbox 382 1830 783 1877; baseline 0.002 -14"><span class='ocrx_word' id='word_1_178' title='bbox 382 1830 708 1874; x_wconf 79' lang='lat' dir='ltr'>Argumentum</span> <span class='ocrx_word' id='word_1_179' title='bbox 724 1830 783 1877; x_wconf 75' lang='grc'>3“”).</span> 
     </span>
    </p>
   </div>
   <div class='ocr_carea' id='block_1_12' title="bbox 81 1899 1081 2149">
    <p class='ocr_par' dir='ltr' id='par_1_12' title="bbox 81 1899 1081 2149">
     <span class='ocr_line' id='line_1_30' title="bbox 184 1899 1080 1943; baseline -0.001 -11"><span class='ocrx_word' id='word_1_180' title='bbox 184 1899 267 1933; x_wconf 85' lang='lat' dir='ltr'>Non</span> <span class='ocrx_word' id='word_1_181' title='bbox 287 1905 338 1932; x_wconf 86' lang='lat' dir='ltr'>est</span> <span class='ocrx_word' id='word_1_182' title='bbox 353 1900 581 1943; x_wconf 84' lang='lat' dir='ltr'>responsoria</span> <span class='ocrx_word' id='word_1_183' title='bbox 602 1900 644 1931; x_wconf 89' lang='lat' dir='ltr'>ad</span> <span class='ocrx_word' id='word_1_184' title='bbox 665 1899 933 1943; x_wconf 89' lang='lat' dir='ltr'>praecedentem</span> <span class='ocrx_word' id='word_1_185' title='bbox 952 1899 1080 1942; x_wconf 90' lang='lat' dir='ltr'>episto-</span> 
     </span>
     <span class='ocr_line' id='line_1_31' title="bbox 82 1950 1080 1995; baseline -0.001 -11"><span class='ocrx_word' id='word_1_186' title='bbox 82 1952 166 1991; x_wconf 82' lang='lat' dir='ltr'>lam,</span> <span class='ocrx_word' id='word_1_187' title='bbox 190 1951 250 1984; x_wconf 85' lang='lat' dir='ltr'>sed</span> <span class='ocrx_word' id='word_1_188' title='bbox 265 1951 452 1994; x_wconf 73' lang='lat' dir='ltr'>respondit</span> <span class='ocrx_word' id='word_1_189' title='bbox 468 1950 609 1983; x_wconf 81' lang='lat' dir='ltr'>cuidam</span> <span class='ocrx_word' id='word_1_190' title='bbox 630 1951 744 1989; x_wconf 81' lang='lat' dir='ltr'>alteri,</span> <span class='ocrx_word' id='word_1_191' title='bbox 774 1962 864 1995; x_wconf 86' lang='lat' dir='ltr'>quae</span> <span class='ocrx_word' id='word_1_192' title='bbox 882 1962 955 1982; x_wconf 93' lang='lat' dir='ltr'>non</span> <span class='ocrx_word' id='word_1_193' title='bbox 974 1956 1080 1983; x_wconf 78' lang='lat' dir='ltr'>extat.</span> 
     </span>
     <span class='ocr_line' id='line_1_32' title="bbox 81 2001 1081 2046; baseline -0.003 -10"><span class='ocrx_word' id='word_1_194' title='bbox 81 2003 196 2036; x_wconf 90' lang='lat' dir='ltr'>Porro</span> <span class='ocrx_word' id='word_1_195' title='bbox 213 2002 388 2046; x_wconf 77' lang='lat' dir='ltr'>significat</span> <span class='ocrx_word' id='word_1_196' title='bbox 416 2002 451 2034; x_wconf 89' lang='lat' dir='ltr'>in</span> <span class='ocrx_word' id='word_1_197' title='bbox 470 2014 608 2035; x_wconf 87' lang='lat' dir='ltr'>summa</span> <span class='ocrx_word' id='word_1_198' title='bbox 636 2001 702 2034; x_wconf 84' lang='lat' dir='ltr'>sibi</span> <span class='ocrx_word' id='word_1_199' title='bbox 721 2008 862 2044; x_wconf 71' lang='lat' dir='ltr'>gratum</span> <span class='ocrx_word' id='word_1_200' title='bbox 889 2013 961 2034; x_wconf 88' lang='lat' dir='ltr'>esse</span> <span class='ocrx_word' id='word_1_201' title='bbox 990 2001 1081 2034; x_wconf 90' lang='lat' dir='ltr'>iudi-</span> 
     </span>
     <span class='ocr_line' id='line_1_33' title="bbox 84 2051 1081 2098; baseline -0.002 -11"><span class='ocrx_word' id='word_1_202' title='bbox 84 2054 176 2087; x_wconf 92' lang='lat' dir='ltr'>cium</span> <span class='ocrx_word' id='word_1_203' title='bbox 190 2051 384 2098; x_wconf 83' lang='lat' dir='ltr'>Bithynici‚</span> <span class='ocrx_word' id='word_1_204' title='bbox 412 2066 451 2086; x_wconf 87' lang='lat' dir='ltr'>ac</span> <span class='ocrx_word' id='word_1_205' title='bbox 470 2066 506 2087; x_wconf 91' lang='lat' dir='ltr'>se</span> <span class='ocrx_word' id='word_1_206' title='bbox 525 2053 678 2086; x_wconf 74' lang='lat' dir='ltr'>vicissim</span> <span class='ocrx_word' id='word_1_207' title='bbox 697 2053 794 2085; x_wconf 88' lang='lat' dir='ltr'>illum</span> <span class='ocrx_word' id='word_1_208' title='bbox 813 2059 975 2085; x_wconf 86' lang='lat' dir='ltr'>amanter</span> <span class='ocrx_word' id='word_1_209' title='bbox 994 2053 1081 2085; x_wconf 77' lang='lat' dir='ltr'>velle</span> 
     </span>
     <span class='ocr_line' id='line_1_34' title="bbox 83 2104 1079 2149; baseline -0.003 -10"><span class='ocrx_word' id='word_1_210' title='bbox 83 2105 281 2149; x_wconf 82' lang='lat' dir='ltr'>complecti.</span> <span class='ocrx_word' id='word_1_211' title='bbox 310 2104 459 2137; x_wconf 75' lang='lat' dir='ltr'>Exordii</span> <span class='ocrx_word' id='word_1_212' title='bbox 476 2106 554 2137; x_wconf 91' lang='lat' dir='ltr'>loco</span> <span class='ocrx_word' id='word_1_213' title='bbox 572 2104 772 2149; x_wconf 84' lang='lat' dir='ltr'>propositio</span> <span class='ocrx_word' id='word_1_214' title='bbox 791 2104 949 2148; x_wconf 87' lang='lat' dir='ltr'>ponitur,</span> <span class='ocrx_word' id='word_1_215' title='bbox 973 2116 1079 2149; x_wconf 87' lang='lat' dir='ltr'>quam</span> 
     </span>
    </p>
   </div>
   <div class='ocr_carea' id='block_1_13' title="bbox 115 2202 1083 2374">
    <p class='ocr_par' dir='ltr' id='par_1_13' title="bbox 115 2202 1083 2374">
     <span class='ocr_line' id='line_1_35' title="bbox 115 2202 1082 2236; baseline -0.004 -6"><span class='ocrx_word' id='word_1_216' title='bbox 115 2207 164 2235; x_wconf 83' lang='grc'>33)</span> <span class='ocrx_word' id='word_1_217' title='bbox 182 2205 381 2236; x_wconf 77' lang='lat' dir='ltr'>Argumentum</span> <span class='ocrx_word' id='word_1_218' title='bbox 401 2203 586 2227; x_wconf 84' lang='lat' dir='ltr'>Melanthonis</span> <span class='ocrx_word' id='word_1_219' title='bbox 605 2203 631 2227; x_wconf 90' lang='lat' dir='ltr'>in</span> <span class='ocrx_word' id='word_1_220' title='bbox 650 2204 733 2227; x_wconf 82' lang='lat' dir='ltr'>Editt.</span> <span class='ocrx_word' id='word_1_221' title='bbox 756 2203 822 2227; x_wconf 85' lang='lat'>1537</span> <span class='ocrx_word' id='word_1_222' title='bbox 835 2217 868 2221; x_wconf 97' lang='lat'><strong>—</strong></span> <span class='ocrx_word' id='word_1_223' title='bbox 884 2202 975 2233; x_wconf 54' lang='lat'>1554„</span> <span class='ocrx_word' id='word_1_224' title='bbox 997 2203 1082 2235; x_wconf 67' lang='lat'>1552,</span> 
     </span>
     <span class='ocr_line' id='line_1_36' title="bbox 153 2238 1082 2271; baseline -0.002 -6"><span class='ocrx_word' id='word_1_225' title='bbox 153 2241 240 2271; x_wconf 63' lang='lat'>¹560„</span> <span class='ocrx_word' id='word_1_226' title='bbox 262 2240 335 2263; x_wconf 83' lang='grc'>1561.</span> <span class='ocrx_word' id='word_1_227' title='bbox 356 2239 448 2267; x_wconf 83' lang='lat' dir='ltr'>deest,</span> <span class='ocrx_word' id='word_1_228' title='bbox 474 2243 536 2261; x_wconf 87' lang='lat' dir='ltr'>nam</span> <span class='ocrx_word' id='word_1_229' title='bbox 555 2238 597 2269; x_wconf 86' lang='lat' dir='ltr'>id,</span> <span class='ocrx_word' id='word_1_230' title='bbox 634 2239 705 2268; x_wconf 82' lang='lat' dir='ltr'>quod</span> <span class='ocrx_word' id='word_1_231' title='bbox 725 2238 752 2261; x_wconf 90' lang='lat' dir='ltr'>iu</span> <span class='ocrx_word' id='word_1_232' title='bbox 772 2238 854 2262; x_wconf 79' lang='lat' dir='ltr'>Editt.</span> <span class='ocrx_word' id='word_1_233' title='bbox 876 2238 969 2267; x_wconf 68' lang='lat'>¹546.,</span> <span class='ocrx_word' id='word_1_234' title='bbox 998 2238 1082 2269; x_wconf 63' lang='lat'>¹601„</span> 
     </span>
     <span class='ocr_line' id='line_1_37' title="bbox 153 2273 1081 2302; baseline -0.004 -3"><span class='ocrx_word' id='word_1_235' title='bbox 153 2276 214 2299; x_wconf 82' lang='lat' dir='ltr'>sine</span> <span class='ocrx_word' id='word_1_236' title='bbox 232 2273 355 2298; x_wconf 79' lang='lat' dir='ltr'>auctoris</span> <span class='ocrx_word' id='word_1_237' title='bbox 375 2273 501 2301; x_wconf 83' lang='lat' dir='ltr'>nomine,</span> <span class='ocrx_word' id='word_1_238' title='bbox 528 2273 588 2296; x_wconf 82' lang='lat' dir='ltr'>huic</span> <span class='ocrx_word' id='word_1_239' title='bbox 607 2273 743 2302; x_wconf 83' lang='lat' dir='ltr'>epistolae</span> <span class='ocrx_word' id='word_1_240' title='bbox 763 2274 790 2295; x_wconf 88' lang='lat' dir='ltr'>et</span> <span class='ocrx_word' id='word_1_241' title='bbox 810 2273 978 2302; x_wconf 83' lang='lat' dir='ltr'>praefixum,</span> <span class='ocrx_word' id='word_1_242' title='bbox 1004 2273 1081 2296; x_wconf 84' lang='lat' dir='ltr'>Lon-</span> 
     </span>
     <span class='ocr_line' id='line_1_38' title="bbox 154 2306 1083 2339; baseline -0.003 -6"><span class='ocrx_word' id='word_1_243' title='bbox 154 2309 221 2339; x_wconf 73' lang='lat' dir='ltr'>golii</span> <span class='ocrx_word' id='word_1_244' title='bbox 246 2309 305 2336; x_wconf 79' lang='lat' dir='ltr'>est,</span> <span class='ocrx_word' id='word_1_245' title='bbox 331 2307 407 2331; x_wconf 82' lang='lat' dir='ltr'>cuins</span> <span class='ocrx_word' id='word_1_246' title='bbox 431 2307 553 2330; x_wconf 86' lang='lat' dir='ltr'>auctoris</span> <span class='ocrx_word' id='word_1_247' title='bbox 578 2308 661 2331; x_wconf 80' lang='lat' dir='ltr'>etiam</span> <span class='ocrx_word' id='word_1_248' title='bbox 685 2309 749 2330; x_wconf 88' lang='lat' dir='ltr'>sunt</span> <span class='ocrx_word' id='word_1_249' title='bbox 773 2309 935 2337; x_wconf 72' lang='lat' dir='ltr'>argumenta.</span> <span class='ocrx_word' id='word_1_250' title='bbox 961 2306 1083 2337; x_wconf 85' lang='lat' dir='ltr'>epistolis</span> 
     </span>
     <span class='ocr_line' id='line_1_39' title="bbox 151 2341 917 2374; baseline -0.004 -6"><span class='ocrx_word' id='word_1_251' title='bbox 151 2351 227 2374; x_wconf 85' lang='lat' dir='ltr'>seqq.</span> <span class='ocrx_word' id='word_1_252' title='bbox 248 2342 328 2366; x_wconf 81' lang='lat' dir='ltr'>xvu</span> <span class='ocrx_word' id='word_1_253' title='bbox 346 2355 378 2359; x_wconf 83' lang='lat'><em>-</em></span> <span class='ocrx_word' id='word_1_254' title='bbox 397 2341 484 2365; x_wconf 83' lang='lat' dir='ltr'>XXII.</span> <span class='ocrx_word' id='word_1_255' title='bbox 505 2341 532 2364; x_wconf 89' lang='lat' dir='ltr'>in</span> <span class='ocrx_word' id='word_1_256' title='bbox 550 2341 593 2365; x_wconf 89' lang='lat' dir='ltr'>his</span> <span class='ocrx_word' id='word_1_257' title='bbox 611 2341 628 2366; x_wconf 83' lang='lat'>2</span> <span class='ocrx_word' id='word_1_258' title='bbox 649 2342 734 2367; x_wconf 77' lang='lat' dir='ltr'>Editt.</span> <span class='ocrx_word' id='word_1_259' title='bbox 755 2342 917 2371; x_wconf 81' lang='lat' dir='ltr'>praemissa.</span> 
     </span>
    </p>
   </div>
   <div class='ocr_carea' id='block_1_14' title="bbox 117 2385 1084 2563">
    <p class='ocr_par' dir='ltr' id='par_1_14' title="bbox 117 2385 1084 2515">
     <span class='ocr_line' id='line_1_40' title="bbox 117 2385 1084 2416; baseline -0.004 -4"><span class='ocrx_word' id='word_1_260' title='bbox 117 2389 165 2416; x_wconf 72' lang='lat'>34]</span> <span class='ocrx_word' id='word_1_261' title='bbox 184 2394 241 2412; x_wconf 84' lang='lat' dir='ltr'>non</span> <span class='ocrx_word' id='word_1_262' title='bbox 263 2386 368 2414; x_wconf 83' lang='lat' dir='ltr'>tecum]</span> <span class='ocrx_word' id='word_1_263' title='bbox 394 2385 434 2409; x_wconf 86' lang='lat' dir='ltr'>sic</span> <span class='ocrx_word' id='word_1_264' title='bbox 453 2385 535 2409; x_wconf 80' lang='lat' dir='ltr'>Editt.</span> <span class='ocrx_word' id='word_1_265' title='bbox 557 2385 649 2414; x_wconf 78' lang='lat'>1537.,</span> <span class='ocrx_word' id='word_1_266' title='bbox 677 2386 769 2415; x_wconf 85' lang='lat'>¹560.‚</span> <span class='ocrx_word' id='word_1_267' title='bbox 799 2386 872 2409; x_wconf 82' lang='lat'>1561.</span> <span class='ocrx_word' id='word_1_268' title='bbox 893 2385 919 2408; x_wconf 91' lang='lat' dir='ltr'>iu</span> <span class='ocrx_word' id='word_1_269' title='bbox 939 2386 1030 2416; x_wconf 83' lang='lat' dir='ltr'>textu,</span> <span class='ocrx_word' id='word_1_270' title='bbox 1057 2386 1084 2408; x_wconf 88' lang='lat' dir='ltr'>et</span> 
     </span>
     <span class='ocr_line' id='line_1_41' title="bbox 152 2420 1084 2451; baseline -0.003 -5"><span class='ocrx_word' id='word_1_271' title='bbox 152 2422 236 2446; x_wconf 80' lang='lat' dir='ltr'>Editt.</span> <span class='ocrx_word' id='word_1_272' title='bbox 259 2420 459 2451; x_wconf 51' lang='lat' dir='ltr'>hmo—1525„</span> <span class='ocrx_word' id='word_1_273' title='bbox 481 2420 571 2448; x_wconf 74' lang='lat'>1551.,</span> <span class='ocrx_word' id='word_1_274' title='bbox 591 2421 665 2444; x_wconf 80' lang='lat'>1557.</span> <span class='ocrx_word' id='word_1_275' title='bbox 684 2420 713 2443; x_wconf 80' lang='lat' dir='ltr'>in</span> <span class='ocrx_word' id='word_1_276' title='bbox 732 2420 787 2444; x_wconf 82' lang='lat' dir='ltr'>Cic.</span> <span class='ocrx_word' id='word_1_277' title='bbox 806 2420 901 2443; x_wconf 81' lang='lat' dir='ltr'>verbis</span> <span class='ocrx_word' id='word_1_278' title='bbox 920 2420 982 2443; x_wconf 80' lang='lat' dir='ltr'>huic</span> <span class='ocrx_word' id='word_1_279' title='bbox 1002 2423 1084 2443; x_wconf 87' lang='lat' dir='ltr'>notae</span> 
     </span>
     <span class='ocr_line' id='line_1_42' title="bbox 151 2454 1084 2486; baseline -0.002 -6"><span class='ocrx_word' id='word_1_280' title='bbox 151 2456 317 2486; x_wconf 79' lang='lat' dir='ltr'>adscriptis;</span> <span class='ocrx_word' id='word_1_281' title='bbox 337 2455 364 2478; x_wconf 88' lang='lat' dir='ltr'>iu</span> <span class='ocrx_word' id='word_1_282' title='bbox 383 2455 458 2477; x_wconf 80' lang='lat' dir='ltr'>textu</span> <span class='ocrx_word' id='word_1_283' title='bbox 477 2455 568 2477; x_wconf 85' lang='lat' dir='ltr'>autem</span> <span class='ocrx_word' id='word_1_284' title='bbox 586 2455 669 2478; x_wconf 85' lang='lat' dir='ltr'>Editt.</span> <span class='ocrx_word' id='word_1_285' title='bbox 686 2455 887 2484; x_wconf 72' lang='lat'>1544—1554.,</span> <span class='ocrx_word' id='word_1_286' title='bbox 909 2454 983 2479; x_wconf 81' lang='lat'>1557.</span> <span class='ocrx_word' id='word_1_287' title='bbox 997 2460 1084 2485; x_wconf 85' lang='lat' dir='ltr'>aeque</span> 
     </span>
     <span class='ocr_line' id='line_1_43' title="bbox 155 2489 680 2515; baseline -0.004 0"><span class='ocrx_word' id='word_1_288' title='bbox 155 2497 188 2515; x_wconf 85' lang='lat' dir='ltr'>ac</span> <span class='ocrx_word' id='word_1_289' title='bbox 211 2491 260 2515; x_wconf 81' lang='lat' dir='ltr'>Ed,</span> <span class='ocrx_word' id='word_1_290' title='bbox 281 2489 367 2514; x_wconf 84' lang='lat' dir='ltr'>orell.</span> <span class='ocrx_word' id='word_1_291' title='bbox 386 2489 485 2511; x_wconf 86' lang='lat' dir='ltr'>hahent</span> <span class='ocrx_word' id='word_1_292' title='bbox 502 2489 594 2513; x_wconf 78' lang='lat' dir='ltr'>tecum</span> <span class='ocrx_word' id='word_1_293' title='bbox 612 2496 680 2515; x_wconf 80' lang='lat' dir='ltr'>non.</span> 
     </span>
    </p>

    <p class='ocr_par' dir='ltr' id='par_1_15' title="bbox 119 2531 1083 2563">
     <span class='ocr_line' id='line_1_44' title="bbox 119 2531 1083 2563; baseline -0.004 -4"><span class='ocrx_word' id='word_1_294' title='bbox 119 2534 168 2563; x_wconf 81' lang='lat'>35)</span> <span class='ocrx_word' id='word_1_295' title='bbox 186 2535 217 2557; x_wconf 85' lang='lat' dir='ltr'>In</span> <span class='ocrx_word' id='word_1_296' title='bbox 236 2533 320 2557; x_wconf 76' lang='lat' dir='ltr'>Editt.</span> <span class='ocrx_word' id='word_1_297' title='bbox 343 2532 435 2562; x_wconf 54' lang='lat'>¹545„</span> <span class='ocrx_word' id='word_1_298' title='bbox 463 2531 536 2555; x_wconf 82' lang='lat'>1560.</span> <span class='ocrx_word' id='word_1_299' title='bbox 555 2532 621 2556; x_wconf 83' lang='lat' dir='ltr'>haec</span> <span class='ocrx_word' id='word_1_300' title='bbox 645 2534 711 2556; x_wconf 85' lang='lat' dir='ltr'>nota</span> <span class='ocrx_word' id='word_1_301' title='bbox 736 2532 873 2556; x_wconf 79' lang='lat' dir='ltr'>disiuncta</span> <span class='ocrx_word' id='word_1_302' title='bbox 893 2534 935 2556; x_wconf 84' lang='lat' dir='ltr'>est</span> <span class='ocrx_word' id='word_1_303' title='bbox 954 2532 981 2556; x_wconf 85' lang='lat' dir='ltr'>in</span> <span class='ocrx_word' id='word_1_304' title='bbox 1001 2533 1083 2556; x_wconf 82' lang='lat' dir='ltr'>hasce</span> 
     </span>
    </p>
   </div>
   <div class='ocr_carea' id='block_1_15' title="bbox 155 2567 1082 2634">
    <p class='ocr_par' dir='ltr' id='par_1_16' title="bbox 155 2567 1082 2634">
     <span class='ocr_line' id='line_1_45' title="bbox 155 2567 1082 2598; baseline -0.003 -5"><span class='ocrx_word' id='word_1_305' title='bbox 155 2570 239 2593; x_wconf 81' lang='lat' dir='ltr'>duas:</span> <span class='ocrx_word' id='word_1_306' title='bbox 268 2569 301 2592; x_wconf 60' lang='lat' dir='ltr'>‚Si</span> <span class='ocrx_word' id='word_1_307' title='bbox 320 2567 391 2591; x_wconf 77' lang='lat' dir='ltr'>mihi</span> <span class='ocrx_word' id='word_1_308' title='bbox 410 2573 467 2590; x_wconf 83' lang='grc' dir='ltr'>ηοη</span> <span class='ocrx_word' id='word_1_309' title='bbox 487 2568 593 2595; x_wconf 80' lang='lat' dir='ltr'>tecum]</span> <span class='ocrx_word' id='word_1_310' title='bbox 613 2568 811 2598; x_wconf 73' lang='lat' dir='ltr'>Argumentum</span> <span class='ocrx_word' id='word_1_311' title='bbox 829 2567 1082 2592; x_wconf 78' lang='lat' dir='ltr'>commendationis.</span> 
     </span>
     <span class='ocr_line' id='line_1_46' title="bbox 155 2600 1066 2634; baseline -0.004 -5"><span class='ocrx_word' id='word_1_312' title='bbox 155 2604 260 2634; x_wconf 77' lang='lat' dir='ltr'>ltaque</span> <span class='ocrx_word' id='word_1_313' title='bbox 277 2602 429 2626; x_wconf 77' lang='lat' dir='ltr'>contentus</span> <span class='ocrx_word' id='word_1_314' title='bbox 448 2601 513 2629; x_wconf 82' lang='lat' dir='ltr'>ero]</span> <span class='ocrx_word' id='word_1_315' title='bbox 531 2600 617 2624; x_wconf 89' lang='lat' dir='ltr'>Vetus</span> <span class='ocrx_word' id='word_1_316' title='bbox 638 2604 682 2625; x_wconf 83' lang='lat' dir='ltr'>est</span> <span class='ocrx_word' id='word_1_317' title='bbox 700 2603 772 2626; x_wconf 84' lang='lat' dir='ltr'>inter</span> <span class='ocrx_word' id='word_1_318' title='bbox 791 2615 826 2619; x_wconf 85' lang='lat'>—-</span> <span class='ocrx_word' id='word_1_319' title='bbox 842 2602 1066 2626; x_wconf 84' lang='lat' dir='ltr'>commendatum.</span> 
     </span>
    </p>
   </div>
   <div class='ocr_carea' id='block_1_16' title="bbox 119 2643 1084 2704">
    <p class='ocr_par' dir='ltr' id='par_1_17' title="bbox 119 2643 1084 2704">
     <span class='ocr_line' id='line_1_47' title="bbox 119 2643 1084 2676; baseline -0.008 0"><span class='ocrx_word' id='word_1_320' title='bbox 119 2646 168 2675; x_wconf 80' lang='lat'>³6)</span> <span class='ocrx_word' id='word_1_321' title='bbox 189 2647 247 2670; x_wconf 82' lang='lat' dir='ltr'>floe</span> <span class='ocrx_word' id='word_1_322' title='bbox 264 2644 456 2675; x_wconf 76' lang='lat' dir='ltr'>argumentum</span> <span class='ocrx_word' id='word_1_323' title='bbox 475 2644 502 2666; x_wconf 79' lang='lat' dir='ltr'>et</span> <span class='ocrx_word' id='word_1_324' title='bbox 521 2643 572 2667; x_wconf 76' lang='lat' dir='ltr'>duo</span> <span class='ocrx_word' id='word_1_325' title='bbox 592 2645 734 2674; x_wconf 77' lang='lat' dir='ltr'>sequentia</span> <span class='ocrx_word' id='word_1_326' title='bbox 751 2645 785 2669; x_wconf 76' lang='lat' dir='ltr'>ab</span> <span class='ocrx_word' id='word_1_327' title='bbox 800 2645 884 2669; x_wconf 70' lang='lat' dir='ltr'>mitt.</span> <span class='ocrx_word' id='word_1_328' title='bbox 901 2645 975 2669; x_wconf 84' lang='lat'>1556.</span> <span class='ocrx_word' id='word_1_329' title='bbox 988 2662 995 2676; x_wconf 85' lang='lat'>‚</span> <span class='ocrx_word' id='word_1_330' title='bbox 1018 2645 1084 2668; x_wconf 80' lang='lat'>¹565</span> 
     </span>
     <span class='ocr_line' id='line_1_48' title="bbox 155 2679 459 2704; baseline -0.013 1"><span class='ocrx_word' id='word_1_331' title='bbox 155 2680 273 2704; x_wconf 78' lang='lat'>—1596.</span> <span class='ocrx_word' id='word_1_332' title='bbox 293 2679 459 2702; x_wconf 79' lang='lat' dir='ltr'>exhibentur.</span> 
     </span>
    </p>
   </div>
   <div class='ocr_carea' id='block_1_17' title="bbox 120 2720 1085 2789">
    <p class='ocr_par' dir='ltr' id='par_1_18' title="bbox 120 2720 1085 2789">
     <span class='ocr_line' id='line_1_49' title="bbox 120 2720 1085 2752; baseline 0.001 -7"><span class='ocrx_word' id='word_1_333' title='bbox 120 2723 169 2751; x_wconf 84' lang='lat'>37)</span> <span class='ocrx_word' id='word_1_334' title='bbox 195 2723 253 2746; x_wconf 76' lang='lat' dir='ltr'>Boc</span> <span class='ocrx_word' id='word_1_335' title='bbox 276 2722 467 2750; x_wconf 61' lang='lat' dir='ltr'>argumentum</span> <span class='ocrx_word' id='word_1_336' title='bbox 500 2721 528 2743; x_wconf 83' lang='lat' dir='ltr'>et</span> <span class='ocrx_word' id='word_1_337' title='bbox 553 2720 604 2744; x_wconf 89' lang='lat' dir='ltr'>duo</span> <span class='ocrx_word' id='word_1_338' title='bbox 631 2722 774 2752; x_wconf 81' lang='lat' dir='ltr'>sequentia</span> <span class='ocrx_word' id='word_1_339' title='bbox 804 2723 916 2747; x_wconf 78' lang='lat' dir='ltr'>exstant</span> <span class='ocrx_word' id='word_1_340' title='bbox 946 2723 972 2746; x_wconf 85' lang='lat' dir='ltr'>in</span> <span class='ocrx_word' id='word_1_341' title='bbox 1000 2723 1085 2748; x_wconf 81' lang='lat' dir='ltr'>Editt.</span> 
     </span>
     <span class='ocr_line' id='line_1_50' title="bbox 158 2755 466 2789; baseline -0.013 -7"><span class='ocrx_word' id='word_1_342' title='bbox 158 2757 254 2789; x_wconf 60' lang='lat'>1555„</span> <span class='ocrx_word' id='word_1_343' title='bbox 275 2755 466 2780; x_wconf 79' lang='lat'>1565—1596.</span> 
     </span>
    </p>
   </div>
   <div class='ocr_carea' id='block_1_18' title="bbox 152 2176 286 2180">
    <p class='ocr_par' dir='ltr' id='par_1_19' title="bbox 152 2176 286 2180">
     <span class='ocr_line' id='line_1_51' title="bbox 152 2176 286 2180; baseline 0 0"><span class='ocrx_word' id='word_1_344' title='bbox 152 2176 286 2180; x_wconf 95' lang='lat' dir='ltr'> </span> 
     </span>
    </p>
   </div>
   <div class='ocr_carea' id='block_1_19' title="bbox 2057 155 2133 190">
    <p class='ocr_par' dir='ltr' id='par_1_20' title="bbox 2057 155 2133 190">
     <span class='ocr_line' id='line_1_52' title="bbox 2057 155 2133 190; baseline 0 0"><span class='ocrx_word' id='word_1_345' title='bbox 2057 155 2133 190; x_wconf 73' lang='lat'>230</span> 
     </span>
    </p>
   </div>
   <div class='ocr_carea' id='block_1_20' title="bbox 1128 230 2124 480">
    <p class='ocr_par' dir='ltr' id='par_1_21' title="bbox 1128 230 2124 480">
     <span class='ocr_line' id='line_1_53' title="bbox 1129 230 2124 285; baseline 0.017 -26"><span class='ocrx_word' id='word_1_346' title='bbox 1129 234 1245 272; x_wconf 84' lang='lat' dir='ltr'>optet,</span> <span class='ocrx_word' id='word_1_347' title='bbox 1271 235 1309 261; x_wconf 89' lang='lat' dir='ltr'>ut</span> <span class='ocrx_word' id='word_1_348' title='bbox 1334 230 1528 274; x_wconf 74' lang='lat' dir='ltr'>aliquando</span> <span class='ocrx_word' id='word_1_349' title='bbox 1546 243 1615 264; x_wconf 84' lang='lat' dir='ltr'>una</span> <span class='ocrx_word' id='word_1_350' title='bbox 1639 233 1756 268; x_wconf 68' lang='lat' dir='ltr'>vivere</span> <span class='ocrx_word' id='word_1_351' title='bbox 1781 239 1902 281; x_wconf 87' lang='lat' dir='ltr'>possit.</span> <span class='ocrx_word' id='word_1_352' title='bbox 1955 240 2124 285; x_wconf 86' lang='lat' dir='ltr'>Sequitur</span> 
     </span>
     <span class='ocr_line' id='line_1_54' title="bbox 1129 280 2122 329; baseline 0.014 -18"><span class='ocrx_word' id='word_1_353' title='bbox 1129 280 1289 313; x_wconf 87' lang='lat' dir='ltr'>narratio</span> <span class='ocrx_word' id='word_1_354' title='bbox 1307 281 1350 313; x_wconf 88' lang='lat' dir='ltr'>de</span> <span class='ocrx_word' id='word_1_355' title='bbox 1378 281 1508 314; x_wconf 90' lang='lat' dir='ltr'>iudicio</span> <span class='ocrx_word' id='word_1_356' title='bbox 1532 285 1819 329; x_wconf 87' lang='lat' dir='ltr'>necessitudinis,</span> <span class='ocrx_word' id='word_1_357' title='bbox 1847 302 1907 323; x_wconf 89' lang='lat' dir='ltr'>seu</span> <span class='ocrx_word' id='word_1_358' title='bbox 1935 292 2122 327; x_wconf 85' lang='lat' dir='ltr'>amicitiae.</span> 
     </span>
     <span class='ocr_line' id='line_1_55' title="bbox 1130 329 2121 379; baseline 0.014 -16"><span class='ocrx_word' id='word_1_359' title='bbox 1130 330 1318 364; x_wconf 88' lang='lat' dir='ltr'>Conclusio</span> <span class='ocrx_word' id='word_1_360' title='bbox 1344 329 1449 365; x_wconf 83' lang='lat' dir='ltr'>habet</span> <span class='ocrx_word' id='word_1_361' title='bbox 1475 334 1618 367; x_wconf 72' lang='lat' dir='ltr'>brevem</span> <span class='ocrx_word' id='word_1_362' title='bbox 1637 336 1931 379; x_wconf 66' lang='lat' dir='ltr'>significationem</span> <span class='ocrx_word' id='word_1_363' title='bbox 1952 355 2034 376; x_wconf 88' lang='lat' dir='ltr'>suae</span> <span class='ocrx_word' id='word_1_364' title='bbox 2060 356 2121 376; x_wconf 87' lang='lat' dir='ltr'>vo-</span> 
     </span>
     <span class='ocr_line' id='line_1_56' title="bbox 1128 382 2122 438; baseline 0.014 -24"><span class='ocrx_word' id='word_1_365' title='bbox 1128 383 1294 422; x_wconf 86' lang='lat' dir='ltr'>luntatis,</span> <span class='ocrx_word' id='word_1_366' title='bbox 1329 385 1427 428; x_wconf 88' lang='lat' dir='ltr'>quod</span> <span class='ocrx_word' id='word_1_367' title='bbox 1458 382 1549 417; x_wconf 82' lang='lat' dir='ltr'>nihil</span> <span class='ocrx_word' id='word_1_368' title='bbox 1578 386 1674 420; x_wconf 86' lang='lat' dir='ltr'>aliud</span> <span class='ocrx_word' id='word_1_369' title='bbox 1704 396 1819 433; x_wconf 89' lang='lat' dir='ltr'>optet,</span> <span class='ocrx_word' id='word_1_370' title='bbox 1852 405 1959 438; x_wconf 81' lang='lat' dir='ltr'>quam</span> <span class='ocrx_word' id='word_1_371' title='bbox 1992 401 2031 427; x_wconf 90' lang='lat' dir='ltr'>ut</span> <span class='ocrx_word' id='word_1_372' title='bbox 2063 395 2122 427; x_wconf 89' lang='lat' dir='ltr'>illa</span> 
     </span>
     <span class='ocr_line' id='line_1_57' title="bbox 1129 433 1565 480; baseline 0.009 -14"><span class='ocrx_word' id='word_1_373' title='bbox 1129 433 1283 467; x_wconf 86' lang='lat' dir='ltr'>amicitia</span> <span class='ocrx_word' id='word_1_374' title='bbox 1309 434 1353 467; x_wconf 86' lang='lat' dir='ltr'>sit</span> <span class='ocrx_word' id='word_1_375' title='bbox 1381 442 1565 480; x_wconf 89' lang='lat' dir='ltr'>perpetua.</span> 
     </span>
    </p>
   </div>
   <div class='ocr_carea' id='block_1_21' title="bbox 1374 519 1881 567">
    <p class='ocr_par' dir='ltr' id='par_1_22' title="bbox 1374 519 1881 567">
     <span class='ocr_line' id='line_1_58' title="bbox 1374 519 1881 567; baseline 0.02 -16"><span class='ocrx_word' id='word_1_376' title='bbox 1374 519 1511 553; x_wconf 82' lang='lat' dir='ltr'>Aliud</span> <span class='ocrx_word' id='word_1_377' title='bbox 1553 532 1881 567; x_wconf 85' lang='lat' dir='ltr'>argumentum.</span> 
     </span>
    </p>
   </div>
   <div class='ocr_carea' id='block_1_22' title="bbox 1128 577 2126 1038">
    <p class='ocr_par' dir='ltr' id='par_1_23' title="bbox 1128 577 2126 1038">
     <span class='ocr_line' id='line_1_59' title="bbox 1230 577 2123 631; baseline 0.017 -22"><span class='ocrx_word' id='word_1_378' title='bbox 1230 577 1469 623; x_wconf 84' lang='lat' dir='ltr'>Responsoria</span> <span class='ocrx_word' id='word_1_379' title='bbox 1495 587 1546 614; x_wconf 87' lang='lat' dir='ltr'>est</span> <span class='ocrx_word' id='word_1_380' title='bbox 1570 594 1643 615; x_wconf 90' lang='lat' dir='ltr'>non</span> <span class='ocrx_word' id='word_1_381' title='bbox 1671 585 1854 627; x_wconf 86' lang='lat' dir='ltr'>proximae</span> <span class='ocrx_word' id='word_1_382' title='bbox 1879 589 2123 631; x_wconf 82' lang='lat' dir='ltr'>praecedentis</span> 
     </span>
     <span class='ocr_line' id='line_1_60' title="bbox 1129 628 2126 686; baseline 0.013 -25"><span class='ocrx_word' id='word_1_383' title='bbox 1129 628 1317 672; x_wconf 84' lang='lat' dir='ltr'>epistolae,</span> <span class='ocrx_word' id='word_1_384' title='bbox 1351 631 1412 663; x_wconf 88' lang='lat' dir='ltr'>sed</span> <span class='ocrx_word' id='word_1_385' title='bbox 1439 631 1621 665; x_wconf 89' lang='lat' dir='ltr'>cuiusdam</span> <span class='ocrx_word' id='word_1_386' title='bbox 1646 635 1811 677; x_wconf 85' lang='lat' dir='ltr'>alterius,</span> <span class='ocrx_word' id='word_1_387' title='bbox 1841 638 1877 670; x_wconf 91' lang='lat' dir='ltr'>in</span> <span class='ocrx_word' id='word_1_388' title='bbox 1905 652 1972 684; x_wconf 85' lang='lat' dir='ltr'>qua</span> <span class='ocrx_word' id='word_1_389' title='bbox 2000 638 2126 686; x_wconf 87' lang='lat' dir='ltr'>Bithy-</span> 
     </span>
     <span class='ocr_line' id='line_1_61' title="bbox 1128 679 2126 736; baseline 0.013 -25"><span class='ocrx_word' id='word_1_390' title='bbox 1128 679 1228 713; x_wconf 90' lang='lat' dir='ltr'>nicus</span> <span class='ocrx_word' id='word_1_391' title='bbox 1257 680 1466 725; x_wconf 88' lang='lat' dir='ltr'>scripserat,</span> <span class='ocrx_word' id='word_1_392' title='bbox 1493 695 1529 716; x_wconf 86' lang='lat' dir='ltr'>se</span> <span class='ocrx_word' id='word_1_393' title='bbox 1546 682 1635 717; x_wconf 86' lang='lat' dir='ltr'>nihil</span> <span class='ocrx_word' id='word_1_394' title='bbox 1662 692 1732 718; x_wconf 91' lang='lat' dir='ltr'>tam</span> <span class='ocrx_word' id='word_1_395' title='bbox 1752 695 1895 731; x_wconf 87' lang='lat' dir='ltr'>optare,</span> <span class='ocrx_word' id='word_1_396' title='bbox 1923 702 2030 736; x_wconf 88' lang='lat' dir='ltr'>quarn</span> <span class='ocrx_word' id='word_1_397' title='bbox 2056 692 2126 726; x_wconf 86' lang='lat' dir='ltr'>frui</span> 
     </span>
     <span class='ocr_line' id='line_1_62' title="bbox 1129 732 2126 776; baseline 0.014 -14"><span class='ocrx_word' id='word_1_398' title='bbox 1129 732 1385 765; x_wconf 88' lang='lat' dir='ltr'>consuetudine</span> <span class='ocrx_word' id='word_1_399' title='bbox 1411 739 1445 765; x_wconf 89' lang='lat' dir='ltr'>et</span> <span class='ocrx_word' id='word_1_400' title='bbox 1470 733 1712 769; x_wconf 85' lang='lat' dir='ltr'>familiaritate</span> <span class='ocrx_word' id='word_1_401' title='bbox 1730 738 1921 774; x_wconf 84' lang='lat' dir='ltr'>Ciceronis.</span> <span class='ocrx_word' id='word_1_402' title='bbox 1974 741 2126 776; x_wconf 90' lang='lat' dir='ltr'>Orditur</span> 
     </span>
     <span class='ocr_line' id='line_1_63' title="bbox 1129 783 2125 833; baseline 0.015 -21"><span class='ocrx_word' id='word_1_403' title='bbox 1129 787 1246 813; x_wconf 83' lang='lat' dir='ltr'>autem</span> <span class='ocrx_word' id='word_1_404' title='bbox 1272 794 1290 814; x_wconf 89' lang='lat' dir='ltr'>a</span> <span class='ocrx_word' id='word_1_405' title='bbox 1306 783 1571 827; x_wconf 90' lang='lat' dir='ltr'>propositione,</span> <span class='ocrx_word' id='word_1_406' title='bbox 1599 799 1689 831; x_wconf 85' lang='lat' dir='ltr'>quae</span> <span class='ocrx_word' id='word_1_407' title='bbox 1705 796 1843 833; x_wconf 87' lang='lat' dir='ltr'>sumpta</span> <span class='ocrx_word' id='word_1_408' title='bbox 1865 798 1915 824; x_wconf 90' lang='lat' dir='ltr'>est</span> <span class='ocrx_word' id='word_1_409' title='bbox 1941 804 1982 825; x_wconf 82' lang='lat' dir='ltr'>ex</span> <span class='ocrx_word' id='word_1_410' title='bbox 2000 793 2125 829; x_wconf 86' lang='lat' dir='ltr'>litteris</span> 
     </span>
     <span class='ocr_line' id='line_1_64' title="bbox 1128 830 2126 882; baseline 0.014 -18"><span class='ocrx_word' id='word_1_411' title='bbox 1128 830 1332 877; x_wconf 83' lang='lat' dir='ltr'>Bithynici,</span> <span class='ocrx_word' id='word_1_412' title='bbox 1359 846 1395 867; x_wconf 85' lang='lat' dir='ltr'>se</span> <span class='ocrx_word' id='word_1_413' title='bbox 1420 835 1575 869; x_wconf 88' lang='lat' dir='ltr'>vicissim</span> <span class='ocrx_word' id='word_1_414' title='bbox 1600 835 1668 870; x_wconf 84' lang='lat' dir='ltr'>hoc</span> <span class='ocrx_word' id='word_1_415' title='bbox 1694 846 1833 882; x_wconf 83' lang='lat' dir='ltr'>optare,</span> <span class='ocrx_word' id='word_1_416' title='bbox 1863 848 1900 875; x_wconf 88' lang='lat' dir='ltr'>ut</span> <span class='ocrx_word' id='word_1_417' title='bbox 1924 843 2020 876; x_wconf 80' lang='lat' dir='ltr'>vivat</span> <span class='ocrx_word' id='word_1_418' title='bbox 2045 857 2126 879; x_wconf 85' lang='lat' dir='ltr'>cuin</span> 
     </span>
     <span class='ocr_line' id='line_1_65' title="bbox 1129 884 2124 937; baseline 0.014 -22"><span class='ocrx_word' id='word_1_419' title='bbox 1129 889 1200 915; x_wconf 89' lang='lat' dir='ltr'>tam</span> <span class='ocrx_word' id='word_1_420' title='bbox 1233 884 1334 917; x_wconf 84' lang='lat' dir='ltr'>suavi</span> <span class='ocrx_word' id='word_1_421' title='bbox 1359 885 1486 920; x_wconf 92' lang='lat' dir='ltr'>amico.</span> <span class='ocrx_word' id='word_1_422' title='bbox 1540 887 1667 921; x_wconf 79' lang='lat' dir='ltr'>Postea</span> <span class='ocrx_word' id='word_1_423' title='bbox 1693 891 1852 934; x_wconf 80' lang='lat' dir='ltr'>sequitur</span> <span class='ocrx_word' id='word_1_424' title='bbox 1876 895 2124 937; x_wconf 73' lang='lat' dir='ltr'>comprobatio</span> 
     </span>
     <span class='ocr_line' id='line_1_66' title="bbox 1131 934 2126 984; baseline 0.013 -17"><span class='ocrx_word' id='word_1_425' title='bbox 1131 935 1323 969; x_wconf 80' lang='lat' dir='ltr'>voluntatis</span> <span class='ocrx_word' id='word_1_426' title='bbox 1332 934 1526 982; x_wconf 66' lang='lat' dir='ltr'>Bithy-uici,</span> <span class='ocrx_word' id='word_1_427' title='bbox 1547 940 1665 972; x_wconf 80' lang='lat' dir='ltr'>addita</span> <span class='ocrx_word' id='word_1_428' title='bbox 1682 940 1938 984; x_wconf 81' lang='lat' dir='ltr'>significatione</span> <span class='ocrx_word' id='word_1_429' title='bbox 1954 946 2009 978; x_wconf 86' lang='lat' dir='ltr'>sui</span> <span class='ocrx_word' id='word_1_430' title='bbox 2027 958 2126 979; x_wconf 80' lang='lat' dir='ltr'>amo-</span> 
     </span>
     <span class='ocr_line' id='line_1_67' title="bbox 1129 985 2040 1038; baseline 0.013 -20"><span class='ocrx_word' id='word_1_431' title='bbox 1129 986 1189 1020; x_wconf 87' lang='lat' dir='ltr'>ris.</span> <span class='ocrx_word' id='word_1_432' title='bbox 1240 985 1281 1019; x_wconf 93' lang='lat' dir='ltr'>In</span> <span class='ocrx_word' id='word_1_433' title='bbox 1298 988 1366 1020; x_wconf 90' lang='lat' dir='ltr'>fine</span> <span class='ocrx_word' id='word_1_434' title='bbox 1383 988 1530 1032; x_wconf 92' lang='lat' dir='ltr'>ponitur</span> <span class='ocrx_word' id='word_1_435' title='bbox 1545 991 1709 1035; x_wconf 87' lang='lat' dir='ltr'>repetitio</span> <span class='ocrx_word' id='word_1_436' title='bbox 1725 995 2040 1038; x_wconf 87' lang='lat' dir='ltr'>comprobationis.</span> 
     </span>
    </p>
   </div>
   <div class='ocr_carea' id='block_1_23' title="bbox 1374 1073 1881 1120">
    <p class='ocr_par' dir='ltr' id='par_1_24' title="bbox 1374 1073 1881 1120">
     <span class='ocr_line' id='line_1_68' title="bbox 1374 1073 1881 1120; baseline 0.014 -14"><span class='ocrx_word' id='word_1_437' title='bbox 1374 1073 1515 1108; x_wconf 89' lang='lat' dir='ltr'>Aliud</span> <span class='ocrx_word' id='word_1_438' title='bbox 1552 1085 1881 1120; x_wconf 86' lang='lat' dir='ltr'>argumentum.</span> 
     </span>
    </p>
   </div>
   <div class='ocr_carea' id='block_1_24' title="bbox 1131 1131 2128 1240">
    <p class='ocr_par' dir='ltr' id='par_1_25' title="bbox 1131 1131 2128 1240">
     <span class='ocr_line' id='line_1_69' title="bbox 1234 1131 2128 1180; baseline 0.016 -17"><span class='ocrx_word' id='word_1_439' title='bbox 1234 1131 1358 1165; x_wconf 92' lang='lat' dir='ltr'>Primo</span> <span class='ocrx_word' id='word_1_440' title='bbox 1383 1134 1462 1167; x_wconf 90' lang='lat' dir='ltr'>loco</span> <span class='ocrx_word' id='word_1_441' title='bbox 1498 1143 1548 1170; x_wconf 86' lang='lat' dir='ltr'>est</span> <span class='ocrx_word' id='word_1_442' title='bbox 1579 1137 1866 1180; x_wconf 86' lang='lat' dir='ltr'>narratiuncula,</span> <span class='ocrx_word' id='word_1_443' title='bbox 1902 1144 2128 1177; x_wconf 88' lang='lat' dir='ltr'>consuetudi-</span> 
     </span>
     <span class='ocr_line' id='line_1_70' title="bbox 1131 1181 2128 1240; baseline 0.015 -27"><span class='ocrx_word' id='word_1_444' title='bbox 1131 1193 1213 1213; x_wconf 88' lang='lat' dir='ltr'>nem</span> <span class='ocrx_word' id='word_1_445' title='bbox 1230 1181 1412 1229; x_wconf 76' lang='lat' dir='ltr'>Bithynici</span> <span class='ocrx_word' id='word_1_446' title='bbox 1430 1187 1496 1220; x_wconf 89' lang='lat' dir='ltr'>sibi</span> <span class='ocrx_word' id='word_1_447' title='bbox 1519 1188 1756 1232; x_wconf 83' lang='lat' dir='ltr'>gratissimam</span> <span class='ocrx_word' id='word_1_448' title='bbox 1781 1192 1950 1226; x_wconf 89' lang='lat' dir='ltr'>futuram.</span> <span class='ocrx_word' id='word_1_449' title='bbox 2004 1193 2128 1240; x_wconf 88' lang='lat' dir='ltr'>Sequi—</span> 
     </span>
    </p>
   </div>
   <div class='ocr_carea' id='block_1_25' title="bbox 1131 1236 2127 1319">
    <p class='ocr_par' dir='ltr' id='par_1_26' title="bbox 1131 1236 2127 1319">
     <span class='ocr_line' id='line_1_71' title="bbox 1132 1236 2127 1290; baseline 0.014 -25"><span class='ocrx_word' id='word_1_450' title='bbox 1132 1238 1190 1290; x_wconf 82' lang='lat' dir='ltr'>tur</span> <span class='ocrx_word' id='word_1_451' title='bbox 1217 1236 1437 1280; x_wconf 87' lang='lat' dir='ltr'>propositio,</span> <span class='ocrx_word' id='word_1_452' title='bbox 1470 1240 1591 1273; x_wconf 83' lang='lat' dir='ltr'>addita</span> <span class='ocrx_word' id='word_1_453' title='bbox 1611 1240 1750 1273; x_wconf 85' lang='lat' dir='ltr'>ratione</span> <span class='ocrx_word' id='word_1_454' title='bbox 1770 1255 1849 1275; x_wconf 86' lang='lat' dir='ltr'>cum</span> <span class='ocrx_word' id='word_1_455' title='bbox 1868 1244 1968 1277; x_wconf 75' lang='lat' dir='ltr'>brevi</span> <span class='ocrx_word' id='word_1_456' title='bbox 1986 1246 2127 1280; x_wconf 88' lang='lat' dir='ltr'>conclu-</span> 
     </span>
     <span class='ocr_line' id='line_1_72' title="bbox 1131 1296 1243 1319; baseline 0.018 -2"><span class='ocrx_word' id='word_1_457' title='bbox 1131 1296 1243 1319; x_wconf 80' lang='lat' dir='ltr'>sione.</span> 
     </span>
    </p>
   </div>
   <div class='ocr_carea' id='block_1_26' title="bbox 1350 1369 1903 1423">
    <p class='ocr_par' dir='ltr' id='par_1_27' title="bbox 1350 1369 1903 1423">
     <span class='ocr_line' id='line_1_73' title="bbox 1350 1369 1903 1423; baseline 0.016 -23"><span class='ocrx_word' id='word_1_458' title='bbox 1350 1369 1485 1402; x_wconf 91' lang='lat' dir='ltr'>Aliud</span> <span class='ocrx_word' id='word_1_459' title='bbox 1514 1380 1830 1415; x_wconf 85' lang='lat' dir='ltr'>argumentum</span> <span class='ocrx_word' id='word_1_460' title='bbox 1845 1375 1903 1423; x_wconf 69' lang='lat'>3⁸).</span> 
     </span>
    </p>
   </div>
   <div class='ocr_carea' id='block_1_27' title="bbox 1132 1436 2130 1690">
    <p class='ocr_par' dir='ltr' id='par_1_28' title="bbox 1132 1436 2130 1690">
     <span class='ocr_line' id='line_1_74' title="bbox 1238 1436 2127 1484; baseline 0.012 -15"><span class='ocrx_word' id='word_1_461' title='bbox 1238 1436 1362 1469; x_wconf 89' lang='lat' dir='ltr'>Cicero</span> <span class='ocrx_word' id='word_1_462' title='bbox 1387 1440 1578 1481; x_wconf 86' lang='lat' dir='ltr'>respondet</span> <span class='ocrx_word' id='word_1_463' title='bbox 1600 1438 1791 1484; x_wconf 80' lang='lat' dir='ltr'>Bithynico</span> <span class='ocrx_word' id='word_1_464' title='bbox 1817 1444 1860 1475; x_wconf 90' lang='lat' dir='ltr'>ad</span> <span class='ocrx_word' id='word_1_465' title='bbox 1886 1444 1993 1478; x_wconf 85' lang='lat' dir='ltr'>aliam</span> <span class='ocrx_word' id='word_1_466' title='bbox 2015 1458 2127 1479; x_wconf 75' lang='lat' dir='ltr'>uuan—</span> 
     </span>
     <span class='ocr_line' id='line_1_75' title="bbox 1133 1482 2129 1538; baseline 0.015 -21"><span class='ocrx_word' id='word_1_467' title='bbox 1133 1487 1216 1518; x_wconf 89' lang='lat' dir='ltr'>dam</span> <span class='ocrx_word' id='word_1_468' title='bbox 1249 1487 1461 1530; x_wconf 87' lang='lat' dir='ltr'>epistolam,</span> <span class='ocrx_word' id='word_1_469' title='bbox 1504 1502 1577 1522; x_wconf 91' lang='lat' dir='ltr'>non</span> <span class='ocrx_word' id='word_1_470' title='bbox 1610 1493 1811 1534; x_wconf 80' lang='lat' dir='ltr'>proximam</span> <span class='ocrx_word' id='word_1_471' title='bbox 1847 1482 2129 1538; x_wconf 76' lang='lat' dir='ltr'>praecedentem.</span> 
     </span>
     <span class='ocr_line' id='line_1_76' title="bbox 1132 1535 2129 1585; baseline 0.015 -17"><span class='ocrx_word' id='word_1_472' title='bbox 1132 1535 1344 1582; x_wconf 85' lang='lat' dir='ltr'>Bithynicus</span> <span class='ocrx_word' id='word_1_473' title='bbox 1367 1540 1581 1583; x_wconf 85' lang='lat' dir='ltr'>promiserat</span> <span class='ocrx_word' id='word_1_474' title='bbox 1598 1542 1761 1575; x_wconf 88' lang='lat' dir='ltr'>Ciceroni</span> <span class='ocrx_word' id='word_1_475' title='bbox 1789 1545 1963 1579; x_wconf 88' lang='lat' dir='ltr'>victurum</span> <span class='ocrx_word' id='word_1_476' title='bbox 1987 1561 2023 1581; x_wconf 88' lang='lat' dir='ltr'>se</span> <span class='ocrx_word' id='word_1_477' title='bbox 2049 1561 2129 1585; x_wconf 86' lang='lat' dir='ltr'>cum</span> 
     </span>
     <span class='ocr_line' id='line_1_77' title="bbox 1134 1589 2130 1638; baseline 0.014 -18"><span class='ocrx_word' id='word_1_478' title='bbox 1134 1589 1214 1629; x_wconf 86' lang='lat' dir='ltr'>illo,</span> <span class='ocrx_word' id='word_1_479' title='bbox 1242 1589 1271 1622; x_wconf 84' lang='lat' dir='ltr'>si</span> <span class='ocrx_word' id='word_1_480' title='bbox 1295 1589 1490 1635; x_wconf 89' lang='lat' dir='ltr'>aliquando</span> <span class='ocrx_word' id='word_1_481' title='bbox 1515 1593 1712 1637; x_wconf 89' lang='lat' dir='ltr'>respublica</span> <span class='ocrx_word' id='word_1_482' title='bbox 1736 1602 1823 1628; x_wconf 85' lang='lat' dir='ltr'>esset</span> <span class='ocrx_word' id='word_1_483' title='bbox 1849 1598 2058 1638; x_wconf 88' lang='lat' dir='ltr'>constituta;</span> <span class='ocrx_word' id='word_1_484' title='bbox 2090 1608 2130 1634; x_wconf 91' lang='lat' dir='ltr'>ut</span> 
     </span>
     <span class='ocr_line' id='line_1_78' title="bbox 1134 1640 2127 1690; baseline 0.013 -18"><span class='ocrx_word' id='word_1_485' title='bbox 1134 1640 1169 1673; x_wconf 91' lang='lat' dir='ltr'>id</span> <span class='ocrx_word' id='word_1_486' title='bbox 1185 1642 1373 1674; x_wconf 86' lang='lat' dir='ltr'>commode</span> <span class='ocrx_word' id='word_1_487' title='bbox 1398 1642 1512 1676; x_wconf 88' lang='lat' dir='ltr'>facere</span> <span class='ocrx_word' id='word_1_488' title='bbox 1529 1651 1665 1688; x_wconf 88' lang='lat' dir='ltr'>posset,</span> <span class='ocrx_word' id='word_1_489' title='bbox 1694 1648 1887 1690; x_wconf 89' lang='lat' dir='ltr'>respondet</span> <span class='ocrx_word' id='word_1_490' title='bbox 1902 1649 2025 1683; x_wconf 90' lang='lat' dir='ltr'>Cicero</span> <span class='ocrx_word' id='word_1_491' title='bbox 2048 1663 2127 1684; x_wconf 90' lang='lat' dir='ltr'>eam</span> 
     </span>
    </p>
   </div>
   <div class='ocr_carea' id='block_1_28' title="bbox 1133 1692 2131 1779">
    <p class='ocr_par' dir='ltr' id='par_1_29' title="bbox 1133 1692 2131 1779">
     <span class='ocr_line' id='line_1_79' title="bbox 1133 1692 2131 1743; baseline 0.013 -19"><span class='ocrx_word' id='word_1_492' title='bbox 1133 1692 1243 1736; x_wconf 88' lang='lat' dir='ltr'>ipsius</span> <span class='ocrx_word' id='word_1_493' title='bbox 1270 1693 1491 1728; x_wconf 85' lang='lat' dir='ltr'>voluntatem</span> <span class='ocrx_word' id='word_1_494' title='bbox 1523 1695 1590 1728; x_wconf 84' lang='lat' dir='ltr'>sibi</span> <span class='ocrx_word' id='word_1_495' title='bbox 1621 1694 1849 1732; x_wconf 82' lang='lat' dir='ltr'>vehementer</span> <span class='ocrx_word' id='word_1_496' title='bbox 1875 1707 2012 1743; x_wconf 83' lang='lat' dir='ltr'>gratam</span> <span class='ocrx_word' id='word_1_497' title='bbox 2046 1715 2131 1738; x_wconf 86' lang='lat' dir='ltr'>esse.</span> 
     </span>
     <span class='ocr_line' id='line_1_80' title="bbox 1133 1743 1458 1779; baseline 0.009 -3"><span class='ocrx_word' id='word_1_498' title='bbox 1133 1743 1285 1777; x_wconf 90' lang='lat' dir='ltr'>Orditur</span> <span class='ocrx_word' id='word_1_499' title='bbox 1313 1756 1331 1776; x_wconf 88' lang='lat' dir='ltr'>a</span> <span class='ocrx_word' id='word_1_500' title='bbox 1361 1751 1458 1779; x_wconf 87' lang='lat' dir='ltr'>voto.</span> 
     </span>
    </p>
   </div>
   <div class='ocr_carea' id='block_1_29' title="bbox 1376 1831 1875 1877">
    <p class='ocr_par' dir='ltr' id='par_1_30' title="bbox 1376 1831 1875 1877">
     <span class='ocr_line' id='line_1_81' title="bbox 1376 1831 1875 1877; baseline 0.012 -14"><span class='ocrx_word' id='word_1_501' title='bbox 1376 1831 1513 1864; x_wconf 92' lang='lat' dir='ltr'>Aliud</span> <span class='ocrx_word' id='word_1_502' title='bbox 1543 1842 1875 1877; x_wconf 84' lang='lat' dir='ltr'>argumentum.</span> 
     </span>
    </p>
   </div>
   <div class='ocr_carea' id='block_1_30' title="bbox 1135 1889 2132 2094">
    <p class='ocr_par' dir='ltr' id='par_1_31' title="bbox 1135 1889 2132 2094">
     <span class='ocr_line' id='line_1_82' title="bbox 1240 1889 2131 1936; baseline 0.011 -15"><span class='ocrx_word' id='word_1_503' title='bbox 1240 1889 1399 1933; x_wconf 84' lang='lat' dir='ltr'>Epistola</span> <span class='ocrx_word' id='word_1_504' title='bbox 1417 1897 1467 1923; x_wconf 85' lang='lat' dir='ltr'>est</span> <span class='ocrx_word' id='word_1_505' title='bbox 1486 1893 1711 1936; x_wconf 88' lang='lat' dir='ltr'>responsoria</span> <span class='ocrx_word' id='word_1_506' title='bbox 1730 1896 1975 1930; x_wconf 84' lang='lat' dir='ltr'>etfamiliaris.</span> <span class='ocrx_word' id='word_1_507' title='bbox 2017 1897 2131 1931; x_wconf 79' lang='lat' dir='ltr'>Exor-</span> 
     </span>
     <span class='ocr_line' id='line_1_83' title="bbox 1135 1939 2130 1992; baseline 0.011 -21"><span class='ocrx_word' id='word_1_508' title='bbox 1135 1939 1232 1972; x_wconf 89' lang='lat' dir='ltr'>dium</span> <span class='ocrx_word' id='word_1_509' title='bbox 1256 1947 1374 1973; x_wconf 88' lang='lat' dir='ltr'>autem</span> <span class='ocrx_word' id='word_1_510' title='bbox 1400 1942 1544 1975; x_wconf 84' lang='lat' dir='ltr'>ductum</span> <span class='ocrx_word' id='word_1_511' title='bbox 1570 1951 1621 1976; x_wconf 90' lang='lat' dir='ltr'>est</span> <span class='ocrx_word' id='word_1_512' title='bbox 1643 1956 1661 1976; x_wconf 89' lang='lat' dir='ltr'>a</span> <span class='ocrx_word' id='word_1_513' title='bbox 1688 1946 1820 1985; x_wconf 84' lang='lat' dir='ltr'>causis,</span> <span class='ocrx_word' id='word_1_514' title='bbox 1849 1959 1911 1980; x_wconf 88' lang='lat' dir='ltr'>cur</span> <span class='ocrx_word' id='word_1_515' title='bbox 1936 1950 2130 1992; x_wconf 90' lang='lat' dir='ltr'>rempubli-</span> 
     </span>
     <span class='ocr_line' id='line_1_84' title="bbox 1135 1992 2131 2043; baseline 0.01 -21"><span class='ocrx_word' id='word_1_516' title='bbox 1135 2002 1212 2022; x_wconf 86' lang='lat' dir='ltr'>cam</span> <span class='ocrx_word' id='word_1_517' title='bbox 1230 1992 1459 2025; x_wconf 73' lang='lat' dir='ltr'>constitutam</span> <span class='ocrx_word' id='word_1_518' title='bbox 1480 1994 1574 2026; x_wconf 77' lang='lat' dir='ltr'>velit.</span> <span class='ocrx_word' id='word_1_519' title='bbox 1628 1994 1767 2028; x_wconf 89' lang='lat' dir='ltr'>Deinde</span> <span class='ocrx_word' id='word_1_520' title='bbox 1792 1999 1951 2042; x_wconf 85' lang='lat' dir='ltr'>sequitur</span> <span class='ocrx_word' id='word_1_521' title='bbox 1967 2001 2131 2043; x_wconf 87' lang='lat' dir='ltr'>proposi-</span> 
     </span>
     <span class='ocr_line' id='line_1_85' title="bbox 1136 2042 2132 2094; baseline 0.011 -21"><span class='ocrx_word' id='word_1_522' title='bbox 1136 2042 1205 2080; x_wconf 89' lang='lat' dir='ltr'>tio,</span> <span class='ocrx_word' id='word_1_523' title='bbox 1234 2049 1271 2074; x_wconf 85' lang='lat' dir='ltr'>ut</span> <span class='ocrx_word' id='word_1_524' title='bbox 1296 2055 1367 2075; x_wconf 90' lang='lat' dir='ltr'>una</span> <span class='ocrx_word' id='word_1_525' title='bbox 1392 2044 1503 2086; x_wconf 90' lang='lat' dir='ltr'>possit</span> <span class='ocrx_word' id='word_1_526' title='bbox 1525 2044 1665 2084; x_wconf 84' lang='lat' dir='ltr'>vivere,</span> <span class='ocrx_word' id='word_1_527' title='bbox 1701 2049 2002 2091; x_wconf 86' lang='lat' dir='ltr'>quemadmodum</span> <span class='ocrx_word' id='word_1_528' title='bbox 2028 2052 2132 2094; x_wconf 90' lang='lat' dir='ltr'>polli-</span> 
     </span>
    </p>
   </div>
   <div class='ocr_carea' id='block_1_31' title="bbox 1136 2093 2129 2189">
    <p class='ocr_par' dir='ltr' id='par_1_32' title="bbox 1136 2093 2129 2189">
     <span class='ocr_line' id='line_1_86' title="bbox 1136 2093 2129 2146; baseline 0.012 -22"><span class='ocrx_word' id='word_1_529' title='bbox 1136 2093 1224 2126; x_wconf 88' lang='lat' dir='ltr'>citus</span> <span class='ocrx_word' id='word_1_530' title='bbox 1239 2100 1315 2126; x_wconf 86' lang='lat' dir='ltr'>erat</span> <span class='ocrx_word' id='word_1_531' title='bbox 1330 2093 1467 2127; x_wconf 88' lang='lat' dir='ltr'>litteris.</span> <span class='ocrx_word' id='word_1_532' title='bbox 1510 2095 1596 2129; x_wconf 90' lang='lat' dir='ltr'>Post</span> <span class='ocrx_word' id='word_1_533' title='bbox 1620 2096 1749 2129; x_wconf 89' lang='lat' dir='ltr'>bellum</span> <span class='ocrx_word' id='word_1_534' title='bbox 1768 2099 1861 2132; x_wconf 87' lang='lat' dir='ltr'>enim</span> <span class='ocrx_word' id='word_1_535' title='bbox 1879 2099 1980 2133; x_wconf 89' lang='lat' dir='ltr'>civile</span> <span class='ocrx_word' id='word_1_536' title='bbox 1995 2101 2129 2146; x_wconf 88' lang='lat' dir='ltr'>disper-</span> 
     </span>
     <span class='ocr_line' id='line_1_87' title="bbox 1136 2143 1476 2189; baseline 0.003 -12"><span class='ocrx_word' id='word_1_537' title='bbox 1136 2143 1219 2189; x_wconf 73' lang='lat' dir='ltr'>si39)</span> <span class='ocrx_word' id='word_1_538' title='bbox 1248 2151 1349 2177; x_wconf 88' lang='lat' dir='ltr'>erant</span> <span class='ocrx_word' id='word_1_539' title='bbox 1373 2145 1476 2178; x_wconf 90' lang='lat' dir='ltr'>cives.</span> 
     </span>
    </p>
   </div>
   <div class='ocr_carea' id='block_1_32' title="bbox 1298 2228 1978 2275">
    <p class='ocr_par' dir='ltr' id='par_1_33' title="bbox 1298 2228 1978 2275">
     <span class='ocr_line' id='line_1_88' title="bbox 1298 2228 1978 2275; baseline 0.01 -12"><span class='ocrx_word' id='word_1_540' title='bbox 1298 2228 1483 2264; x_wconf 87' lang='lat' dir='ltr'>Scholia</span> <span class='ocrx_word' id='word_1_541' title='bbox 1512 2231 1555 2263; x_wconf 92' lang='lat' dir='ltr'>in</span> <span class='ocrx_word' id='word_1_542' title='bbox 1588 2231 1829 2275; x_wconf 84' lang='lat' dir='ltr'>epistolam</span> <span class='ocrx_word' id='word_1_543' title='bbox 1858 2234 1978 2270; x_wconf 87' lang='lat' dir='ltr'>XVIII.</span> 
     </span>
    </p>
   </div>
   <div class='ocr_carea' id='block_1_33' title="bbox 1137 2296 2131 2398">
    <p class='ocr_par' dir='ltr' id='par_1_34' title="bbox 1137 2296 2131 2398">
     <span class='ocr_line' id='line_1_89' title="bbox 1241 2296 2129 2347; baseline 0.01 -16"><span class='ocrx_word' id='word_1_544' title='bbox 1241 2296 1271 2342; x_wconf 54' lang='grc' dir='ltr'>ᾗ.</span> <span class='ocrx_word' id='word_1_545' title='bbox 1290 2299 1321 2332; x_wconf 90' lang='grc'>1.</span> <span class='ocrx_word' id='word_1_546' title='bbox 1348 2300 1462 2334; x_wconf 71' lang='lat' dir='ltr'>Simul</span> <span class='ocrx_word' id='word_1_547' title='bbox 1479 2305 1514 2334; x_wconf 83' lang='lat' dir='ltr'>ut</span> <span class='ocrx_word' id='word_1_548' title='bbox 1523 2298 1569 2344; x_wconf 74' lang='lat'>⁴⁰)</span> <span class='ocrx_word' id='word_1_549' title='bbox 1587 2298 1718 2347; x_wconf 73' lang='lat' dir='ltr'>accepi]</span> <span class='ocrx_word' id='word_1_550' title='bbox 1747 2301 1877 2335; x_wconf 86' lang='lat' dir='ltr'>Variae</span> <span class='ocrx_word' id='word_1_551' title='bbox 1893 2304 2129 2340; x_wconf 87' lang='lat' dir='ltr'>narrationes.</span> 
     </span>
     <span class='ocr_line' id='line_1_90' title="bbox 1137 2348 2131 2398; baseline 0.01 -17"><span class='ocrx_word' id='word_1_552' title='bbox 1137 2348 1288 2396; x_wconf 69' lang='lat' dir='ltr'>Haec‘ss)</span> <span class='ocrx_word' id='word_1_553' title='bbox 1316 2357 1434 2384; x_wconf 89' lang='lat' dir='ltr'>autem</span> <span class='ocrx_word' id='word_1_554' title='bbox 1459 2351 1597 2394; x_wconf 85' lang='lat' dir='ltr'>scripsit</span> <span class='ocrx_word' id='word_1_555' title='bbox 1626 2357 1720 2391; x_wconf 78' lang='lat' dir='ltr'>tuin,</span> <span class='ocrx_word' id='word_1_556' title='bbox 1755 2365 1865 2397; x_wconf 89' lang='lat' dir='ltr'>quum</span> <span class='ocrx_word' id='word_1_557' title='bbox 1901 2361 2002 2398; x_wconf 86' lang='lat' dir='ltr'>pater</span> <span class='ocrx_word' id='word_1_558' title='bbox 2024 2355 2131 2391; x_wconf 90' lang='lat' dir='ltr'>Pom-</span> 
     </span>
    </p>
   </div>
   <div class='ocr_carea' id='block_1_34' title="bbox 1225 2424 1341 2427">
    <p class='ocr_par' dir='ltr' id='par_1_35' title="bbox 1225 2424 1341 2427">
     <span class='ocr_line' id='line_1_91' title="bbox 1225 2424 1341 2427; baseline 0 0"><span class='ocrx_word' id='word_1_559' title='bbox 1225 2424 1341 2427; x_wconf 95' lang='lat' dir='ltr'> </span> 
     </span>
    </p>
   </div>
   <div class='ocr_carea' id='block_1_35' title="bbox 1170 2453 2133 2512">
    <p class='ocr_par' dir='ltr' id='par_1_36' title="bbox 1170 2453 2133 2512">
     <span class='ocr_line' id='line_1_92' title="bbox 1170 2453 2133 2489; baseline 0.007 -12"><span class='ocrx_word' id='word_1_560' title='bbox 1170 2453 1218 2481; x_wconf 81' lang='grc'>38)</span> <span class='ocrx_word' id='word_1_561' title='bbox 1239 2455 1296 2477; x_wconf 86' lang='lat' dir='ltr'>Hoc</span> <span class='ocrx_word' id='word_1_562' title='bbox 1314 2456 1504 2484; x_wconf 79' lang='lat' dir='ltr'>argumentum</span> <span class='ocrx_word' id='word_1_563' title='bbox 1522 2455 1548 2476; x_wconf 85' lang='lat' dir='ltr'>et</span> <span class='ocrx_word' id='word_1_564' title='bbox 1566 2460 1684 2484; x_wconf 84' lang='lat' dir='ltr'>sequens</span> <span class='ocrx_word' id='word_1_565' title='bbox 1702 2453 1728 2477; x_wconf 79' lang='lat' dir='ltr'>in</span> <span class='ocrx_word' id='word_1_566' title='bbox 1747 2455 2030 2482; x_wconf 79' lang='lat' dir='ltr'>Editt.1565-1596.</span> <span class='ocrx_word' id='word_1_567' title='bbox 2052 2465 2133 2489; x_wconf 78' lang='lat' dir='ltr'>repe-</span> 
     </span>
     <span class='ocr_line' id='line_1_93' title="bbox 1207 2489 1322 2512; baseline 0 -1"><span class='ocrx_word' id='word_1_568' title='bbox 1207 2489 1322 2512; x_wconf 87' lang='lat' dir='ltr'>riuntur.</span> 
     </span>
    </p>
   </div>
   <div class='ocr_carea' id='block_1_36' title="bbox 1170 2531 1953 2563">
    <p class='ocr_par' dir='ltr' id='par_1_37' title="bbox 1170 2531 1953 2563">
     <span class='ocr_line' id='line_1_94' title="bbox 1170 2531 1953 2563; baseline 0.004 -8"><span class='ocrx_word' id='word_1_569' title='bbox 1170 2531 1218 2557; x_wconf 61' lang='lat'>39)</span> <span class='ocrx_word' id='word_1_570' title='bbox 1239 2531 1373 2561; x_wconf 83' lang='lat' dir='ltr'>dispersi]</span> <span class='ocrx_word' id='word_1_571' title='bbox 1394 2531 1442 2554; x_wconf 86' lang='lat' dir='ltr'>Ed.</span> <span class='ocrx_word' id='word_1_572' title='bbox 1466 2531 1538 2554; x_wconf 80' lang='lat'>1569.</span> <span class='ocrx_word' id='word_1_573' title='bbox 1560 2536 1656 2554; x_wconf 85' lang='lat' dir='ltr'>errore</span> <span class='ocrx_word' id='word_1_574' title='bbox 1675 2533 1801 2562; x_wconf 63' lang='lat' dir='ltr'>typogr.:</span> <span class='ocrx_word' id='word_1_575' title='bbox 1821 2534 1953 2563; x_wconf 85' lang='lat' dir='ltr'>despersi.</span> 
     </span>
    </p>
   </div>
   <div class='ocr_carea' id='block_1_37' title="bbox 1171 2573 2132 2709">
    <p class='ocr_par' dir='ltr' id='par_1_38' title="bbox 1171 2573 2132 2709">
     <span class='ocr_line' id='line_1_95' title="bbox 1171 2573 2132 2606; baseline 0.005 -8"><span class='ocrx_word' id='word_1_576' title='bbox 1171 2575 1220 2602; x_wconf 73' lang='lat'>4⁰)</span> <span class='ocrx_word' id='word_1_577' title='bbox 1240 2575 1334 2599; x_wconf 78' lang='lat' dir='ltr'>Simul</span> <span class='ocrx_word' id='word_1_578' title='bbox 1353 2575 1398 2602; x_wconf 81' lang='lat' dir='ltr'>ut]</span> <span class='ocrx_word' id='word_1_579' title='bbox 1418 2574 1458 2596; x_wconf 87' lang='lat' dir='ltr'>sic</span> <span class='ocrx_word' id='word_1_580' title='bbox 1477 2573 1562 2598; x_wconf 82' lang='lat' dir='ltr'>Editt.</span> <span class='ocrx_word' id='word_1_581' title='bbox 1583 2574 1669 2603; x_wconf 60' lang='lat'>15³7„</span> <span class='ocrx_word' id='word_1_582' title='bbox 1691 2576 1778 2604; x_wconf 60' lang='lat'>1545„</span> <span class='ocrx_word' id='word_1_583' title='bbox 1799 2577 1883 2604; x_wconf 71' lang='lat'>1546..</span> <span class='ocrx_word' id='word_1_584' title='bbox 1904 2577 1990 2606; x_wconf 81' lang='lat'>1560..</span> <span class='ocrx_word' id='word_1_585' title='bbox 2010 2579 2084 2602; x_wconf 77' lang='lat'>1601.</span> <span class='ocrx_word' id='word_1_586' title='bbox 2104 2580 2132 2603; x_wconf 85' lang='lat' dir='ltr'>in</span> 
     </span>
     <span class='ocr_line' id='line_1_96' title="bbox 1206 2608 2130 2639; baseline 0.005 -7"><span class='ocrx_word' id='word_1_587' title='bbox 1206 2610 1298 2638; x_wconf 78' lang='lat' dir='ltr'>textu,</span> <span class='ocrx_word' id='word_1_588' title='bbox 1325 2610 1352 2632; x_wconf 84' lang='lat' dir='ltr'>et</span> <span class='ocrx_word' id='word_1_589' title='bbox 1370 2608 1453 2632; x_wconf 84' lang='lat' dir='ltr'>Editt.</span> <span class='ocrx_word' id='word_1_590' title='bbox 1477 2608 1565 2639; x_wconf 58' lang='lat'>1540„</span> <span class='ocrx_word' id='word_1_591' title='bbox 1587 2609 1678 2635; x_wconf 72' lang='lat'>1544..</span> <span class='ocrx_word' id='word_1_592' title='bbox 1700 2610 1773 2633; x_wconf 71' lang='lat'>1554.</span> <span class='ocrx_word' id='word_1_593' title='bbox 1786 2627 1793 2639; x_wconf 75' lang='lat'>,</span> <span class='ocrx_word' id='word_1_594' title='bbox 1815 2611 1889 2634; x_wconf 87' lang='lat'>1557.</span> <span class='ocrx_word' id='word_1_595' title='bbox 1916 2611 1943 2634; x_wconf 87' lang='lat' dir='ltr'>in</span> <span class='ocrx_word' id='word_1_596' title='bbox 1962 2612 2018 2637; x_wconf 86' lang='lat' dir='ltr'>Cic.</span> <span class='ocrx_word' id='word_1_597' title='bbox 2039 2614 2130 2637; x_wconf 80' lang='lat' dir='ltr'>verbis</span> 
     </span>
     <span class='ocr_line' id='line_1_97' title="bbox 1206 2642 2132 2679; baseline 0.006 -13"><span class='ocrx_word' id='word_1_598' title='bbox 1206 2644 1269 2667; x_wconf 87' lang='lat' dir='ltr'>huic</span> <span class='ocrx_word' id='word_1_599' title='bbox 1287 2645 1368 2666; x_wconf 84' lang='lat' dir='ltr'>notae</span> <span class='ocrx_word' id='word_1_600' title='bbox 1387 2642 1544 2672; x_wconf 80' lang='lat' dir='ltr'>adscriptiS,</span> <span class='ocrx_word' id='word_1_601' title='bbox 1563 2643 1589 2666; x_wconf 87' lang='lat' dir='ltr'>in</span> <span class='ocrx_word' id='word_1_602' title='bbox 1604 2644 1679 2666; x_wconf 77' lang='lat' dir='ltr'>textu</span> <span class='ocrx_word' id='word_1_603' title='bbox 1693 2646 1783 2668; x_wconf 86' lang='lat' dir='ltr'>autem</span> <span class='ocrx_word' id='word_1_604' title='bbox 1797 2645 1823 2668; x_wconf 79' lang='lat' dir='ltr'>in</span> <span class='ocrx_word' id='word_1_605' title='bbox 1835 2646 1917 2670; x_wconf 83' lang='lat' dir='ltr'>Editt.</span> <span class='ocrx_word' id='word_1_606' title='bbox 1939 2647 2023 2677; x_wconf 62' lang='lat'>1544„</span> <span class='ocrx_word' id='word_1_607' title='bbox 2045 2648 2132 2679; x_wconf 58' lang='lat'>1554„</span> 
     </span>
     <span class='ocr_line' id='line_1_98' title="bbox 1208 2677 1826 2709; baseline 0.005 -8"><span class='ocrx_word' id='word_1_608' title='bbox 1208 2677 1283 2702; x_wconf 77' lang='lat'>¹557.</span> <span class='ocrx_word' id='word_1_609' title='bbox 1302 2679 1335 2701; x_wconf 80' lang='lat' dir='ltr'>ut</span> <span class='ocrx_word' id='word_1_610' title='bbox 1353 2677 1448 2706; x_wconf 85' lang='lat' dir='ltr'>deest;</span> <span class='ocrx_word' id='word_1_611' title='bbox 1469 2678 1517 2701; x_wconf 80' lang='lat' dir='ltr'>Ed.</span> <span class='ocrx_word' id='word_1_612' title='bbox 1536 2678 1622 2702; x_wconf 84' lang='lat' dir='ltr'>oren.</span> <span class='ocrx_word' id='word_1_613' title='bbox 1641 2679 1734 2703; x_wconf 77' lang='lat' dir='ltr'>Simul</span> <span class='ocrx_word' id='word_1_614' title='bbox 1752 2680 1826 2709; x_wconf 80' lang='lat' dir='ltr'>[acJ.</span> 
     </span>
    </p>
   </div>
   <div class='ocr_carea' id='block_1_38' title="bbox 1173 2721 2131 2780">
    <p class='ocr_par' dir='ltr' id='par_1_39' title="bbox 1173 2721 2131 2780">
     <span class='ocr_line' id='line_1_99' title="bbox 1173 2721 2131 2757; baseline 0.004 -12"><span class='ocrx_word' id='word_1_615' title='bbox 1173 2722 1221 2749; x_wconf 78' lang='lat'>41)</span> <span class='ocrx_word' id='word_1_616' title='bbox 1242 2721 1331 2748; x_wconf 76' lang='lat' dir='ltr'>Haec]</span> <span class='ocrx_word' id='word_1_617' title='bbox 1351 2721 1392 2744; x_wconf 86' lang='lat' dir='ltr'>sic</span> <span class='ocrx_word' id='word_1_618' title='bbox 1411 2721 1494 2744; x_wconf 85' lang='lat' dir='ltr'>Editt.</span> <span class='ocrx_word' id='word_1_619' title='bbox 1508 2721 1594 2752; x_wconf 64' lang='lat'>1537„</span> <span class='ocrx_word' id='word_1_620' title='bbox 1614 2722 1707 2752; x_wconf 77' lang='lat'>1560.;</span> <span class='ocrx_word' id='word_1_621' title='bbox 1727 2722 1809 2746; x_wconf 82' lang='lat' dir='ltr'>Editt.</span> <span class='ocrx_word' id='word_1_622' title='bbox 1832 2723 1915 2757; x_wconf 75' lang='lat'>1540.,</span> <span class='ocrx_word' id='word_1_623' title='bbox 1941 2724 2024 2754; x_wconf 69' lang='lat'>1544.‚</span> <span class='ocrx_word' id='word_1_624' title='bbox 2045 2724 2131 2756; x_wconf 63' lang='lat'>¹554„</span> 
     </span>
     <span class='ocr_line' id='line_1_100' title="bbox 1210 2755 1495 2780; baseline 0.007 -2"><span class='ocrx_word' id='word_1_625' title='bbox 1210 2755 1283 2779; x_wconf 66' lang='lat'>1557,</span> <span class='ocrx_word' id='word_1_626' title='bbox 1305 2755 1378 2779; x_wconf 77' lang='lat' dir='ltr'>Haec</span> <span class='ocrx_word' id='word_1_627' title='bbox 1396 2757 1495 2780; x_wconf 86' lang='lat' dir='ltr'>autem.</span> 
     </span>
    </p>
   </div>
   <div class='ocr_carea' id='block_1_39' title="bbox 1477 2788 1522 2824">
    <p class='ocr_par' dir='ltr' id='par_1_40' title="bbox 1477 2788 1559 2824">
     <span class='ocr_line' id='line_1_101' title="bbox 1477 2788 1522 2824; baseline 0 0"><span class='ocrx_word' id='word_1_628' title='bbox 1477 2788 1522 2824; x_wconf 86' lang='lat'>15</span> 
     </span>
    </p>
   </div>
  </div>
 </body>
</html>
