2351 2990
168 137 237 171 567

169 218 497 257 :uniortntiunculm
538 227 583 249 ne
618 214 702 246 velit
740 223 812 246 esse
837 216 941 243 autor
965 208 1039 241 eius
1060 205 1156 251 pacis

169 273 366 309 iaciemlae,
413 281 453 302 ex
487 280 554 313 qua
582 265 717 299 infinita
741 263 810 296 sint
837 266 999 294 secutura
1024 259 1158 290 iucom-

172 325 288 356 nimia.

423 393 555 426 Aliud
581 392 904 432 argumentum.

279 459 551 500 Nau-ratiuncula
571 464 639 496 est,
668 467 736 501 qua
754 455 912 487 modeste
932 449 1161 496 reprehendit

177 514 462 555 ingratittnlinem
481 508 604 552 Lepidi
629 518 710 550 erga
728 512 902 540 senatum.
955 502 1092 536 Deinde
1109 513 1161 535 se-

176 555 294 614 quitur
313 561 505 597 confutatio
524 558 660 591 consilii
678 556 803 601 Lepidi
823 557 866 589 de
891 554 1051 588 facienda
1076 563 1162 596 pace

177 632 253 651 cnm
272 612 440 649 Antonio,
493 609 624 654 Estque
650 605 878 652 reprehensio
902 606 1047 650 obliqua
1069 615 1163 636 sum-

176 678 234 714 pta
266 668 308 699 ab
345 661 579 696 inconuuodis
611 659 796 693 simulatae
827 657 933 701 pacis.
994 654 1163 698 Epilogus

176 720 279 753 habet
320 711 687 749 tlehortatiunculzun,
728 722 771 741 ne
795 715 898 741 autor
923 707 967 740 sit
995 705 1090 750 pacis
1115 706 1163 736 sa-

178 770 319 803 fiendae
337 778 415 799 cum
431 763 601 796 Antonio.

394 848 527 882 Aliud
558 850 870 889 argumentum
888 842 947 888 G‘·').

282 919 478 962 Scripserat
494 913 648 958 Lepidus
666 911 823 950 senatui,
857 922 891 943 se
911 922 989 942 cum
1007 907 1165 940 Antonio

184 984 303 1019 pacem
329 970 516 1002 facturum.
571 964 694 997 Cicero
723 962 830 1005 igitur
852 959 1007 993 breviter
1033 965 1066 991 et
1088 959 1168 991 sub-

181 1026 290 1057 iratus
319 1018 527 1063 respondet,
571 1021 603 1047 et
629 1011 856 1057 reprehendit
880 1009 1007 1054 Lepidi
1029 1015 1168 1043 senten-

181 1076 265 1109 tiam
285 1079 390 1116 atque
410 1065 713 1112 ingratitudinem.

321 1167 506 1204 Scholia
533 1165 575 1197 in
605 1161 846 1207 epistolam
876 1158 1028 1193 XXVIII.

286 1246 317 1285 ἓ.
343 1247 376 1282 1,
419 1244 526 1284 Quam
546 1237 678 1286 vellem]
713 1237 744 1270 Α
768 1243 868 1269 voto:
914 1235 1061 1268 Utinam
1090 1247 1168 1267 cum

185 1286 331 1333 Caesare
348 1294 525 1328 Antonius
544 1302 684 1336 quoque
705 1294 790 1322 esset
812 1287 1025 1319 interfectus.
1080 1287 1172 1326 Quod

185 1364 259 1385 vero
273 1346 346 1394 b“*³)]
381 1344 534 1389 Querela
560 1340 737 1374 contraria
762 1344 845 1370 voto
857 1337 915 1382 ⁶³).
1011 1338 1052 1369 [Ἰ
1082 1337 1172 1368 enim

182 1395 409 1446 primumffiss
438 1392 604 1429 Narratio
616 1418 625 1431 ,
661 1402 751 1435 quae
771 1387 881 1432 egerit
897 1387 933 1419 in
951 1392 1075 1419 senatu
1091 1391 1172 1429 post

183 1454 372 1485 discessum
389 1444 537 1480 Antonii
556 1454 620 1487 pro
640 1440 830 1486 republica.

287 1500 316 1544 ξ.
333 1500 367 1532 3.
396 1498 562 1531 Habemus
583 1489 724 1538 sortem]
751 1489 830 1522 Alia
846 1487 1025 1526 narratio,
1053 1486 1172 1531 quales

187 1555 280 1586 viros
298 1550 427 1584 habeat
443 1544 650 1589 respublica.

477 1630 807 1672 Argumentum
823 1624 881 1669 66).

291 1694 585 1743 Conqueriturffl)
604 1693 727 1726 Cicero
747 1692 789 1723 de
806 1688 982 1727 Antonio,
1014 1687 1075 1732 qui
1096 1693 1176 1731 post

192 1753 343 1787 occisum
364 1750 550 1782 Caesarem
568 1742 823 1787 rempublicam
842 1739 1035 1784 inquietat,
1069 1737 1174 1782 idque

189 1807 225 1838 in
247 1799 467 1836 Trebonium
488 1796 673 1833 transfert,
709 1793 805 1826 cuius
830 1802 938 1834 opera
966 1788 1175 1832 impeditum

190 1861 283 1893 erat,
317 1864 359 1885 ne
385 1848 490 1883 simul
515 1859 593 1880 cum
619 1845 767 1878 Caesare
783 1840 959 1875 Antonius
984 1839 1176 1872 trucidare-

192 1914 261 1939 tur.
323 1903 414 1937 Nam
443 1897 644 1932 Trebonius
678 1906 769 1928 unus
806 1905 846 1925 ex
879 1889 1176 1924 commeatoribus

193 1963 272 1989 ante
304 1953 437 1987 curiam
468 1948 619 1983 detinuit
643 1944 860 1983 Antonium,
904 1943 1016 1974 donec
1049 1939 1177 1973 Caesar

192 2005 419 2042 interficitur,
447 2007 551 2045 atque
571 2011 651 2031 eum
669 1997 714 2029 ita
736 2000 863 2028 servat.
916 1992 1034 2037 Quare
1054 1991 1177 2025 Cicero

192 2057 369 2091 existimat
393 2049 646 2096 rempublicam
675 2047 831 2092 quietam
846 2044 916 2077 iam
936 2044 1030 2083 sore,
1057 2042 1086 2076 si
1102 2048 1176 2074 tum

194 2108 299 2143 simul
315 2117 393 2139 cum
412 2103 560 2136 Caesare
576 2112 592 2132 e
611 2098 727 2131 medio
753 2096 910 2129 sublatus
931 2094 1053 2127 suisset
1068 2092 1178 2125 Anto-

194 2160 283 2192 nius.
335 2153 531 2188 Exordium
553 2163 572 2182 a
592 2156 675 2182 voto
694 2153 871 2191 sumptum
899 2151 959 2179 est.
1012 2143 1179 2188 Proposi-

197 2211 246 2242 tio
272 2219 335 2253 per
363 2203 619 2238 adversativam
643 2198 845 2236 subiicitur,
873 2196 970 2229 cuius
994 2195 1086 2228 ratio
1112 2201 1178 2227 est:

197 2260 289 2304 Quia
314 2270 368 2291 me
392 2256 493 2288 valde
518 2250 683 2286 sollicitat
698 2248 887 2282 Antonius.
947 2245 1047 2279 Hanc
1072 2245 1180 2279 ratio-

235 2389 282 2416 6⁶2)
300 2389 356 2411 Hoc
376 2386 564 2418 argumentum
582 2384 681 2408 habent
700 2382 782 2406 Editt.
810 2380 998 2404 1565-1596.

235 2431 282 2454 63)
306 2430 357 2452 Pro
373 2430 414 2451 his
430 2429 484 2453 Cic.
499 2427 589 2451 verbis
605 2427 631 2450 in
645 2426 727 2450 Editt.
744 2424 829 2452 1545„
844 2423 916 2447 1560.
932 2423 991 2446 huic
1006 2424 1086 2446 notae
1100 2427 1183 2452 prae-

272 2464 323 2487 fixa
339 2466 401 2485 sunt
420 2461 622 2485 antecedentia:
651 2461 687 2484 At
707 2465 780 2482 nune
798 2464 868 2481 cum.

238 2507 286 2533 64)
306 2506 384 2531 voto]
404 2505 451 2527 Ed.
473 2504 546 2527 1545.
566 2509 581 2526 a
601 2504 674 2526 voto.

237 2549 285 2574 65)
306 2547 333 2569 ln
352 2545 435 2569 Editt.
458 2546 547 2569 15⁴5..
568 2545 642 2568 1560.
662 2543 721 2566 huic
740 2545 820 2566 notae
840 2541 965 2570 apposita
983 2543 1047 2563 sunt
1071 2546 1185 2570 praecc-

275 2579 365 2603 dentia
385 2579 439 2601 Cic.
458 2580 557 2601 verina:
584 2578 663 2608 Quod
683 2584 748 2601 rere
769 2584 784 2599 a
805 2578 832 2600 te
850 2576 922 2599 viro.

237 2623 286 2653 66)
308 2622 364 2645 Hoc
379 2623 565 2650 argumentum
579 2623 605 2643 et
619 2620 669 2643 duo
685 2619 826 2649 sequentia
839 2618 864 2642 in
877 2618 960 2642 Editt.
979 2617 1061 2648 taam.
1084 2618 1187 2642 1565—

274 2655 347 2679 1596.
365 2656 484 2677 exstant.

238 2698 286 2725 (37)
306 2695 502 2726 Conqueritur]
522 2695 569 2719 Ed.
592 2695 664 2719 1571.
686 2701 781 2718 errore
800 2697 924 2724 t)·pogr.:
952 2693 1122 2724 Coqueritur.

745 123 866 160 Ptin..
903 121 1014 157 MEL.
1047 117 1247 156 SCRIPTA
1281 118 1619 157 PHILOLOGICA.

2116 121 2188 156 368

1208 219 1289 240 nem
1321 207 1469 251 exponit
1495 219 1560 252 per
1591 206 1835 241 narrationem
1861 217 2008 241 suorum
2031 206 2195 240 laborum

1209 257 1247 290 in
1271 259 1402 291 tuenda
1427 258 1621 302 republica.
1687 257 1825 291 Deinde
1850 257 1969 290 addita
1997 263 2048 291 est
2069 263 2104 290 et
2128 257 2198 290 alia

1210 308 1369 341 narratio
1396 321 1509 354 usque
1538 311 1581 342 ad
1608 310 1713 342 finem
1727 336 1736 350 ‚
1761 310 1804 342 de
1820 308 1943 343 studiis
1959 314 2101 342 senatus
2116 319 2199 352 erga

1212 359 1479 403 rempublicam.

1462 434 1601 468 Aliud
1629 441 1951 479 argumentum.

1316 501 1382 534 Hic
1399 502 1602 536 Trebonius
1626 514 1667 535 ex
1688 502 1831 536 illorum
1854 513 2004 536 numero
2023 501 2107 542 fuit,
2139 502 2201 547 qui

1215 553 1501 586 consultaverant
1527 554 1570 586 de
1601 560 1715 586 morte
1748 553 1926 593 Caesaris,
1976 558 2097 597 estque
2127 564 2202 585 non

1216 604 1328 637 multo
1345 610 1426 648 post
1448 602 1670 637 intersectum
1689 604 1874 638 Caesarem
1900 616 1919 636 a
1941 603 2112 637 militibus
2128 602 2202 635 Do-

1215 655 1362 688 labellae
1393 655 1566 699 Smyrnae
1598 654 1797 698 iugulatus,
1845 654 1943 688 cuius
1975 659 2082 698 caput
2112 652 2201 686 solio

1217 705 1396 750 praetorio
1426 706 1569 738 affixum
1598 705 1676 739 suit.
1744 705 1799 739 Ad
1831 717 1911 739 eum
1935 705 2055 738 scribit
2079 704 2203 737 Cicero

1217 755 1307 789 hanc
1325 756 1511 800 epistolam
1537 756 1579 788 de
1602 756 1846 799 praesentibus
1870 756 2024 789 motibus
2047 755 2204 788 excitatis

1219 808 1262 840 ab
1287 806 1463 846 Antonio,
1501 812 1641 850 sumpta
1662 805 1847 839 occasione
1880 807 1923 838 ab
1955 805 2063 849 ipsius
2097 806 2203 843 facto,

1219 859 1314 903 quod
1332 857 1529 889 Antonium
1542 883 1551 897 ‚
1579 869 1657 890 cum
1675 856 1805 890 Caesar
1821 857 2096 895 interficeretur,
2122 867 2205 889 con-

1219 908 1433 947 servaverit,
1470 908 1512 940 (le
1537 919 1608 952 quo
1631 913 1751 940 tamen
1777 907 2008 940 constitutum
2034 912 2128 946 erat,
2167 912 2206 939 ut

1220 960 1345 992 eodem
1374 964 1534 1002 tempore
1564 958 1832 991 interficeretur.
1900 957 2050 990 Orditur
2075 968 2095 989 a
2121 962 2205 990 voto

1220 1011 1262 1042 de
1277 1009 1460 1042 interfecto
1477 1009 1624 1042 Caesare
1642 1015 1675 1042 et
1690 1009 1732 1042 de
1747 1008 1933 1052 superstite
1949 1007 2120 1047 Antonio,
2147 1006 2208 1052 qui

1220 1072 1291 1093 una
1326 1059 1502 1092 debuisset
1536 1059 1697 1093 interfici.
1762 1059 1856 1091 Voto
1892 1059 1992 1091 addit
2024 1059 2206 1103 querelam

1221 1116 1397 1154 sumptam
1415 1122 1456 1142 ex
1471 1109 1571 1143 factis
1585 1109 1754 1149 Antonii,
1789 1109 1845 1142 cui
1869 1108 2010 1142 subiicit
2032 1108 2210 1142 narratio-

1221 1173 1324 1201 nem,
1358 1161 1395 1193 in
1422 1172 1491 1205 qua
1513 1166 1717 1200 enumerat,
1752 1159 1837 1204 quid
1862 1159 1936 1203 ipse
1963 1159 2074 1202 egerit
2095 1158 2134 1192 in
2155 1171 2209 1193 se-

1222 1218 1309 1245 natu
1327 1217 1407 1255 post
1433 1211 1621 1244 discessum
1639 1210 1787 1243 Antonii
1808 1221 1873 1254 pro
1898 1209 2088 1254 republica.
2140 1209 2210 1242 De-

1222 1262 1304 1295 inde
1336 1268 1388 1295 est
1414 1273 1509 1294 nova
1534 1261 1694 1294 narratio
1719 1262 1762 1293 ad
1787 1261 1893 1293 finem
1916 1272 2049 1305 usque,
2089 1261 2209 1306 quales

1223 1313 1318 1345 viros
1333 1311 1530 1355 respublica
1555 1309 1622 1344 hoc
1646 1318 1804 1356 tempore
1827 1309 1973 1351 habeat,
2011 1317 2044 1344 et
2068 1311 2146 1357 quis
2172 1311 2211 1343 in

1223 1363 1428 1397 universum
1445 1368 1554 1396 status
1571 1362 1615 1396 sit
1632 1361 1858 1406 reipublicae.

1479 1445 1617 1479 Aliud
1644 1451 1965 1490 argumentum.

1325 1513 1521 1547 Exordium
1538 1520 1718 1557 sumptum
1744 1519 1796 1547 est
1816 1525 1835 1546 a
1860 1519 1957 1546 voto.
2009 1512 2142 1547 Votum
2160 1526 2212 1548 se-

1227 1565 1348 1610 quitur
1376 1565 1518 1609 querela
1542 1576 1621 1597 cum
1647 1564 1800 1609 quadam
1823 1561 2098 1607 reprehensione
2123 1563 2211 1597 Tre-

1226 1616 1324 1649 bonii
1337 1642 1346 1655 ,
1374 1616 1471 1660 quod
1486 1614 1663 1648 Antonius
1682 1612 1796 1648 adhuc
1813 1614 1858 1648 sit
1873 1620 2048 1658 superstes
2063 1621 2143 1659 post
2160 1615 2212 1647 in-

1227 1667 1409 1699 tersectum
1426 1665 1625 1699 Caesarem.
1677 1665 1815 1698 Deinde
1834 1665 1976 1698 additur
1991 1665 2150 1699 narratio
2168 1667 2210 1699 de

1227 1716 1435 1750 fortitudine
1453 1723 1487 1748 et
1503 1716 1699 1749 constantia
1718 1728 1778 1749 sua
1791 1742 1799 1754 ,
1834 1727 1902 1760 qua
1929 1728 2011 1749 usus
2034 1716 2079 1749 sit
2099 1716 2136 1749 in
2158 1729 2210 1750 se-

1227 1774 1311 1800 natu
1329 1779 1393 1810 pro
1412 1767 1629 1799 defendenda
1647 1767 1807 1799 libertate
1826 1765 1949 1810 populi
1958 1766 2114 1799 Romani
2129 1779 2211 1800 con-

1229 1825 1281 1850 tra
1301 1818 1509 1850 Antonium.
1549 1817 1718 1861 Epilogus
1735 1817 1891 1849 continet
1908 1817 2211 1851 enumerationem

1229 1869 1371 1901 illorum
1382 1894 1391 1907 ,
1419 1868 1480 1912 qui
1499 1868 1536 1900 in
1555 1874 1679 1902 senatu
1694 1868 1882 1901 videantur
1899 1879 1971 1900 esse
1986 1867 2178 1912 praecipui.

1445 1948 1580 1983 Aliud
1611 1956 1924 1994 argumentum
1940 1949 1998 1995 ⁶⁸).

1331 2016 1463 2050 Fuerat
1477 2016 1679 2050 Trebonius
1695 2029 1786 2050 unus
1810 2028 1849 2049 ex
1872 2016 2064 2051 coniuratis
2091 2025 2214 2052 contra

1231 2069 1437 2108 Caesarem,
1478 2074 1512 2100 et
1534 2067 1729 2100 Antonium
1754 2074 1849 2108 tum,
1893 2079 1971 2101 cum
1996 2069 2215 2104 occideretur

1233 2120 1362 2153 Caesar
1378 2119 1415 2151 in
1431 2118 1546 2159 curia,
1571 2119 1651 2151 ficto
1666 2118 1809 2161 negotio
1835 2124 1914 2151 ante
1940 2120 2032 2153 sores
2055 2120 2214 2154 detinue—

1232 2176 1298 2210 rat,
1325 2182 1369 2202 ne
1386 2169 1567 2203 interesset
1581 2169 1759 2202 tumultui.
1793 2169 1999 2202 Metuebant
2018 2171 2110 2204 enim
2132 2183 2214 2205 con-

1232 2221 1339 2256 iurati
1355 2220 1428 2254 eius
1446 2220 1556 2253 robur
1574 2226 1607 2252 et
1623 2220 1725 2253 vires.
1780 2220 1867 2254 Cum
1883 2226 1999 2253 autem
2023 2228 2121 2255 metu
2142 2223 2215 2267 ple·

1232 2273 1285 2306 bis
1304 2270 1557 2305 coniurationis
1575 2271 1750 2315 principes
1777 2284 1817 2304 ex
1841 2272 1927 2304 urbe
1953 2272 1988 2304 in
2014 2273 2215 2316 provincias

1233 2323 1412 2367 fugissent,
1440 2321 1639 2355 Trebonius
1655 2334 1795 2369 quoque
1813 2322 1975 2355 inAsiam
1994 2323 2090 2358 abiit.
2127 2324 2218 2359 Scri-

1234 2375 1285 2407 bit
1302 2374 1408 2417 igitur
1425 2373 1470 2405 ad
1485 2385 1563 2405 eum
1582 2372 1703 2406 Cicero
1731 2385 1771 2406 ex
1796 2374 1883 2406 urbe
1909 2374 1950 2406 de
1975 2375 2216 2418 praesentibus

1235 2425 1389 2458 motibus
1405 2424 1447 2456 ab
1464 2423 1621 2455 Antonio
1642 2424 1816 2464 excitatis,
1844 2425 1903 2470 qui
1920 2424 1964 2457 D.
1979 2424 2130 2461 Brutum
2139 2425 2217 2459 Mu-

1236 2477 1330 2509 tinae
1348 2475 1526 2508 obsessum
1541 2474 1576 2506 vi
1593 2487 1632 2508 ex
1648 2475 1831 2519 prox-inda
1857 2476 2041 2509 exturbare
2067 2476 2216 2509 conaba-

1238 2534 1306 2560 tur.
1359 2525 1557 2559 Trebonius
1572 2538 1646 2558 non
1670 2526 1717 2559 ita
1741 2526 1853 2560 multo
1879 2532 1958 2570 post
1978 2537 1997 2558 a
2013 2525 2217 2561 Dolabellae

1239 2577 1408 2611 militibus
1425 2576 1596 2621 Smyrnae
1620 2577 1814 2621 iugulatus,
1850 2583 1882 2609 et
1907 2583 2013 2621 caput
2034 2577 2107 2611 eius
2129 2579 2216 2611 solio

1275 2694 1322 2721 68)
1342 2694 1398 2718 Hoc
1417 2696 1603 2724 argumentum
1623 2695 1719 2718 habent
1738 2693 1819 2720 Editt.
1838 2693 2024 2717 1565—1596.
