2351 2990
162 134 235 170 355
730 125 852 162 PHIL.
886 123 997 160 MEL.
1033 119 1237 157 SCRIPTA
1269 121 1608 158 PHILOLOGICA.
2129 121 2203 158 356

165 222 207 253 ad
226 218 419 252 Antonium
448 214 669 253 contulisset,
703 213 758 246 vel
780 209 994 254 reipublicae
1021 206 1151 241 adhae-

167 278 270 304 reret.
331 268 452 301 Cicero
478 266 586 309 igitur
609 270 732 297 monet
755 263 945 300 Plancum,
980 265 1020 293 ut
1042 259 1085 292 de
1114 269 1153 290 ea

170 334 206 354 re
224 320 356 364 aliquid
375 318 459 350 certi
477 315 680 361 perscribat.
741 312 845 345 Initio
864 318 914 344 est
932 309 1092 365 narratio
1111 309 1155 365 de

171 369 418 404 incertitudine
448 378 645 401 rumorum.
710 363 846 395 Deinde
874 368 924 395 est
947 366 1158 406 proposxtio,

173 422 226 455 cui
246 421 342 453 addit
359 421 444 452 duas
460 415 736 450 adhortationes.
788 413 932 452 Primo,
959 418 998 445 ut
1016 410 1083 445 sibi
1103 421 1158 442 ca-

175 479 253 505 wat
272 485 289 503 a
307 470 461 513 Lepido,
488 479 530 499 ue
555 466 597 498 ab
623 477 662 497 eo
688 464 842 497 fallatur.
901 462 1009 495 Ratio
1039 460 1158 494 addita

177 530 225 555 est
249 534 265 554 a
291 518 468 553 communi
492 515 699 560 proxerbio:
742 514 834 559 Quia
860 513 914 547 bis
942 514 986 546 ad
1008 512 1159 545 eundem

176 573 331 616 lapidem
356 569 549 612 impingere
573 577 647 599 non
671 565 715 598 sit
738 565 917 609 sapientis.
986 563 1161 601 Secundo,

177 630 216 656 ut
232 626 352 665 pergat
369 618 565 651 Antonium
591 616 806 661 opprimere.
864 614 904 648 ln
925 615 993 648 fine
1018 613 1162 658 pollice-

179 680 234 705 tur
253 672 304 703 illi
323 682 424 704 suum
441 668 608 702 studium.

423 758 561 791 Aliud
591 761 917 800 argumentum.

280 827 417 860 Partim
442 832 493 860 est
513 823 728 863 monitoria,
762 823 894 867 partim
918 820 1163 855 adhortatoria

183 879 341 923 epistola.
409 877 570 910 Primum
594 875 689 908 enim
721 880 844 906 monet
877 874 919 906 de
950 872 1166 911 rumoribus,

183 930 242 975 qui
267 929 379 972 sparsi
404 933 505 961 erant
529 926 658 971 passim
681 926 723 957 de
756 924 950 957 desectione
973 922 1099 966 Lepidi
1133 928 1167 954 et

183 979 380 1013 constantia
406 977 541 1011 Planci.
601 975 739 1008 Deinde
772 972 982 1007 adhortatur
1013 973 1167 1017 oblique,

184 1043 227 1063 ne
252 1028 398 1074 posthac
423 1029 543 1061 credat
566 1026 723 1070 Lepido,
764 1037 782 1057 a
812 1037 883 1069 quo
908 1024 1014 1057 semel
1041 1024 1086 1057 sit
1109 1023 1168 1055 de—

185 1088 322 1124 ceptus,
363 1085 396 1111 et
426 1079 506 1111 totis
539 1077 673 1109 viribus
705 1087 777 1109 sese
808 1081 966 1119 opponat
997 1073 1168 1106 Antonio.

184 1130 366 1174 Principio
384 1129 502 1174 itaque
519 1128 666 1172 ponitur
681 1126 860 1165 narratio,
887 1125 947 1170 qui
964 1124 1034 1157 sint
1050 1136 1169 1157 rumo-

185 1194 240 1215 res
255 1183 297 1213 de
313 1180 468 1224 Lepido,
495 1185 528 1211 et
545 1189 669 1211 causae
690 1177 888 1215 adduntur,
917 1187 1025 1220 quare
1047 1175 1090 1207 de
1112 1174 1171 1207 iis-

187 1234 267 1265 dem
289 1229 379 1263 nihil
404 1230 447 1263 sit
471 1229 639 1272 scriptum
656 1228 803 1261 Planco,
856 1225 993 1258 Deinde
1018 1236 1171 1269 sequun-

187 1290 244 1315 tur
269 1283 358 1315 duae
384 1278 661 1313 adhortationes.
726 1277 845 1310 Altera
871 1283 940 1316 est,
980 1288 1025 1308 ne
1053 1276 1172 1308 credat

187 1332 341 1377 Lepido;
371 1331 499 1369 altera,
526 1336 565 1362 ut
584 1328 750 1373 reliquias
775 1327 857 1360 belli
880 1326 1029 1359 Antonii
1052 1324 1172 1369 oppri-

187 1390 273 1417 mat.
324 1381 364 1414 In
380 1383 446 1414 fine
463 1381 585 1413 laudat
599 1379 850 1423 gratitudinem
868 1377 992 1410 Planci
1012 1387 1078 1420 pro
1098 1376 1173 1409 offi-

189 1435 267 1474 ciis,
296 1434 396 1478 eique
414 1443 513 1465 suam
532 1442 677 1475 operam
696 1429 818 1462 desert.

429 1521 565 1554 Aliud
600 1524 932 1564 argumentum.

291 1588 459 1623 Narratio
485 1594 535 1620 est
559 1588 600 1619 de
633 1586 880 1618 incertitudine
915 1583 1174 1618 coniunctionis

189 1640 316 1684 Lepidi
335 1646 368 1671 et
384 1638 518 1671 Planci.
579 1636 766 1670 interserta
785 1643 835 1669 est
851 1635 1051 1668 narrationi
1076 1647 1175 1668 excu-

192 1692 279 1724 satio
304 1701 476 1733 personae
502 1688 643 1727 Planci,
685 1688 781 1732 quod
811 1688 966 1731 primum
988 1685 1176 1718 crediderit

192 1741 341 1785 Lepido.
408 1739 544 1772 Deinde
569 1739 710 1770 additur
735 1737 998 1770 commendatio
1020 1737 1174 1769 eiusdem

192 1791 420 1836 prudentiae,
449 1790 543 1834 quod
561 1789 669 1821 semel
685 1789 849 1832 deceptus
873 1788 1007 1821 nullam
1030 1785 1176 1830 posthac

194 1841 378 1875 habiturus
397 1841 440 1874 sit
458 1841 561 1872 fldem
579 1839 727 1883 Lepido.
786 1839 938 1871 Additae
962 1838 1068 1870 etiam
1096 1843 1177 1870 sunt

195 1895 283 1926 duae
305 1890 644 1924 adliortatiunculae.
697 1889 817 1922 Altera
836 1896 904 1928 est,
940 1895 979 1921 ut
999 1889 1071 1933 ipse
1094 1888 1177 1921 scri-

193 1945 254 1976 bat
270 1944 313 1975 de
333 1942 452 1975 animo
468 1940 611 1985 Lepidi;
639 1940 769 1979 altera,
795 1946 835 1973 ut
857 1940 1025 1984 praebeat
1048 1951 1082 1972 se
1107 1940 1177 1971 sor-

196 1995 369 2027 tissimum
396 1992 432 2024 in
457 1992 605 2024 delendo
631 1990 779 2023 Antonii
810 1990 974 2023 exercitu.
1040 1988 1080 2022 In
1109 1990 1177 2022 fine

197 2051 247 2077 est
265 2044 422 2077 additum
441 2044 483 2075 de
502 2042 715 2085 gratitudine
733 2041 875 2081 Planci,
902 2053 981 2074 cum
1004 2040 1179 2084 pollicita-

195 2095 291 2127 tione
309 2093 426 2127 officii.

398 2184 533 2217 Aliud
571 2181 977 2229 argumentumwa).

300 2260 475 2304 Perpetua
517 2258 687 2291 narratio.
765 2257 901 2301 Scripta
937 2264 988 2291 est
1021 2258 1180 2303 epistola,

203 2323 278 2343 ‹um
311 2311 381 2342 iam
407 2309 533 2354 Lepidi
560 2308 730 2341 exercitus
756 2307 951 2341 Antonium
982 2309 1179 2353 recepisset,

202 2373 240 2392 ac
258 2360 407 2403 Lepidus
424 2373 458 2393 se
478 2372 555 2393 cum
574 2371 614 2392 eo
635 2358 881 2392 coniunxisset.
945 2358 1036 2403 Quia
1062 2366 1178 2392 autem

201 2407 286 2442 baec
309 2413 467 2444 nondum
493 2416 584 2443 certa
612 2416 712 2442 erant
728 2408 882 2448 Romae,
907 2410 995 2452 petit
1013 2409 1135 2443 Cicero
1161 2423 1178 2443 a

202 2472 236 2493 se
253 2461 439 2503 perscribi,
467 2468 500 2493 et
524 2460 628 2493 simul
652 2465 774 2492 monet
798 2459 991 2499 Plancum,
1021 2473 1065 2493 ne
1095 2461 1179 2506 quid

199 2509 335 2553 Lepido
358 2509 502 2553 posthac
531 2512 667 2550 credat,
709 2523 786 2543 curn
820 2511 868 2543 sic
897 2510 940 2543 sit
973 2511 1015 2543 ab
1047 2523 1088 2544 eo
1123 2513 1180 2545 de-

201 2567 332 2603 ceptus.

235 2691 302 2719 203)
321 2693 378 2716 Hoc
401 2692 590 2722 argumentum
615 2690 640 2713 in
667 2689 749 2714 Editt.
770 2690 957 2717 1565-1596.
977 2691 1100 2716 affertux.

1341 206 1531 243 Scholia
1559 209 1604 242 in
1631 208 1876 254 epistolam
1903 207 2062 255 XXI.²¹).

1312 280 1342 325 ἓ.
1358 283 1389 316 1.
1418 284 1563 316 Puderet
1577 295 1627 316 me
1642 279 1908 328 inconstantiae]
1932 281 2121 315 Excusatio
2139 294 2202 326 per

1210 333 1480 366 translationem
1493 359 1502 373 ,
1529 345 1638 378 quare
1657 346 1674 365 a
1695 332 1831 376 Lepido
1851 332 1957 365 suerit
1975 333 2151 377 deceptus.

1314 381 1344 426 ξ’.
1365 382 1400 416 5.
1441 386 1518 417 Huc
1540 396 1591 417 me
1613 381 1810 430 venii-emm
1842 383 2058 423 Consilium,
2093 395 2202 428 quare

1212 439 1307 465 retro
1327 439 1440 466 castra
1458 435 1623 468 moverit.

1316 483 1346 526 ἓ.
1366 484 1399 517 6.
1427 486 1500 517 Nec
1517 482 1728 531 depugnare]
1755 482 2017 528 Epipbonema.
2095 485 2206 525 Quare

1213 532 1347 580 hortor]
1383 534 1536 574 Petitio,
1567 540 1607 567 ut
1631 542 1729 568 curet
1752 535 1789 567 in
1813 542 1956 574 senatu,
1999 545 2106 580 quam
2130 534 2204 578 pri-

1215 596 1312 616 mum
1330 583 1423 616 mitti
1445 584 1636 617 exercitum
1648 611 1658 625 ,
1685 597 1755 630 quo
1774 584 1931 617 Antonio
1949 591 1982 618 et
1996 584 2132 628 Lepido
2150 595 2206 617 re-

1215 634 1289 668 sisti
1309 635 1431 678 possit.
1512 636 1579 668 Fac
1594 634 1786 682 valeas23)]
1812 636 2005 670 Petitiones
2028 635 2130 669 aliae.

1513 716 1909 763 Argumentumffl).

1317 784 1480 828 Epistola
1506 790 1558 817 est
1579 783 1760 824 narratio,
1800 796 1869 830 qua
1891 786 2088 829 ‘respondet
2110 772 2207 820 Cic⁰e-

1217 835 1299 867 roni
1323 837 1366 868 de
1392 835 1588 867 desectione
1603 834 1751 878 Lepidi,
1784 841 1819 867 et
1841 841 1953 868 totam
1976 835 2077 881 quasi
2097 834 2207 870 histo-

1217 885 1308 918 riam
1332 891 1603 919 commemorat.
1662 885 1859 918 Exordium
1881 883 1988 919 habet
2005 886 2207 919 translatio-

1219 948 1300 969 nem
1325 936 1471 980 culpae,
1499 936 1595 980 quod
1620 947 1698 968 cum
1723 942 1826 968 antea
1844 935 1971 980 Lepidi
1989 936 2145 970 studium
2169 935 2208 969 in

1220 986 1400 1030 republica
1421 986 1682 1030 comprobarit,
1710 992 1743 1018 et
1765 999 1801 1020 se
1826 999 1904 1019 cum
1928 999 1969 1019 eo
1994 987 2207 1031 coniungere

1220 1037 1392 1076 voluerit,
1431 1048 1526 1069 nunc
1558 1048 1638 1069 eum
1669 1037 1852 1070 descivisse
1884 1037 2030 1077 scribat,
2063 1037 2148 1070 dicit
2171 1037 2209 1070 id

1222 1087 1367 1131 perfidia
1381 1085 1528 1130 Lepidi,
1555 1098 1630 1118 non
1645 1098 1707 1119 sua
1726 1087 1961 1120 inconstantia
1977 1089 2108 1121 factum
2125 1099 2211 1122 esse.

1222 1138 1343 1182 ltaque
1368 1137 1487 1171 statim
1512 1136 1652 1170 subiicit
1671 1138 1915 1170 narrationem
1939 1138 1981 1170 de
1997 1136 2124 1182 Lepidi
2147 1138 2208 1170 de-

1222 1188 1372 1220 sectione
1405 1193 1439 1220 et
1461 1187 1711 1220 coniunctione
1741 1200 1819 1220 cum
1843 1187 2014 1221 Antonio.
2078 1188 2210 1221 Addita

1224 1245 1275 1272 est
1291 1238 1360 1271 alia
1377 1238 1537 1270 narratio
1559 1239 1601 1270 de
1617 1249 1680 1270 suo
1700 1238 1867 1278 consilio,
1895 1250 1957 1272 cur
1972 1237 2146 1282 Lepidum
2171 1239 2210 1271 in

1225 1294 1385 1332 suscepto
1402 1288 1691 1332 itinere'pergere
1708 1288 1879 1328 voluerit,
1906 1294 1940 1321 et
1964 1289 2049 1333 quid
2073 1289 2211 1322 consIIii

1226 1351 1334 1384 porro
1358 1336 1498 1372 habeat.

1475 1416 1607 1450 Aliud
1633 1424 1956 1461 argumentum.

1328 1484 1559 1519 Excusatoria
1585 1490 1619 1517 et
1645 1485 1864 1518 nuntiatoria
1890 1493 1942 1520 est
1964 1486 2131 1531 epistola,
2171 1486 2211 1520 in

1228 1549 1297 1582 qua
1318 1536 1463 1580 exponit
1478 1547 1517 1567 ac
1534 1534 1659 1567 recitat
1675 1535 1799 1567 ordine
1817 1536 2001 1579 perfidiam
2011 1536 2150 1581 Lepidi,
2177 1543 2212 1570 et

1229 1600 1299 1633 quo
1315 1593 1419 1631 pacto
1442 1586 1486 1618 ab
1510 1597 1550 1618 eo
1573 1585 1617 1618 sit
1643 1585 1829 1629 deceptus,
1863 1586 1969 1620 simul
1995 1599 2144 1622 monens
2167 1588 2211 1620 de

1228 1650 1289 1672 sua
1305 1638 1487 1670 voluntate
1512 1648 1551 1668 ac
1574 1635 1690 1668 studio
1717 1648 1798 1679 erga
1814 1637 2068 1681 rempublicam
2086 1650 2212 1683 perpe—

1228 1696 1301 1722 tuo.
1355 1687 1505 1720 Orditur
1525 1692 1640 1719 autem
1659 1698 1678 1718 a
1698 1686 1924 1728 narratione,
1945 1688 1982 1720 in
1999 1700 2067 1733 qua
2083 1689 2213 1722 fatetur

1228 1752 1263 1773 se
1285 1751 1356 1772 esse
1375 1739 1558 1781 deceptum
1577 1736 1818 1780 indignissime
1835 1749 1854 1769 a
1870 1737 2028 1782 Lepido,
2053 1741 2113 1772 sed
2133 1751 2211 1772 eam

1229 1789 1471 1833 deceptionem
1506 1787 1636 1820 mereri
1668 1787 1928 1822 excusationem
1961 1790 2056 1833 apud
2089 1801 2211 1823 omnes

1230 1842 1354 1873 bonos.
1406 1838 1515 1871 Addit
1537 1843 1721 1882 praeterea
1746 1838 2021 1872 declarationem
2045 1840 2211 1873 defectio-

1230 1891 1283 1924 nis
1298 1890 1424 1934 Lepidi
1439 1890 1483 1922 ad
1499 1888 1708 1922 Antonium.
1759 1888 1966 1922 Narrationi
1982 1890 2080 1924 addit
2101 1891 2211 1924 ratio-

1231 1954 1291 1975 nes
1315 1942 1369 1975 sui
1394 1939 1549 1978 consilii,
1583 1940 1678 1983 quod
1704 1945 1798 1971 retro
1824 1946 1935 1973 castra
1952 1941 2123 1982 moverit,
2150 1942 2211 1974 ad-

1231 1993 1302 2025 dita
1326 1990 1582 2036 pollicitatione
1604 2001 1667 2033 per
1691 1987 1926 2033 epiphonema
1961 1991 2014 2024 sui
2046 1991 2210 2036 perpetui

1232 2043 1338 2077 studii
1362 2043 1399 2075 in
1426 2041 1643 2075 defendenda
1666 2040 1856 2083 republica.
1917 2041 2054 2075 Deinde
2080 2049 2130 2077 est
2151 2043 2211 2076 ad-

1233 2093 1386 2127 hortatio
1398 2120 1408 2133 ,
1434 2099 1473 2126 ut
1488 2097 1585 2125 curet
1602 2090 1640 2122 in
1654 2097 1795 2131 senatu,
1821 2104 1927 2136 quam
1943 2093 2099 2136 primum
2119 2093 2211 2126 mitti

1234 2145 1443 2183 exercitum,
1469 2155 1539 2187 quo
1564 2141 1733 2175 exercitus
1749 2142 1897 2174 Antonii
1922 2149 1957 2176 et
1977 2143 2103 2188 Lepidi
2129 2156 2212 2177 con-

1233 2196 1342 2229 iuncti
1361 2193 1514 2238 opprimi
1536 2191 1681 2236 possint.
1740 2191 2036 2227 Adhortationem
2059 2206 2212 2241 sequun-

1234 2253 1290 2280 tur
1306 2247 1430 2279 breves
1454 2243 1652 2288 petitiones.

1266 2362 1313 2389 21)
1333 2361 1395 2385 Mel.
1414 2361 1573 2391 argumento
1594 2359 1676 2384 Editt.
1693 2360 1896 2392 ¹537—1554.‚
1916 2361 2007 2392 1557.‚
2027 2363 2119 2394 ¹56⁰.‚
2139 2361 2213 2387 1601.

1301 2396 1327 2419 in
1347 2396 1396 2418 hac
1415 2395 1531 2424 epistota
1550 2396 1577 2417 et
1598 2395 1701 2417 duabus
1720 2396 1896 2425 sequentibus
1914 2399 2018 2420 carent.

1266 2438 1314 2466 22)
1331 2438 1384 2461 Pro
1409 2437 1450 2460 his
1470 2437 1525 2460 Cic.
1551 2436 1642 2460 verbis
1669 2437 1696 2460 in
1714 2438 1799 2461 Editt.
1820 2439 1910 2469 1545„
1941 2440 2014 2463 1560.
2042 2440 2102 2464 huic
2127 2442 2209 2465 notae

1300 2471 1438 2500 adscripta
1456 2472 1519 2494 sunt
1538 2470 1693 2500 sequeutia:
1725 2472 1876 2503 Principes
1894 2473 2010 2498 Gallici.

1266 2515 1313 2543 2³)
1332 2514 1361 2537 ln
1380 2513 1474 2536 iisdem
1493 2513 1509 2536 2
1524 2514 1605 2536 Editt.
1626 2519 1675 2542 pro
1691 2514 1732 2536 liis
1745 2514 1800 2538 Cic.
1816 2514 1925 2545 verbis,
1945 2521 2013 2544 quae
2026 2516 2108 2539 Editt.
2126 2518 2208 2549 1540„

1303 2549 1386 2572 1544..
1408 2548 1497 2574 155⁴.,
1516 2547 1590 2571 1557.
1610 2548 1633 2571 h.
1656 2549 1671 2571 Ι.
1694 2549 1807 2576 habent,
1828 2548 1888 2572 huic
1907 2551 1987 2572 notae
2005 2551 2125 2578 praefixa
2144 2555 2208 2576 sunt

1302 2581 1457 2611 sequentia:
1485 2581 1617 2605 Fratrem
1636 2588 1745 2613 meum,
1769 2582 1864 2612 quibus
1882 2582 1910 2605 in
1927 2583 1974 2606 Ed.
1996 2583 2070 2609 1537.
2089 2585 2115 2608 iu
2134 2591 2209 2609 mar—

1300 2616 1363 2646 gine
1381 2617 1424 2637 est
1447 2616 1580 2644 apposita.

1265 2659 1312 2686 24)
1331 2658 1387 2681 Hoc
1405 2660 1590 2687 argumentum
1610 2659 1637 2682 et
1655 2658 1707 2683 duo
1726 2657 1866 2689 sequentia
1883 2657 1918 2682 ab
1935 2657 2018 2683 Editt.
2039 2660 2124 2693 1556.‚
2145 2663 2211 2688 ²565

1300 2691 1417 2717 -1596,
1435 2691 1602 2715 exhibentur.
