2351 2990
138 118 213 153 489
270 115 390 152 XXIII.
427 113 737 150 ARGUMENTA
763 112 829 147 ΕΤ
856 110 1059 147 SCHOLIA
1084 109 1132 146 IN
1160 110 1307 148 EPIST.
1330 112 1444 148 FAM.
1471 111 1556 149 CIC.
1582 112 1672 149 LIB.
1682 112 1771 149 XIII.
1796 113 1869 150 ΕΡ,
1885 112 2064 150 40-52.
2115 113 2190 149 490

399 203 524 224 λῐξῃᾸ
563 206 892 238 ἿΪθΠΠῚ-Εῌζΰῐῃι

388 225 527 238 stt-lux*
560 230 568 236 α
619 232 636 249 o

237 265 476 299 Commendat
510 264 548 297 in
583 264 722 298 duabus
752 263 929 308 epistolis,
973 261 1131 307 primum

135 329 276 351 servum
307 315 448 361 Egnatii
484 315 613 361 equitis
643 315 821 355 Romani,
869 314 998 348 deinde
1028 326 1130 347 suum

135 367 380 402 cohaeredem.
449 366 647 401 Exordium
678 366 832 401 sumitur
862 378 880 399 a
905 365 1130 403 narratione3

133 426 255 464 postea
276 419 402 464 petitio
422 417 582 463 ponitur.

231 505 558 549 Argumentum
584 503 814 549 epistolae
842 501 1032 549 XLV1.⁸³).

232 573 415 612 Narratio,
443 584 534 617 quae
551 572 708 617 primum
726 570 834 605 hahet
852 571 1126 615 descriptionem

132 636 317 670 personae.
370 623 509 656 Deinde
527 623 734 663 consilium,
764 635 875 668 quare
899 622 962 656 ista
985 623 1125 656 scribat.

130 676 300 722 Sequitur
315 675 601 714 commendatio,
629 675 750 707 addita
773 674 957 718 petitione.

250 759 580 803 Argumentum
610 756 839 802 epistolae
867 753 1006 788 XLVII.

231 827 400 871 Figurata
421 833 473 860 est
489 823 577 859 haec
593 823 857 859 commendatio
876 835 939 867 per
956 821 1127 867 praeteri-

131 879 279 912 tionem.
312 877 431 922 Fingit
447 877 542 910 enim
555 876 680 910 Cicero
700 888 794 915 eum,
823 887 928 920 quem
947 885 1127 907 commen-

130 932 215 964 dare
243 929 415 968 instituit,
459 929 506 961 ita
540 927 607 962 sibi
638 940 712 961 esse
744 926 1054 965 commendatum,
1091 931 1128 958 ut

131 983 228 1015 nulla
248 993 337 1025 opus
354 978 484 1013 habeat
506 978 638 1012 maiori
661 977 992 1018 commendatione,
1020 983 1127 1022 atque

130 1035 176 1066 ita
197 1031 457 1066 dissimulando
476 1031 630 1064 maxime
649 1030 890 1063 commendat.

383 1108 521 1142 Aliud
555 1113 881 1153 argumentum.

230 1168 386 1214 Obliqua
406 1167 670 1201 commendatio
692 1166 809 1213 est89).
850 1166 1047 1200 Exordium
1067 1178 1127 1199 sn-

128 1222 239 1255 mitur
257 1233 276 1253 a
294 1232 398 1253 causa
421 1219 622 1259 scribendi,
658 1225 780 1264 estque
804 1219 1127 1263 figuratui'ngoccu-

126 1273 286 1319 patione.
346 1271 515 1316 Sequitur
538 1270 686 1315 petitio,
720 1276 761 1303 ut
783 1269 976 1313 Egnatium
1001 1267 1126 1302 huma-

128 1324 273 1358 nissime
289 1329 427 1356 tractet.
468 1321 508 1355 In
522 1323 591 1356 fine
609 1328 661 1356 est
677 1321 795 1355 brevis
811 1321 953 1366 querela
967 1347 975 1361 ,
1004 1320 1125 1353 addito

128 1376 238 1409 modo
256 1373 523 1409 consolationis.

378 1449 515 1482 Aliud
543 1455 872 1490 argumentum.

229 1503 588 1537 Commendationem
609 1504 749 1538 orditur
766 1505 809 1537 ab
832 1504 1126 1548 interrogatione,

127 1554 246 1588 addita
266 1555 407 1588 ratione
426 1556 759 1590 commendationis.
799 1556 969 1601 Sequitur
985 1555 1124 1600 petitio,

126 1613 165 1640 ut
181 1604 437 1640 humanissime
457 1613 583 1640 tractet
598 1607 802 1651 Egnatium.
861 1607 900 1640 In
916 1608 984 1640 fine
1003 1607 1122 1640 addita

127 1665 178 1691 est
194 1657 310 1691 brevis
329 1658 485 1702 querela,
510 1659 606 1703 quod
623 1660 824 1692 calamitate
843 1659 982 1703 publica
1002 1659 1122 1692 omnia

126 1711 236 1741 faceta
274 1716 308 1741 et
337 1709 455 1741 iocosa
487 1709 703 1744 ceciderunt.
768 1710 924 1743 Additur
945 1710 1123 1753 mitigatio

127 1759 292 1805 querelae
313 1771 392 1792 cum
416 1760 657 1803 praecisione,
693 1761 749 1793 cui
773 1761 872 1794 addit
893 1762 1037 1794 brevem
1063 1762 1123 1794 ad-

126 1810 368 1844 hortationem
390 1812 434 1843 ad
454 1817 617 1844 mutuum
638 1823 811 1845 amorem.

237 1887 569 1931 Argumentum
600 1887 827 1932 epistolae
853 1887 1006 1922 XLVIII.

226 1946 413 1981 Generalis
430 1954 481 1981 est
497 1948 781 1988 commendatio,
808 1948 844 1981 in
862 1961 932 1994 qua
951 1950 1121 1982 admonet

125 2010 165 2030 ac
184 2005 287 2042 rogat
304 2004 544 2044 quaestorem,
571 2006 610 2033 ut
624 2013 702 2034 cum
722 2012 846 2034 omnes
858 2000 1021 2044 Cyprios,
1044 2007 1118 2032 tum

122 2049 288 2093 inprimis
304 2047 461 2094 Paphios
484 2053 754 2084 commendatos
772 2049 913 2084 habeat.
968 2051 1120 2083 Orditur

123 2107 240 2133 autem
267 2113 286 2133 a
311 2101 577 2145 propositione,
605 2114 696 2148 quae
721 2108 771 2136 est
793 2102 911 2135 brevis
940 2114 1119 2135 commen-

123 2151 241 2191 datio,
269 2158 302 2184 et
321 2152 420 2185 addit
435 2153 522 2186 duas
546 2154 714 2187 rationes.
775 2154 896 2186 Altera
926 2154 1078 2188 sumitur
1091 2166 1117 2186 -a

123 2215 227 2235 causa
247 2203 590 2243 commendationis,
618 2206 726 2238 altera
747 2217 765 2238 a
785 2204 891 2238 facili.

377 2279 511 2313 Aliud
538 2288 867 2325 argumentum.

225 2338 309 2371 Vico
328 2339 464 2372 exordii
489 2340 636 2384 ponitur
659 2341 860 2385 propositio
888 2342 1116 2374 commenda-

120 2390 238 2424 tionis.
293 2389 465 2424 Rationes
482 2397 551 2425 tres
567 2398 649 2425 sunt
667 2393 830 2432 additae,
858 2393 972 2436 prima
992 2395 1035 2425 ab
1053 2391 1116 2426 ho-

118 2447 238 2481 nesto,
267 2443 419 2474 secunda
439 2453 457 2475 a
475 2442 588 2483 facili,
615 2443 739 2477 ultima
760 2444 803 2476 ab
820 2444 910 2478 utili.

152 2544 201 2572 88)
221 2543 308 2567 Huius
327 2542 463 2573 epistolae
483 2544 511 2566 et
532 2549 581 2567 sex
600 2544 769 2574 sequentium
796 2544 1045 2577 (mxu—Lu.)
1066 2551 1114 2568 ar-

187 2580 317 2609 gumenta
337 2578 364 2601 in
382 2577 467 2602 Editt.
484 2578 578 2607 1556„
599 2579 789 2604 1565—1596.
809 2580 1003 2609 inveniuntur3
1030 2580 1113 2603 Editt.

190 2613 398 2644 1537—1554.‚
419 2611 505 2640 1557..
528 2613 619 2641 1560..
641 2614 716 2639 1601.
735 2621 824 2645 neque
842 2617 1008 2645 argumenta
1027 2621 1114 2645 neque

187 2647 290 2671 scholia
308 2647 495 2671 Melanthonis
513 2646 540 2670 in
559 2647 608 2671 iias
625 2648 642 2672 7
660 2648 795 2678 epistolas
815 2649 967 2674 continent.

150 2690 198 2717 89)
217 2689 413 2713 commendatio
440 2690 499 2718 est]
526 2689 567 2714 sic
591 2690 787 2724 Edttt.1565.,
814 2692 905 2723 1571„
934 2692 1026 2723 1596.;
1065 2692 1112 2717 Ed.

185 2723 259 2748 1556.
279 2725 323 2748 est
341 2723 549 2749 commendatio.

1315 201 1646 245 Argumentum
1675 199 1904 245 epistolae
1931 199 2054 235 XLIX.

1289 272 1528 307 Commendat
1548 271 1656 306 Curio
1683 271 1745 318 (ad
1767 284 1873 318 quem
1895 271 2015 305 scribit
2030 269 2182 304 familia-

1184 323 1323 358 rissime
1340 325 1432 358 libro
1448 324 1499 370 7.)
1516 324 1692 370 Quintum
1705 323 1933 368 Pompeium,
1962 322 2119 367 cupiens,
2140 328 2179 355 111

1185 387 1264 409 011111
1282 374 1413 410 habeat
1430 376 1523 409 inter
1541 375 1764 421 praecipuos.
1824 374 1948 408 Primo
1973 374 2052 407 loco
2077 373 2181 418 poni-

1183 433 1242 460 tur
1267 428 1385 461 brevis
1420 427 1581 460 narratio
1618 428 1660 460 de
1696 426 1809 460 causis
1845 424 2179 460 commendationis.

1182 478 1322 512 Deinde
1345 485 1396 513 est
1411 478 1536 523 petitio
1556 479 1705 522 figurata
1728 478 2017 523 comparatione,
2043 483 2082 510 ut
2099 488 2179 509 eum

1182 530 1347 575 inprimis
1366 530 1635 574 coi'nplectatur.

1424 605 1559 639 Aliud
1594 616 1747 648 argum
1760 610 1921 638 entum.

1284 674 1475 714 Narratio,
1510 686 1600 719 quae
1628 673 1785 717 primum
1813 672 1970 706 continet
1996 673 2177 718 quandam

1181 736 1359 757 summam
1385 725 1562 758 amicitiae
1590 737 1668 757 cum
1695 724 1889 768 Pompeio3
1931 723 2059 757 deinde
2081 725 2178 769 quod

1180 775 1320 820 saepius
1343 788 1482 809 summa
1514 775 1698 819 diligentia
1731 773 1827 809 hunc
1863 774 2178 808 commendaverit.

1180 826 1349 872 Sequitur
1366 827 1490 871 petitio
1504 853 1512 866 ,
1538 832 1576 859 ut
1596 838 1677 859 eum
1696 826 1851 860 adiuvet.

1348 911 1679 955 Argumentum
1717 910 1946 955 epistolae
1973 908 2015 943 L.

1283 979 1558 1013 Commendatio
1578 986 1629 1013 est
1645 980 1691 1012 ad
1703 978 1882 1019 Aristum,
1910 990 2014 1023 quem
2032 983 2179 1021 apparet

1180 1031 1286 1065 fuisse
1304 1044 1540 1066 successorem
1559 1031 1674 1064 Servii
1692 1031 1840 1075 Sulpicii
1860 1031 1897 1063 in
1915 1027 2062 1062 Achaia.
2105 1027 2178 1060 Ro-

1181 1089 1239 1127 gat
1257 1090 1376 1117 autem
1399 1096 1481 1117 eum
1506 1083 1794 1126 diligentissime,
1828 1089 1868 1116 ut
1891 1093 2032 1115 summo
2059 1079 2177 1114 studio

1181 1147 1221 1168 ac
1236 1135 1302 1168 fide
1322 1135 1485 1168 Marcum
1505 1134 1653 1168 Curium
1671 1134 1836 1175 adiuvet,
1869 1140 1910 1167 111
1931 1133 2068 1176 integer
2094 1143 2176 1163 con-

1180 1193 1341 1220 servetur
1366 1187 1409 1219 ab
1435 1187 1535 1219 omni
1558 1186 1802 1220 incommodo.
1854 1184 2051 1218 Exordium
2069 1182 2177 1216 sumi-

1181 1244 1238 1271 tur
1255 1239 1298 1271 ab
1316 1238 1540 1272 excusatione
1558 1237 1732 1271 libertatis
1749 1237 1786 1270 in
1802 1237 1988 1271 scribendo
2006 1247 2067 1268 seu
2082 1246 2176 1266 com-

1180 1290 1405 1329 mendando,
1442 1296 1476 1322 et
1493 1290 1535 1322 de
1554 1289 1629 1322 inre
1653 1289 1842 1323 amicitiae.
1901 1286 2071 1323 Narratio
2097 1286 2177 1318 bre-

1179 1341 1231 1375 vis
1255 1348 1305 1375 est
1331 1342 1373 1374 de
1399 1340 1554 1373 amicitia
1575 1340 1685 1374 Curii.
1743 1340 1844 1374 Hanc
1861 1340 2022 1386 sequitur
2038 1337 2176 1382 petitio,

1180 1393 1299 1426 addita
1317 1392 1457 1425 ratione
1476 1404 1495 1424 a
1512 1391 1741 1435 gratitudine.

1431 1467 1568 1500 Aliud
1598 1473 1926 1512 argumentum.

1279 1535 1478 1569 Exordium
1497 1537 1540 1569 ab
1560 1536 1814 1581 occupatione,
1842 1546 1952 1581 quare
1975 1541 2044 1567 tam
2066 1534 2174 1567 libere

1178 1588 1298 1620 omnia
1317 1599 1422 1621 ausus
1437 1588 1481 1621 sit
1495 1595 1626 1632 petere.
1687 1587 1856 1633 Sequitur
1874 1585 2034 1619 narratio
2046 1613 2054 1625 ‚
2083 1598 2174 1630 quae

1178 1639 1337 1672 continet
1370 1640 1719 1672 commendationem
1753 1650 1939 1683 personae.
2004 1637 2175 1682 Epilogus

1177 1687 1285 1723 habet
1302 1690 1512 1734 petitionem
1531 1692 1719 1735 figuratam
1741 1689 2049 1724 obtestationibus.
2102 1688 2172 1720 Ra-

1177 1742 1226 1774 tio
1242 1742 1425 1786 petitionis
1445 1749 1584 1787 sumpta
1602 1749 1654 1776 est
1670 1743 1714 1776 ab
1730 1742 1820 1776 utili.

1340 1827 1668 1871 Argumentum
1699 1825 1924 1870 epistolae
1953 1823 2010 1857 LI.

1279 1894 1406 1928 Paucis
1433 1896 1662 1928 commendat
1685 1894 1901 1927 Messenium
1927 1892 2082 1937 equitem
2101 1891 2171 1923 Ro-

1174 1957 1334 1980 manum.
1388 1946 1540 1977 Orditur
1557 1953 1675 1977 autem
1703 1956 1722 1976 a
1749 1945 1976 1983 narratione,
2005 1955 2096 1988 quae
2122 1950 2173 1976 est

1174 1995 1249 2039 ipsa
1286 1996 1563 2029 commendatio.
1641 1995 1780 2028 Deinde
1816 1996 1915 2027 addit
1949 1994 2170 2038 petitionem.

1173 2046 1345 2080 Rationes
1371 2047 1462 2080 duae
1487 2053 1569 2081 sunt
1592 2059 1609 2078 a
1638 2058 1789 2091 persona
1815 2045 1981 2080 Messenii
2007 2053 2039 2078 et
2065 2058 2083 2078 a
2107 2059 2169 2078 sua

1173 2098 1403 2142 gratitudine.

1427 2174 1565 2208 Aliud
1592 2183 1919 2220 argumentum.

1275 2243 1444 2278 Narratio
1482 2241 1588 2276 hahet
1623 2245 1767 2277 brevem
1804 2244 2167 2279 commendationem,

1172 2295 1227 2329 cui
1246 2295 1390 2329 additur
1405 2295 1543 2340 petitio.
1590 2294 1629 2328 In
1646 2296 1713 2329 fine
1733 2308 1816 2329 vero
1835 2296 1982 2340 ponitur
2000 2295 2168 2328 clausula.

1321 2386 1646 2430 Argumentum
1680 2386 1910 2430 epistolae
1938 2384 2011 2418 LlI.

1272 2453 1470 2494 Licinium,
1514 2455 1573 2500 qui
1608 2455 1674 2487 snit
1706 2455 1968 2499 Pompeianus,
2011 2454 2166 2486 studiost·

1169 2507 1396 2539 commendat
1412 2505 1485 2549 regi
1503 2506 1686 2540 Deiotaro.
1725 2506 1895 2539 Narratio
1913 2506 2072 2539 continet
2087 2506 2166 2537 im·-

1168 2570 1246 2590 vem
1271 2557 1577 2590 enumerationem
1602 2557 1779 2591 amicitiae
1804 2570 1881 2591 cum
1905 2557 2063 2595 Licinio,
2105 2559 2166 2588 ad—

1167 2609 1238 2642 dita
1259 2610 1413 2654 quadam
1431 2609 1674 2649 excusatione,
1711 2622 1822 2654 quare
1846 2622 1919 2642 non
1943 2616 2064 2642 utatur
2088 2609 2164 2640 Ion-

1167 2660 1258 2704 giori
1301 2661 1624 2694 commendatione.
1703 2660 1892 2696 Conclusio
1930 2659 2035 2694 habet
2076 2661 2163 2704 peti-

1167 2711 1314 2746 tionem.
