2351 2990
176 123 249 157 787

174 208 273 246 diae,
317 218 467 252 quarum
493 205 733 240 sanctissimae
762 216 844 237 arae
869 209 950 237 sunt
975 202 1011 235 in
1039 200 1168 235 animis

175 260 365 292 bonorum.
427 258 643 291 Communes
665 267 748 288 vero
775 255 856 288 ideo
883 253 1047 287 conditae
1073 258 1168 291 sunt,

174 316 211 343 ut
230 309 377 342 xirtutes
394 309 470 343 illas
490 321 611 342 omnes
636 307 829 339 coleremus
855 312 1026 350 tanquam
1050 302 1168 337 numi-

176 373 241 400 na,
284 372 356 393 non
387 360 666 404 impudentiam,
710 369 782 389 non
816 356 1052 395 calumniam,
1094 366 1168 387 non

174 411 392 456 periurium,
418 424 489 443 non
509 407 799 454 ingratitudinem
813 434 821 447 ‚
849 407 977 453 quibus
995 406 1058 440 iste
1075 405 1169 438 vitiis

175 463 313 496 laborat
348 462 524 494 omnibus.
593 459 716 502 Fugiet
743 465 861 492 autem
897 458 932 490 in
963 457 1168 490 defensione

177 521 307 547 rectam
328 514 419 545 xiam
439 511 651 545 defendendi
671 522 827 544 causam.
886 509 954 543 Sed
975 515 1071 542 extra
1089 520 1169 540 cau-

175 578 249 599 sam
272 563 316 610 ²³)
349 563 506 596 convicia
548 569 581 596 et
614 561 809 595 calumnias
841 560 876 592 in
910 573 965 593 me
991 564 1170 603 congeret,

176 623 209 649 et
244 615 437 648 minabitur
468 612 554 646 milii
590 612 873 651 accusationem,
910 611 1170 649 vadimonium,

176 666 323 704 iudicia,
367 678 457 710 quae
487 665 637 698 audietis
661 663 781 697 onmia
808 662 1057 696 commenticia
1086 673 1171 701 csse,

175 730 254 750 cum
274 729 328 750 res
346 717 426 749 illac
444 722 545 748 antea
563 729 668 760 saepe
678 715 748 762 ⁴³²¹)
775 714 950 747 indicatae
967 714 1049 747 sint.
1103 713 1171 745 Sed

175 768 394 813 omittam‘n)
432 774 568 804 xeterau
612 768 740 811 septies
774 765 914 798 vocavit
941 778 996 798 me
1021 765 1056 797 in
1081 764 1171 797 iudi-

175 820 267 853 cium
281 846 289 859 ,
317 819 439 852 locans
456 830 602 862 operam
621 832 720 852 suam
747 817 959 862 quibusdam
980 815 1171 860 proditori-

176 872 260 911 bus,
305 877 338 903 et
368 870 421 903 bis
457 869 633 903 accusavit
665 882 719 901 me
755 869 967 901 referentem
1003 867 1172 899 rationes.

174 921 249 965 Ego
276 934 359 955 vero
376 921 536 954 Deorum
562 920 732 954 beneficio
758 919 874 959 evasi,
902 925 940 951 tu
960 917 1072 951 victus
1092 930 1170 950 cum

176 973 321 1006 infamia
340 972 539 1007 discessisti.
594 972 686 1006 Num
699 998 708 1011 ,
734 970 762 1004 si
778 968 885 1003 hodie
903 969 1025 1002 liceret
1043 968 1107 1001 tibi
1124 968 1172 1000 le-

175 1037 234 1068 ges
257 1036 379 1058 omnes
402 1023 543 1062 tollere,
590 1034 709 1056 rursus
739 1022 863 1055 iisdem
889 1022 931 1054 de
957 1021 1062 1054 rebus
1084 1017 1173 1052 mihi

176 1083 292 1109 tecum
318 1082 497 1108 certamen
526 1073 787 1118 suscipiendum
814 1071 926 1105 esset?
986 1071 1068 1105 Non
1097 1070 1172 1114 opi-

178 1139 263 1164 nor;
287 1125 433 1159 biennio
450 1125 521 1158 iam
539 1131 614 1159 toto
633 1125 705 1169 agit
722 1136 844 1157 causas
861 1123 996 1167 legibus
1023 1122 1173 1155 vetanti-

174 1178 258 1217 bus,
287 1184 319 1210 et
335 1177 405 1221 agit
423 1183 554 1209 tamen.
608 1176 705 1209 Fecit
727 1176 899 1220 impetum
924 1174 962 1206 in
985 1173 1173 1218 plerosque

176 1229 283 1269 alios,
312 1241 400 1274 quos
419 1227 589 1261 iudicavit
607 1227 863 1271 rempublicam
880 1225 1033 1259 laesisse.
1086 1226 1134 1258 At
1152 1236 1170 1256 a

176 1293 252 1321 me,
280 1292 386 1325 quem
405 1279 629 1312 acerbissime
647 1279 742 1318 odit,
768 1291 786 1310 a
806 1276 970 1322 Lycurgo
990 1275 1173 1315 abstinuit,

177 1332 213 1364 in
239 1343 328 1376 quos
354 1337 472 1363 tamen
496 1343 591 1364 nunc
614 1329 834 1363 atrocissime
858 1326 1057 1360 invehetur.
1111 1326 1173 1359 Est

176 1388 295 1416 autem
327 1388 520 1427 utrumque
549 1381 695 1425 dignum
733 1377 1010 1424 reprehensione
1027 1377 1092 1423 ³³),
1139 1382 1173 1409 et

179 1434 274 1480 quod
290 1433 546 1472 dissimulavit,
578 1433 605 1465 si
626 1432 712 1477 qnid
729 1444 794 1465 nos
810 1442 956 1475 peccare
972 1429 1079 1468 vidit,
1107 1427 1172 1460 im-

177 1492 262 1529 petu
279 1485 411 1517 interea
429 1486 521 1517 sacto
550 1483 585 1515 in
610 1481 774 1515 homines
798 1480 954 1525 plebeios
977 1485 1011 1512 et
1036 1479 1173 1523 inopes,

177 1543 212 1569 et
231 1537 327 1582 quod
342 1548 436 1569 nunc
452 1536 596 1567 demum
614 1546 678 1567 nos
699 1533 787 1566 salso
814 1531 1016 1571 criminari,
1053 1536 1086 1563 et
1112 1542 1173 1562 vo-

177 1587 230 1620 bis
254 1588 372 1620 fucum
396 1587 510 1619 facere
538 1586 655 1619 audet.
722 1584 758 1618 Si
790 1583 868 1629 quis
901 1582 1008 1626 igitur
1042 1581 1077 1613 in
1106 1578 1173 1613 hac

178 1639 264 1672 urbe
282 1637 576 1671 calumniatorem
594 1636 833 1669 conducturus
849 1634 912 1673 sit,
937 1632 1035 1677 new)
1052 1638 1173 1666 utatur

180 1689 246 1722 isto
263 1689 320 1735 ⁴⁷).
390 1689 481 1723 Nam
505 1688 565 1733 qui
592 1687 679 1720 alios
700 1697 864 1719 accusare
891 1683 1055 1723 audebit,
1092 1696 1171 1716 eum

180 1746 321 1785 oportet
341 1740 497 1783 integrae
515 1740 630 1772 famae
650 1750 721 1771 esse
732 1737 799 1783 ⁴¹⁸),
827 1749 870 1769 ne
894 1748 974 1769 reus
999 1735 1173 1774 elabatur,

178 1804 258 1825 cuin
289 1788 377 1823 nibil
402 1790 602 1824 autoritatis
631 1791 675 1821 ad
702 1787 963 1822 accusationem
987 1792 1087 1819 actor
1114 1786 1175 1818 ad-

178 1844 257 1876 fert.
310 1844 355 1876 At
372 1854 477 1875 nemo
497 1848 547 1875 est
564 1840 712 1886 perinde
730 1839 828 1873 omni
851 1850 979 1883 genere
1003 1837 1172 1871 vitiorum

179 1900 367 1938 coopertus
391 1900 429 1926 ut
453 1893 528 1926 iste.
590 1891 686 1936 Quid
711 1898 761 1925 est
787 1889 919 1934 igitur?
973 1889 1100 1929 Canis,
1136 1895 1176 1922 ut

179 1945 296 1985 aiunt,
338 1945 510 1989 publicus,
564 1942 712 1989 Qualis?
752 1942 893 1987 Lupos,
935 1953 1090 1986 quorum
1115 1941 1175 1973 de-

179 1997 426 2042 pellendorum
447 2008 548 2029 causa
567 1994 693 2034 alitur,
721 2007 795 2027 non
817 1994 976 2030 mordet;
1012 2004 1094 2025 oves
1113 2003 1175 2024 au-

179 2056 271 2089 tem,
309 2048 353 2080 ad
381 2060 467 2092 quas
496 2046 745 2079 custodiendas
772 2043 951 2077 adhibitus
974 2050 1044 2083 est,
1088 2042 1175 2075 dila-

180 2100 267 2133 niat.
320 2099 434 2143 Quem
457 2098 551 2130 enim
570 2095 755 2130 rhetorum
779 2097 827 2129 sic
848 2095 1006 2135 vexavit,
1040 2101 1079 2127 ut
1103 2094 1175 2138 pri-

182 2158 300 2190 vatos,
327 2162 480 2196 quorum
499 2148 648 2182 subinde
669 2148 822 2192 aliquem
845 2147 1026 2179 mordicus
1051 2145 1177 2190 arripit

220 2301 266 2329 43)
287 2301 318 2323 Η.
339 2300 355 2324 l.
377 2299 402 2323 in
425 2299 507 2322 Editt.
529 2297 613 2327 1522,
636 2297 709 2321 1547.
731 2299 797 2321 nota
815 2296 944 2327 margum
973 2297 1129 2327 Occupatio.

220 2344 287 2370 4³³)
307 2347 388 2365 antea
412 2343 511 2371 saepe]
539 2341 580 2365 sic
605 2341 688 2364 Editt.
710 2340 802 2367 1527„
830 2339 923 2369 1547.·‚
959 2340 1043 2364 Editt.
1066 2340 1178 2364 1559-
1202 2349 1205 2382 ι

255 2377 329 2400 1587.
349 2382 430 2406 saepe
449 2379 539 2400 antea.

219 2419 266 2449 44)
287 2420 422 2447 omittam]
443 2419 482 2443 sie
501 2419 584 2442 edat.
605 2419 698 2444 ¹547..
723 2418 814 2447 1562,
843 2417 934 2441 ¹570..
962 2417 1055 2447 1587.;

253 2454 344 2479 1527..
366 2455 456 2478 1559..
479 2454 552 2477 1564.
573 2454 722 2477 omnatam.

220 2497 318 2554 4531]st
338 2497 354 2520 1.
376 2497 401 2519 in
423 2497 504 2519 Editt,
521 2496 613 2521 1527..
642 2496 717 2520 1547.
737 2497 802 2519 nota
822 2494 955 2526 margum
984 2495 1178 2519 Acutissimum
1203 2486 1205 2492 ¹

274 2538 279 2553 ι
294 2536 390 2555 emina.

221 2574 269 2601 46)
289 2574 337 2601 ne]
358 2572 405 2595 Ed.
428 2573 499 2596 1562.
521 2579 578 2596 nae.

221 2617 268 2645 47)
288 2617 320 2640 fl.
339 2615 357 2638 l.
377 2615 402 2637 iu
423 2615 603 2641 Editt.1527.,
626 2616 698 2639 1547.
720 2617 785 2638 nota.
804 2614 935 2645 margin:
956 2614 1026 2638 Mira
1046 2616 1179 2638 extenua-

254 2651 310 2681 tio,
332 2656 364 2673 ne
384 2649 489 2679 quidem
510 2649 635 2673 idoneum
656 2656 719 2673 esse
740 2650 773 2673 ad
793 2649 1020 2672 calumniandum.

220 2694 268 2722 48)
290 2694 321 2716 u.
342 2693 359 2716 l.
380 2692 405 2715 in
427 2692 509 2715 Editt.
533 2692 615 2716 1559..
638 2692 826 2717 1564-1587.
847 2694 912 2716 nota
931 2692 1063 2723 margum
1091 2692 1179 2715 Accu—
1203 2668 1207 2744 Ι

256 2730 334 2752 sator
354 2727 389 2750 sit
414 2726 537 2757 integrae
556 2726 653 2750 famae.

1094 2417 1180 2443 Editt.

750 118 870 154 PfflL.
905 117 1017 152 MEL.
1059 113 1260 150 SCRIPTA
1296 114 1632 150 PHILOLOGICA.

2139 112 2212 148 788

1222 206 1255 233 et
1275 200 1537 235 calumniatur?
1589 201 1705 245 Quem
1721 200 1834 234 nostri
1853 199 1989 233 ordinis
2014 198 2216 232 accusavit?

1222 252 1414 286 neminem.
1467 254 1514 286 At
1538 252 1668 285 multos
1691 252 1846 291 interea,
1883 263 1923 284 ex
1948 263 2019 296 quo
2044 249 2216 296 coepitffl)

1221 314 1343 336 rursus
1360 316 1482 337 causas
1501 316 1617 346 agere,
1644 303 1773 336 idiotas
1793 303 1827 335 in
1846 302 1899 336 ius
1916 301 2073 341 vocavit,
2099 314 2117 333 a
2137 300 2216 346 qui-

1222 354 1287 387 bus
1306 360 1425 387 tamen
1441 360 1627 398 superatus
1644 361 1706 388 est.
1769 354 1872 387 Scitis
1888 359 2006 386 autem
2025 365 2085 386 eos
2101 364 2217 392 canes,

1223 417 1241 437 a
1266 405 1394 450 quibus
1418 405 1616 449 periculum
1641 405 1738 449 gregi
1767 412 1836 445 est,
1877 405 2001 438 necari
2027 403 2140 437 solere
2158 402 2217 449 ω).

1222 454 1344 501 Itaque
1369 468 1484 501 neque
1508 454 1564 489 hic
1590 457 1718 489 evadat
1741 456 1897 500 impune.
1958 455 2098 490 Nullius
2121 456 2214 487 enim

1222 519 1306 541 usus
1320 507 1357 540 in
1373 507 1552 551 republica
1573 513 1643 547 est,
1677 513 1815 541 tantum
1840 507 1969 551 delegit
1989 506 2055 541 sibi
2079 517 2218 539 execra-

1222 558 1292 591 bile
1309 559 1490 604 quoddam
1509 559 1713 602 negotium,
1750 559 1988 592 calumniatur
2013 558 2049 591 in
2077 556 2218 590 concio-

1223 609 1349 650 nibus,
1389 616 1424 643 et
1445 616 1577 642 temere
1603 609 1740 642 invadit
1766 609 1802 642 in
1830 622 1972 650 omnes,
2007 616 2040 642 et
2063 621 2142 642 cum
2168 607 2218 640 ibi

1224 673 1288 705 per
1321 662 1483 694 fraudem
1517 673 1579 694 vos
1609 660 1676 694 sibi
1702 661 1924 694 convinxerit
1941 661 1987 707 ⁵¹)
2017 660 2217 698 universos,

1225 712 1353 746 deinde
1379 712 1557 745 excruciat
1573 712 1751 755 singulos,
1780 712 2039 752 calumniatur,
2066 716 2219 750 accusat,

1226 764 1414 808 pecuniam
1433 769 1631 808 extorquet.
1684 762 1817 795 Verum
1836 761 1996 796 rhetores
2014 774 2088 796 non
2113 762 2219 794 attin-

1226 815 1296 859 git,
1338 815 1399 860 qui
1428 820 1563 848 norunt
1598 815 1672 847 eius
1699 813 1886 847 audaciam
1908 815 2111 848 retundere.
2177 811 2219 846 In

1226 866 1354 900 idiotas
1373 872 1405 898 et
1425 866 1609 910 imperitos
1635 865 1766 905 saevit,
1805 865 1903 899 cuius
1929 863 2014 898 mihi
2039 864 2090 897 rei
2117 870 2221 897 testes

1227 924 1352 957 erunt,
1379 917 1582 962 quicunque
1608 916 1652 948 ab
1677 928 1717 949 eo
1744 916 1861 949 vexati
1885 923 1978 951 sunt.
2039 916 2109 949 Sed
2133 913 2221 948 baec

1225 968 1407 1006 fatemini3
1451 980 1575 1001 verum
1608 967 1690 1012 quia
1723 974 1907 1001 accusator
1927 968 2043 1001 bonus
2068 973 2104 1000 et
2123 965 2220 1000 utilis

1226 1020 1308 1053 urbi
1325 1019 1382 1059 sit,
1408 1019 1623 1052 servandum
1643 1018 1787 1062 putatis.
1825 1018 1948 1063 Quid?
1974 1031 2037 1053 vos
2055 1017 2222 1062 exipsius

1228 1070 1391 1104 oratione
1409 1067 1476 1102 boc
1497 1069 1750 1110 aestimabitis,
1780 1081 1858 1102 cum
1876 1082 1913 1103 re
1937 1070 2012 1114 ipsa
2037 1071 2218 1103 diversum

1228 1122 1363 1166 experti
1378 1120 1478 1155 sitis?
1506 1127 1582 1154 toto
1601 1120 1863 1166 quinquennio,
1886 1122 1972 1154 dnm
1990 1121 2119 1155 mulcta
2136 1132 2220 1165 pro-

1226 1171 1363 1213 hibuit,
1391 1185 1410 1205 a
1429 1173 1508 1205 foro
1526 1172 1655 1210 abfuit;
1682 1169 1773 1205 nihil
1787 1172 1922 1205 interea
1939 1173 2023 1213 fuit,
2046 1184 2109 1205 cur
2125 1170 2221 1205 hunc

1227 1224 1522 1258 desideraremus.
1575 1223 1679 1257 Nunc
1695 1235 1774 1255 cum
1793 1223 1900 1256 rediit
1918 1223 1954 1256 in
1973 1224 2111 1264 sorum,
2133 1223 2220 1268 quid

1227 1276 1371 1309 accessit
1400 1274 1617 1318 reipublicae
1651 1274 1857 1307 commodi?
1892 1272 1981 1307 mihi
2007 1275 2056 1308 sic
2080 1273 2222 1307 videtur

1225 1327 1371 1365 urbem,
1405 1337 1445 1358 ex
1468 1337 1539 1370 quo
1567 1325 1631 1358 iste
1656 1324 1759 1357 desiit
1776 1325 1812 1358 in
1827 1325 1906 1358 foro
1924 1325 2078 1365 versari,
2105 1325 2218 1358 multo

1226 1376 1513 1422 tranquilliorem
1530 1376 1647 1409 fuisse.
1687 1373 1760 1408 Iam
1772 1402 1782 1415 ,
1811 1376 1892 1420 quia
1911 1388 2033 1410 rursus
2050 1376 2122 1419 agit
2138 1388 2219 1408 cau-

1225 1441 1279 1462 sas
1291 1455 1300 1468 ,
1328 1434 1500 1472 tanquam
1518 1425 1696 1460 hostiliter
1713 1426 1878 1460 obsidens
1895 1427 2020 1460 urbem
2044 1425 2220 1460 seditiosis

1226 1486 1260 1512 et
1277 1478 1505 1512 tumultuosis
1523 1476 1754 1510 concionibus
1770 1478 1927 1511 concutit
1936 1478 1995 1524 ⁵⁴²).
2045 1477 2138 1511 Volo
2155 1477 2219 1510 ita-

1227 1542 1295 1576 que
1327 1530 1502 1575 quaedam
1529 1529 1583 1562 vel
1607 1541 1686 1562 cum
1710 1528 1869 1572 periculo
1895 1529 2047 1563 adiicere
2072 1535 2107 1562 et
2138 1540 2218 1562 cum

1226 1579 1281 1615 his
1305 1580 1551 1625 expostulare,
1593 1579 1654 1625 qui
1685 1579 1765 1612 ideo
1798 1592 1878 1613 eum
1904 1582 2118 1614 servandum
2147 1591 2220 1614 esse

1226 1633 1367 1672 dicunt,
1400 1631 1482 1677 quia
1509 1631 1583 1665 eins
1608 1644 1690 1665 usus
1713 1630 1748 1663 in
1774 1633 1972 1665 accusando
1996 1632 2127 1666 multus
2150 1643 2222 1665 esse

1226 1684 1356 1729 possit,
1385 1684 1428 1716 de
1446 1682 1574 1729 quibus
1590 1682 1675 1728 quid
1693 1682 1918 1716 sentiendum
1941 1683 2003 1724 sit,
2037 1696 2100 1717 vos
2125 1684 2221 1716 vide—

1227 1735 1315 1769 ritis.
1385 1733 1461 1778 Ego
1487 1732 1555 1767 hoc
1578 1740 1717 1767 tanturn
1741 1733 1879 1774 dicam,
1917 1736 2015 1780 quod
2037 1735 2129 1768 male
2153 1733 2221 1769 sibi

1227 1786 1462 1831 prospiciunt,
1491 1785 1552 1831 qui
1569 1798 1604 1819 se
1622 1785 1680 1819 isti
1699 1786 1910 1829 adiungunt,
1927 1784 2000 1819 vnec
2017 1798 2082 1830 ego
2098 1798 2222 1832 qnem-

1228 1850 1335 1884 quam
1359 1837 1515 1871 iudicum
1543 1837 1636 1870 inter
1661 1849 1720 1871 eos
1744 1849 1853 1881 p0n0.
1912 1837 2022 1870 Decet
2043 1837 2137 1870 enim
2162 1849 2219 1870 me

1228 1891 1270 1923 de
1290 1889 1391 1922 vobis
1409 1888 1534 1922 melius
1552 1888 1681 1922 sentire
1700 1895 1733 1921 et
1750 1889 1860 1934 loqui.
1919 1888 1987 1922 Sed
2010 1901 2051 1922 ex
2072 1888 2220 1934 reliquis

1229 1940 1363 1974 civibus
1394 1940 1430 1973 in
1455 1941 1515 1973 illo
1543 1940 1710 1973 sodalitio
1733 1937 2018 1984 Philocratenffl)
2039 1952 2220 1980 recenseo,

1228 1993 1300 2027 sive
1336 1992 1568 2036 discipulum,
1615 1991 1689 2025 sive
1718 1990 1926 2035 magistrum
1956 1990 2224 2035 Aristogitonis,

1229 2042 1323 2077 hunc
1341 2056 1452 2076 unum
1471 2042 1638 2082 nomino,
1665 2054 1709 2074 ne
1735 2042 1853 2086 plures
1876 2054 1893 2074 a
1917 2055 1974 2075 me
1999 2043 2133 2087 probro
2159 2042 2221 2075 ad-

1228 2095 1368 2129 ficiendi
1384 2095 1474 2134 sint,
1501 2106 1574 2126 non
1595 2094 1691 2138 quod
1710 2106 1802 2127 unus
1819 2090 1875 2125 hic
1893 2105 1972 2127 eum
1991 2100 2152 2135 tueatur,
2185 2093 2222 2127 id

1230 2147 1326 2193 quod
1357 2158 1440 2180 sane
1474 2145 1628 2189 optabile
1663 2151 1758 2184 erat,
1797 2146 1858 2178 sed
1893 2145 1976 2190 quia
2005 2145 2219 2179 verecundia

1230 2199 1384 2244 quadam
1408 2195 1603 2242 prohibeor
1630 2196 1760 2230 multos
1783 2197 1917 2240 probro
1943 2196 2111 2237 adficere,
2152 2208 2219 2230 nec

1265 2310 1433 2369 49jocgqepit]
1453 2308 1492 2331 sic
1506 2307 1587 2331 Editt.
1602 2306 1685 2337 1562„
1706 2305 1796 2332 157042
1816 2306 1899 2330 Editt.
1912 2305 2112 2336 ¹52⁷—i559.‚
2133 2306 2219 2337 1564„

1302 2346 1330 2368 1·
1372 2364 1378 2369 .
1397 2350 1428 2368 ce
1448 2344 1477 2367 it.

1264 2389 1313 2415 50)
1334 2389 1366 2412 Η.
1386 2388 1403 2410 1.
1423 2351 1450 2410 iil
1468 2386 1551 2409 Editt.
1573 2385 1658 2411 1559„
1680 2384 1770 2407 156⁴..
1792 2383 1867 2407 1587.
1886 2384 1951 2407 uota
1970 2383 2100 2414 margin.:
2127 2383 2217 2408 Canes

1301 2422 1411 2446 inutiles
1433 2420 1536 2444 necari.

1265 2467 1315 2494 51)
1335 2463 1523 2491 coin-finxerit]
1544 2462 1584 2485 sic
1604 2461 1685 2486 Editt.
1707 2461 1793 2490 1527.,
1814 2460 1905 2491 1547.;
1929 2460 2014 2485 Editt.
2028 2459 2217 2484 1559-1587.

1301 2498 1473 2524 coniunxerit
1492 2497 1554 2524 (illo
1574 2498 1657 2520 verbo
1678 2496 1809 2520 inusitato
1835 2502 1894 2519 eum
1920 2496 1970 2520 hoe
1996 2494 2104 2525 vulgari
2130 2500 2219 2524 syno-

1300 2540 1383 2565 nymo
1404 2533 1579 2563 permutato).

1264 2579 1313 2606 52)
1334 2578 1365 2600 Η.
1385 2577 1402 2600 l.
1429 2575 1455 2599 in
1484 2574 1568 2598 Editt.
1584 2574 1674 2601 ¹527..
1703 2574 1778 2598 1547.
1802 2575 1867 2597 nota
1891 2571 2021 2603 margins
2050 2570 2220 2603 confutatio,

1302 2611 1373 2642 quod
1391 2616 1441 2634 nec
1459 2611 1603 2633 accusator
1623 2609 1698 2632 utilis
1716 2609 1762 2632 sit.

1265 2654 1314 2683 53)
1334 2652 1525 2680 Philocraten]
1546 2652 1585 2675 sic
1603 2651 1686 2675 Editt.
1703 2651 1794 2680 1522,
1815 2650 1907 2679 1547.;
1925 2648 2008 2673 Editt.
2025 2647 2130 2671 ¹559—
2142 2646 2216 2672 1587.

1302 2689 1492 2714 Philocratem.
1514 2699 1545 2704 —
1582 2686 1611 2709 ln
1630 2686 1714 2709 Editt.
1730 2686 1821 2716 1559„
1843 2682 2032 2708 1564—1587.
2050 2682 2101 2706 hoc
2119 2687 2215 2706 nomen

1301 2723 1328 2747 in
1350 2722 1472 2753 margine
1491 2722 1534 2745 est
1553 2720 1706 2751 repetitum.

2316 373 2319 375 .
2313 351 2316 364 ᾼ-
2312 190 2321 338 mnne-⁴50<
