2351 2990
163 141 235 177 439

408 222 547 256 Aliud
576 223 901 264 argumentum.

268 291 327 324 Est
343 290 524 330 narratio,
553 289 587 321 in
606 300 673 333 qua
693 280 964 329 expostulatffl)‚
993 280 1089 326 quod
1104 279 1148 312 ad

168 355 293 376 senon
311 341 512 380 diverterit,
540 345 593 379 et,
620 343 659 371 ut
684 347 793 380 porro
812 333 951 373 veniat,
977 331 1115 365 invitat.

378 426 427 459 Al
441 424 509 457 iud
539 432 686 465 argum
699 425 847 452 entum
864 416 923 463 9¹).

270 483 388 517 locosa
405 490 455 516 est
473 480 619 525 epistola
645 479 748 523 plena
766 475 997 514 urbanitatis,
1025 473 1061 506 in
1082 484 1150 519 qua

169 536 293 568 leuiter
325 540 463 567 accusat
488 531 662 570 amicum,
695 529 792 574 quod
815 540 889 560 non
911 527 955 559 ad
977 525 1075 558 illum
1102 524 1152 557 di-

171 586 334 625 xerterh,
374 594 524 628 eumque
554 581 681 614 invitat
709 580 753 613 ad
778 578 1017 613 scribendum.
1076 574 1153 608 Est-

171 649 237 682 que
263 635 440 674 narratio,
467 645 556 679 quae
575 631 732 665 continet
756 631 936 675 quandam
956 627 1154 672 expostula-

171 688 324 726 tionem,
353 686 449 731 quod
474 684 595 716 villam
613 681 847 727 praeterierit.
899 679 1152 714 Narrationem

171 737 330 783 sequitur
354 736 470 769 brevis
496 733 700 768 adhortatio
730 733 775 765 ad
800 731 1037 766 scribendum.

344 818 533 855 Scholia
563 818 607 851 in
635 815 877 862 epistolam
904 812 992 848 XXI.

275 892 310 925 G.
328 886 491 935 Anicius]
508 882 881 929 commendaticiam).
934 884 1019 916 Eum
1038 875 1156 926 velim]

174 939 354 974 Narratio.
432 941 535 986 quue
551 951 572 972 a
592 935 644 984 ie]
671 935 801 970 Petitio
814 933 874 980 93).

467 1020 795 1065 Argumentum
813 1016 872 1062 9Ἵί).

278 1087 580 1123 Commendaticia
598 1092 667 1126 est,
695 1096 764 1131 qua
782 1083 870 1128 petit
894 1093 969 1115 rem
996 1087 1031 1114 et
1047 1077 1160 1123 digni-

178 1146 284 1173 tatem
304 1140 408 1172 amici
432 1138 612 1172 cuiusdam
632 1135 757 1170 iuvari.
810 1132 993 1177 Principio
1016 1138 1067 1165 est
1079 1141 1162 1162 nar-

178 1191 283 1231 ratio,
299 1203 388 1236 quae
404 1188 511 1222 habet
527 1200 647 1221 causas
664 1183 995 1220 commendationis.
1023 1180 1161 1215 Deinde

179 1242 374 1286 propositio
405 1239 618 1284 amplificata
644 1250 663 1271 a
687 1249 751 1271 suo
781 1235 955 1279 exemplo.
1012 1231 1162 1267 Conclu-

180 1293 231 1327 sio
260 1291 366 1326 habet
390 1291 639 1336 repetitionem
661 1285 992 1322 commendationis.

423 1375 559 1409 Aliud
596 1377 922 1418 argumentum.

284 1444 440 1490 Epistola
466 1449 516 1477 est
546 1439 853 1476 commendaticia.
917 1433 1066 1470 Exordii
1091 1432 1165 1465 vice

183 1497 329 1542 ponitur
354 1495 513 1528 narratio
539 1494 582 1526 de
606 1503 758 1537 persona
774 1487 903 1524 Anicii.
955 1486 1046 1519 Huic
1068 1483 1166 1517 addi-

185 1555 243 1581 tur
266 1547 409 1591 petitio,
444 1551 484 1579 ut
505 1542 600 1577 hunc
630 1541 823 1576 liberaliter
852 1540 889 1572 in
915 1537 1079 1572 omnibus
1106 1535 1166 1567 ad-

186 1599 292 1632 iuvet.

432 1663 563 1697 Aliud
598 1666 923 1705 argumentum.

288 1732 350 1766 Est
382 1731 527 1775 epistola
559 1728 865 1763 commendaticia.
934 1722 1170 1759 Commendat

190 1783 282 1817 enim
307 1783 337 1816 ei
355 1782 529 1821 amicum,
553 1788 587 1814 et
613 1787 710 1820 orat,
737 1785 777 1813 ut
800 1779 915 1822 ipsum
940 1776 978 1808 in
1001 1786 1063 1807 sua
1086 1784 1170 1817 pro-

190 1834 326 1873 vincia,
354 1834 449 1879 quod
469 1833 597 1876 possit,
626 1831 742 1870 iuvet,
769 1841 809 1862 ac
823 1826 1018 1862 honorifice
1034 1830 1169 1858 tractet.
1195 1866 1200 1872 ¹

190 1886 357 1930 Sequitur
390 1883 525 1917 exordii
549 1883 626 1915 loco
651 1880 810 1914 narratio
843 1878 1171 1918 contine1152causas

190 1936 370 1981 petitionis
394 1942 427 1968 et
447 1935 561 1979 ipsam
587 1933 808 1978 petitionem.

401 2020 537 2054 Aliud
570 2022 881 2063 argumentum
899 2013 958 2060 95).

295 2087 610 2122 Commendatoria
635 2092 706 2125 est,
733 2084 769 2118 in
788 2096 858 2129 qua
881 2080 1108 2115 commendat
1122 2091 1174 2113 se-

194 2145 376 2179 natorem,
403 2145 443 2172 ut
458 2139 495 2171 in
513 2137 664 2181 negotiis
687 2148 767 2169 eum
785 2135 946 2173 adiuvet,
975 2139 1008 2165 et
1024 2130 1175 2174 dignita-

195 2191 238 2223 tis
272 2191 364 2224 illius
392 2190 569 2222 rationem
607 2185 747 2220 habeat.
815 2183 998 2228 Principio
1029 2181 1176 2227 ponitur

195 2241 373 2281 narratio,
417 2252 507 2286 quae
537 2237 644 2272 hahet
681 2235 1027 2269 commendationem
1057 2245 1177 2277 perso-

231 2375 278 2405 90)
298 2377 348 2399 Est
362 2374 503 2400 narratio,
520 2372 548 2396 in
568 2377 619 2402 qua
641 2370 812 2401 expostulat]
832 2368 872 2392 sic
889 2367 971 2392 Editt.
987 2366 1072 2397 1565,
1092 2364 1178 2394 1571.,

268 2410 358 2438 1596.;
376 2410 425 2432 Ed.
450 2408 522 2432 1556.
542 2408 594 2430 Est
612 2404 805 2436 expostulatio.

231 2452 278 2479 91]
297 2451 354 2475 Hoc
371 2450 559 2480 argumentum
578 2448 659 2471 Editt.
682 2447 748 2470 1565
761 2444 882 2468 -1596.
901 2441 1034 2466 exhibent.

233 2494 377 2551 Βῖὲεέὶέῖῗξ
393 2495 458 2516 uota
476 2494 502 2515 et
521 2491 590 2515 duae
607 2491 755 2520 sequentes
770 2486 986 2514 inEditt.1544.,
1006 2484 1091 2512 1554..
1105 2482 1179 2507 1557.

234 2570 281 2601 93)
301 2569 374 2593 Haec
392 2569 457 2592 nota
474 2568 507 2591 ab
525 2567 607 2592 Editt.
629 2566 713 2596 ¹545,
731 2565 807 2589 1560.
825 2564 911 2587 abest.

235 2612 283 2639 94)
302 2610 359 2633 Hoc
376 2610 564 2639 argumentum
583 2610 609 2632 et
628 2608 680 2631 duo
698 2606 842 2637 sequentia
858 2605 887 2629 in
901 2603 985 2628 Editt.
1003 2602 1094 2633 1556„
1114 2601 1180 2625 1565

269 2643 385 2668 -1596.
403 2644 522 2666 exstant.

234 2687 359 2747 Θὸὲκῑῐοε
382 2687 570 2716 argumentum
595 2683 650 2707 iuis
675 2683 702 2707 in
729 2682 811 2707 Editt.
839 2682 952 2706 1565-
970 2679 1042 2704 1596.
1068 2680 1110 2703 est
1128 2678 1179 2703 ad-

308 2726 361 2746 um·

727 129 848 167 PHIL.
883 126 995 164 MEL.
1029 121 1230 162 SCRIPTA
1262 119 1601 157 PHILOLOGICA.

2114 116 2188 152 440

1208 220 1286 242 nae.
1329 207 1467 242 Deinde
1484 213 1535 242 est
1549 205 1673 252 petitio
1685 231 1694 246 ‚
1721 211 1761 238 ut
1773 203 1847 237 eius
1863 201 2013 247 negotiis
2027 209 2062 236 et
2076 201 2189 246 digni·

1201 260 1268 294 tati
1287 259 1391 300 adsit,
1408 259 1528 293 addito
1549 263 1758 302 argumento
1775 268 1794 288 a
1810 266 1873 288 suo
1890 254 2062 298 exemplo.
2097 253 2190 287 Con-

1204 311 1317 344 clusio
1349 309 1456 344 habet
1483 311 1626 343 brevem
1652 306 1902 352 repetitionem
1937 303 2190 350 propositionis

1207 374 1270 396 seu
1298 360 1492 406 petitionis.

1373 467 1556 504 Scholia
1584 467 1628 501 in
1656 467 1895 512 epistolam
1925 463 2032 500 XXII.

1309 542 1340 588 {-
1358 546 1390 579 1.
1419 546 1490 578 Nos
1504 541 1577 590 hic]
1604 542 1773 577 Narratio
1783 541 1844 588 ⁹⁶).

1311 603 1341 648 ξ.
1359 604 1395 638 3.
1424 603 1642 645 Quamobrem
1655 600 1706 649 te]
1725 601 1913 636 Conclusio
1931 599 2116 634 continens
2131 599 2193 632 ad-

1210 652 1467 688 hortationem.

1498 737 1822 782 Argumentum
1839 736 1899 782 9⁷).

1310 805 1403 838 Tota
1434 804 1582 849 epistola
1619 809 1671 837 est
1700 803 1921 837 nuntiatoria
1939 829 1949 843 ,
1969 808 2017 835 >et
2052 800 2196 847 quidem

1209 855 1339 900 scripta
1358 856 1464 900 paulo
1483 862 1564 900 post
1580 854 1733 888 occisum
1751 854 1951 888 Caesarem.
1982 851 2111 897 Incipit
2127 857 2196 885 sta-

1210 907 1275 940 tim
1307 918 1327 939 a
1357 907 1564 939 narratione
1583 932 1593 946 ,
1632 917 1740 950 quam
1777 905 1922 949 exponit
1958 902 2198 942 contentione,

1212 969 1319 1003 quam
1336 955 1442 991 habet
1458 970 1537 990 cum
1547 956 1720 990 Antonio.
1771 955 1910 989 Deinde
1927 954 2089 1000 queritur
2105 965 2197 987 rem-

1212 1008 1390 1053 publicam
1416 1009 1592 1041 desertam
1619 1019 1711 1047 esse,
1744 1006 1826 1051 quia
1857 1006 2098 1039 interfectores
2124 1004 2197 1037 fere

1213 1071 1336 1092 omnes
1356 1071 1396 1092 ex
1412 1059 1499 1091 urbe
1521 1059 1697 1101 fugerant.
1748 1057 1956 1096 Postremo,
1985 1055 2071 1101 quid
2097 1066 2198 1089 sena-

1213 1116 1268 1143 tus
1292 1110 1334 1142 de
1360 1109 1552 1154 provinciis
1584 1107 1798 1147 decreverit,
1831 1106 2004 1146 ostendit,
2038 1112 2072 1139 et
2094 1105 2200 1139 simul

1213 1159 1380 1194 hortatur
1406 1159 1634 1193 Cornificium
1653 1183 1663 1199 ,
1702 1169 1747 1191 ne
1779 1157 1864 1191 velit
1892 1155 2114 1202 provinciam
2142 1157 2201 1189 de-

1214 1223 1341 1246 serere.

1459 1293 1597 1327 Aliud
1624 1299 1950 1337 argumentum.

1318 1369 1486 1404 Narratio
1510 1375 1578 1409 est,
1605 1368 1642 1401 in
1670 1381 1739 1414 qua
1764 1374 2021 1402 commemorat
2045 1368 2202 1412 primum

1218 1421 1366 1455 Antonii
1391 1421 1548 1454 furorem
1572 1425 1694 1452 contra
1727 1432 1850 1453 omnes
1871 1420 2003 1459 bonos,
2048 1425 2081 1452 et
2112 1419 2203 1451 cala-

1219 1472 1379 1505 mitatem
1403 1476 1624 1515 praesentem
1650 1470 1877 1514 reipublicae.
1931 1469 2083 1503 {Deinde
2105 1469 2204 1503 addit

1219 1524 1262 1556 de
1284 1534 1345 1555 sua
1372 1534 1543 1566 persona,
1571 1522 1668 1566 quod
1685 1522 1822 1554 assidue
1843 1521 1980 1554 laboret
2000 1533 2066 1565 pro
2090 1521 2202 1554 salute

1219 1573 1446 1618 reipublicae.
1498 1572 1685 1605 Postremo
1707 1572 1854 1616 ponitur
1879 1571 2050 1615 expositio
2073 1571 2204 1603 decreti

1220 1630 1360 1658 senatus
1380 1625 1423 1656 de
1442 1622 1646 1667 provinciis.
1680 1622 1931 1656 Narrationem
1947 1622 2106 1667 sequitur
2123 1633 2207 1654 con-

1221 1675 1351 1715 clusio,
1389 1686 1480 1720 quae
1505 1672 1613 1706 hahet
1640 1670 1947 1712 adhortationem,
1982 1684 2026 1705 ne
2047 1672 2205 1716 patiatur

1221 1726 1288 1760 sibi
1311 1725 1400 1770 eripi
1418 1724 1658 1769 provinciam,
1684 1724 1745 1757 sed
1762 1735 1840 1757 eam
1857 1735 1995 1757 summa
2012 1722 2204 1766 diligentia,

1222 1777 1325 1811 sicuti
1340 1776 1386 1823 98)
1416 1782 1519 1809 antea
1543 1774 1707 1808 retineat.

1471 1868 1604 1902 Aliud
1632 1874 1954 1912 argumentum.

1329 1945 1569 1991 Conqueritur
1585 1946 1627 1978 de
1644 1943 1816 1983 Antonio,
1843 1944 1904 1989 qui
1925 1943 2039 1977 occiso
2057 1931 2229 1977 Caesare'

1226 1999 1263 2032 in
1291 1999 1378 2031 urbe
1404 1996 1707 2034 tumultuabatur,
1733 2001 1767 2027 et
1783 1992 1947 2027 hortatur
1964 2007 2063 2035 eum,
2089 2007 2133 2027 ne
2151 1995 2207 2028 cui

1226 2049 1448 2095 provinciam
1479 2048 1621 2086 tradat,
1654 2045 1722 2078 nisi
1750 2057 1855 2090 quem
1889 2051 2030 2079 senatus
2061 2045 2207 2080 miserit.

1227 2101 1313 2134 Erat
1340 2099 1434 2133 enim
1466 2096 1807 2132 senatusconsultum
1840 2096 1971 2129 factum
1997 2108 2038 2129 ex
2066 2103 2205 2130 senten-

1228 2153 1277 2185 tia
1294 2149 1473 2185 Ciceronis
1492 2154 1613 2181 contra
1630 2146 1826 2179 Antonium
1849 2153 1882 2180 et
1896 2146 2139 2187 Dolabellam,
2162 2159 2207 2181 ne

1229 2204 1270 2236 iis
1307 2204 1470 2235 cederent
1484 2199 1530 2246 99)
1557 2200 1599 2231 de
1621 2198 1736 2231 Gallia
1763 2204 1797 2230 et
1820 2197 1921 2243 Syria
1945 2197 1989 2232 D.
2015 2198 2147 2232 Brutus
2173 2204 2208 2231 et

1230 2254 1386 2292 Cassius,
1414 2263 1454 2284 ac
1476 2250 1643 2282 volebant
1663 2248 1768 2282 simul
1789 2249 1875 2283 alias
1895 2261 2037 2295 quoque
2061 2248 2206 2294 provin-

1231 2305 1300 2338 cias
1324 2305 1362 2336 in
1387 2306 1559 2346 potestate
1586 2305 1728 2333 senatus
1752 2311 1836 2334 esse.

1263 2454 1312 2482 96)
1331 2454 1405 2510 11.εὲῑὲ
1421 2452 1486 2476 nota
1503 2453 1530 2476 et
1548 2458 1666 2482 sequens
1684 2451 1711 2476 In
1729 2451 1814 2477 Editt.
1835 2451 1920 2483 ¹544„
1941 2451 2033 2483 1554„
2052 2450 2124 2476 1557.
2144 2454 2209 2476 suut

1301 2494 1370 2512 omns
1408 2493 1431 2510 e.

1264 2538 1312 2570 97)
1332 2539 1388 2562 Hoc
1405 2537 1593 2566 argumentum
1611 2537 1638 2559 et
1654 2537 1706 2560 duo
1728 2535 1870 2566 sequentia
1889 2534 1916 2559 in
1934 2533 2017 2561 Educ.
2039 2533 2125 2565 ¹556„
2145 2535 2210 2560 1565

1298 2571 1415 2595 -1596,
1440 2570 1624 2594 inveniuntur.
1814 2575 1819 2579 '

1263 2624 1312 2652 98)
1331 2621 1425 2648 sicuti]
1447 2619 1488 2644 sic
1505 2620 1589 2644 mitt.
1606 2620 1698 2651 1556.,
1719 2620 1811 2650 1565.;
1829 2618 1911 2643 mitt.
1930 2617 2017 2649 ¹5⁷1„
2038 2618 2112 2642 1596.
2129 2618 2208 2643 sicut.

1264 2675 1312 2702 99)
1329 2672 1471 2732 exeant]
1481 2670 1520 2695 sic
1530 2672 1604 2696 recte
1618 2671 1700 2697 Editt.
1713 2671 1799 2704 1556„
1819 2670 1912 2704 1565.3
1929 2669 2014 2696 Editt.
2034 2669 2120 2703 1571„
2135 2670 2208 2696 1596.

1299 2714 1347 2734 cre
1447 2722 1453 2730 .
