2351 2990
179 123 253 158 725
752 120 874 155 PHlL.
906 118 1018 153 MEL.
1053 117 1256 152 SCRIPTA
1288 117 1625 153 PHILOLOGICA.
2139 117 2215 154 724

178 213 361 242 merentur
381 205 453 240 alii.
506 206 609 241 Nunc
631 219 711 240 cum
736 206 886 239 servitus
912 204 1013 238 vobis
1035 205 1172 249 impen-

178 259 258 298 det,
287 264 320 291 et
337 258 490 291 militare
505 258 620 301 piget,
648 264 680 290 et
705 256 900 289 mutamini
922 256 1110 300 pecuniam
1135 256 1172 288 in

179 309 397 353 stipendium
430 310 610 346 conferre,
652 314 686 340 et
719 320 798 340 cum
823 307 912 340 alios
935 307 1173 347 servaveritis,

178 373 282 405 saepe
300 361 485 393 universos
503 366 536 392 ct
558 358 707 392 subinde
731 357 910 402 singulos,
946 370 1067 391 nonne
1091 370 1174 402 por-

179 412 269 444 tenti
286 411 400 444 simile
416 417 486 448 est.
515 410 551 442 iu
575 415 691 442 vestro
707 409 866 452 periculo
887 409 1046 443 cessare?
1098 408 1173 441 Iam

179 463 210 496 si
235 475 340 495 nemo
365 462 583 500 considerat,
615 471 722 504 quam
747 460 808 493 diu
832 461 964 493 bellum
989 473 1068 493 cum
1088 458 1174 493 Phi-

179 514 278 558 lippo
295 512 523 556 gesserimus,
550 517 590 544 ut
606 511 744 544 nullum
762 512 917 555 pretium
940 523 1072 556 operae
1097 517 1173 544 toto

179 577 221 599 eo
256 571 415 607 tempore
448 563 580 595 sactum
612 561 676 601 sit,
719 574 758 595 ea
794 575 879 595 vero
915 575 990 595 non
1025 562 1175 606 simplex

179 615 335 649 amentia
361 620 423 647 est.
483 613 586 647 Scitis
611 613 705 645 enim
730 613 876 657 periisse
901 613 1001 647 vobis
1022 619 1175 658 tempus,

178 667 262 700 dum
279 671 484 705 coutamur,
512 665 596 698 dum
623 664 684 696 alii
708 664 796 698 alios
818 671 1061 709 expectamus,
1089 666 1174 698 dum

178 729 258 751 reos
276 716 413 760 agimus
431 716 677 760 magistratus,
705 716 789 748 dum
809 716 940 749 iudicia
959 728 1175 749 exercemus.

176 768 336 802 Rursum
352 767 389 800 in
406 779 504 811 spem
521 766 694 800 venimus.
747 766 932 807 Breviter,
959 768 1083 800 eadem
1101 768 1174 800 fere

177 819 348 858 facimus,
389 830 480 864 quae
514 819 623 851 modo
660 817 780 851 videas
813 818 953 862 agitari.
1023 818 1176 858 Deinde,

178 872 268 904 adeo
291 870 509 910 insanimus,
540 875 579 903 ut
604 881 787 913 speremus
809 881 848 902 ea
876 869 1015 903 ratione
1042 870 1177 903 instau-

177 928 322 956 raturos
339 933 405 954 nos
422 933 494 954 esse
511 921 701 964 pristinum
720 920 818 954 urbis
835 927 964 954 statum
976 948 986 961 ,
1014 933 1083 966 qua
1106 920 1176 954 col-

178 973 276 1018 lapsa
308 978 370 1006 est.
438 972 548 1017 Atqui
583 972 619 1004 id
651 969 881 1004 vehementer
911 972 1105 1005 absurdum
1135 983 1176 1004 ac

177 1024 340 1068 ineptum
361 1029 423 1057 est.
475 1023 568 1057 Nam
586 1022 723 1056 facilius
744 1022 930 1068 aliquanto
958 1029 1009 1057 est
1033 1013 1176 1057 servare

177 1081 281 1120 parta
293 1101 302 1115 ,
330 1086 437 1120 quam
454 1086 583 1118 parare
595 1101 604 1114 ‚
629 1071 719 1106 nihil
736 1080 853 1107 autem
871 1074 1001 1120 reliqui
1016 1075 1177 1108 fecerunt

176 1124 347 1160 hactenus
361 1125 451 1158 bella
467 1126 563 1170 quod
578 1131 773 1165 tueremur,
791 1127 1037 1169 recuperanda
1054 1125 1175 1158 omnia

178 1184 280 1218 sunt,
309 1177 346 1209 in
363 1174 431 1209 hoc
449 1176 550 1209 vobis
567 1176 847 1209 incumbendum
866 1183 929 1210 est.

282 1228 442 1261 Proinde
460 1239 586 1260 censeo
603 1226 792 1271 pecuniam
811 1239 883 1261 esse
908 1227 1176 1267 conserendam,

176 1279 440 1324 expeditionem
455 1279 619 1312 alacriter
633 1277 958 1325 suscipiendamw),
978 1278 1175 1311 cavendum

176 1330 284 1364 etiam
297 1357 306 1371 ‚
333 1342 377 1362 ne
395 1341 502 1375 quem
520 1329 709 1370 accusetis,
737 1330 849 1363 donec
870 1329 1086 1363 debellatum
1101 1329 1176 1361 fue-

177 1381 244 1422 rit,
272 1382 321 1414 ibi
339 1381 458 1414 licebit
473 1393 514 1414 ex
530 1381 630 1415 factis
646 1380 823 1421 iudicare,
851 1381 912 1426 qui
931 1381 974 1413 de
992 1379 1175 1424 republica

176 1433 267 1466 bene
289 1432 408 1466 meriti
433 1432 523 1473 sint,
568 1432 630 1478 qui
659 1444 776 1472 secus,
818 1437 1023 1475 praetextus
1051 1442 1176 1464 omnes

177 1482 416 1517 extrahendae
452 1483 505 1516 rei
537 1484 733 1522 facessant,
780 1489 815 1515 et
849 1483 1086 1515 emendentur
1122 1494 1175 1521 ea,

178 1547 269 1580 quae
295 1536 332 1568 in
356 1534 458 1568 vobis
487 1534 747 1568 desiderantur.
815 1532 940 1579 Neque
968 1533 1063 1566 enim
1094 1532 1176 1565 licet

177 1586 280 1619 vobis
313 1587 356 1619 de
387 1585 541 1619 aliorum
576 1585 729 1629 peccatis
751 1585 910 1618 acerbius
932 1584 1111 1624 iudicare,
1146 1583 1175 1617 si

178 1635 400 1669 conniveatis
426 1636 494 1680 ipsi
519 1636 556 1669 in
581 1636 717 1670 vestris.
779 1635 872 1669 Nam
897 1635 984 1681 quid
1008 1635 1046 1667 in
1070 1646 1174 1668 causa

177 1687 385 1721 existimatis
417 1699 509 1726 esse,
557 1699 619 1720 cur
653 1685 721 1719 hoc
754 1686 887 1719 bellum
923 1687 1037 1719 vitent
1069 1687 1175 1719 duces

177 1750 320 1779 omnes,
355 1745 533 1784 quotquot
557 1737 814 1782 rempublicam
843 1737 930 1771 foris
958 1743 1106 1781 gerunt,
1141 1743 1176 1769 et

176 1802 270 1822 nova
299 1790 474 1835 quaedam
497 1789 588 1822 bella
614 1789 769 1822 conflent
794 1788 864 1834 (est
887 1787 982 1821 enim
1009 1789 1052 1821 de
1077 1787 1175 1821 duci-

176 1841 241 1874 bus
262 1840 488 1886 dicendum);
522 1840 559 1873 id
586 1852 671 1873 vero
698 1846 749 1873 est
771 1839 808 1872 in
831 1851 957 1879 causa,
992 1839 1089 1885 quod
1108 1837 1175 1879 ,hic

175 1892 337 1936 praemia
356 1891 521 1924 laborum
539 1903 578 1924 ac
595 1891 839 1935 periculorum
855 1892 900 1923 ad
924 1903 988 1924 vos
1012 1891 1174 1923 redeant.

177 1942 284 1988 Quod
303 1943 331 1976 si
349 1949 450 1987 capta
468 1942 576 1975 fuerit
590 1940 837 1987 Amphipolis,
865 1941 967 1975 vobis
991 1942 1076 1975 urbs
1102 1942 1174 1974 sru-

177 1994 248 2028 ctui
270 2000 340 2034 est,
372 1994 528 2038 pericula
552 1995 682 2027 ducum
707 1993 855 2038 propria
878 1999 972 2026 sunt.
1036 1992 1174 2026 Merces

175 2057 243 2090 pro
263 2045 391 2079 merito
409 2045 505 2078 nulla
522 2046 646 2085 datur,
674 2045 711 2077 in
728 2045 804 2078 aliis
822 2044 1090 2078 excursionibus
1108 2043 1174 2076 mi-

176 2108 244 2130 nus
268 2103 319 2130 est
340 2096 511 2140 periculi,
545 2097 734 2129 commoda
765 2095 942 2140 ampliora
975 2096 1105 2129 ducum
1141 2100 1175 2128 et

176 2147 344 2181 militum.
385 2146 624 2191 Lampsacus,
644 2148 801 2192 Sigeum,
829 2159 938 2180 naves
956 2147 1173 2190 interceptae

175 2200 331 2243 praedae
353 2204 447 2232 sunt.
499 2198 614 2232 Nemo
640 2211 725 2231 vero
748 2210 822 2231 non
848 2198 957 2232 servit
980 2198 1051 2232 suis
1078 2209 1174 2230 com-

176 2250 305 2284 modis.
362 2249 473 2296 Atqui
496 2262 558 2283 vos
582 2251 721 2295 quoties
743 2249 839 2282 dolet
866 2249 959 2282 male
982 2249 1057 2292 geri
1080 2261 1174 2282 rem-

176 2302 376 2345 publicam,
404 2314 483 2335 cum
500 2301 648 2335 ducibus
665 2300 908 2346 expostulatis.
961 2298 1014 2332 Illi
1033 2300 1094 2333 ubi
1119 2312 1174 2333 sa-

177 2351 335 2385 tisfecere
368 2353 489 2392 vobis,
524 2358 558 2385 et
592 2353 732 2397 culpam
762 2351 800 2384 in
836 2364 898 2385 vos
932 2352 1173 2391 contulerunt,

176 2414 251 2435 non
275 2403 421 2437 studetis
443 2410 563 2437 tamen
579 2403 663 2436 vitia
686 2410 800 2438 vestra
820 2403 1023 2436 emendare.
1076 2402 1172 2435 Reli-

178 2467 288 2500 quum
309 2461 359 2488 est
377 2454 505 2498 igitur,
544 2461 583 2488 ut
605 2461 754 2499 propter
779 2454 1015 2488 dissensiones
1041 2459 1075 2486 et
1100 2453 1173 2497 pri-

176 2511 276 2539 vatas
294 2506 454 2551 querelas
473 2506 670 2550 respublica
687 2507 844 2550 neglecta
864 2511 997 2550 pereat.
1055 2504 1170 2537 Antea

178 2556 270 2591 cives
302 2557 397 2590 iuxta
431 2558 590 2591 decurias
620 2570 770 2591 munera
802 2556 1031 2596 obeuntium,
1065 2568 1172 2600 pecu-

177 2609 275 2642 niam
293 2608 544 2649 conferebatis,
578 2621 672 2642 nunc
697 2609 904 2643 dissidentes
932 2608 1025 2641 inter
1050 2619 1086 2641 se
1113 2608 1171 2639 de—

212 2735 260 2761 70]
280 2735 312 2759 Η.
327 2734 345 2760 l.
361 2735 453 2759 annot.
467 2733 601 2764 margia:
621 2734 756 2765 Epilogus
769 2734 962 2759 maturandum
979 2738 1045 2758 esse
1061 2733 1169 2758 bellum.

1226 203 1343 238 curiae
1369 204 1467 237 domi
1493 210 1632 238 tantum
1656 204 1838 245 rixantur,
1880 201 2004 237 rhetor
2035 209 2140 236 autor
2171 208 2224 237 est

1227 256 1508 295 dissensionum,
1534 257 1605 289 dux
1623 256 1852 302 obsequitur,
1879 254 2029 288 trecenti
2051 253 2104 286 illi
2127 253 2223 287 voci-

1225 307 1406 346 ferantur,
1433 307 1562 352 reliqui
1579 308 1671 341 cives
1697 308 1757 340 alii
1783 307 1859 341 aliis
1883 306 2044 351 partibus
2069 306 2224 339 student.

1226 358 1384 391 Proinde
1399 355 1454 391 his
1471 358 1610 392 omissis
1625 359 1777 403 colligite
1795 371 1878 398 vos,
1907 364 1941 391 et
1962 356 2107 397 efficite,
2135 362 2175 390 ut
2188 361 2224 388 et

1227 410 1385 442 dicamus
1416 409 1629 450 sententias,
1673 416 1707 443 et
1737 410 1977 444 consultemus
2010 414 2045 442 et
2076 419 2225 451 agamus

1228 460 1349 493 omnia
1376 460 1626 494 communiter.
1696 461 1803 506 Quod
1827 461 1855 494 si
1880 467 1998 494 autem
2032 458 2130 492 velut
2159 469 2224 503 per

1228 511 1455 556 tyrannidem
1480 510 1558 544 aliis
1578 511 1650 543 vim
1662 510 1709 558 ⁷¹)
1733 512 1908 552 feceritis,
1952 510 2127 556 quidlibet
2156 509 2224 542 im-

1227 562 1391 607 perandi,
1413 574 1493 594 cum
1510 561 1577 605 ipsi
1593 573 1743 595 munera
1758 575 1833 596 non
1851 563 1982 596 obeant
1998 561 2086 595 alios
2101 572 2224 605 coege-

1227 613 1305 647 ritis
1322 613 1486 646 triremes
1502 624 1662 653 armare‚
1691 614 1864 655 militare,
1893 613 1971 647 aliis
1990 611 2225 658 permiseritis

1229 671 1353 698 contra
1378 662 1444 698 hos
1467 664 1510 697 de
1534 664 1715 708 republica
1741 665 1830 698 bene
1847 665 1994 698 meritos
2013 665 2154 698 decreta
2171 663 2224 696 fa-

1229 728 1326 756 cere,
1353 728 1417 749 nec
1434 716 1673 750 communiter
1688 715 1903 760 reipublicae
1921 727 2031 760 opera
2048 715 2093 748 ab
2108 714 2226 747 omni-

1228 768 1294 801 bus
1312 773 1442 800 navata
1461 766 1580 807 suerit,
1597 766 1688 801 nihil
1702 768 1770 800 rite
1786 774 1947 812 geretur;
1973 777 2113 810 semper
2127 766 2225 799 enim

1230 830 1269 852 ea
1288 831 1384 863 pars,
1403 829 1495 864 quae
1514 818 1646 852 iniuria
1665 818 1800 851 adfecta
1821 825 1884 859 est,
1909 817 2085 851 deteriore
2103 816 2226 850 condi-

1230 870 1327 903 tione
1345 870 1432 911 erit,
1456 875 1492 901 et
1506 870 1665 903 futurum
1683 876 1752 910 est,
1778 876 1817 903 ut
1832 870 1870 903 in
1888 881 1966 902 eam
1981 880 2048 913 pro
2064 865 2226 903 hostibus

1229 921 1406 955 saeviatis.
1467 919 1588 965 Quare
1613 921 1651 954 in
1673 933 1813 954 summa
1841 933 1966 955 censeo
1990 919 2118 953 debere
2142 931 2227 952 con-

1229 973 1321 1006 ferre
1338 972 1497 1015 singulos
1511 983 1578 1015 pro
1595 972 1667 1006 suis
1684 972 1923 1013 facultatibus,
1950 983 1991 1005 ac
2006 971 2043 1004 in
2059 969 2227 1004 militiam

1230 1023 1426 1068 proficisci,
1452 1028 1492 1056 ut
1509 1022 1661 1068 quisque
1683 1023 1868 1071 possitm)
1884 1023 1995 1063 ordo,
2017 1022 2103 1056 dum
2121 1034 2227 1055 suum

1231 1087 1355 1108 omnes
1389 1074 1546 1107 officium
1574 1074 1742 1115 fecerint,
1785 1076 1890 1109 debet
1916 1080 1950 1108 et
1976 1073 2224 1118 praesentibus

1230 1126 1396 1159 omnibus
1419 1126 1462 1157 de
1484 1124 1667 1169 republica
1690 1125 1831 1158 dicendi
1855 1125 1956 1170 copia
1979 1124 2076 1166 fieri,
2105 1130 2146 1158 ut
2168 1136 2227 1158 ex-

1230 1176 1382 1222 cerpatis
1399 1189 1440 1209 ex
1456 1176 1619 1209 omnium
1643 1176 1867 1210 orationibus
1894 1175 2051 1221 optima,
2083 1187 2160 1208 non
2185 1175 2226 1209 in

1229 1229 1335 1262 unius
1354 1233 1415 1261 aut
1432 1227 1578 1260 alterius
1600 1228 1812 1262 sententiam
1834 1228 1955 1262 iurati.
2009 1226 2117 1272 Quod
2131 1226 2162 1261 si
2175 1227 2228 1260 fe-

1230 1279 1367 1319 ceritis,
1393 1290 1467 1311 non
1486 1284 1625 1311 tantum
1644 1279 1681 1312 in
1709 1290 1876 1322 praesens
1894 1276 2075 1312 rhetorem
2093 1278 2227 1322 proba-

1228 1330 1330 1369 bitis,
1363 1330 1425 1363 sed
1447 1330 1548 1363 vobis
1573 1328 1679 1363 etiam
1699 1329 1735 1362 in
1758 1336 1941 1374 posterum
1958 1328 2228 1374 gratulabimini

1229 1381 1415 1414 meliorem
1434 1380 1532 1413 urbis
1554 1386 1698 1415 statum.

1330 1429 1552 1477 Συμμορίαι
1594 1431 1758 1465 decuriae
1793 1438 1876 1465 sunt
1907 1442 2058 1465 munera
2092 1430 2227 1464 obeun-

1229 1482 1338 1522 tium,
1379 1494 1463 1514 nam
1491 1494 1532 1514 ex
1566 1482 1686 1515 decem
1724 1482 1887 1516 tribubus
1913 1480 2064 1516 Athenis
2098 1481 2227 1515 delecti

1231 1540 1335 1566 erant
1351 1533 1447 1566 mille
1466 1533 1610 1566 ducenti
1627 1534 1810 1575 ditissimi,
1846 1533 1908 1579 qui
1924 1534 2108 1567 conferent
2120 1545 2228 1577 pecu-

1227 1584 1349 1625 niam,
1376 1584 1516 1630 quoties
1531 1585 1731 1629 respublica
1748 1586 1892 1629 egebat,
1919 1591 1953 1618 et
1976 1590 2159 1618 armarent
2185 1596 2227 1617 ac

1228 1636 1446 1669 instruerent
1464 1635 1591 1679 viginti
1607 1636 1753 1677 classes,
1789 1636 2040 1682 distributique
2065 1641 2168 1669 erant
2187 1635 2227 1668 in

1229 1687 1385 1731 singulas
1398 1687 1579 1730 sexageni,
1607 1689 1854 1734 vocabantque
1864 1687 2106 1733 Symmoriam
2127 1698 2226 1721 sexa-

1229 1738 1326 1782 ginta
1344 1738 1441 1776 illos;
1474 1750 1516 1771 ex
1534 1736 1588 1772 his
1607 1740 1774 1774 omnibus
1791 1739 2061 1783 locupletissimi
2076 1737 2226 1771 trecenti

1229 1790 1471 1834 eligebantur,
1513 1789 1575 1835 qui
1603 1790 1770 1834 inprimis
1799 1790 1987 1836 pecuniam
2021 1790 2226 1823 conferrent

1227 1853 1313 1885 prae
1334 1840 1425 1874 aliis.

1302 1926 1402 1960 Alia
1437 1925 1771 1970 interpretatio
1808 1925 2006 1959 eiusdem
2042 1936 2145 1958 ora-

1614 1976 1836 2022 tionis72).

1331 2044 1422 2078 Cum
1451 2043 1487 2076 in
1519 2043 1597 2078 aliis
1627 2043 1748 2077 multis
1777 2043 1883 2076 rebus
1912 2041 2065 2087 perspici
2094 2049 2224 2087 potest,

1227 2096 1444 2140 singularem
1463 2107 1536 2128 esse
1545 2094 1704 2128 Deorum
1722 2094 2010 2128 benevolentiam
2030 2106 2112 2138 erga
2128 2092 2224 2129 hanc

1227 2148 1373 2187 urbem,
1421 2153 1497 2180 tum
1526 2158 1611 2180 vero
1641 2146 1679 2179 in
1714 2144 1781 2179 hoc
1813 2145 1959 2190 negotio
1990 2145 2145 2180 maxime
2160 2145 2223 2194 ⁷³).

1260 2256 1310 2285 ⁷1)
1329 2256 1399 2286 vim]
1419 2256 1468 2281 Ed.
1487 2257 1594 2287 nagan.
1613 2261 1636 2281 s.
1655 2261 1680 2280 a.
1701 2261 1797 2280 errore
1816 2257 1944 2286 typogr.:
1970 2254 2022 2279 vis.

1264 2300 1337 2328 ⁷1³¹)
1358 2300 1472 2330 quisque
1491 2299 1592 2330 possit]
1611 2299 1662 2324 Ed.
1682 2299 1787 2329 Hagan.
1807 2305 1829 2323 s.
1844 2303 1868 2321 a.
1888 2304 2020 2328 quemque
2038 2298 2144 2328 posset.

1261 2342 1309 2370 72)
1330 2344 1404 2366 Haec
1421 2341 1613 2372 interpretatio
1633 2341 1660 2364 in
1680 2341 1765 2365 Editt.
1786 2341 1880 2371 1535.‚
1910 2340 1985 2364 1547.
2005 2341 2097 2364 exstat
2115 2340 2156 2365 sic
2173 2340 2222 2365 in-

1297 2377 1416 2407 scripta:
1443 2376 1668 2407 „Demosthenes
1689 2375 1856 2405 Olynthiaca
1875 2372 2039 2405 Secunda”,
2060 2374 2102 2398 cui
2121 2375 2149 2398 iu
2166 2376 2223 2401 Ed..

1297 2411 1372 2435 1547.
1397 2410 1531 2443 „Libanii
1555 2412 1745 2440 argumentum
1770 2410 1797 2434 in
1823 2409 1970 2433 secundam
1996 2407 2216 2439 Olyntliiacam”

1297 2448 1396 2476 (supra
1413 2453 1437 2475 p.
1453 2445 1511 2469 709.
1531 2445 1660 2473 allatum)
1679 2444 1836 2475 praecedit,
1855 2444 1883 2467 in
1898 2444 1948 2469 Ed.
1963 2442 2038 2467 1535.
2057 2444 2149 2467 autem
2166 2448 2216 2467 ar-

1295 2481 1424 2511 gumento
1444 2480 1530 2503 caret.
1569 2481 1677 2509 septem
1697 2479 1891 2502 annotationes
1916 2477 2085 2508 marginales
2113 2477 2137 2501 ei
2163 2478 2216 2501 ad-

1295 2515 1414 2544 scriptae
1433 2513 1460 2537 in
1480 2515 1595 2544 utraque
1614 2514 1662 2537 Ed.
1682 2513 1866 2537 inveniuntur.
1885 2525 1919 2529 —
1950 2512 2027 2535 nanc
2045 2517 2150 2541 quoque
2168 2511 2214 2535 in-

1295 2547 1522 2578 terpretationem
1553 2548 1753 2575 Melantlionis,
1790 2553 1844 2571 non
1875 2546 2068 2577 Hegendorfini
2104 2545 2221 2569 aliusve

1291 2589 1370 2609 esse,
1401 2588 1435 2605 ex
1461 2588 1493 2605 eo
1519 2582 1698 2612 intelligitur,
1731 2582 1801 2612 quod
1821 2587 1920 2612 magna
1939 2587 1972 2604 ex
1990 2580 2068 2609 parte
2087 2586 2145 2603 cum
2166 2580 2216 2603 illa

1292 2617 1449 2641 Editionum
1468 2617 1552 2639 Basa.
1572 2623 1594 2639 s.
1613 2622 1656 2646 a.,
1677 2617 1768 2645 1559.,
1790 2616 1883 2644 1562,
1903 2615 1994 2641 πῖθι,
2016 2613 2106 2645 157⁰.‚
2128 2614 2221 2645 1587,

1294 2657 1371 2682 quam
1392 2651 1479 2681 primo
1498 2651 1558 2674 loco
1577 2651 1713 2677 dedimus,
1737 2650 1845 2673 omuino
1864 2648 2008 2673 consentit.

1257 2694 1306 2722 73)
1326 2694 1393 2717 nuic
1412 2693 1525 2717 exordio
1543 2693 1570 2717 in
1589 2694 1673 2717 Editt.
1694 2693 1784 2719 1535.,
1806 2692 1882 2716 1547.
1906 2690 2045 2720 adscripta
2063 2691 2104 2713 est
2123 2695 2215 2714 anno-

1293 2728 1362 2752 tatio
1381 2727 1560 2759 marginalis:
1591 2728 1740 2752 Exordium
1759 2729 1800 2751 est
1820 2726 1993 2753 adhortatio,
2023 2727 2158 2755 sumptum
2178 2725 2216 2749 ab
