2351 2990
100 111 176 147 677
240 109 364 146 XXXI.
410 107 694 146 ENARRATIO
720 107 850 143 LIBRI
874 109 917 144 X.
945 106 1338 144 INSTITUTIONUM
1366 107 1666 144 ORATORIAR.
1695 108 2006 155 QUINTILIANI.

201 194 232 241 ᾗ.
252 196 311 232 14.
339 199 409 232 Sed
422 198 524 231 etiam
539 194 748 244 desperatio]
774 195 945 230 Horatius
954 195 1020 242 ⁷⁴):

139 256 297 294 Verbaque
320 256 484 295 praevisam
496 253 543 295 ⁷³)
565 264 627 284 rem
650 265 708 283 non
731 255 822 284 invita
843 260 1018 293 sequentur.

199 305 230 352 ἓ.
252 307 310 341 16.
339 309 438 342 Certa
465 304 564 354 sunt]
599 306 782 340 Admonet
806 306 1008 340 occasiones
1030 307 1093 340 ob-

93 359 287 392 servandas
302 371 395 398 esse,
423 370 502 391 cum
522 358 660 403 aliquid
684 358 836 392 scribere
863 358 1093 392 instituimus.

91 409 184 445 Nam
203 410 404 443 offeruntur
421 409 525 442 nobis
542 409 735 449 materiae,
762 416 953 443 sumuntur
971 416 1090 443 autem

94 461 295 495 occasiones
318 473 360 494 ex
381 460 544 505 personis
565 466 599 494 et
622 461 787 505 negotiis.
866 463 937 495 Nee
953 463 1091 503 rustici]

92 512 186 557 Quia
204 513 378 558 quaedam
399 512 494 545 ultro
511 524 548 545 se
573 511 748 552 offerunt,
781 510 824 546 τό
846 510 974 547 κοινὸν
994 512 1092 545 dicas

90 565 246 604 καινῶς,
276 569 337 596 aut
352 563 381 597 si
398 561 466 596 hoc
480 575 554 596 non
572 570 693 608 potes,
721 565 867 602 κοινῶς.

195 620 226 667 ᾗ.
245 623 304 656 18.
347 624 480 656 Ducere
503 634 583 666 opus
599 622 667 670 ⁷⁶)]
704 621 917 667 Metaphora
949 627 1089 666 sumpta

93 679 144 708 est
161 686 179 707 a
197 673 428 707 fundentibus
445 686 540 707 aera.

197 732 228 779 ᾗ.
243 734 305 769 21.
340 736 412 768 Nec
430 731 597 782 pluteum]
626 732 769 768 Persius
796 733 873 766 vult
895 732 1010 765 dicere
1036 743 1090 764 re-

92 785 248 819 centium
280 785 437 818 carmina
470 786 691 830 negligenter
715 784 832 819 scribi.
892 782 961 817 Ista
988 795 1091 828 prae-

91 843 190 881 cepta
209 842 292 870 sunt
309 843 406 869 extra
423 842 548 870 arteni.

193 894 224 940 ᾗ.
241 893 303 931 25.
328 899 369 930 ln
385 893 508 943 locum]
537 894 668 929 scilicet
686 895 973 929 subterraneum.

197 954 227 999 ᾗ.
245 955 307 991 26.
330 957 400 989 Sed
416 968 489 989 cum
506 957 544 989 in
560 956 666 1000 omni]
701 953 800 989 Nihil
817 954 864 988 ita
883 952 1090 998 prosternit,

91 1004 183 1039 nihil
205 1007 253 1039 ita
279 1006 404 1049 affligit
422 1006 684 1046 valetudinem,
713 1019 821 1051 quain
848 1006 1090 1049 intemperan-

90 1056 160 1097 tia,
188 1063 223 1090 et
242 1069 366 1089 verum
388 1063 458 1097 est,
487 1058 583 1102 quod
600 1057 669 1089 dici
685 1058 793 1098 solet,
821 1058 899 1101 plus
925 1055 1090 1090 homines

89 1109 236 1152 crapula
252 1108 367 1146 mori,
397 1120 505 1153 quam
525 1108 603 1141 aliis
620 1109 766 1142 morbis.
828 1108 910 1142 Uno
934 1120 1089 1153 namque

88 1160 198 1192 modo
223 1159 304 1191 vina
322 1158 516 1204 Venusque
538 1166 679 1193 nocent.
731 1157 876 1207 γαστὴρ
899 1158 1089 1204 παχεῖαπ)

88 1208 210 1256 παχὺς
241 1209 285 1245 οὐ
313 1207 426 1244 τίκτει
450 1208 584 1256 λεπτὴν
610 1209 748 1257 φρένα,
791 1217 916 1244 venter
947 1210 1089 1254 pinguis

87 1274 163 1295 non
178 1261 291 1306 gignit
307 1262 472 1295 subtilem
491 1262 714 1305 sanguinem.
774 1262 1011 1306 Hippocrates
1036 1261 1089 1294 in-

89 1313 186 1360 quit:
229 1312 370 1352 Omne,
412 1313 509 1357 quod
534 1319 585 1345 est
609 1313 782 1353 multum,
827 1320 879 1347 est
903 1313 1087 1345 inimicum

89 1370 253 1398 naturae.
327 1363 479 1397 Seneca:
523 1364 792 1397 Consuetudine
831 1364 993 1398 insaniae
1025 1365 1089 1397 du-

89 1422 168 1449 rata
188 1415 273 1447 vitia
291 1421 461 1459 concepta
479 1414 564 1448 vino
583 1415 691 1448 etiam
709 1416 785 1450 sine
803 1415 887 1449 vino
906 1416 1037 1449 valent.

194 1473 282 1517 Cap.
302 1472 361 1507 IV.
399 1472 429 1517 ἓ.
457 1474 489 1507 1.
531 1477 691 1508 Premere
714 1474 895 1524 tumentia]
932 1474 1000 1509 hoe
1026 1482 1090 1516 est,

87 1525 205 1559 dicere
231 1525 366 1570 aliquid
389 1525 610 1568 castigatius,
645 1539 725 1559 cum
750 1527 886 1573 aliquid
913 1534 964 1562 est
989 1540 1089 1561 arro-

89 1576 229 1621 gantius
247 1578 439 1610 adductum
459 1582 493 1609 et
512 1577 779 1621 amplificatum.

195 1636 281 1680 Cap.
298 1635 342 1670 V.
378 1635 408 1679 ξ.
427 1636 460 1670 1.
500 1638 705 1670 Proximum
729 1637 793 1682 est]
826 1637 952 1671 Versio
982 1635 1090 1670 habet

90 1687 221 1721 multas
251 1687 433 1720 utilitates.
503 1686 603 1720 Licet
629 1689 731 1722 nobis
756 1689 922 1722 omnibus
944 1689 1090 1733 optimis

91 1739 209 1773 verbis
225 1738 288 1772 uti.
342 1737 385 1772 Il.
411 1738 539 1771 Graeci
558 1739 744 1772 abundant
760 1740 879 1774 multis
898 1740 999 1774 bellis
1018 1753 1089 1773 me-

91 1789 255 1835 taphoris
272 1796 306 1823 et
321 1790 455 1834 figuris,
486 1790 611 1835 quas⁷⁷
620 1791 653 1837 a)
671 1803 750 1824 cuin
764 1792 948 1832 vertimus,
972 1804 1091 1825 assue-

89 1842 240 1876 facimus
265 1854 331 1875 nos
354 1842 462 1875 etiam
488 1843 533 1874 ad
558 1844 722 1875 venanda
749 1849 783 1875 et
806 1844 981 1888 captanda
1004 1843 1088 1876 talia

93 1899 306 1928 ornamenta
326 1893 363 1926 in
380 1899 503 1927 nostra
520 1894 695 1934 oratione,
711 1894 800 1928 sicut
815 1894 956 1928 Erasini
973 1895 1089 1928 oratio

91 1944 243 1979 hilarior
261 1951 332 1985 est,
360 1945 441 1990 qnia
461 1951 575 1978 totum
599 1958 635 1979 se
659 1946 847 1979 contulisse
875 1946 1016 1979 videtur
1046 1947 1091 1979 ad

93 1996 247 2029 Luciani
279 1996 519 2029 imitationem
549 1998 735 2031 vertendo.
798 1997 856 2032 Ill.
886 1998 1025 2031 Deinde
1058 2004 1091 2031 et

94 2060 161 2081 nos
191 2047 333 2080 illorum
367 2049 478 2081 multa
505 2055 669 2082 mutuare
693 2062 881 2094 possumus
907 2050 942 2082 in
967 2055 1090 2083 nostra

90 2099 235 2143 scripta.
288 2098 360 2132 Has
376 2099 593 2144 posteriores
606 2101 694 2135 duas
710 2100 881 2135 utilitates
905 2113 970 2145 ego
996 2102 1090 2134 addo

94 2156 242 2196 propter
259 2149 535 2195 Quintilianum.

196 2210 281 2243 Plus
297 2217 349 2243 est
373 2218 668 2244 ornamentorum
696 2211 732 2244 in
749 2212 894 2247 Graecis
919 2212 1092 2246 orationi-

94 2262 179 2301 bus,
208 2274 316 2307 qnam
345 2261 381 2294 in
401 2261 560 2303 Latinis,
593 2263 676 2309 quia
695 2264 823 2297 Graeci
848 2271 950 2297 erant
976 2262 1092 2297 homi-

93 2325 157 2347 nes
176 2313 307 2346 eruditi
325 2319 358 2346 et
373 2314 479 2348 docti.
525 2314 684 2348 Romani
701 2315 869 2350 volebant
884 2316 997 2349 videri
1014 2329 1092 2360 gra-

95 2364 224 2398 viores.
286 2364 421 2399 Omnes
444 2372 586 2410 praeter
607 2367 815 2401 Ciceronem
839 2369 984 2402 suerunt
1008 2366 1092 2401 hor-

130 2482 177 2514 74)
198 2482 295 2506 Horat.
315 2488 363 2505 ars
384 2483 456 2512 poet.
473 2482 535 2506 311.

130 2526 180 2555 75)
200 2525 372 2556 praevisam]
398 2525 439 2549 sic
457 2526 508 2551 Ed.
530 2526 622 2558 157o.;
659 2528 753 2552 Horat.
774 2527 859 2554 Editt.
878 2528 984 2559 Bentl.‚
1010 2528 1092 2552 Doer.

187 2566 316 2584 rovisam.

135 2568 183 2631 76¹3
203 2605 315 2628 Ducere
334 2604 419 2635 opus]
438 2604 511 2633 apud
531 2604 643 2634 Quintil.
663 2612 733 2636 opus
751 2606 865 2631 ducere.

133 2646 181 2674 77)
200 2647 318 2677 παχεῖα]
344 2647 392 2670 ΕΛ,
414 2647 489 2671 1570.
517 2648 588 2670 male
614 2646 714 2679 παχύς.
734 2661 764 2665 -
808 2649 886 2672 Conf.
905 2649 938 2673 de
958 2649 1007 2673 hoc
1027 2655 1093 2679 pro-

167 2681 261 2704 verbio
276 2681 385 2704 Erasini
403 2682 484 2711 adag.
505 2682 566 2706 chit.
586 2682 630 2705 111.
651 2685 722 2706 cent.
737 2683 784 2706 Vt.
809 2690 885 2714 prov.
904 2685 944 2708 18.

127 2722 196 2752 77³)
218 2725 300 2754 quas]
323 2725 372 2749 Ed.
393 2725 467 2749 1570.
488 2731 566 2755 quae.

2070 110 2144 146 678

1146 194 1310 229 ridiores.
1350 192 1583 239 Philosophia
1601 201 1653 228 est
1668 196 1822 239 perfecta
1841 202 1876 229 et
1892 203 2141 230 consummata

1147 247 1243 291 apud
1262 246 1438 285 Graecos;
1467 247 1535 291 ipsi
1549 247 1734 280 abundant
1749 247 1903 280 maxima
1927 247 2029 292 copia
2049 247 2142 292 opti-

1146 310 1289 331 morum
1306 298 1535 342 scriptorum.
1588 298 1769 332 Habemus
1784 298 2012 332 Aristotelem
2025 326 2034 339 ,
2062 299 2143 332 Pla-

1146 355 1268 382 tonem
1300 356 1334 382 et
1365 356 1544 390 oratores,
1587 349 1759 393 tragicos,
1800 355 1839 382 ut
1865 361 1940 382 non
1961 349 2143 383 immerito

1145 400 1276 434 dixerit
1295 400 1466 434 Horatius
1476 399 1541 447 78);

1437 459 1498 487 Vos
1520 459 1704 496 exemplaria
1726 459 1841 487 Graeca

1272 509 1425 538 Nocturna
1447 515 1564 538 versate
1586 519 1690 547 manu,
1712 515 1829 538 versate
1848 509 1964 541 diurna.

1144 558 1380 605 Paraphrasis
1397 567 1448 594 est
1464 560 1638 604 expositio
1658 561 1802 595 alterIus
1820 560 2027 594 sententiae.
2068 559 2143 593 Nos

1145 623 1230 644 vero
1253 612 1423 644 debemus
1451 618 1587 644 certare
1616 624 1695 645 curn
1720 619 1825 656 poeta
1849 612 1980 653 nostris
2003 617 2144 645 senten-

1144 662 1215 696 u‘is.
1281 661 1445 706 Epistola
1470 662 1579 695 Plinii
1607 662 1663 702 7.‚
1699 663 1797 696 cuius
1823 663 1983 697 initium:
2025 663 2144 707 Quae-

1144 713 1193 747 ris
1212 712 1284 758 7³³),
1328 714 1633 758 quemadmodum
1664 720 1728 747 etc.
1770 713 1921 748 Ioannes
1952 716 1995 748 de
2028 713 2141 757 Regio

1144 762 1326 810 Monte⁸⁰)
1351 770 1492 798 coactus
1521 771 1571 798 est
1597 765 1732 798 Graeca
1764 765 1917 806 discere,
1959 772 1998 800 ut
2021 765 2142 798 Ptole-

1144 816 1237 848 maei
1251 815 1463 848 sententiam
1483 815 1681 860 perspicere
1698 823 1828 860 posset.
1873 817 1909 850 Si
1926 815 1994 850 hoc
2012 817 2050 849 in
2067 828 2142 849 ma-

1144 865 1347 900 thematicis
1369 867 1607 900 necessarium
1631 867 1716 907 fuit,
1759 874 1894 913 quanto
1918 868 2030 912 magis
2055 868 2142 901 utile

1144 918 1212 951 erit
1226 929 1300 950 non
1318 918 1355 950 in
1372 916 1526 963 physicis
1546 918 1704 952 materiis
1716 945 1725 957 ,
1752 921 1812 952 sed
1830 918 1866 952 in
1885 917 2019 953 ethicis.
2053 919 2144 952 Cum

1144 976 1244 1002 verto
1269 969 1427 1014 aliquam
1455 970 1657 1003 orationem
1684 968 1957 1011 Demosthenis,
2000 976 2143 1014 oportet

1145 1034 1201 1054 me
1231 1021 1353 1053 animo
1386 1021 1572 1065 concipere
1599 1023 1780 1066 quandam
1806 1023 1922 1055 ideam
1951 1022 2051 1057 istius
2074 1021 2143 1054 rei-

1144 1072 1325 1117 publicae,
1354 1079 1387 1105 et
1412 1073 1538 1105 videor
1562 1071 1652 1106 mihi
1674 1085 1794 1106 coram
1819 1086 1964 1107 cernere
1987 1075 2142 1106 sormam

1144 1124 1361 1168 reipublicae
1395 1121 1623 1158 Atheniensis
1639 1151 1649 1165 ‚
1701 1131 1807 1170 atque
1843 1125 1880 1157 in
1918 1138 1957 1158 ea
1997 1124 2144 1159 versari.

1144 1175 1239 1208 Haec
1256 1175 1331 1219 ipsa
1350 1175 1517 1219 cogitatio
1537 1176 1687 1208 multum
1706 1178 1852 1220 prodest
1869 1176 1906 1208 in
1932 1176 2032 1210 omni
2056 1176 2142 1210 vita.

1143 1227 1230 1260 Post
1246 1226 1400 1270 primam
1417 1227 1647 1270 scriptionem
1664 1240 1804 1272 semper
1827 1226 1999 1262 habemus
2019 1225 2143 1262 δευτέ-

1143 1290 1211 1323 ρας
1225 1276 1445 1324 φροντίδας.
1481 1279 1643 1311 Primum
1665 1279 1792 1324 aliquis
1810 1280 1945 1325 sylvam
1963 1279 2031 1314 sibi
2048 1291 2144 1311 com-

1144 1335 1269 1372 ponat.
1321 1328 1460 1362 Deinde
1478 1330 1667 1374 diligenter
1684 1330 1839 1374 digerat,
1868 1337 2000 1371 mutet,
2028 1331 2145 1363 detra-

1143 1378 1224 1420 hat,
1253 1380 1380 1421 addat,
1408 1381 1545 1422 videat,
1575 1394 1646 1427 qno
1666 1382 1787 1415 animo
1805 1383 1851 1416 sit
1868 1383 2079 1427 decepturus
2103 1382 2144 1422 is,

1142 1432 1189 1465 ad
1210 1443 1315 1477 quem
1335 1432 1534 1467 scribimus.
1587 1433 1715 1467 Timor
1738 1441 1789 1468 est
1814 1434 2007 1468 acerrimus
2025 1445 2144 1467 emen-

1177 1550 1225 1581 78)
1246 1551 1344 1574 Horat.
1364 1556 1412 1574 ars
1432 1552 1505 1580 poet.
1525 1551 1586 1576 268.
1606 1551 1667 1575 269.

1176 1601 1224 1634 79)
1247 1603 1378 1632 Quaeris]
1405 1602 1455 1627 Ed.
1478 1602 1553 1626 1570.
1579 1604 1725 1632 corrupte:
1755 1604 1832 1632 Quae
1851 1609 1907 1626 res.
1927 1616 1960 1621 —
2003 1604 2144 1628 Laudatur

1213 1638 1285 1660 enim
1303 1638 1329 1662 h.
1348 1638 1367 1661 l.
1389 1637 1458 1661 Pnn.
1486 1637 1565 1667 epist.
1591 1637 1638 1660 lib.
1653 1637 1712 1663 VH,
1741 1638 1819 1667 epist.
1834 1638 1877 1668 9.,
1915 1644 1983 1669 quae
2007 1639 2102 1669 incipit
2127 1645 2144 1663 a.

1212 1672 1322 1695 verbis:
1350 1672 1484 1702 Quaeris,
1511 1672 1738 1701 quemadmodum
1757 1675 1809 1695 etc.

1178 1722 1226 1750 80]
1248 1723 1366 1746 loannes
1387 1722 1420 1745 de
1443 1721 1529 1752 Regio
1549 1722 1642 1745 Monte
1661 1729 1683 1745 s.
1706 1722 1960 1753 Regiomontanus,
1983 1725 2066 1750 etiam
2083 1728 2146 1751 Mo-

1215 1758 1290 1784 litor,
1311 1757 1460 1787 Kunsperg
1476 1763 1498 1780 ς.
1516 1756 1717 1786 Kiingspergcr
1731 1757 1978 1790 (Kijnigsberger)‚
1999 1760 2054 1785 101¹.
2073 1762 2146 1785 Ger-

1214 1798 1312 1815 manus
1333 1793 1359 1814 et
1379 1792 1433 1814 loh.
1454 1791 1579 1813 Francus
1606 1792 1781 1820 nominatus,
1811 1792 1923 1821 proprie
1942 1794 2059 1824 multer,
2086 1797 2145 1820 Re..

1214 1826 1347 1855 giomonti
1367 1826 1538 1848 Francorum
1560 1825 1633 1849 1436.
1654 1828 1753 1855 natnS,
1788 1826 1861 1849 1476.
1880 1827 1984 1851 Romae
2009 1832 2146 1862 mortuus,

1213 1860 1421 1884 mathematicus
1441 1859 1610 1889 perinsignis
1633 1862 1660 1883 et
1678 1860 1839 1887 astrologus
1852 1877 1858 1887 ,
1879 1862 2022 1890 Epitomen
2044 1865 2071 1887 in
2090 1866 2142 1888 Al-

1215 1896 1369 1925 magestnm
1385 1894 1535 1917 Ptolemaei
1548 1895 1675 1924 scripsit,
1696 1900 1764 1925 quae
1779 1895 1904 1918 Venetiis
1923 1897 1995 1921 1496.
2012 1899 2060 1923 fot.
2076 1905 2144 1929 pro—

1216 1930 1282 1958 diit3
1309 1936 1342 1952 ex
1362 1929 1424 1951 aliis
1445 1929 1502 1951 eius
1522 1929 1634 1958 scriptis
1653 1929 1777 1958 inprimis
1804 1929 1940 1954 laudanda
1966 1935 2045 1957 sunt:
2084 1934 2143 1958 Ka-

1214 1964 1386 1994 lendarium,
1416 1964 1611 1992 Ephcmcrides
1631 1964 1855 1995 astronomicae,
1888 1965 1927 1988 De
1946 1968 2146 1992 reformatione

1216 1998 1374 2023 Calendarii
1385 2014 1391 2025 ,
1412 1999 1512 2021 Tabula
1527 2004 1627 2028 magna
1641 1999 1718 2028 primi
1736 1998 1859 2028 monum,
1879 2001 1997 2024 'rabulae
2012 2003 2144 2026 directio-

1215 2040 1277 2057 num
1300 2032 1555 2063 prot'ectionumque
1575 2034 1602 2055 in
1622 2033 1813 2057 nativitatibus
1833 2035 1946 2058 inuitum
1966 2036 2060 2066 utiles,
2079 2038 2145 2060 Dis-

1214 2068 1371 2098 putationes
1392 2068 1490 2090 contra
1504 2068 1703 2091 Cremonensia
1724 2069 1904 2093 deliramenta
1923 2071 2032 2097 (varias
2047 2073 2143 2097 norum

1214 2104 1349 2126 librorum
1368 2102 1504 2125 editiones
1525 2102 1585 2125 vide
1605 2102 1631 2126 in
1648 2103 1766 2126 Panzeri
1784 2104 1883 2126 Annal.
1905 2106 2015 2135 typogr.
2036 2106 2097 2130 Vol.
2110 2107 2145 2130 V.

1215 2137 1319 2167 p.381.,
1334 2136 1389 2159 alia
1399 2136 1540 2159 nirschius
1558 2137 1583 2159 in
1593 2138 1749 2161 Mittenario
1764 2141 1790 2162 et
1806 2139 1951 2162 loecherns
1966 2140 1992 2163 in
2005 2141 2143 2164 Gelelirt.-

1213 2173 1279 2196 Lex.
1294 2171 1337 2194 111.
1356 2178 1381 2200 p.
1397 2172 1468 2194 1959.
1484 2174 1731 2199 conmemorant).
1755 2174 1879 2202 Quatuor
1891 2174 1997 2203 scripta
2010 2175 2067 2198 eius
2082 2182 2143 2200 cum

1214 2205 1398 2230 Melanthouis
1412 2206 1538 2235 praefatt.
1552 2207 1727 2236 prodierunt:
1741 2208 1768 2238 1)
1778 2209 1897 2231 Tabulae
1906 2210 2144 2233 astronomicae—-

1215 2247 1264 2271 per
1276 2241 1330 2264 loli.
1346 2241 1512 2263 schonerum
1534 2244 1677 2265 correctae
1695 2243 1722 2264 et
1742 2242 1840 2271 locupI.
1865 2242 1946 2265 Ratio
1966 2250 1989 2267 S.
2008 2241 2146 2273 ἀπόδειξις

1214 2276 1275 2299 th.
1292 2276 1431 2298 domorum
1445 2275 1513 2298 coeli
1527 2277 1686 2299 autoreton.
1701 2276 1733 2299 de
1742 2277 1834 2300 Monte
1849 2277 1937 2307 regio,
1952 2279 2144 2303 mathematico

1215 2309 1382 2333 clarissimo.
1416 2309 1556 2333 Praefatio
1570 2311 1598 2334 D.
1615 2311 1682 2333 Phil.
1698 2311 1842 2333 Melancht.
1858 2311 1884 2333 in
1900 2312 2019 2342 easdem,
2039 2315 2140 2337 Astro-

1214 2344 1322 2368 nomiae
1346 2345 1587 2367 connneiidatoria,
1619 2345 1739 2368 Not-imi».
1762 2345 1835 2368 1536.
1859 2347 1900 2373 4.;
1934 2346 2028 2374 2—4)
2055 2348 2143 2371 Rudi-

1216 2380 1308 2402 menta
1329 2379 1515 2401 astronomica
1534 2379 1688 2409 Alfi-agani.
1733 2380 1798 2401 ltem
1818 2380 2018 2410 Atnategnius,
2049 2384 2144 2406 astro-

1214 2420 1311 2437 nomus
1331 2413 1533 2442 peritissnnus,
1554 2414 1586 2436 de
1606 2416 1678 2436 mutu
1698 2414 1858 2440 stellarum,
1885 2421 1917 2437 ex
1937 2417 2142 2440 observationi-

1217 2450 1266 2471 hus
1286 2449 1342 2470 tum
1362 2449 1481 2477 propriis
1505 2451 1560 2471 tum
1580 2448 1746 2475 Ptuimnaei.
1778 2449 1869 2471 omnia
1887 2456 1946 2472 cum
1967 2450 2144 2476 demonstra-

1216 2483 1335 2506 tionibus
1362 2483 1545 2505 Geometricis
1577 2484 1604 2505 et
1628 2482 1818 2505 Additionibus
1845 2483 1955 2506 loannis
1980 2485 2012 2508 de
2039 2486 2144 2516 Regio-

1218 2518 1318 2541 moute.
1355 2516 1422 2539 ltcm
1443 2518 1538 2540 Oratio
1559 2517 1759 2540 introductoria
1778 2517 1805 2540 in
1828 2523 1921 2541 omncs
1937 2519 2068 2543 scientias
2082 2522 2143 2544 Ma-

1215 2550 1378 2575 tneuiaticas
1404 2551 1515 2574 loannis
1542 2551 1574 2574 de
1600 2551 1782 2580 Regiomonte
1810 2551 1917 2576 Patavii
1945 2554 2052 2583 habita,
2083 2562 2143 2579 cum

1215 2586 1398 2616 Att'raganuni
1420 2586 1525 2615 publice
1545 2586 1729 2615 praelegeret.
1778 2587 1908 2610 Eiusdem
1933 2588 2078 2612 utilissima
2098 2590 2141 2612 in-

1216 2619 1354 2644 troductio
1376 2620 1401 2642 in
1427 2621 1564 2643 elementa
1583 2621 1714 2643 Euentus.
1764 2621 1830 2644 lteni
1857 2623 1974 2651 epistola
1993 2623 2060 2647 Phil.
2079 2624 2143 2647 Mel.

1216 2655 1414 2683 nuncupatoria
1433 2655 1467 2677 ad
1487 2658 1612 2678 senatum
1632 2655 1724 2679 Norib.
1771 2656 1868 2679 Omnia
1887 2657 1937 2679 iani
1961 2663 2058 2680 recens
2078 2665 2143 2687 pre-

1216 2689 1251 2712 lis
1268 2691 1339 2718 punt.
1361 2689 1454 2713 Norib.
1477 2689 1552 2712 1537.
1579 2691 1602 2712 4.
1623 2701 1656 2706 —
1683 2690 1722 2712 De
1741 2690 1800 2713 eius
1819 2691 1876 2713 vita
1896 2691 1967 2714 conf.
1985 2692 2145 2716 Melantho-

1217 2723 1260 2747 uis
1280 2725 1370 2748 oratio
1390 2724 1416 2747 in
1434 2725 1512 2747 nnius
1533 2725 1614 2754 corp.
1634 2724 1757 2751 Reform.
1779 2725 1841 2749 Vol.
1865 2725 1912 2750 lX.
1938 2733 1964 2755 p.
1978 2726 2029 2750 817
2043 2733 2100 2757 sqq.

1488 2759 1572 2793 43*
