2351 2990
148 113 223 149 995

720 114 841 149 PHlL.
877 113 989 148 MEL.

149 200 267 234 muiae
294 207 464 244 cognata,
500 201 610 234 inuno
634 213 736 234 soror
754 200 812 246 ⁸²).
867 200 1009 245 Quippe
1034 211 1140 232 nemo

148 251 335 286 hominum
354 259 425 285 tam
453 265 624 296 generoso
652 258 701 285 est
728 259 889 296 pectore,
925 252 1032 284 etiam
1059 251 1142 283 ada-

149 303 311 336 mantino
335 310 453 348 septus
473 317 596 341 muro,
626 303 706 347 qui,
734 316 811 335 cum
829 302 1038 336 Calumniae
1060 314 1142 335 con-

151 355 268 393 cedat,
303 367 376 387 nou
412 356 503 388 idem
539 353 776 388 assentatione
809 354 985 388 vincatur.
1046 354 1142 386 Haec

150 406 236 439 l'oris
263 406 349 439 recti
367 406 487 439 iudicii
507 419 568 438 ceu
587 406 818 438 fundamenta
838 405 985 439 suffodit
1003 417 1042 438 ac
1062 405 1143 439 sub-

150 456 232 491 ruit.
286 455 383 491 Intus
401 457 576 490 coniurati
595 469 672 490 cum
689 454 848 490 hostibus
866 457 1079 502 proditores,
1096 456 1143 488 ir-

150 515 292 541 ruentes
311 509 498 547 adiuvant,
527 520 653 541 manus
679 508 886 552 porrigunt,
915 514 1038 553 portas
1061 519 1143 551 ape-

151 559 268 598 riunt,
295 565 326 591 et
345 560 460 593 modis
479 560 644 593 omnibus
663 560 915 599 connituntur,
943 565 983 592 ut
1006 558 1144 592 auscul-

150 617 300 644 tatorem
319 610 364 655 ⁸³)
385 610 572 644 Calumnia
589 611 635 656 81)
651 611 716 644 sibi
732 623 873 643 servum
891 610 1010 643 saciat.
1054 609 1145 643 Sunt

150 668 268 695 autem
290 662 511 705 proditores,
543 664 585 695 de
603 662 731 707 quibus
759 662 860 702 dico,
902 661 1061 694 novandi
1087 673 1145 693 cu-

150 713 234 757 pido
247 740 257 753 ,
293 720 419 746 natura
439 711 604 747 humanis
621 712 770 757 ingeniis
790 713 943 751 consita;
980 724 1146 757 praesen-

150 764 237 797 tium
259 763 341 797 item
359 765 557 805 fastidium,
585 778 717 809 sequax
733 777 856 797 eorum
875 765 1034 804 animus,
1058 775 1146 809 quo-

151 828 229 848 rum
255 816 493 850 admiratione
510 817 660 861 capitur.
706 816 833 850 Nescio
852 816 946 849 enim
960 843 969 854 ,
996 815 1056 861 qui
1075 816 1147 854 fiat,

151 873 190 900 ut
212 879 335 901 omncs
361 879 482 901 amore
505 868 558 901 sui
584 867 777 900 immodico
807 867 996 900 admiratio
1022 866 1145 900 furtim

151 918 269 963 rapiat
294 925 327 951 et
349 919 609 964 suspicionibus
635 919 776 952 illectet.
839 918 1023 964 Quosdam
1048 917 1146 963 equi-

152 970 231 1003 dem
249 970 406 1015 comperi
422 971 539 1005 studio
559 970 757 1004 calumniae
773 971 862 1003 adeo
880 970 1037 1004 suaviter
1062 969 1147 1002 titil-

151 1021 218 1053 lari
246 1022 442 1062 auriculas,
476 1029 515 1056 ut
538 1023 567 1056 si
589 1021 715 1066 pennis
742 1022 926 1056 confrices.
987 1021 1147 1054 Proinde

150 1072 279 1106 talibus
315 1073 427 1106 adiuti
461 1074 565 1108 sociis
606 1073 882 1107 calumniatores
918 1085 998 1106 cum
1034 1072 1148 1105 irrue-

151 1124 223 1157 rint
242 1123 308 1169 εἴ),
337 1131 459 1158 cuncta
478 1138 544 1170 pro
563 1125 698 1158 viribus
720 1131 900 1163 evei-tunm
928 1136 993 1157 nec
1016 1136 1146 1167 magno

153 1175 282 1209 emitur
302 1176 448 1209 victoria
463 1203 471 1215 ,
507 1177 567 1210 ubi
583 1189 689 1209 nemo
709 1182 904 1220 repugnat,
940 1188 1047 1208 nemo
1074 1175 1146 1207 vim

151 1234 414 1261 tormentorum
442 1227 610 1267 sustinet,
645 1234 706 1261 aut
729 1227 851 1261 iaculis
876 1227 990 1260 iacula
1022 1232 1149 1266 mutat,

152 1280 212 1312 sed
233 1279 293 1324 qui
312 1279 506 1319 auscultat,
532 1279 606 1323 ipse
625 1291 696 1312 sese
720 1285 846 1323 sponte
871 1290 934 1312 sua
958 1278 995 1310 in
1021 1291 1148 1311 manus

153 1328 309 1364 hostium
337 1331 443 1364 dedit.
505 1329 650 1363 Interim
678 1330 823 1374 ignarus
848 1330 1060 1363 insidiarum
1086 1335 1148 1368 est,

154 1382 214 1428 qui
233 1388 429 1416 accusatur.
482 1381 575 1416 'Nam
595 1381 690 1415 haud
711 1382 814 1414 aliter
839 1381 900 1427 qui
928 1382 1149 1422 deferuntur,

155 1440 261 1479 atque
282 1433 341 1478 qui
361 1433 470 1478 captis
486 1434 633 1467 urbibus
648 1440 818 1478 pereunt,
841 1433 1059 1466 dormientes
1076 1439 1149 1466 tru-

157 1484 332 1519 cidantur.
383 1484 449 1524 Et,
479 1486 576 1530 quod
592 1492 643 1519 est
660 1485 823 1529 inprimis
841 1485 1062 1524 miserabile,
1089 1497 1149 1517 ne-

155 1537 244 1570 scius
263 1549 298 1570 se
316 1548 417 1569 reum
441 1534 585 1576 haberi,
612 1549 728 1582 neque
755 1536 963 1581 cuiusquam
986 1536 1053 1570 sibi
1077 1548 1150 1569 sce-

156 1588 238 1621 leris
255 1588 434 1627 conscius,
463 1588 578 1621 amico
600 1588 748 1621 candide
774 1588 1020 1631 congreditur,
1046 1587 1149 1620 fami-

155 1639 292 1672 liariter
320 1639 528 1684 compellat,
556 1639 711 1684 facitque
735 1651 798 1683 pro
826 1651 946 1679 more,
973 1639 1044 1671 iam
1068 1644 1149 1670 ante

156 1690 314 1736 undique
339 1691 600 1724 circumventus
625 1690 761 1724 insidiis
785 1690 902 1724 miser.
957 1690 1051 1723 Tum
1079 1690 1150 1729 ille,

155 1742 183 1776 si
211 1740 320 1775 homo
344 1742 517 1786 ingenuus
542 1749 592 1775 est
613 1741 679 1788 ⁸⁶),
716 1748 749 1775 et
772 1742 861 1775 liber
887 1743 1151 1787 confideusque,

156 1793 289 1837 frangit
315 1793 426 1833 iram,
463 1800 495 1826 et
521 1794 671 1826 effundit
696 1793 878 1832 animum,
907 1793 1149 1827 defensionem

156 1845 302 1889 recipit,
332 1845 560 1890 agnoscitque
584 1858 619 1878 se
645 1846 774 1878 frustra
800 1846 967 1878 adversus
996 1845 1150 1877 amicum

159 1897 405 1930 exacerbatum
424 1897 540 1930 fuisse.
594 1896 656 1930 Sin
675 1902 792 1929 autem
811 1903 861 1930 est
888 1896 1007 1929 indole
1032 1895 1152 1929 servili

159 1956 192 1982 et
210 1949 300 1981 male
319 1949 472 1982 mascula
486 1975 494 1987 ,
522 1948 596 1981 adit
613 1948 658 1993 87)
678 1948 821 1994 quidem
843 1954 876 1980 et
892 1947 1038 1981 summis
1064 1947 1152 1980 arri-

159 2002 217 2034 det
248 1999 375 2039 labris,
416 2012 539 2033 verum
568 1999 660 2039 odit,
705 2006 737 2032 et
764 1999 962 2033 clanculum
988 1999 1153 2033 dentibus

158 2051 307 2091 frendit,
334 2064 391 2089 ac,
427 2058 466 2084 ut
483 2051 599 2096 inquit
619 2057 744 2095 poeta,
776 2051 907 2084 extruit
930 2051 1003 2084 irae
1028 2052 1154 2084 sunda-

195 2206 242 2233 82)
263 2205 295 2229 Η,
317 2205 334 2229 Ι,
355 2204 380 2226 in
402 2203 482 2226 Editt.
507 2204 599 2230 1559.,
623 2202 688 2225 1564
706 2215 739 2218 —
761 2202 834 2227 ¹587.
856 2204 921 2225 nota
940 2202 1073 2232 margin:
1099 2204 1154 2225 As-

231 2239 348 2263 sentau'o
371 2238 530 2262 calumniae
549 2243 638 2262 soror.

195 2292 246 2317 83)
266 2290 333 2314 Huic
353 2290 411 2312 vot-i
432 2290 456 2312 in
473 2289 521 2311 Ed.
540 2289 613 2312 1518.
635 2289 660 2311 in
682 2288 805 2316 margine
826 2289 992 2318 adscriptum
1014 2290 1055 2311 est
1074 2290 1155 2312 scho-

231 2326 301 2349 lion:
323 2325 502 2348 l’hilocaenou
523 2324 554 2351 (i.
575 2330 597 2346 e.
625 2321 805 2354 «μὶόκτιινον,
832 2329 964 2346 novarum
990 2329 1081 2346 rerum
1107 2331 1156 2346 cu-

230 2360 346 2389 pidum).

198 2411 246 2437 84)
266 2410 423 2437 calumnia]
442 2409 483 2432 sie
503 2409 586 2432 Editt.
611 2409 822 2439 1518-1543,,
844 2409 937 2434 1562..
959 2409 1052 2439 1592.;
1072 2410 1154 2434 Editt.

234 2446 324 2473 1559.,
347 2445 411 2467 1564
430 2456 463 2460 -—-
484 2443 557 2467 1587.
577 2444 747 2467 calumniae.

198 2497 246 2523 85)
267 2495 411 2523 irruerint]
433 2495 472 2517 sic
491 2501 585 2518 omnes
602 2495 703 2520 Editt..
725 2495 845 2525 exceptis
862 2495 946 2520 Editt.
966 2495 1051 2524 1543„
1070 2496 1155 2527 ¹592,

230 2536 298 2560 quae
318 2530 429 2552 liabent:
456 2530 586 2553 eruerint.

198 2580 245 2611 56)
275 2581 306 2604 H.
331 2580 348 2603 1.
375 2579 401 2602 in
428 2580 509 2604 Editt.
540 2580 631 2609 1538.,
669 2581 743 2605 1513.
772 2582 838 2605 nota
863 2580 995 2611 margia:
1031 2581 1154 2605 Persona

236 2616 311 2643 eius,
337 2614 406 2643 apud
427 2620 503 2643 quein
523 2615 583 2643 quis
604 2615 737 2638 defertur.

199 2667 248 2693 εἲ)
273 2666 344 2693 adit]
370 2665 410 2688 sic
441 2665 522 2688 Editt.
551 2666 641 2692 1518..
680 2666 772 2694 1527.,
812 2666 903 2695 1559..
942 2666 1007 2689 1561
1026 2666 1154 2691 -1587,

234 2710 265 2721 :-
285 2701 395 2724 Lucian.
416 2699 568 2729 noogt‘erm3

233 2736 316 2759 audit.

600 2700 795 2731 Editt.15³e.,
829 2700 921 2727 1543„
953 2701 1044 2731 1502„
1079 2701 1154 2726 1592.

1031 112 1232 147 SCRIPTA
1267 111 1603 148 PHILOLOGICA.

1177 1874 1419 2431 *T*

2111 113 2187 149 996

1196 205 1328 232 menta.
1394 198 1475 244 Quo
1511 211 1575 243 ego
1610 196 1757 232 homine
1785 199 1946 244 profecto
1974 196 2064 232 nihil
2095 199 2187 234 iniu-

1194 250 1301 290 stius,
1334 247 1424 282 nihil
1444 250 1568 284 tetrius
1593 247 1775 290 existimo,
1810 250 1871 296 qui
1895 251 2062 284 admorso
2083 251 2185 285 labro

1195 301 1301 334 bilem
1334 300 1428 333 intus
1455 300 1536 340 alit,
1574 301 1767 347 odiumque
1793 302 1883 334 intra
1911 314 1947 335 se
1975 308 2185 347 conceptum

1196 358 1320 396 auget,
1348 351 1445 384 aliud
1464 351 1501 383 in
1518 357 1659 395 pectore
1678 353 1854 393 clausum,
1883 353 1980 386 aliud
2003 353 2041 385 in
2065 353 2187 398 lingua

1197 408 1447 448 expromptum
1467 399 1591 443 habet,
1619 403 1761 450 agitque
1777 405 1866 438 laeta
1886 411 1918 438 et
1943 404 2077 438 comica
2097 404 2187 438 facie

1197 454 1418 498 tragoediam
1452 465 1608 494 meram,
1643 461 1677 487 et
1707 454 1795 489 nihil
1825 468 1899 489 non
1925 456 2024 489 triste
2050 455 2188 499 patien-

1198 512 1267 538 tem
1293 503 1354 552 ⁸⁸).
1418 503 1457 538 ld
1481 505 1539 537 ille
1562 505 1716 538 maxime
1738 506 1891 550 patitur,
1928 520 2037 552 quum
2054 506 2119 554 ⁸⁸¹³)
2143 506 2189 540 si-

1198 556 1275 589 mili
1292 557 1431 589 delator
1449 556 1615 589 vecordia
1642 558 1736 600 apud
1762 569 1862 598 eum,
1895 559 1951 591 cui
1977 564 2080 603 parat
2105 557 2189 592 insi-

1198 608 1293 647 dias,
1330 607 1451 640 odium
1477 610 1668 641 mussando
1696 607 1949 649 dissimulavit,
1991 608 2191 655 effecitque,

1198 666 1238 692 ut
1269 658 1403 692 amicus
1428 658 1459 691 ei
1475 657 1521 705 89)
1544 658 1737 692 videretur.
1798 659 1892 692 Tum
1920 660 2013 693 enim
2045 672 2090 693 ne
2120 672 2190 694 vox

1200 709 1343 756 quidem
1361 710 1489 749 delati,
1517 711 1648 743 nedum
1670 721 1744 742 non
1770 710 1927 744 defensio
1952 711 2068 744 audiri
2089 712 2190 745 solet.

1199 762 1357 794 Tantum
1382 761 1464 794 fidei
1482 760 1690 794 Calumniae
1714 761 1816 802 facit,
1852 768 2020 806 concepta
2047 763 2089 795 de
2112 762 2191 796 illo-

1199 825 1279 846 rum
1298 812 1451 845 amicitia
1474 812 1609 857 opinio.
1661 812 1726 845 Hic
1743 819 1877 858 quanto
1895 813 2003 847 satius
2023 819 2098 846 erat
2112 825 2192 858 per-

1200 864 1355 909 pendere
1386 864 1479 897 inter
1507 863 1759 905 amicissimos,
1794 877 1869 897 non
1892 876 1976 897 raro
2000 864 2090 897 clam
2115 863 2194 898 aliis

1201 915 1338 960 graveis
1362 915 1582 949 simultatum
1615 927 1738 949 causas
1770 915 2002 950 intercedere.
2066 915 2196 959 Saepe-

1201 979 1352 1000 numero
1387 967 1492 1007 item,
1531 979 1684 1012 quorum
1717 979 1790 1001 sese
1820 980 1921 1000 reum
1956 966 2195 1000 calumniator

1200 1018 1277 1051 fieri
1296 1018 1441 1058 metuit,
1469 1017 1604 1052 socium
1621 1018 1821 1058 insimulat,
1843 1025 1883 1052 ut
1902 1031 2012 1064 quum
2031 1017 2078 1065 ⁹⁰)
2097 1023 2196 1051 ante-

1202 1069 1353 1102 vorterit
1368 1069 1414 1115 9¹)
1438 1071 1656 1110 accusando,
1691 1069 1891 1114 suspicione
1914 1070 2037 1114 culpae
2063 1081 2104 1102 ac
2128 1068 2195 1102 cri-

1202 1121 1297 1154 mine
1329 1121 1501 1154 elabatur.
1558 1121 1675 1166 Atque
1705 1120 1785 1154 ideo
1815 1121 1887 1153 fere
1912 1121 1970 1160 fit,
2003 1127 2042 1154 ut
2067 1120 2197 1166 quibus

1202 1184 1267 1206 nos
1298 1178 1424 1216 putent
1456 1171 1589 1205 amicos
1623 1177 1779 1212 tantum,
1815 1171 1979 1205 inimicos
2008 1183 2196 1217 nunquam

1203 1224 1473 1258 calumniemur.
1524 1223 1616 1257 Nam
1636 1223 1788 1263 actioni,
1813 1236 1903 1268 quae
1923 1223 1996 1267 ipsa
2014 1235 2087 1257 sese
2110 1234 2196 1267 prae

1202 1287 1237 1308 se
1256 1276 1372 1308 serens
1390 1274 1519 1307 actoris
1548 1274 1689 1314 odium,
1724 1275 1863 1318 prodit,
1899 1275 1982 1307 fidei
2006 1272 2096 1307 nihil
2122 1285 2196 1308 esse

1202 1332 1328 1370 potest.
1396 1325 1530 1359 Verum
1560 1338 1649 1371 quos
1679 1326 1784 1369 vulgo
1826 1325 1959 1359 amicos
1997 1325 2199 1366 aestimant,

1203 1377 1450 1421 aggredimur,
1485 1389 1548 1409 ceu
1572 1376 1803 1410 auscultatori
1825 1376 1872 1422 ξ’3)
1903 1376 2081 1421 specimen
2114 1376 2199 1410 fidei

1202 1435 1347 1462 nostrae
1373 1428 1512 1468 daturi,
1539 1428 1601 1461 ubi
1622 1440 1683 1461 sua
1709 1427 1818 1472 ipsius
1844 1440 1969 1469 causa,
1996 1428 2199 1468 commoda,

1202 1480 1424 1525 salutemque
1461 1479 1693 1512 familiarium
1735 1479 1954 1519 amicorum,
2005 1479 2200 1523 neglexisse

1203 1531 1378 1564 videmur.
1432 1529 1496 1564 Est
1511 1536 1545 1564 et
1569 1543 1679 1575 genus
1705 1531 1876 1571 aliorum,
1905 1531 2033 1576 quibus
2055 1529 2199 1564 tametsi

1204 1582 1424 1626 comperitur
1441 1582 1530 1615 salso
1549 1582 1776 1615 criminatum
1796 1582 1890 1626 apud
1906 1593 1941 1614 se
1957 1581 2110 1615 amicum
2121 1608 2131 1622 ‚
2145 1587 2198 1614 ta-

1203 1646 1286 1666 men
1302 1646 1380 1667 cum
1400 1633 1588 1666 credidisse
1613 1634 1723 1678 pudet
1737 1632 1803 1678 93),
1837 1645 1953 1678 neque
1977 1633 2134 1677 aspicere
2157 1632 2200 1665 il-

1203 1685 1276 1718 lum
1288 1712 1297 1725 ,
1324 1697 1440 1730 neque
1456 1685 1492 1717 in
1509 1684 1660 1728 gratiam
1678 1684 1795 1718 redire
1813 1685 1964 1726 audent;
1992 1684 2140 1729 perinde
2158 1695 2199 1717 ac

1204 1736 1272 1781 ipsi
1298 1736 1429 1769 iniuria
1457 1736 1528 1770 sint
1552 1736 1688 1776 affecti,
1726 1737 1823 1782 quod
1850 1735 2001 1769 alienam
2030 1735 2200 1769 iniuriam

1204 1800 1278 1820 non
1304 1787 1563 1832 prospexerint.
1630 1787 1788 1821 Proinde
1817 1787 1926 1820 multa
1960 1793 2042 1821 sunt
2073 1785 2200 1820 huma-

1205 1851 1272 1872 nae
1291 1840 1385 1872 vitae
1403 1839 1494 1872 mala
1510 1865 1518 1879 ,
1547 1851 1588 1872 ex
1605 1852 1646 1872 eo
1665 1840 1760 1884 quod
1777 1838 1824 1886 91ί)
1839 1839 2040 1883 promiscue
2065 1850 2106 1872 ac
2122 1838 2198 1872 sine

1206 1891 1410 1924 discrimine
1427 1891 1613 1924 calumniis
1636 1891 1802 1925 creditur.
1857 1890 1970 1935 Quale
1997 1896 2066 1931 est,
2103 1890 2200 1936 quod

1208 1944 1302 1988 apud
1321 1949 1464 1987 poetam
1480 1942 1527 1989 95)
1544 1942 1592 1975 ait
1607 1942 1731 1975 Antia:

1242 2116 1291 2141 88)
1314 2115 1345 2139 Η.
1366 2115 1382 2138 l.
1404 2114 1429 2136 in
1452 2114 1534 2138 Editt.
1557 2113 1646 2139 1559,
1667 2112 1732 2135 1564
1751 2125 1783 2128 —
1806 2112 1879 2135 ¹587.
1909 2112 1974 2135 nota
1999 2111 2129 2143 margin:
2154 2111 2199 2136 Si-

1279 2150 1436 2172 mutatores

1242 2200 1310 2232 1³8³)
1330 2202 1426 2231 quum]
1447 2200 1495 2223 Ed.
1519 2199 1590 2222 1518.
1611 2204 1698 2228 quom.

1243 2255 1290 2281 89)
1311 2254 1351 2282 ei]
1375 2252 1401 2276 in
1422 2252 1470 2276 Ed.
1492 2250 1568 2275 1527.
1589 2250 1673 2275 deest,

1243 2306 1292 2333 90)
1312 2305 1407 2334 quum]
1426 2304 1467 2327 sic
1486 2301 1568 2325 Editt.
1592 2300 1658 2324 1527
1676 2313 1709 2317 —-
1730 2301 1820 2328 1543.;
1841 2301 1888 2325 Ed.
1907 2300 1980 2325 1518.
2000 2306 2095 2331 quom;
2114 2301 2197 2327 Editt.

1280 2341 1346 2363 155⁴.)
1363 2352 1397 2356 -—
1419 2337 1491 2361 1592.
1512 2342 1598 2366 quem.

1242 2390 1290 2423 91)
1317 2389 1513 2418 anteverterit]
1539 2387 1579 2411 sic
1604 2386 1685 2410 Editt.
1710 2387 1800 2414 1518.,
1839 2387 1930 2417 1527.;
1966 2387 2050 2413 Editt.
2079 2388 2145 2413 1538
2163 2400 2197 2407 -.

1281 2425 1371 2453 1570.,
1392 2424 1465 2447 1592.
1486 2421 1685 2450 anteverterit3
1707 2422 1754 2446 Ed.
1777 2421 1850 2446 1587.
1870 2422 2029 2445 antevertit.

1242 2477 1291 2505 92)
1309 2474 1504 2501 auscultaturi]
1526 2473 1572 2496 Ed.
1595 2472 1668 2495 1513.
1688 2478 1784 2495 errore
1802 2472 1927 2502 typogr.:
1953 2472 2112 2497 auscultari.

1242 2527 1289 2555 93)
1310 2527 1405 2557 pudet)
1426 2526 1474 2549 Ed.
1495 2524 1568 2548 1543.
1591 2530 1688 2547 errore
1707 2524 1834 2554 typogn:
1852 2524 1936 2552 putet.

1242 2579 1290 2611 91)
1314 2585 1345 2603 eo
1365 2578 1448 2608 quod]
1470 2577 1516 2600 Ed.
1540 2576 1616 2602 154³.
1634 2577 1721 2600 male:
1743 2581 1795 2606 quo
1813 2575 1892 2605 qnod.

1243 2631 1290 2658 95)
1310 2631 1387 2653 Hom.
1406 2629 1435 2652 11.
1456 2628 1509 2655 VI,
1531 2627 1579 2651 164
1597 2634 1639 2656 sq.
1658 2640 1691 2644 —-
1728 2627 1759 2651 Η.
1783 2627 1800 2651 1.
1820 2626 1846 2649 in
1867 2625 1914 2648 Ed.
1935 2625 2009 2649 1518.
2036 2626 2102 2649 nota
2119 2631 2197 2650 mar-

1278 2665 1347 2695 gin:
1377 2663 1514 2692 Exemplis
1533 2662 1679 2688 dilucidat:
1713 2661 1739 2684 in
1759 2661 1841 2684 Editt.
1864 2660 1954 2688 1559.,
1985 2660 2051 2683 1564
2068 2673 2102 2677 --
2122 2661 2196 2685 1587.

1277 2699 1428 2722 Adulter-ae
1447 2696 1598 2725 calumnia3
1617 2696 1643 2719 in
1666 2696 1747 2718 Editt.
1770 2695 1863 2725 1538„
1891 2693 1965 2718 1543.
1991 2696 2056 2718 nota
2073 2694 2194 2725 Micyni:

1279 2732 1463 2764 Exaggeratio
1483 2730 1637 2755 calumniae
1654 2731 1688 2754 ab
1707 2729 1802 2753 effectu
1822 2730 1848 2752 et
1868 2728 1925 2752 eius
1944 2728 2083 2758 exemplis.
