2351 2990
194 121 268 156 799

195 220 262 252 que
280 219 383 239 rausa
404 211 453 239 est
476 212 508 237 te
528 204 721 238 insectandi
741 201 1038 245 rrimiuandique.
1092 199 1187 233 Reli-

195 271 303 303 quum
338 263 388 290 est
423 256 548 299 igitur,
589 256 617 289 si
645 255 744 287 xohis
770 252 858 285 nihil
885 253 928 285 al)
952 252 1012 284 illo
1039 251 1185 295 periculi

195 309 346 352 amplius
364 320 436 341 esse
454 308 578 345 vultis,
614 319 693 339 cum
719 305 810 348 leges
833 317 895 337 vos
922 308 1187 342 commoneant,

195 360 298 404 quale
319 359 352 391 in
371 372 449 392 eum
469 358 667 401 exemplum
685 362 839 389 statuere
858 353 1027 393 debeatis,
1051 360 1089 387 ut
1105 366 1185 386 eum

195 411 336 455 capitali
351 410 524 454 supplicio
538 409 566 454 ¹)
584 407 763 446 afficiatis,
790 413 850 440 aut
868 407 894 440 si
918 419 956 439 ea
975 417 1088 449 poena
1113 416 1186 437 non

194 462 328 505 placet,
375 467 509 493 tantam
536 459 705 491 nmlctnm
732 458 875 496 dicatis,
918 462 1089 502 quantam
1113 467 1187 488 non

195 513 303 556 possit
321 512 537 556 pei-soher&
570 522 685 555 neque
712 510 806 542 enim
833 509 935 542 aliter
956 520 1115 552 unquam
1144 507 1186 539 ab

195 564 255 596 illo
282 563 526 596 liberabimur.
590 561 681 595 Nam
708 573 773 604 pro
797 560 1001 593 diversitate
1027 558 1187 601 ingenio-

195 627 272 647 rum
295 614 352 646 alii
373 613 474 645 aliter
495 613 670 646 tractandi
694 618 788 645 sunt.
848 612 920 656 Qui
946 610 1039 643 enim
1067 610 1188 642 mode-

194 665 278 697 ratis
300 664 450 708 ingeniis
468 671 569 703 sunt,
597 676 658 697 sua
684 670 810 708 sponte
831 669 923 696 recte
947 661 1100 701 faciunt,
1129 660 1189 693 alii

193 716 406 755 deteriores,
451 728 540 760 quos
573 722 693 748 tamen
723 716 832 759 pudet
860 715 977 758 palam
1004 712 1189 756 improbos

193 767 333 806 vocari,
362 767 443 812 quia
463 773 558 799 metu
577 766 694 810 legum
714 773 747 798 et
764 766 931 798 infamiae
947 764 1188 803 continentur,

194 830 338 862 peccare
364 824 500 851 cavent.
553 817 774 851 Deterrimos
799 829 885 850 vero
912 817 1011 856 illos,
1042 821 1077 848 et
1100 827 1189 859 quos

193 876 323 903 vocant
340 869 618 908 consceleratos,
643 875 800 908 constat,
828 881 901 901 non
917 868 985 901 nisi
1007 866 1189 910 suppliciis

193 919 373 954 coherceri
408 933 522 965 posse.
599 921 647 953 At
681 920 905 963 Aristogiton
927 919 957 965 2)
995 918 1043 951 ita
1079 917 1190 950 vincit

193 984 316 1005 omnes
340 972 568 1016 improbitate
581 998 591 1011 ‚
623 978 662 1005 ut
678 984 722 1004 ne
740 971 884 1016 quidem
904 970 1008 1003 toties
1027 968 1189 1002 admoni-

193 1030 250 1057 tus
271 1023 469 1068 resipiscat;
514 1035 588 1056 non
620 1023 716 1056 enim
747 1022 876 1056 desinit
904 1022 1026 1054 eadem
1053 1019 1187 1063 flagitia

192 1075 341 1113 iterare,
375 1081 409 1107 et
431 1081 603 1119 tanquam
627 1075 672 1107 ad
696 1075 847 1107 eundem
872 1073 1026 1117 lapidem
1049 1071 1189 1115 saepius

193 1125 403 1169 impingere.
457 1126 603 1170 Quanto
621 1132 737 1159 autem
759 1125 871 1158 levius
894 1130 1077 1169 peccatum
1102 1128 1189 1162 erat,

193 1178 290 1222 quod
326 1177 428 1210 initio
462 1176 630 1217 admisit,
675 1176 899 1220 rogationem
936 1181 1058 1208 contra
1095 1174 1188 1217 leges

192 1229 303 1268 serre,
332 1235 366 1261 et
382 1240 453 1273 quo
472 1225 559 1261 haec
576 1229 740 1272 graviora
758 1234 858 1268 sunt,
895 1239 1079 1266 accusare,
1112 1237 1189 1258 ver—

193 1280 263 1313 sari
280 1280 317 1312 in
337 1280 436 1320 soro,
464 1279 695 1319 calumniari,
731 1279 946 1318 convadari,
982 1276 1188 1316 conviciari,

192 1331 390 1375 periculum
423 1331 547 1375 capitis
574 1328 793 1371 machinari,
835 1342 1000 1364 accusare
1024 1328 1188 1373 perduel-

193 1383 321 1422 lionis,
363 1382 573 1415 maledicere
597 1380 756 1416 honestis
777 1381 931 1421 civibus‚
972 1387 1078 1425 atque
1101 1377 1188 1412 haec

192 1434 308 1466 facere
342 1446 442 1474 eum,
485 1434 546 1479 qui
570 1434 644 1477 ipse
673 1434 719 1467 sit
749 1433 928 1472 aerarius,
970 1443 1012 1464 eo
1044 1429 1188 1474 gravior

193 1497 308 1529 poena
328 1485 365 1518 in
381 1498 460 1518 eum
487 1485 654 1518 constitui
676 1484 791 1518 debet.
852 1484 956 1517 Hunc
979 1482 1072 1515 enim
1099 1481 1188 1514 velle

194 1537 419 1570 admonitum
443 1535 643 1576 dimittere,
669 1535 806 1569 insania
825 1541 895 1575 est,
923 1534 1081 1580 quicum
1097 1545 1189 1566 nun-

194 1600 302 1632 quam
323 1588 455 1620 fractus
474 1587 609 1630 impetu
627 1587 764 1631 populi,
793 1599 863 1632 quo
881 1585 1046 1629 castigari
1061 1584 1188 1624 solent,

195 1638 256 1684 qui
285 1638 419 1671 civitati
444 1638 582 1672 molesti
606 1645 707 1678 sunt,
736 1638 894 1677 cesserit,
928 1636 1061 1670 scilicet
1082 1636 1188 1669 unius

194 1690 341 1723 alicuius
375 1689 490 1723 verbis
523 1690 710 1734 castigatus
736 1689 867 1722 rediret
899 1690 941 1721 ad
974 1686 1188 1721 sanitatem?

196 1740 456 1774 [inmedicabile
481 1741 616 1774 malum
640 1748 709 1781 est,
737 1741 848 1780 cives,
884 1738 989 1773 huius
1017 1739 1188 1783 improbi-

194 1799 258 1826 tas.
319 1792 439 1836 Quare
463 1792 553 1825 sicut
578 1792 746 1838 medici³)
772 1793 888 1826 solent
913 1803 1101 1830 cancrum,
1128 1797 1188 1824 aut

194 1842 460 1888 phagedaenam
490 1850 523 1876 et
547 1844 696 1883 similia,
733 1857 823 1890 quae
848 1843 966 1876 curari
989 1842 1091 1874 aliter
1113 1854 1187 1874 non

195 1902 361 1940 possunt,
389 1907 491 1928 urere
511 1902 570 1928 aut
589 1896 764 1929 excidere:
801 1895 848 1928 ita
875 1900 1016 1938 oportet
1039 1900 1073 1926 et
1096 1891 1188 1927 hanc

194 1947 348 1979 belluam
368 1959 430 1979 vos
455 1949 665 1991 deportare,
700 1953 734 1979 et
759 1959 800 1979 ex
825 1947 913 1980 urhe
939 1945 1083 1985 eiicere,
1123 1957 1187 1978 nec

194 2005 396 2042 expectare,
430 1999 514 2031 dum
543 1999 642 2032 vobis
665 1998 849 2037 nocuerit,
890 1998 968 2040 sed,
1012 2009 1056 2029 ne
1090 1998 1186 2041 quod

194 2051 364 2082 damnum
381 2049 497 2096 detffi),
525 2062 660 2083 cavere.
714 2050 763 2082 Ut
780 2049 873 2082 enim
893 2048 1056 2094 quamvis
1074 2049 1187 2080 nemi-

193 2114 274 2134 nem
290 2108 445 2134 vestrum
464 2101 598 2144 vipera,
625 2107 685 2133 aut
701 2099 931 2145 phalangium
948 2099 1108 2139 laeserit,
1136 2106 1187 2132 ta-

194 2165 276 2185 men
295 2152 470 2186 eiusmodi
490 2152 610 2184 omnia
633 2159 806 2184 venenata
824 2157 1010 2196 conspecta
1028 2163 1112 2183 mox
1134 2151 1187 2183 in-

194 2204 368 2237 terficitis:
408 2203 476 2243 ita,
510 2216 588 2236 cum
612 2203 649 2236 in
673 2203 888 2237 virulentum
916 2200 1186 2248 sycophantam,

231 2314 259 2340 ¹)
279 2313 311 2336 Η.
332 2313 349 2336 1.
370 2313 397 2336 in
417 2313 501 2338 Editt.
523 2313 615 2344 1559„
636 2313 727 2345 1564„
748 2312 822 2336 1570.
843 2312 908 2335 uota
926 2312 1059 2342 maugina
1085 2312 1187 2336 Poena.

228 2355 260 2382 2)
279 2356 310 2378 Η.
329 2356 347 2380 l.
367 2356 395 2379 in
414 2356 498 2381 Editt.
520 2356 612 2387 1527„
633 2356 708 2381 1547.
729 2357 793 2379 uota
812 2355 943 2385 margia:
975 2355 1118 2385 Epilogus.

230 2398 260 2425 3)
280 2398 311 2422 Η.
331 2398 346 2420 1.
366 2398 391 2420 in
412 2398 494 2423 Editt.
515 2399 600 2424 1527..
623 2399 696 2423 1547.
717 2400 782 2422 nota
801 2398 934 2429 margin.:
962 2398 1134 2429 Simi1itud03
1159 2399 1187 2422 in

265 2432 348 2456 Editt.
371 2433 461 2464 1559„
484 2433 576 2462 1564„
599 2433 673 2458 1570.
693 2433 796 2457 simite.

230 2475 261 2501 4)
281 2474 341 2531 de?
359 2475 400 2531 Sic
423 2476 507 2501 Editt.
529 2476 618 2507 ¹547.,
640 2476 732 2506 15625.
761 2476 843 2501 Editt.
865 2475 952 2505 1527„
974 2476 1060 2507 1559.,
1080 2476 1186 2500 1564-—

266 2509 338 2532 15¹5.
377 2511 413 2532 at.

785 116 904 151 Pffll..
935 115 1047 149 MEL.
1083 114 1285 148 SCRIPTA
1315 114 1650 149 PHILOLOGICA.

2159 115 2235 150 800

1241 199 1304 245 qui
1321 199 1462 244 viperae
1480 201 1631 234 similior
1647 202 1709 241 sit,
1743 213 1849 246 quam
1874 198 2032 240 homini,
2069 199 2236 240 inciditis,

1241 263 1284 283 ue
1308 257 1506 295 expectate,
1548 253 1660 285 donee
1686 252 1840 297 aliquem
1868 252 2052 291 mordeat,
2088 252 2148 284 sed
2174 251 2237 284 ubi

1241 302 1396 346 primum
1424 304 1637 344 occurrerit,
1671 316 1805 348 poenas
1830 304 1900 337 det.
1964 301 2148 348 Lycurgus
2172 314 2235 336 vos

1241 366 1303 397 per
1319 353 1501 387 Palladem
1526 360 1559 387 et
1575 361 1724 388 mati-:m
1743 354 1902 388 Deorum
1923 355 2116 388 obtestatus
2133 352 2236 399 esst),

1241 417 1305 448 ego
1322 417 1407 437 vero
1424 418 1487 439 vos
1503 418 1565 449 per
1585 406 1762 439 maiorum
1789 413 1989 440 vestrorum
2014 405 2152 449 egregia
2176 405 2236 438 de-

1241 468 1322 488 cora
1342 457 1520 496 obtestor,
1548 469 1700 502 quorum
1716 457 1926 491 memoriam
1946 457 2026 490 ideo
2048 456 2145 490 nulla
2169 467 2236 489 un-

1242 520 1348 552 quam
1367 508 1497 540 delebit
1523 509 1678 548 oblivio,
1705 509 1787 554 quia
1812 509 1859 541 ita
1885 514 2069 552 gesserunt
2090 519 2236 552 rempu-

1241 559 1368 591 blicam
1393 571 1466 592 non
1492 565 1531 592 ut
1556 572 1634 592 cum
1661 560 1834 604 improbis
1860 560 2102 599 colluderent,
2137 570 2237 604 syco-

1241 607 1394 653 phantas
1409 611 1563 651 alerent,
1592 610 1653 656 qui
1669 611 1798 644 civium
1818 611 1898 644 odia
1917 611 2009 644 inter
2028 610 2122 655 ipsos
2146 609 2237 643 exci-

1241 667 1378 700 tarent,
1423 669 1672 707 acuerentque.
1732 662 1801 695 Sed
1834 674 1914 695 cum
1948 675 1990 695 ex
2020 661 2236 700 oratoribus,

1242 719 1317 745 tum
1346 725 1386 746 ex
1422 713 1570 757 privatis
1601 726 1679 753 eos,
1722 714 1784 758 qui
1808 713 1960 746 modesti
1988 725 2028 745 ac
2051 711 2237 757 tranquilli

1242 770 1343 796 erant
1355 790 1364 804 ,
1391 763 1528 797 honore
1546 765 1764 805 afficiebant,
1800 763 1985 808 improbos
2001 769 2037 797 et
2053 763 2237 797 turbulen-

1242 821 1296 848 tos
1314 816 1464 849 oderant
1482 822 1515 849 et
1532 816 1748 860 puniebant,
1775 821 1809 849 et
1825 815 1918 848 inter
1933 827 1969 848 se
1986 815 2136 854 virtute,
2161 825 2237 847 non

1242 866 1333 900 odiis
1367 873 1429 900 aut
1463 867 1565 901 malis
1599 867 1734 900 artibus
1769 867 1962 900 certabant.
2036 865 2239 906 Postremo,

1243 930 1354 950 unum
1376 916 1444 951 hoc
1469 919 1656 959 adiiciam,
1691 931 1770 952 cum
1794 917 1932 951 exibitis
1956 929 1974 950 e
1997 916 2114 958 curia,
2141 916 2239 950 vide-

1241 969 1331 1002 bunt
1346 982 1408 1003 vos
1427 976 1461 1002 et
1477 970 1704 1014 magistratus
1715 996 1724 1010 ‚
1758 976 1792 1002 et
1807 967 1964 1013 hospites
1975 995 1984 1009 ,
2013 974 2047 1001 et
2061 968 2175 1009 cives,
2203 973 2238 1002 et

1241 1020 1476 1054 intuebuntur
1494 1021 1671 1065 singulos,
1699 1027 1734 1054 et
1751 1033 1794 1054 ex
1810 1021 1887 1065 ipso
1906 1019 1978 1053 oris
2001 1016 2129 1053 habitu
2153 1032 2237 1053 con-

1242 1071 1412 1105 iecturam
1446 1072 1577 1105 facient
1612 1074 1654 1105 de
1682 1070 1756 1113 his,
1798 1072 1860 1118 qui
1888 1069 1984 1105 hunc
2007 1071 2236 1106 absolverint.

1242 1122 1337 1167 Quid
1365 1123 1473 1167 igitur
1495 1123 1636 1164 dicetis,
1677 1136 1757 1156 cum
1788 1123 1977 1168 prostratis
2005 1129 2040 1156 et
2069 1122 2237 1168 proiectis

1241 1174 1376 1217 legibus
1401 1175 1539 1208 exibitis
1562 1176 1599 1207 in
1622 1174 1830 1220 publicum?
1866 1187 1937 1220 quo
1959 1174 2081 1214 vultu,
2108 1174 2237 1220 quibus

1242 1226 1353 1260 oculis
1382 1227 1470 1259 alios
1506 1227 1729 1270 adspicietis‚
1773 1232 1835 1259 aut
1861 1239 1933 1271 quo
1961 1237 2022 1259 ore
2049 1238 2172 1260 rursus
2199 1225 2238 1259 in

1241 1278 1386 1318 aedem,
1413 1277 1474 1311 ubi
1497 1278 1615 1321 legum
1638 1277 1779 1310 tabulae
1801 1283 1901 1316 sunt,
1934 1276 2073 1320 ingredi
2093 1276 2237 1310 audebi-

1242 1327 1303 1367 tis,
1331 1340 1485 1373 quarum
1505 1329 1600 1361 salva
1619 1328 1792 1362 autoritas
1811 1340 1882 1361 esse
1896 1339 1970 1360 non
1986 1327 2138 1372 poterit,
2165 1328 2234 1362 nisi

1240 1391 1335 1412 nunc
1353 1392 1410 1413 eas
1428 1379 1681 1413 defenderitis?
1732 1379 1925 1424 Quomodo
1942 1378 1980 1411 in
1995 1391 2113 1412 arcem
2131 1379 2234 1413 novi-

1240 1430 1339 1463 luni0
1362 1432 1557 1465 ascendetis
1583 1443 1649 1475 pro
1675 1430 1827 1464 civitatis
1849 1436 1944 1463 statu
1973 1441 2072 1464 sacra
2094 1430 2236 1471 facturi,

1242 1494 1321 1514 cum
1339 1482 1537 1525 cogitabitis
1555 1495 1637 1523 vos,
1664 1489 1698 1515 et
1719 1481 1988 1522 iusiurandum,
2023 1487 2057 1515 et
2079 1481 2238 1525 publicas

1241 1533 1378 1566 tabulas
1395 1533 1444 1566 ibi
1460 1534 1615 1578 positas,
1643 1533 1680 1566 in
1697 1533 1826 1579 quihus
1844 1539 1878 1565 et
1893 1531 1970 1573 hie,
2004 1539 2039 1566 et
2053 1530 2158 1568 huius
2172 1545 2235 1578 pa-

1242 1590 1294 1616 ter
1314 1585 1563 1632 praescripti⁶)
1582 1591 1682 1625 sunt,
1709 1583 1883 1618 violasse?
1931 1584 2027 1630 Quid
2043 1586 2237 1630 responde-

1240 1635 1349 1669 bitis?
1377 1636 1406 1670 si
1425 1637 1503 1682 quis
1521 1649 1600 1676 eos,
1629 1636 1690 1682 qui
1707 1634 1802 1670 hunc
1818 1636 2066 1677 absolverunt,
2091 1648 2235 1671 causam

1241 1687 1295 1720 sui
1314 1686 1437 1720 iudicii
1453 1688 1667 1732 interroget,
1692 1700 1778 1721 num
1797 1688 1936 1732 placere
1955 1700 2034 1721 eum
2059 1688 2160 1723 vobis
2183 1689 2236 1722 di-

1242 1738 1350 1772 cetIs?
1402 1739 1449 1772 At
1463 1737 1531 1773 hoc
1552 1752 1658 1772 nemo
1677 1739 1792 1785 dicere
1812 1739 1971 1777 audebit;
2006 1751 2114 1772 nemo
2140 1740 2236 1773 enim

1241 1790 1278 1822 in
1293 1790 1499 1823 societatem
1521 1791 1692 1824 scelerum
1709 1790 1963 1834 Aristogitonis
1985 1802 2124 1824 summa
2154 1803 2235 1825 cum

1241 1841 1462 1885 turpitudine
1481 1842 1602 1875 venire
1620 1843 1726 1876 volet.
1779 1842 1894 1876 Nemo
1911 1854 1986 1875 non
2003 1842 2099 1875 volet
2119 1843 2235 1876 videri

1241 1892 1338 1925 illum
1358 1905 1418 1926 sua
1437 1894 1608 1927 sententia
1626 1894 1814 1937 iugulasse.
1867 1893 1982 1927 Nemo
2001 1904 2076 1926 non
2103 1906 2175 1939 quo
2197 1906 2233 1928 se

1241 1944 1441 1988 suspicione
1475 1942 1621 1985 liberet,
1670 1943 1899 1978 vehementer
1927 1950 2152 1979 execraturus
2183 1951 2235 1979 est

1241 2007 1318 2034 eos,
1361 1996 1421 2041 qui
1453 1997 1694 2030 absolverunt.
1769 1995 1903 2028 Verum
1935 1993 2026 2028 nihil
2061 2008 2150 2040 opus
2183 2002 2235 2030 est

1240 2046 1412 2079 invidiam
1443 2054 1619 2088 metuere,
1661 2060 1740 2080 cum
1773 2058 1948 2080 summam
1981 2047 2132 2090 gratiam
2160 2047 2234 2082 eius

1241 2099 1472 2131 damnatione
1491 2100 1584 2143 apud
1602 2110 1724 2131 omnes
1743 2097 1832 2130 inire
1850 2097 2004 2141 possitis,
2032 2111 2111 2131 cum
2129 2099 2234 2139 cives,

1240 2155 1315 2182 tum
1331 2147 1499 2194 hospites.
1549 2150 1641 2184 lN'am
1658 2149 1882 2194 permanavit
1899 2150 1943 2182 ad
1959 2161 2082 2183 omnes
2099 2149 2234 2194 impro-

1239 2201 1358 2234 bitatis
1375 2199 1480 2235 huius
1498 2201 1591 2234 fama
1604 2227 1613 2240 ,
1640 2213 1755 2246 neque
1774 2201 1963 2246 quisquam
1980 2207 2049 2241 est,
2076 2202 2139 2247 qui
2158 2213 2233 2235 non

1241 2258 1275 2285 et
1298 2258 1396 2296 optet
1418 2252 1561 2285 liberari
1587 2252 1631 2285 ab
1655 2250 1721 2285 hac
1744 2259 1859 2297 peste,
1895 2258 1929 2286 et
1952 2252 2117 2287 omnibus
2139 2253 2232 2287 votis

1241 2310 1399 2348 expetat,
1426 2310 1465 2337 ut
1482 2303 1694 2348 supplicium
1712 2304 1754 2337 de
1772 2316 1813 2337 eo
1830 2304 1991 2338 sumatis.

1271 2423 1301 2450 5)
1322 2423 1353 2446 Η.
1373 2423 1391 2447 1.
1411 2423 1439 2446 in
1457 2422 1541 2446 Editt.
1563 2422 1652 2454 155⁹„
1674 2423 1765 2453 1564.‚
1786 2423 1860 2447 157⁰.
1881 2424 1946 2447 nota
1964 2423 2096 2453 margat:
2122 2417 2207 2452 πάθη.

1273 2476 1303 2503 6)
1323 2474 1501 2505 praescripti]
1529 2474 1570 2498 sic
1596 2475 1679 2500 Editt.
1702 2475 1908 2507 1527—1559.‚
1936 2475 2142 2506 1564-1587.;
2177 2475 2227 2499 Ed.

1310 2510 1384 2534 1562.
1405 2509 1539 2540 inscripti.
