2294 2975
125 120 170 157 51
699 111 822 148 PHIL.
855 110 969 148 MEL.
1001 107 1203 146 SCRIPTA
1233 106 1569 145 PHILOLOGICA.

134 206 270 253 patriae
291 203 446 249 gesserit.
498 201 637 245 Allegat
662 206 778 234 autem
804 200 891 232 duas
915 208 1057 235 causas,
1090 196 1128 228 in

142 258 269 303 quibus
285 257 328 288 ad
343 254 473 288 nullius
489 253 639 297 gratiam
658 258 718 285 aut
742 250 887 289 dixerit,
922 255 983 282 aut
1008 247 1131 281 fecerit

145 308 277 354 aliquid
289 308 390 345 adeo,
405 312 444 339 ut
454 305 639 339 Caesarem
657 309 689 335 et
698 301 909 346 Pompeium
923 310 1081 333 summos
1094 298 1131 331 in

146 359 324 404 republica
336 357 432 390 viros
448 361 594 401 propter
613 366 689 387 eam
707 365 780 385 rem
799 350 998 385 offenderit.
1026 349 1132 382 Prior

147 422 249 443 causa
266 415 315 442 est
331 410 373 441 de
389 408 517 440 Bibulo
538 406 668 447 collega
688 403 847 436 Caesaris
874 402 909 434 in
936 401 1133 439 consulatu,

149 461 209 507 qui
235 473 270 494 se
295 458 515 503 opposuitffi)
541 455 683 489 Caesari
710 455 745 486 in
770 454 842 497 lege
868 449 1134 497 perferendaffl)

148 515 286 555 ‹lt-agro
298 511 493 554 Campano,
511 518 660 551 eumque
671 511 766 538 mota
784 504 956 538 seditione
974 504 1018 536 ad
1036 513 1135 535 arma

149 569 293 596 ventum
321 567 426 598 esset,
463 563 607 591 testatus
632 563 681 590 est
706 556 844 600 publice
869 555 1006 588 obiecto
1033 553 1136 593 00110,

148 626 183 647 50
207 622 433 658 nequaquam
458 609 609 652 probare
627 606 786 641 Caesaris
809 606 995 640 consilium
1021 605 1062 637 de
1085 604 1137 637 di-

150 664 285 697 visione
322 672 500 705 agrorum.
562 659 662 692 Hanc
696 670 819 691 vocem
842 657 962 691 Bibuli
992 656 1137 700 dignam

149 716 244 747 bono
278 713 355 745 viro
385 711 508 745 Cicero
543 709 627 743 dicit
662 721 697 743 se
732 709 938 754 praetulisse
973 707 1138 740 omnibus

150 761 339 808 triumphis
356 761 527 796 Caesaris.
579 761 699 793 Altera
718 772 821 793 causa
840 766 890 793 est
910 761 952 792 de
975 770 1036 792 sua
1059 769 1137 802 per-

149 827 256 855 sona,
285 814 381 860 quod
397 813 470 857 ipse
489 824 631 857 quoque
653 813 695 844 de
720 823 804 854 agro
823 811 1026 855 Campano,
1061 816 1138 841 tan-

152 879 259 913 quam
300 866 342 898 de
383 876 421 898 re
462 864 599 907 ingrata
637 862 879 906 maximopere
918 860 1140 894 contenderit

151 924 273 951 contra
296 915 483 950 Caesarem
499 913 624 947 referri
643 914 687 946 ad
706 919 879 947 senatum.

254 965 597 1001 Commemorationi
615 970 731 997 autem
747 991 756 1003 ,
784 964 821 996 in
839 975 906 1009 qua
931 961 1141 1006 significavit

152 1032 187 1053 se
213 1017 302 1052 nihil
329 1018 372 1050 ad
396 1016 542 1050 alicuius
565 1015 715 1059 gratiam
740 1015 776 1047 in
803 1014 983 1059 republica
1014 1013 1140 1046 dixisse

153 1077 213 1104 aut
230 1070 368 1108 secisse,
396 1067 535 1102 subiicit
550 1067 693 1110 longam
712 1065 1015 1099 enumerationem
1028 1090 1037 1103 ,
1065 1063 1141 1109 qui-

151 1122 216 1155 bus
232 1119 430 1153 rationibus
449 1119 619 1151 adductus
633 1116 843 1149 sententiam
866 1114 1075 1154 mutaverit,
1109 1120 1142 1147 et

152 1173 302 1205 multum
335 1169 511 1203 remiserit
541 1169 583 1201 de
617 1180 678 1201 sua
712 1168 874 1200 libertate
907 1167 944 1199 in
981 1166 1140 1199 dicendo.

152 1223 284 1267 Estque
317 1219 402 1254 haec
428 1220 596 1264 epistolae
617 1230 699 1262 pars
726 1219 919 1263 prudenter
945 1217 1096 1260 cogitata
1122 1228 1139 1248 a

154 1273 342 1311 Cicerone,
371 1277 404 1304 et
421 1270 592 1315 singulari
610 1269 790 1314 diligentia
809 1275 978 1308 tractata,
1013 1268 1050 1300 in
1072 1279 1141 1312 qua

152 1330 275 1357 monet
291 1334 394 1367 saepe
409 1322 599 1356 flectendas
617 1333 688 1354 esse
706 1320 898 1354 sententias
913 1320 957 1352 ad
976 1318 1142 1363 reipubli-

153 1388 212 1408 cae
230 1375 430 1408 utilitatem.
482 1372 569 1405 Item
585 1372 757 1416 significat
774 1372 881 1411 illud,
910 1371 1005 1416 quod
1022 1370 1142 1402 Mene-

152 1427 229 1459 laus
245 1426 339 1470 apud
354 1424 563 1467 Euripidem
584 1423 621 1455 in
644 1420 826 1466 Iphigenia
851 1422 919 1461 ait,
953 1419 1047 1454 hunc
1070 1432 1141 1454 esse

152 1488 289 1510 morem
315 1475 402 1509 boni
425 1475 514 1514 viri,
555 1474 733 1506 interdum
756 1479 895 1507 mutare
919 1472 1142 1511 sententiam,

153 1535 187 1561 et
219 1539 358 1571 semper
381 1525 434 1559 uti
460 1524 594 1569 optima
619 1524 793 1557 sententia
812 1523 870 1570 ⁷⁰).
936 1523 1058 1556 Prima
1088 1534 1144 1555 ra-

153 1579 202 1612 tio
231 1585 282 1611 est
305 1589 324 1610 a
350 1588 501 1621 persona
521 1576 685 1614 illorum,
721 1575 781 1620 qui
809 1581 1000 1618 praeerant
1025 1574 1143 1618 reipu-

152 1630 284 1668 blicae,
338 1634 372 1661 et
395 1633 555 1659 versatur
585 1626 621 1658 in
655 1624 722 1658 hoc
757 1626 978 1670 syllogismo:
1032 1624 1143 1658 Bonis

154 1680 258 1719 viris,
286 1680 350 1712 sub
369 1677 496 1724 quibus
513 1684 717 1721 potestesse
743 1677 931 1710 mediocris
957 1683 991 1709 et
1014 1677 1143 1709 tolera-

154 1732 234 1764 bilis
249 1736 358 1763 status
377 1728 612 1772 reipublicae,
647 1728 912 1761 concedendum
937 1734 1004 1765 est;
1036 1727 1143 1760 Pom-

155 1782 255 1827 peius
272 1788 305 1814 et
323 1781 453 1814 Caesar
470 1786 551 1813 sunt
568 1780 670 1812 tales:
707 1791 789 1822 ergo
817 1779 884 1811 illis
910 1778 1037 1810 merito
1062 1790 1144 1810 con-

157 1833 302 1866 ceditur.
356 1830 558 1864 Praeniittit
577 1837 695 1863 autem
717 1830 913 1873 elegantem
937 1829 1143 1872 descriptio-

154 1895 236 1917 nem
254 1895 399 1916 suarum
417 1881 670 1923 cogitationum
689 1892 755 1924 pro
773 1880 952 1924 republica
964 1906 972 1920 ‚
1000 1892 1043 1912 ne
1059 1879 1144 1925 quid

157 1935 325 1968 adversus
342 1945 417 1966 eam
437 1932 621 1976 delinquat
642 1943 702 1964 sua
730 1931 788 1963 illa
812 1931 1031 1965 remissione.
1085 1931 1143 1964 Se-

157 1986 270 2019 cunda
306 1984 398 2017 ratio
430 1983 582 2016 sumitur
622 1994 641 2014 a
675 1983 789 2014 forma
824 1982 1057 2027 reipublicae,
1107 1982 1143 2014 in

158 2048 227 2082 qua
252 2035 392 2080 penitus
416 2034 517 2080 quasi
539 2033 727 2067 dissolutus
750 2033 794 2066 sit
819 2045 1007 2067 consensus
1031 2034 1143 2066 bono-

157 2099 250 2120 rum.
308 2085 430 2131 Itaque
442 2084 487 2130 τι)
505 2097 583 2118 011111
602 2096 621 2116 3
638 2084 778 2117 1101111110
802 2085 1007 2125 adiuvetur,
1038 2083 1144 2128 signi-

158 2138 239 2171 ficat
260 2149 295 2171 se
319 2137 433 2171 solum
463 2135 665 2169 existentem
699 2135 818 2168 omnia
847 2136 977 2169 frustra
1010 2135 1143 2175 conari,

159 2200 223 2221 nec
254 2189 349 2221 aliud
382 2187 594 2233 quicquam,
643 2185 712 2218 nisi
753 2186 873 2219 odium
907 2198 942 2220 se
975 2198 1143 2231 quaerere

160 2251 279 2282 posse,
307 2250 396 2283 quae
421 2238 465 2272 sit
488 2243 643 2270 extrema
671 2237 860 2271 dementia.
919 2237 1059 2275 Recitat
1083 2249 1144 2270 au-

160 2296 230 2322 tem
246 2302 349 2323 suurn
366 2295 400 2322 et
418 2289 569 2322 aliorum
587 2288 745 2332 exempla
757 2314 766 2328 ‚
794 2299 884 2333 quae
909 2289 1044 2321 confert
1064 2300 1142 2321 curn

193 2423 240 2451 68)
259 2428 290 2446 se
309 2421 448 2452 opposuit]
474 2420 515 2444 sic
538 2419 622 2444 Editt.
642 2418 851 2450 ¹565-1577.;

226 2457 280 2480 suit
299 2463 338 2480 se.

195 2507 243 2534 69)
263 2506 288 2529 in
308 2505 368 2532 lege
387 2504 563 2533 perferenda]
588 2504 627 2527 sic
652 2503 700 2527 Ed.
721 2503 814 2533 1556.;

229 2541 254 2564 in
273 2539 454 2569 praeferenda.
474 2538 542 2567 lege.

191 2592 242 2619 70)
258 2591 351 2621 Eurip.
371 2590 453 2619 lphiz.
472 2589 499 2611 in
520 2588 579 2611 Aul.
599 2595 614 2609 v
644 2589 702 2612 502.
722 2589 781 2611 503.
803 2589 849 2612 Ed.
869 2589 998 2614 Barnea:

563 2621 674 2651 'Aias-10,-
694 2620 724 2643 m?
743 2622 829 2645 νιτκοῦ
849 2622 943 2654 τρόπω

358 2657 477 2687 Τοιοιίῖε,
500 2655 620 2687 χρῆσθαι
641 2657 708 2679 mim
726 2656 870 2685 ,θελτίσιοις
889 2655 941 2681 (ἔμ’.

186 2711 234 2740 71)
253 2710 362 2740 ltaque]
382 2709 422 2733 sic
439 2708 522 2732 Editt.
543 2707 746 2738 1565—1577.;
778 2708 827 2731 Ed.
848 2709 922 2733 1556.
941 2709 1066 2740 Ideoque.

887 2420 936 2444 Ed.
958 2420 1032 2445 1556.
1058 2427 1143 2451 oppo-

847 2503 930 2527 Editt.
952 2504 1019 2528 1565
1026 2506 1142 2530 -1577,

2115 107 2170 147 52

1182 197 1268 237 illis,
1305 197 1367 243 qui
1389 197 1653 230 labefactarunt
1676 195 1934 241 rempublicam
1963 195 2169 230 etomnium

1183 248 1397 292 flagitiorum
1410 247 1590 281 licentiam
1602 246 1774 292 improbis
1789 253 2047 282 concesserunt.
2082 246 2175 280 Hinc

1184 305 1325 343 sumpta
1351 299 1534 333 occasione
1559 298 1671 332 utitur
1699 299 1855 342 longiori
1885 298 2101 343 digressione
2129 298 2173 331 de

1185 362 1248 384 suo
1266 349 1390 390 exilio,
1419 350 1455 383 in
1474 361 1543 395 qua
1559 355 1700 394 praeter
1721 350 1902 395 querelam
1917 354 2175 383 commemorat

1187 400 1296 433 animi
1315 400 1368 434 sui
1385 400 1638 441 constantiam,
1672 413 1742 446 qua
1768 401 1971 434 tractaverit
1992 399 2174 434 liberrime

1187 451 1402 496 reipublicae
1421 451 1584 495 negotia,
1618 459 1852 497 posteaquam
1878 453 1922 485 ab
1945 452 2050 485 exilio
2071 462 2175 484 revo-

1189 509 1286 535 catus
1303 509 1397 542 erat,
1425 509 1459 535 et
1474 502 1572 535 addit
1589 514 1709 536 causas
1724 501 1827 536 huius
1844 515 1926 536 suae
1944 501 2175 537 constantiae.

1188 553 1279 598 Apte
1298 553 1436 587 orditur
1453 554 1600 586 alteram
1616 553 1872 588 narrationem.
1918 553 2042 587 Potuit
2055 558 2175 586 autem

1189 602 1257 638 hoc
1274 604 1396 637 obiici:
1424 603 1581 637 Tantum
1597 604 1649 637 vis
1666 611 1822 648 spectare
1837 606 1925 638 duos
1945 610 2006 638 aut
2021 609 2176 650 quatuor

1190 654 1375 700 potentes?
1436 654 1508 688 Cur
1538 666 1611 687 non
1633 661 1810 700 respectas
1839 662 1951 689 totum
1977 652 2175 700 populum?

1190 706 1411 751 Respondet:
1439 706 1541 739 Plato
1562 705 1694 750 inquit,
1721 707 1893 750 populum
1911 707 2011 752 sequi
2025 717 2137 750 reges.

1291 757 1407 790 Finita
1424 756 1640 801 digressione
1658 757 1702 789 ad
1719 756 1918 791 institutum
1934 757 2044 797 redit,
2073 762 2108 789 et
2122 767 2177 789 re-

1191 808 1280 852 petit
1313 809 1460 842 alteram
1492 808 1668 840 rationem
1700 808 1743 840 de
1774 814 1951 854 51311115ου
1971 810 2087 842 forma
2108 806 2178 839 rei-

1193 859 1372 903 publicae,
1413 859 1450 892 111
1481 870 1550 904 qua
1575 870 1648 891 non
1673 858 1824 902 amplius
1846 859 1892 892 sit
1915 859 1973 892 ille
1998 860 2179 893 honorum

1193 922 1402 950 consensus,
1419 897 1492 956 'qui
1511 915 1591 942 ante
1607 909 1683 943 fuit.
1735 908 1835 949 110111,
1861 910 1923 943 ubi
1941 907 2179 955 potentissimi

1193 961 1311 1005 potius
1326 974 1424 995 suam
1444 961 1641 1006 potentiam
1663 960 1819 993 stabilire
1844 968 2035 1002 conentur,
2069 970 2178 1006 quam
2223 975 2229 981 ·

1194 1013 1407 1056 reipublicae
1426 1012 1620 1045 consulere.
1672 1012 1799 1044 Postea
1819 1012 1960 1045 subiicit
1982 1010 2178 1046 conclusio-

1194 1076 1294 1104 nem,
1322 1075 1357 1097 se
1375 1064 1521 1096 omnino
1539 1068 1632 1095 recte
1646 1061 1766 1095 fecisse
1778 1088 1786 1101 ,
1815 1064 1912 1108 quod
1927 1076 2025 1097 suam
2041 1068 2180 1098 senten-

1196 1114 1281 1146 tiam
1308 1120 1341 1147 et
1362 1115 1582 1147 voluntatem
1605 1113 1818 1152 mutaverit,
1860 1120 1895 1146 et
1921 1115 2020 1148 addit
2042 1115 2181 1159 aliquot

1194 1171 1384 1209 praecepta
1403 1165 1583 1204 Platonis,
1610 1164 1694 1197 item
1718 1165 2097 1200 commemorationem
2120 1164 2180 1197 be-

1194 1216 1401 1250 neficiorum
1427 1215 1606 1255 Caesaris,
1639 1227 1745 1260 quem
1776 1215 1831 1248 vel
1862 1227 1903 1248 eo
1932 1218 2079 1251 nomine
2109 1213 2180 1249 suis

1194 1267 1375 1301 sententiis
1391 1267 1428 1300 in
1444 1273 1568 1301 senatu
1585 1278 1712 1299 ornare
1737 1266 1873 1300 debeat.

1295 1317 1463 1362 Exposita
1479 1318 1617 1350 ratione
1635 1329 1781 1350 5110111111
1801 1317 2043 1361 001151110111111,
2070 1331 2182 1366 quare

1195 1368 1237 1401 de
1260 1368 1421 1402 libertate
1444 1381 1506 1402 sua
1531 1368 1568 1400 in
1588 1368 1769 1402 sententiis
1786 1369 1943 1403 dicendis
1959 1372 2110 1404 multum
2126 1382 2182 1404 re-

1194 1419 1349 1459 miserit,
1377 1432 1471 1453 nunc
1492 1420 1682 1464 respondet
1696 1418 1848 1452 Lentulo
1875 1421 1920 1454 ad
1943 1433 2004 1463 ea,
2036 1423 2079 1456 de
2104 1421 2182 1468 qui-

1194 1472 1259 1504 bus
1291 1471 1529 1515 interrogatus
1562 1476 1656 1509 erat,
1697 1476 1732 1502 et
1760 1470 1916 1514 primum
1946 1473 1989 1505 de
2019 1473 2180 1513 Vatinio,

1196 1533 1304 1566 quare
1323 1522 1423 1554 illum
1441 1534 1544 1555 suum
1567 1521 1749 1554 inimicum
1769 1523 1975 1557 defenderit.
2026 1524 2181 1558 Excusa-

1196 1573 1246 1605 tio
1277 1573 1413 1606 duabus
1443 1572 1602 1616 partibus
1633 1578 1781 1606 constat.
1850 1573 1957 1608 Prior
1981 1586 1999 1607 a
2024 1586 2178 1621 persona

1194 1623 1360 1667 Pompeii
1386 1630 1419 1656 et
1441 1623 1619 1663 Caesaris,
1661 1623 1788 1668 quibus
1820 1624 1967 1658 omnino
1990 1625 2028 1659 in
2051 1624 2118 1660 hac
2141 1638 2180 1660 re

1196 1674 1464 1718 gratificandum
1496 1675 1562 1707 fuit
1593 1674 1890 1709 intercedentibus
1926 1688 1993 1721 pro
2022 1677 2181 1713 Vatinio.

1195 1725 1316 1758 Altera
1336 1737 1354 1758 a
1372 1725 1525 1758 factione
1543 1724 1737 1765 Clodiana,
1773 1725 1830 1759 cui
1852 1733 1893 1760 ut
1915 1728 2050 1773 aliquid
2076 1741 2180 1774 aegre

1195 1776 1345 1816 faceret,
1386 1788 1596 1821 quacunque
1621 1777 1764 1809 tandem
1787 1777 1970 1812 occasione
1994 1779 2180 1815 Vatinium

1197 1827 1383 1860 defendere
1399 1827 1522 1861 voluit.
1562 1827 1655 1860 Citat
1672 1834 1789 1860 autem
1806 1829 1984 1872 aptissime
2002 1831 2181 1876 integrum

1196 1878 1312 1911 locum
1337 1878 1513 1917 Terentii,
1556 1891 1626 1923 quo
1652 1879 1779 1922 prohat
1801 1891 1902 1912 suum
1929 1882 2115 1916 consilium
2142 1884 2180 1918 in

1197 1930 1416 1962 defendendo
1430 1928 1575 1962 Vatinio
1591 1929 1628 1961 in
1645 1929 1765 1962 odium
1779 1930 2033 1966 Clodianorum
2047 1934 2181 1969 factum

1195 1980 1319 2020 fuisse,
1342 1987 1531 2025 propterea
1547 1981 1642 2025 quod
1660 1981 1867 2021 conveniat,
1901 1989 1941 2016 ut
1963 1985 2049 2019 tales
2070 1985 2180 2022 simus

1197 2031 1233 2063 in
1251 2031 1359 2072 alios,
1388 2032 1508 2076 quales
1531 2031 1609 2064 illos
1626 2031 1663 2063 in
1685 2043 1750 2064 nos
1774 2033 1986 2077 experimur.
2039 2035 2177 2072 Deinde

1196 2082 1300 2126 plane
1320 2084 1459 2115 easdem
1482 2082 1637 2115 rationes
1661 2082 1781 2123 affert,
1815 2096 1923 2129 quare
1949 2099 2028 2120 cum
2052 2083 2178 2123 Crasso

1196 2133 1341 2166 redierit
1356 2133 1393 2165 in
1408 2133 1570 2177 gratiam.
1621 2132 1782 2167 Primum
1808 2132 1876 2169 hoc
1890 2137 2009 2172 fecisse
2024 2150 2059 2172 se
2075 2139 2126 2173 ait
2141 2140 2180 2174 in

1196 2184 1360 2229 Pompeii
1391 2191 1425 2217 et
1459 2183 1618 2217 Caesaris
1655 2185 1825 2228 gratiam;
1876 2188 2002 2222 deinde
2032 2197 2179 2234 propter

1196 2236 1391 2269 multorum
1421 2235 1612 2274 invidiam,
1650 2235 1711 2280 qui
1732 2249 1805 2269 non
1831 2238 1977 2272 obscure
2003 2240 2178 2284 significa-

1195 2287 1300 2326 bant,
1332 2286 1398 2319 sibi
1419 2298 1497 2319 eam
1521 2298 1594 2318 rem
1618 2287 1792 2331 voluptati
1817 2300 1908 2329 esse,
1940 2292 2035 2336 quod
2053 2291 2177 2326 Cicero

1197 2337 1279 2370 odio
1298 2336 1413 2370 Crassi
1435 2343 1470 2369 et
1492 2337 1680 2377 similium,
1716 2338 1777 2383 qui
1801 2346 1915 2373 essent
1935 2341 1972 2374 in
1996 2343 2175 2388 republica

1195 2388 1448 2432 potentissimi,
1476 2395 1693 2431 gravaretur.

1297 2438 1544 2484 Disputatione
1585 2439 1745 2473 absoluta
1783 2441 1826 2475 de
1854 2454 1917 2476 sua
1950 2444 2177 2479 contentione

1194 2503 1254 2524 seu
1270 2491 1433 2524 libertate
1450 2491 1588 2534 penitus
1604 2491 1675 2524 iam
1700 2499 1882 2534 cunctata,
1917 2506 1985 2539 qua
2010 2494 2091 2528 ideo
2114 2508 2178 2530 vo-

1193 2542 1259 2574 luit
1275 2541 1426 2585 amplius
1441 2542 1512 2581 uti,
1540 2541 1620 2587 quia
1639 2542 1785 2576 minime
1806 2544 1994 2578 conveniat
2011 2557 2177 2590 praesen·
2224 2559 2226 2561 ·

1194 2593 1285 2626 tibus
1307 2592 1519 2637 reipublicae
1543 2593 1761 2637 temporibus
1785 2601 1820 2628 et
1842 2596 2072 2638 concordiae,
2114 2599 2176 2631 ad-

1193 2645 1244 2676 dit
1260 2644 1330 2676 iam
1352 2643 1548 2687 epilogum,
1584 2645 1645 2689 qui
1666 2645 1824 2679 continet
1845 2646 2094 2691 repetitionem
2119 2660 2176 2682 ar-

1191 2701 1458 2738 gumentorum,
1487 2706 1576 2740 quae
1596 2695 1633 2728 in
1657 2693 1725 2729 1130
1749 2708 1853 2732 causa
1878 2699 2022 2732 fuerunt
2041 2699 2176 2744 praeci-
