2351 2990
133 111 203 146 951

139 199 198 231 nia
217 211 289 231 esse
307 199 495 235 ducerent,
524 210 630 243 quam
649 210 739 243 quae
757 210 797 231 ex
812 197 903 231 saxis
930 202 1131 230 constructa

140 257 239 284 sunt.
268 250 456 282 defendere
476 251 678 293 regionem,
713 262 804 293 quae
830 254 1014 281 nascentes
1038 248 1132 291 ipsos

140 301 295 345 primum
315 301 449 345 excepit
466 307 498 333 et
519 301 625 339 aluit,
653 306 692 333 ut
712 301 843 333 iustum
862 306 930 339 est,
948 299 1024 333 ausi
1039 304 1133 332 sunt.
1159 309 1161 338 ζ
1185 311 1242 331 nie
1274 299 1464 332 salutarem
1493 301 1597 334 fnisse
1624 301 1674 334 illi
1703 301 1855 345 tempori
1878 300 2037 342 videam,
2071 313 2178 335 nemo

141 353 238 385 Sicut
256 353 350 385 enim
366 352 611 385 benevolentia
632 351 747 383 maior
763 357 813 385 cst
836 363 918 395 erga
942 362 1046 383 veros
1073 361 1134 393 ρει·

140 410 278 441 rentes,
307 417 325 436 a
344 404 471 448 quilius
491 403 599 444 geniti
624 415 763 441 sumus,
792 415 899 447 qnam
928 414 1010 446 erga
1033 401 1134 439 alios,

142 468 160 488 a
179 455 308 500 quilius
324 454 483 498 adoptati
507 466 648 493 snmus,
677 454 723 486 ita
743 460 857 493 terra,
887 466 978 498 quae
1006 464 1134 496 cogna-

143 507 240 540 tione
258 519 322 539 nos
341 505 500 547 attingit,
529 503 672 537 charior
697 511 765 544 est,
795 518 901 549 quam
929 505 997 537 alia
1024 505 1135 541 sedes,

145 559 181 590 in
200 570 306 602 quam
325 563 445 600 postea
462 557 627 589 fortunae
645 556 794 589 arbitrio
820 556 974 589 traducti
996 566 1133 589 sumus:

143 610 190 643 sic
215 609 306 641 cixes
334 607 446 640 nostri
470 614 676 646 senserunt,
711 607 793 652 qui,
831 619 908 640 cum
937 607 973 639 in
998 605 1136 651 proelio

145 660 229 693 socii
249 659 395 703 periculi
415 671 494 691 cuin
512 659 589 692 aliis
606 659 750 703 optimis
767 659 852 692 viris
872 659 1040 698 fuissent,
1069 657 1136 690 dis-

145 711 295 745 similem
333 717 455 743 tamen
486 711 667 743 fortunam
698 708 924 749 habuerunt,
968 710 1138 743 fruuntur

146 762 240 795 enim
265 762 375 806 gloria
401 761 542 795 xirtutis
566 774 639 794 non
666 762 757 801 vixi,
792 763 853 795 sed
878 761 1030 799 mortui3
1064 771 1137 793 non

146 814 249 852 victi,
285 814 342 847 sed
363 813 399 845 in
417 825 457 846 eo
476 813 619 846 extincti
635 813 784 856 vestigio
803 813 837 845 in
858 813 951 851 acie,
981 812 1017 844 in
1042 812 1137 857 quod

146 877 212 909 pro
230 865 433 898 defensione
451 865 587 908 patriae
605 865 767 897 collocati
787 871 900 898 erant.
935 865 985 898 Ac
1003 863 1032 896 si
1051 860 1138 895 mihi

147 917 338 949 conceditis
356 917 526 961 quiddam
548 916 794 949 admirabilius
810 917 945 955 dicere,
974 916 1069 960 quod
1088 920 1140 946 ta-

146 980 229 1000 men
246 980 369 1001 verum
389 974 459 1007 est,
494 974 540 1000 lta
560 968 693 1000 mortui
717 973 816 1007 sunt,
851 974 890 1001 ut
915 967 1065 999 victores
1090 972 1140 998 ta-

149 1032 230 1052 men
254 1025 378 1053 essent.
438 1018 529 1053 Nam
555 1019 714 1062 praemia
738 1019 842 1063 louge
869 1024 951 1052 sunt
979 1015 1140 1062 pulcher-

148 1071 239 1103 rima
274 1071 422 1114 proelii,
456 1070 601 1104 libertas
630 1077 664 1103 et
687 1070 798 1113 gloria
831 1070 983 1103 virtutis.
1046 1068 1141 1101 Haec

146 1123 240 1154 hona
260 1122 505 1162 retinuerunt,
532 1134 597 1154 nec
616 1122 723 1155 cladis
738 1121 804 1155 sibi
823 1134 926 1155 causa
946 1127 1048 1160 sunt,
1081 1119 1140 1165 qui

148 1186 223 1206 non
255 1173 365 1205 animi
388 1173 696 1213 consternatione,
732 1174 792 1207 sed
816 1174 958 1206 fortuna
984 1171 1142 1215 superati

150 1231 251 1264 sunt,
294 1237 443 1270 eosque,
487 1225 547 1270 qui
579 1225 720 1257 sortiter
751 1224 968 1269 proeliantes
994 1222 1142 1256 honeste

151 1282 302 1309 mortem
320 1282 513 1320 oppetunt,
542 1288 648 1309 nemo
666 1282 758 1309 recte
778 1276 907 1309 dixerit
929 1275 1040 1309 victos
1058 1287 1143 1314 esse,

151 1328 234 1373 qnia
259 1327 411 1371 gloriosa
436 1333 552 1361 morte
567 1335 706 1372 turpem
728 1327 934 1361 servitutem
959 1326 1143 1370 effugiunt.

149 1378 188 1412 ld
221 1377 350 1412 horum
381 1379 541 1413 virorum
573 1379 685 1413 virtus
716 1379 882 1413 ostendit.
941 1377 1017 1411 Soli
1049 1376 1141 1410 enim

152 1431 313 1464 omnium
339 1431 510 1465 Graeciae
537 1431 739 1464 libertatem
769 1431 806 1463 in
837 1430 907 1464 suis
934 1429 1144 1473 corporibus

151 1489 346 1527 gestarunt.
404 1482 497 1517 Nam
528 1482 612 1527 ipsis
637 1482 798 1516 extinctis
822 1494 906 1514 mox
931 1480 1080 1514 Graecia
1107 1480 1144 1511 in

151 1534 357 1568 servitutem
378 1535 494 1574 venit,
522 1546 562 1567 ac
579 1546 650 1567 una
670 1546 748 1567 cum
770 1533 853 1578 ipsis
878 1532 1016 1577 patriae
1040 1532 1144 1564 liber-

153 1593 204 1620 tas
222 1586 358 1630 sepulta
378 1592 440 1619 est.
495 1585 574 1630 Qua
600 1598 641 1618 ex
663 1597 700 1618 re
725 1585 952 1618 manifestum
981 1590 1051 1623 est,
1086 1595 1145 1616 eos

151 1650 226 1670 non
244 1637 373 1681 privati
392 1637 540 1682 periculi
565 1649 686 1677 causa,
723 1637 782 1670 sed
809 1648 874 1681 pro
898 1635 1081 1669 communi
1105 1635 1145 1666 li-

152 1691 287 1723 bertate
304 1701 402 1721 arma
420 1689 576 1733 gessisse.
628 1688 710 1723 Non
736 1688 844 1732 igitur
868 1688 984 1721 dicere
1008 1698 1145 1726 vereor,

154 1753 304 1774 coronas
320 1740 457 1785 patriae
477 1741 619 1773 illorum
638 1740 798 1773 virorum
817 1739 955 1773 animas
975 1739 1093 1773 fuisse.

255 1817 398 1863 Vosque
416 1815 650 1851 Athenienses
667 1817 732 1851 soli
758 1817 852 1851 scitis
878 1817 977 1851 iustis
999 1815 1147 1850 lionori-

152 1871 217 1903 bus
235 1870 349 1902 bonos
365 1869 460 1903 viros
479 1881 628 1910 ornare,
652 1875 801 1913 propter
819 1869 955 1914 patriae
973 1868 1146 1902 defensio-

150 1934 233 1955 nem
265 1921 514 1965 periclitantes.
573 1920 666 1955 Nam
692 1920 729 1953 in
755 1920 832 1954 aliis
856 1920 1056 1954 civitatibus
1079 1926 1148 1953 sta-

151 1980 234 2007 tuae
264 1973 531 2017 conspiciuntur
559 1970 794 2013 athletarum,
838 1972 874 2004 in
906 1978 1027 2006 nostra
1061 1984 1146 2005 vero

150 2025 279 2060 ducum
306 2032 339 2058 et
366 2024 671 2070 tyrannicidarum
690 2024 747 2071 33).
807 2024 913 2057 Tales
938 2031 1054 2057 autem
1080 2023 1147 2056 viri

153 2077 256 2123 pauci
274 2077 506 2110 inveniuntur
531 2077 565 2108 in
591 2082 663 2109 tota
682 2076 851 2116 Graecia,
888 2088 967 2109 cnm
992 2073 1146 2108 athletae

154 2137 187 2163 et
215 2129 365 2168 similes,
407 2128 468 2174 qui
501 2129 535 2160 in
566 2128 773 2172 spectaculis
807 2127 975 2167 vincunt,
1014 2127 1145 2172 passim

153 2181 256 2214 multi
272 2181 341 2214 sint
360 2186 392 2213 et
409 2180 551 2213 fuerint.
606 2180 654 2212 Ut
677 2179 783 2223 igitur
810 2179 957 2213 ducibus
981 2178 1146 2219 laudatis,

154 2239 325 2278 tanquam
349 2231 597 2270 benemeritis,
632 2229 788 2264 honores
813 2231 988 2270 tribuitis,
1022 2231 1069 2263 ita
1095 2230 1146 2263 iu-

154 2291 245 2317 stum
277 2290 327 2317 est
356 2283 492 2327 patriae
528 2283 730 2327 proditores
766 2283 930 2316 extremis
964 2282 1146 2327 suppliciis

155 2335 244 2367 affici
264 2335 322 2381 ³⁴²),

255 2411 328 2445 Nec
361 2424 446 2445 vero
478 2412 660 2445 absolvere
686 2411 894 2444 Leocratem
918 2411 1083 2455 potestis,
1117 2413 1144 2446 si

154 2463 281 2496 iustam
300 2464 510 2497 sententiam
528 2464 618 2496 serre
636 2463 838 2503 volueritis,
867 2463 948 2508 qnia
973 2464 1015 2496 de
1040 2464 1145 2497 simili

188 2614 237 2642 33)
257 2614 288 2637 Η.
309 2614 326 2636 1.
352 2612 379 2636 in
401 2613 484 2636 Editt.
508 2614 599 2641 1548..
626 2614 699 2637 1554.
718 2615 783 2636 nota
802 2612 932 2643 margin.:
960 2612 1010 2641 Qui
1030 2612 1144 2637 interse-

224 2651 319 2672 cet-unt
340 2648 519 2677 Hippuri-hum
539 2650 565 2671 et
587 2649 658 2671 tilios
679 2648 800 2677 Hippiae.

189 2701 238 2729 34)
260 2702 289 2724 Η.
312 2701 327 2724 Ι.
350 2700 375 2723 in
402 2700 496 2723 iisdem
519 2700 599 2723 Editt.
620 2702 684 2724 uota
704 2700 835 2727 mai-:ina
861 2700 1004 2724 Concludit
1023 2703 1142 2727 antithe-

227 2735 263 2759 si:
285 2736 349 2759 Cum
370 2735 408 2758 illi
429 2735 502 2764 digni
522 2735 577 2757 sint
597 2735 691 2757 lande.
711 2736 752 2758 iiic
772 2740 858 2764 poena
877 2735 1020 2760 afficiatur.

724 111 845 146 PHIL.
879 110 990 145 MEL.
1024 108 1227 145 SCRIPTA
1259 110 1594 147 PHILOLOGICA.

1158 230 1160 247 ξ
1185 196 1314 229 delicto
1334 197 1402 230 iam
1422 204 1524 231 antea
1541 199 1611 232 lata
1632 204 1681 232 est
1705 198 1879 232 sententia
1898 197 1955 244 35).

1849 137 1862 149 .
2101 113 2178 151 952

2009 198 2101 233 Nam
2126 213 2177 234 se-

1185 253 1289 280 natus
1307 247 1344 280 in
1360 249 1549 292 Areopago
1563 277 1571 289 ‚
1600 250 1697 283 cuius
1715 250 1939 283 severitatem
1964 262 2044 283 cum
2066 252 2178 284 maxi-

1187 350 1387 394 exemplum
1406 358 1633 394 aspernetur,
1650 359 1734 385 tunc
1750 352 1922 395 fugientes
1940 358 2001 386 aut
2017 354 2180 386 deseren-

1188 407 1238 434 tes
1255 401 1407 444 patriam
1434 408 1624 442 retractos,
1659 409 1830 448 tanquam
1859 402 1996 444 hostes,
2030 404 2181 438 interfici

1188 458 1299 485 lussit.

1293 502 1382 536 Cum
1400 508 1518 536 autem
1536 504 1604 536 alia
1625 504 1752 537 iudicia
1771 507 1812 538 de
1834 507 1939 539 caede
1962 506 2181 540 sanctissime

1188 551 1246 586 hic
1262 560 1405 587 senatus
1425 561 1603 595 exerceat,
1630 567 1704 588 non
1727 563 1777 589 est
1801 556 2073 590 existimandum
2099 570 2181 591 eum

1190 611 1273 638 tunc
1289 605 1425 650 aliquid
1443 606 1621 639 crudelius
1637 606 1672 638 in
1696 607 1786 640 cives
1810 608 2017 642 decrevisse.
2069 608 2182 642 Auto-

1189 656 1306 701 lycum
1325 662 1443 689 autem
1462 670 1524 690 vos
1543 657 1610 701 ipsi
1627 659 1907 697 condemnastis,
1936 659 1997 704 qui
2020 671 2094 692 non
2114 660 2183 694 dis·

1191 708 1292 741 cessit
1310 707 1404 751 ipse,
1431 709 1491 741 sed
1508 721 1655 741 uxorem
1681 716 1715 742 et
1738 721 1867 753 parvos
1890 709 2020 744 liberos
2042 711 2182 755 ablega-

1191 759 1252 792 vit.
1307 758 1411 792 Hunc
1429 772 1507 793 cum
1526 772 1642 804 poena
1663 760 1847 794 asiiceretis
1862 760 1908 806 3⁶)
1921 787 1929 800 ,
1962 761 2023 805 qui
2041 773 2181 806 gregem

1190 811 1283 843 hello
1313 810 1476 846 inutilem
1508 811 1660 851 dimisit,
1698 812 1782 858 quid
1811 812 2038 845 statuendum
2067 819 2118 846 est
2142 814 2185 846 de

1192 862 1290 902 xiro,
1320 862 1380 907 qui
1399 863 1535 906 patriae
1552 864 1703 907 gratiam
1721 876 1787 907 pro
1808 863 2005 897 nutritione
2029 863 2184 898 debitam

1192 926 1266 947 non
1283 913 1424 946 reddit?

1296 965 1425 998 Postea
1445 972 1477 998 et
1500 966 1654 1009 populus
1678 967 1858 999 decretum
1883 965 1983 1005 fecit,
2017 971 2057 998 ut
2078 964 2187 998 disce-

1194 1018 1316 1049 dentes
1334 1023 1368 1049 et
1385 1029 1573 1050 commune
1591 1017 1787 1061 periculum
1807 1017 1998 1061 fugientes,
2017 1017 2187 1050 duceren-

1194 1074 1252 1101 tur
1282 1068 1333 1100 rei
1364 1068 1600 1112 proditionis,
1642 1075 1675 1101 et
1701 1069 1925 1101 afficerentur
1946 1067 2081 1101 ultimis
2107 1080 2189 1112 sup-

1194 1119 1321 1164 pliciis.
1493 1152 1495 1154 .

1299 1169 1387 1203 Cum
1407 1176 1524 1203 autem
1541 1170 1736 1204 sententiae
1756 1176 1955 1215 congruant
1969 1169 2016 1217 3⁷)
2034 1176 2068 1203 et
2087 1181 2188 1203 sena-

1196 1229 1251 1256 tus
1275 1221 1310 1254 in
1336 1221 1546 1265 Areopago,
1584 1229 1617 1255 et
1640 1222 1818 1262 iudicum,
1854 1221 1915 1267 qui
1942 1227 2026 1255 tunc
2041 1221 2190 1266 Autoly-

1197 1287 1275 1307 cum
1294 1274 1531 1313 damnarunt,
1559 1280 1592 1306 et
1610 1275 1788 1306 decretum
1809 1272 1933 1317 populi
1952 1273 2046 1306 idem
2066 1284 2190 1306 sanxe-

1196 1325 1262 1364 rit,
1289 1336 1518 1369 nequaquam
1535 1324 1664 1358 iustum
1686 1324 1752 1357 erit
1767 1323 1979 1358 sententiam
1995 1321 2050 1358 his
2075 1336 2191 1357 exem-

1196 1376 1264 1421 plis
1285 1382 1318 1408 et
1336 1375 1484 1408 decretis
1501 1376 1718 1409 contrariam
1737 1377 1840 1409 serre.
1894 1374 2069 1408 Omnium
2093 1375 2188 1408 enim

1197 1426 1427 1472 ingratissimi
1447 1427 1566 1460 essetis
1583 1434 1616 1460 et
1633 1427 1866 1471 paucissimos
1888 1423 2047 1460 habituri
2072 1426 2191 1461 essetis

1196 1479 1334 1524 patriae
1355 1478 1568 1512 defensores.

1299 1529 1351 1562 Ex
1368 1527 1442 1569 his,
1472 1542 1563 1574 quae
1580 1529 1671 1569 dixi,
1700 1529 1925 1573 perspicuum
1942 1535 2012 1568 est,
2039 1526 2194 1561 Leocra-

1198 1588 1269 1614 tem
1293 1593 1394 1614 reum
1420 1593 1492 1614 esse
1516 1581 1631 1614 laesae
1657 1580 1872 1621 maiestatis,
1914 1585 1948 1613 et
1971 1591 2088 1624 poena
2118 1579 2192 1612 affi-

1199 1633 1363 1666 ciendum
1383 1644 1468 1665 esse.

1301 1682 1462 1727 Intelligo
1481 1690 1598 1717 autem
1618 1695 1764 1716 usurum
1784 1695 1856 1716 esse
1875 1679 1942 1715 hac
1967 1681 2192 1716 excusatione

1200 1737 1244 1769 ad
1276 1748 1339 1769 vos
1366 1735 1594 1780 decipiendos
1620 1734 1686 1780 3²³³),
1721 1735 1816 1780 quod
1841 1739 2063 1768 mercaturae
2088 1745 2191 1768 causa

1199 1786 1441 1832 navigaverit,
1469 1793 1501 1820 et
1515 1793 1663 1831 propter
1688 1798 1765 1819 eam
1792 1785 1828 1818 in
1845 1782 1976 1819 Rhodo
1998 1791 2038 1819 ut
2063 1783 2191 1830 hospes

1200 1845 1443 1874 commoratus
1461 1838 1517 1873 sit.
1569 1838 1607 1872 Id
1625 1838 1850 1871 mendacium
1870 1837 2027 1882 primum
2048 1834 2116 1870 hoc
2137 1848 2193 1869 ar-

1200 1897 1369 1936 gumento
1396 1890 1544 1924 refutari
1568 1896 1694 1935 potest.
1756 1889 1973 1922 Mei-catores
1998 1887 2093 1921 enim
2116 1900 2191 1921 non

1201 1956 1241 1977 ex
1257 1944 1376 1976 littore
1392 1955 1456 1987 per
1474 1955 1621 1987 parvam
1640 1947 1780 1986 portam
1808 1939 2038 1984 egrediuntur
2061 1940 2106 1973 ad
2129 1951 2192 1972 na-

1200 1995 1358 2042 vi11139),
1385 1995 1444 2028 sed
1462 1995 1580 2039 palam
1600 1993 1636 2026 in
1661 1998 1767 2037 portu
1789 1998 1822 2024 et
1847 1991 1884 2024 in
1910 1991 2072 2024 omnium
2102 2002 2189 2025 con-

1200 2053 1320 2092 speetu
1334 2073 1342 2086 ,
1383 2052 1416 2079 et
1442 2046 1535 2079 inter
1566 2045 1762 2078 amicorum
1797 2043 2021 2087 complexus,
2063 2043 2191 2076 deinde

1199 2112 1274 2133 non
1293 2098 1478 2132 discedunt
1497 2110 1574 2130 cum
1593 2094 1789 2129 concubina
1808 2101 1841 2127 et
1857 2094 2012 2134 ancillis,
2039 2095 2100 2128 sed
2124 2094 2191 2128 soli

1200 2164 1279 2185 cum
1297 2162 1411 2184 servo.
1471 2148 1608 2182 Deinde
1634 2147 1816 2193 quomodo
1842 2145 2051 2180 conveniret
2076 2157 2190 2180 annos

1201 2210 1293 2237 totos
1316 2201 1474 2247 quinque
1500 2200 1611 2233 civem
1635 2198 1791 2231 Atticum
1817 2195 1980 2231 habitare
2009 2197 2046 2230 in
2069 2196 2190 2241 Mega-

1199 2255 1266 2295 ris,
1295 2260 1327 2286 et
1346 2253 1534 2286 transferre
1558 2257 1722 2295 penates,
1752 2256 1786 2282 et
1804 2251 1970 2294 domum,
1999 2260 2106 2294 quam
2133 2246 2191 2282 hic

1199 2305 1342 2345 habuit,
1369 2305 1541 2343 vendere,
1569 2302 1638 2336 nisi
1657 2301 1941 2335 condemnaretis
1967 2313 2047 2334 eum
2068 2300 2192 2345 prodi-

1200 2359 1307 2392 tionis
1326 2356 1461 2401 patriae
1480 2362 1512 2388 et
1529 2354 1766 2387 maximorum
1789 2353 1980 2393 scelerum,
2008 2364 2086 2385 cum
2113 2351 2191 2398 qui-

1232 2494 1282 2522 ³5)
1304 2495 1336 2519 Η.
1364 2494 1382 2517 l.
1407 2493 1432 2516 iu
1459 2492 1553 2515 iisdem
1579 2490 1662 2515 Editt.
1690 2491 1755 2514 uota
1779 2489 1913 2519 margin.:
1944 2487 2127 2518 Amplifieatio
2150 2487 2185 2511 ab

1268 2529 1399 2558 exemplis
1418 2534 1465 2550 seu
1487 2527 1610 2549 iudicatis
1627 2531 1659 2549 ac
1679 2525 1796 2548 decretis
1817 2523 1959 2554 prioribus.

1231 2582 1280 2610 ³6)
1299 2581 1331 2604 Η.
1352 2581 1368 2604 1.
1390 2579 1415 2603 in
1435 2579 1529 2602 iisdem
1548 2578 1630 2603 Editt.
1650 2578 1714 2601 nota
1732 2576 1863 2607 mai-giu.:
1891 2575 1923 2600 A.
1942 2572 2049 2597 minori.

1230 2633 1278 2661 37)
1299 2633 1330 2656 Η.
1349 2633 1367 2657 l.
1389 2631 1414 2654 in
1434 2631 1528 2654 iisdem
1548 2630 1630 2653 Editt.
1650 2630 1715 2653 nota
1733 2627 1865 2658 margins
1892 2624 2048 2650 Conclusio.

1230 2686 1278 2713 38)
1299 2685 1329 2709 Η.
1351 2685 1368 2708 Ι.
1389 2683 1415 2707 in
1436 2683 1531 2706 iisdem
1550 2682 1634 2706 Editt.
1655 2682 1718 2704 uota
1738 2679 1871 2710 inargi11.:
1900 2675 2067 2702 Confutatio.

1230 2738 1278 2766 39)
1299 2738 1330 2762 Η.
1351 2737 1367 2760 1.
1388 2736 1414 2759 in
1434 2736 1529 2759 iisdem
1551 2734 1631 2758 Editt.
1653 2733 1716 2757 nota
1743 2730 1874 2762 margins
1900 2728 2041 2754 Refutatio
2060 2726 2187 2754 minoris.
