<?xml version="1.0" encoding="UTF-8"?>
<!DOCTYPE html PUBLIC "-//W3C//DTD XHTML 1.0 Transitional//EN"
    "http://www.w3.org/TR/xhtml1/DTD/xhtml1-transitional.dtd">
<html xmlns="http://www.w3.org/1999/xhtml" xml:lang="en" lang="en">
 <head>
  <title>
</title>
<meta http-equiv="Content-Type" content="text/html;charset=utf-8" />
  <meta name='ocr-system' content='tesseract 3.04.00' />
  <meta name='ocr-capabilities' content='ocr_page ocr_carea ocr_par ocr_line ocrx_word'/>
</head>
<body>
  <div class='ocr_page' id='page_1' title='image "./operaquaesupersu17melauoft_0267.png"; bbox 0 0 2351 2990; ppageno 0'>
   <div class='ocr_carea' id='block_1_1' title="bbox 122 110 198 146">
    <p class='ocr_par' dir='ltr' id='par_1_1' title="bbox 122 110 198 146">
     <span class='ocr_line' id='line_1_1' title="bbox 122 110 198 146; baseline 0 0"><span class='ocrx_word' id='word_1_1' title='bbox 122 110 198 146; x_wconf 85' lang='lat'>509</span> 
     </span>
    </p>
   </div>
   <div class='ocr_carea' id='block_1_2' title="bbox 308 193 931 240">
    <p class='ocr_par' dir='ltr' id='par_1_2' title="bbox 308 193 931 240">
     <span class='ocr_line' id='line_1_2' title="bbox 308 193 931 240; baseline -0.003 -9"><span class='ocrx_word' id='word_1_2' title='bbox 308 194 493 231; x_wconf 85' lang='lat' dir='ltr'>Scholia</span> <span class='ocrx_word' id='word_1_3' title='bbox 533 195 577 228; x_wconf 87' lang='lat' dir='ltr'>in</span> <span class='ocrx_word' id='word_1_4' title='bbox 607 194 854 240; x_wconf 86' lang='lat' dir='ltr'>epistolam</span> <span class='ocrx_word' id='word_1_5' title='bbox 888 193 931 230; x_wconf 89' lang='grc' dir='ltr'>Π.</span> 
     </span>
    </p>
   </div>
   <div class='ocr_carea' id='block_1_3' title="bbox 119 270 957 523">
    <p class='ocr_par' dir='ltr' id='par_1_3' title="bbox 120 270 866 423">
     <span class='ocr_line' id='line_1_3' title="bbox 228 270 817 320; baseline -0.003 -12"><span class='ocrx_word' id='word_1_6' title='bbox 228 271 260 318; x_wconf 59' lang='grc' dir='ltr'>ἓ.</span> <span class='ocrx_word' id='word_1_7' title='bbox 280 275 313 308; x_wconf 89' lang='lat'>1.</span> <span class='ocrx_word' id='word_1_8' title='bbox 340 274 421 308; x_wconf 72' lang='lat' dir='ltr'>Noli</span> <span class='ocrx_word' id='word_1_9' title='bbox 439 270 579 320; x_wconf 77' lang='lat' dir='ltr'>putare]</span> <span class='ocrx_word' id='word_1_10' title='bbox 605 270 817 306; x_wconf 76' lang='lat' dir='ltr'>Exordium.</span> 
     </span>
     <span class='ocr_line' id='line_1_4' title="bbox 123 323 866 371; baseline 0 -13"><span class='ocrx_word' id='word_1_11' title='bbox 123 325 221 371; x_wconf 89' lang='lat' dir='ltr'>quod</span> <span class='ocrx_word' id='word_1_12' title='bbox 238 325 327 358; x_wconf 92' lang='lat' dir='ltr'>nulli</span> <span class='ocrx_word' id='word_1_13' title='bbox 345 323 525 368; x_wconf 85' lang='lat' dir='ltr'>longiores</span> <span class='ocrx_word' id='word_1_14' title='bbox 541 323 708 368; x_wconf 77' lang='lat' dir='ltr'>epistolas</span> <span class='ocrx_word' id='word_1_15' title='bbox 724 323 866 358; x_wconf 76' lang='lat' dir='ltr'>scribat.</span> 
     </span>
     <span class='ocr_line' id='line_1_5' title="bbox 120 371 752 423; baseline 0 -13"><span class='ocrx_word' id='word_1_16' title='bbox 120 378 223 410; x_wconf 77' lang='lat' dir='ltr'>habeo</span> <span class='ocrx_word' id='word_1_17' title='bbox 232 375 300 422; x_wconf 88' lang='lat' dir='ltr'>u)]</span> <span class='ocrx_word' id='word_1_18' title='bbox 329 372 533 423; x_wconf 72' lang='grc' dir='ltr'><em>αἰτιολογία</em></span> <span class='ocrx_word' id='word_1_19' title='bbox 548 371 752 420; x_wconf 76' lang='grc' dir='ltr'><em>παθητική.</em></span> 
     </span>
    </p>

    <p class='ocr_par' dir='ltr' id='par_1_4' title="bbox 119 423 957 523">
     <span class='ocr_line' id='line_1_6' title="bbox 225 423 957 473; baseline 0 -13"><span class='ocrx_word' id='word_1_20' title='bbox 225 425 254 471; x_wconf 63' lang='grc' dir='ltr'>ἓ.</span> <span class='ocrx_word' id='word_1_21' title='bbox 273 429 307 462; x_wconf 77' lang='grc'>2.</span> <span class='ocrx_word' id='word_1_22' title='bbox 342 428 499 460; x_wconf 69' lang='lat' dir='ltr'>Pisonem</span> <span class='ocrx_word' id='word_1_23' title='bbox 513 423 745 473; x_wconf 75' lang='lat' dir='ltr'>nost1·um¹²)]</span> <span class='ocrx_word' id='word_1_24' title='bbox 772 424 957 460; x_wconf 82' lang='lat' dir='ltr'>Narratio.</span> 
     </span>
     <span class='ocr_line' id='line_1_7' title="bbox 119 476 804 523; baseline -0.003 -10"><span class='ocrx_word' id='word_1_25' title='bbox 119 490 192 512; x_wconf 82' lang='lat' dir='ltr'>meu</span> <span class='ocrx_word' id='word_1_26' title='bbox 206 479 285 523; x_wconf 63' lang='lat' dir='ltr'>lux]</span> <span class='ocrx_word' id='word_1_27' title='bbox 312 476 553 522; x_wconf 85' lang='lat' dir='ltr'>Amplificatio</span> <span class='ocrx_word' id='word_1_28' title='bbox 570 476 804 521; x_wconf 68' lang='lat' dir='ltr'>indignitatis.</span> 
     </span>
    </p>
   </div>
   <div class='ocr_carea' id='block_1_4' title="bbox 871 271 1116 358">
    <p class='ocr_par' dir='ltr' id='par_1_5' title="bbox 871 271 1116 358">
     <span class='ocr_line' id='line_1_8' title="bbox 871 271 1116 316; baseline -0.008 -10"><span class='ocrx_word' id='word_1_29' title='bbox 871 271 1116 316; x_wconf 81' lang='lat' dir='ltr'>Comparatio,</span> 
     </span>
     <span class='ocr_line' id='line_1_9' title="bbox 939 325 1116 358; baseline 0 -1"><span class='ocrx_word' id='word_1_30' title='bbox 939 325 1011 358; x_wconf 86' lang='lat' dir='ltr'>Nec</span> <span class='ocrx_word' id='word_1_31' title='bbox 1025 325 1116 357; x_wconf 81' lang='lat' dir='ltr'>enim</span> 
     </span>
    </p>
   </div>
   <div class='ocr_carea' id='block_1_5' title="bbox 1014 426 1112 465">
    <p class='ocr_par' dir='ltr' id='par_1_6' title="bbox 1014 426 1112 465">
     <span class='ocr_line' id='line_1_10' title="bbox 1014 426 1112 465; baseline -0.01 -6"><span class='ocrx_word' id='word_1_32' title='bbox 1014 426 1112 465; x_wconf 84' lang='lat' dir='ltr'>Hem,</span> 
     </span>
    </p>
   </div>
   <div class='ocr_carea' id='block_1_6' title="bbox 413 551 811 598">
    <p class='ocr_par' dir='ltr' id='par_1_7' title="bbox 413 551 811 598">
     <span class='ocr_line' id='line_1_11' title="bbox 413 551 811 598; baseline 0.003 -13"><span class='ocrx_word' id='word_1_33' title='bbox 413 551 811 598; x_wconf 66' lang='lat' dir='ltr'>Argumentumlss).</span> 
     </span>
    </p>
   </div>
   <div class='ocr_carea' id='block_1_7' title="bbox 114 617 1111 1224">
    <p class='ocr_par' dir='ltr' id='par_1_8' title="bbox 114 617 1111 1224">
     <span class='ocr_line' id='line_1_12' title="bbox 220 617 1111 664; baseline -0.003 -12"><span class='ocrx_word' id='word_1_34' title='bbox 220 617 325 652; x_wconf 81' lang='lat' dir='ltr'>Mixti</span> <span class='ocrx_word' id='word_1_35' title='bbox 342 619 480 662; x_wconf 89' lang='lat' dir='ltr'>generis</span> <span class='ocrx_word' id='word_1_36' title='bbox 501 619 648 664; x_wconf 89' lang='lat' dir='ltr'>epistola</span> <span class='ocrx_word' id='word_1_37' title='bbox 669 625 731 653; x_wconf 90' lang='lat' dir='ltr'>est.</span> <span class='ocrx_word' id='word_1_38' title='bbox 774 618 896 652; x_wconf 87' lang='lat' dir='ltr'>Prima</span> <span class='ocrx_word' id='word_1_39' title='bbox 916 617 1010 651; x_wconf 88' lang='lat' dir='ltr'>enim</span> <span class='ocrx_word' id='word_1_40' title='bbox 1029 628 1111 661; x_wconf 91' lang='lat' dir='ltr'>pars</span> 
     </span>
     <span class='ocr_line' id='line_1_13' title="bbox 116 668 1109 715; baseline -0.005 -11"><span class='ocrx_word' id='word_1_41' title='bbox 116 669 325 715; x_wconf 86' lang='lat' dir='ltr'>purgatoria</span> <span class='ocrx_word' id='word_1_42' title='bbox 363 676 415 704; x_wconf 88' lang='lat' dir='ltr'>est</span> <span class='ocrx_word' id='word_1_43' title='bbox 445 681 509 714; x_wconf 90' lang='lat' dir='ltr'>per</span> <span class='ocrx_word' id='word_1_44' title='bbox 543 670 816 703; x_wconf 75' lang='lat' dir='ltr'>translationem</span> <span class='ocrx_word' id='word_1_45' title='bbox 852 669 890 702; x_wconf 94' lang='lat' dir='ltr'>in</span> <span class='ocrx_word' id='word_1_46' title='bbox 930 668 1109 702; x_wconf 88' lang='lat' dir='ltr'>tristitiam</span> 
     </span>
     <span class='ocr_line' id='line_1_14' title="bbox 117 718 1111 765; baseline -0.004 -11"><span class='ocrx_word' id='word_1_47' title='bbox 117 728 343 765; x_wconf 89' lang='lat' dir='ltr'>temporum,</span> <span class='ocrx_word' id='word_1_48' title='bbox 387 733 450 754; x_wconf 92' lang='lat' dir='ltr'>cur</span> <span class='ocrx_word' id='word_1_49' title='bbox 473 721 656 754; x_wconf 87' lang='lat' dir='ltr'>breviores</span> <span class='ocrx_word' id='word_1_50' title='bbox 679 721 816 754; x_wconf 83' lang='lat' dir='ltr'>litteras</span> <span class='ocrx_word' id='word_1_51' title='bbox 841 719 982 753; x_wconf 89' lang='lat' dir='ltr'>scribat.</span> <span class='ocrx_word' id='word_1_52' title='bbox 1051 718 1111 751; x_wconf 90' lang='lat' dir='ltr'>Se-</span> 
     </span>
     <span class='ocr_line' id='line_1_15' title="bbox 117 770 1111 817; baseline -0.004 -12"><span class='ocrx_word' id='word_1_53' title='bbox 117 773 233 805; x_wconf 89' lang='lat' dir='ltr'>cunda</span> <span class='ocrx_word' id='word_1_54' title='bbox 251 784 333 817; x_wconf 88' lang='lat' dir='ltr'>pars</span> <span class='ocrx_word' id='word_1_55' title='bbox 359 778 411 805; x_wconf 87' lang='lat' dir='ltr'>est</span> <span class='ocrx_word' id='word_1_56' title='bbox 430 773 656 812; x_wconf 84' lang='lat' dir='ltr'>narratoria,</span> <span class='ocrx_word' id='word_1_57' title='bbox 689 771 879 816; x_wconf 87' lang='lat' dir='ltr'>praecipue</span> <span class='ocrx_word' id='word_1_58' title='bbox 903 770 946 802; x_wconf 87' lang='lat' dir='ltr'>de</span> <span class='ocrx_word' id='word_1_59' title='bbox 970 780 1031 812; x_wconf 90' lang='lat' dir='ltr'>spe</span> <span class='ocrx_word' id='word_1_60' title='bbox 1056 780 1111 801; x_wconf 87' lang='lat' dir='ltr'>re-</span> 
     </span>
     <span class='ocr_line' id='line_1_16' title="bbox 115 817 1108 868; baseline -0.004 -13"><span class='ocrx_word' id='word_1_61' title='bbox 115 823 222 858; x_wconf 86' lang='lat' dir='ltr'>ditus.</span> <span class='ocrx_word' id='word_1_62' title='bbox 265 823 426 857; x_wconf 81' lang='lat' dir='ltr'>Attexuit</span> <span class='ocrx_word' id='word_1_63' title='bbox 441 822 547 856; x_wconf 89' lang='lat' dir='ltr'>etiam</span> <span class='ocrx_word' id='word_1_64' title='bbox 563 823 745 868; x_wconf 89' lang='lat' dir='ltr'>querelam</span> <span class='ocrx_word' id='word_1_65' title='bbox 760 822 844 855; x_wconf 89' lang='lat' dir='ltr'>satis</span> <span class='ocrx_word' id='word_1_66' title='bbox 862 817 1108 853; x_wconf 87' lang='lat' dir='ltr'>vehementem</span> 
     </span>
     <span class='ocr_line' id='line_1_17' title="bbox 117 870 1110 918; baseline -0.003 -11"><span class='ocrx_word' id='word_1_67' title='bbox 117 880 153 907; x_wconf 84' lang='lat' dir='ltr'>et</span> <span class='ocrx_word' id='word_1_68' title='bbox 166 872 382 918; x_wconf 84' lang='lat' dir='ltr'>patheticam</span> <span class='ocrx_word' id='word_1_69' title='bbox 400 874 443 907; x_wconf 92' lang='lat' dir='ltr'>de</span> <span class='ocrx_word' id='word_1_70' title='bbox 460 873 604 917; x_wconf 84' lang='lat' dir='ltr'>indigna</span> <span class='ocrx_word' id='word_1_71' title='bbox 624 872 859 917; x_wconf 81' lang='lat' dir='ltr'>exagitatione</span> <span class='ocrx_word' id='word_1_72' title='bbox 876 883 959 905; x_wconf 90' lang='lat' dir='ltr'>suae</span> <span class='ocrx_word' id='word_1_73' title='bbox 977 870 1110 904; x_wconf 83' lang='lat' dir='ltr'>uxoris.</span> 
     </span>
     <span class='ocr_line' id='line_1_18' title="bbox 115 922 1111 968; baseline -0.004 -10"><span class='ocrx_word' id='word_1_74' title='bbox 115 925 304 959; x_wconf 86' lang='lat' dir='ltr'>Postremo</span> <span class='ocrx_word' id='word_1_75' title='bbox 328 925 421 958; x_wconf 90' lang='lat' dir='ltr'>redit</span> <span class='ocrx_word' id='word_1_76' title='bbox 444 926 489 957; x_wconf 91' lang='lat' dir='ltr'>ad</span> <span class='ocrx_word' id='word_1_77' title='bbox 515 924 781 964; x_wconf 85' lang='lat' dir='ltr'>narrationem,</span> <span class='ocrx_word' id='word_1_78' title='bbox 822 935 892 968; x_wconf 90' lang='lat' dir='ltr'>qua</span> <span class='ocrx_word' id='word_1_79' title='bbox 919 922 1111 965; x_wconf 82' lang='lat' dir='ltr'>respondet</span> 
     </span>
     <span class='ocr_line' id='line_1_19' title="bbox 116 973 1109 1020; baseline -0.004 -11"><span class='ocrx_word' id='word_1_80' title='bbox 116 976 222 1009; x_wconf 79' lang='lat' dir='ltr'>uxori</span> <span class='ocrx_word' id='word_1_81' title='bbox 237 977 281 1009; x_wconf 92' lang='lat' dir='ltr'>ad</span> <span class='ocrx_word' id='word_1_82' title='bbox 299 987 358 1016; x_wconf 88' lang='lat' dir='ltr'>ea,</span> <span class='ocrx_word' id='word_1_83' title='bbox 386 988 477 1020; x_wconf 87' lang='lat' dir='ltr'>quae</span> <span class='ocrx_word' id='word_1_84' title='bbox 500 976 543 1008; x_wconf 85' lang='lat' dir='ltr'>de</span> <span class='ocrx_word' id='word_1_85' title='bbox 568 975 676 1008; x_wconf 90' lang='lat' dir='ltr'>domo</span> <span class='ocrx_word' id='word_1_86' title='bbox 696 975 887 1008; x_wconf 83' lang='lat' dir='ltr'>reficienda</span> <span class='ocrx_word' id='word_1_87' title='bbox 909 973 1109 1018; x_wconf 86' lang='lat' dir='ltr'>scripserat.</span> 
     </span>
     <span class='ocr_line' id='line_1_20' title="bbox 119 1024 1110 1066; baseline -0.001 -7"><span class='ocrx_word' id='word_1_88' title='bbox 119 1026 244 1060; x_wconf 84' lang='lat' dir='ltr'>Cicero</span> <span class='ocrx_word' id='word_1_89' title='bbox 263 1033 402 1066; x_wconf 87' lang='lat' dir='ltr'>monet,</span> <span class='ocrx_word' id='word_1_90' title='bbox 436 1038 480 1059; x_wconf 89' lang='lat' dir='ltr'>ne</span> <span class='ocrx_word' id='word_1_91' title='bbox 496 1039 531 1060; x_wconf 90' lang='lat' dir='ltr'>se</span> <span class='ocrx_word' id='word_1_92' title='bbox 550 1026 608 1058; x_wconf 89' lang='lat' dir='ltr'>illa</span> <span class='ocrx_word' id='word_1_93' title='bbox 629 1038 666 1059; x_wconf 89' lang='lat' dir='ltr'>re</span> <span class='ocrx_word' id='word_1_94' title='bbox 687 1025 861 1059; x_wconf 85' lang='lat' dir='ltr'>excruciet</span> <span class='ocrx_word' id='word_1_95' title='bbox 877 1031 911 1058; x_wconf 90' lang='lat' dir='ltr'>et</span> <span class='ocrx_word' id='word_1_96' title='bbox 928 1024 1110 1058; x_wconf 85' lang='lat' dir='ltr'>laboribus</span> 
     </span>
     <span class='ocr_line' id='line_1_21' title="bbox 114 1075 1108 1122; baseline -0.003 -12"><span class='ocrx_word' id='word_1_97' title='bbox 114 1077 257 1121; x_wconf 82' lang='lat' dir='ltr'>fatiget,</span> <span class='ocrx_word' id='word_1_98' title='bbox 284 1079 344 1111; x_wconf 89' lang='lat' dir='ltr'>sed</span> <span class='ocrx_word' id='word_1_99' title='bbox 361 1077 480 1122; x_wconf 90' lang='lat' dir='ltr'>potius</span> <span class='ocrx_word' id='word_1_100' title='bbox 499 1077 694 1110; x_wconf 86' lang='lat' dir='ltr'>valetudini</span> <span class='ocrx_word' id='word_1_101' title='bbox 713 1077 885 1110; x_wconf 85' lang='lat' dir='ltr'>consulat.</span> <span class='ocrx_word' id='word_1_102' title='bbox 930 1075 986 1108; x_wconf 88' lang='lat' dir='ltr'>Ad</span> <span class='ocrx_word' id='word_1_103' title='bbox 1001 1076 1108 1108; x_wconf 89' lang='lat' dir='ltr'>finem</span> 
     </span>
     <span class='ocr_line' id='line_1_22' title="bbox 117 1127 1108 1173; baseline -0.002 -12"><span class='ocrx_word' id='word_1_104' title='bbox 117 1135 258 1162; x_wconf 84' lang='lat' dir='ltr'>excusat</span> <span class='ocrx_word' id='word_1_105' title='bbox 280 1129 495 1173; x_wconf 86' lang='lat' dir='ltr'>paucitatem</span> <span class='ocrx_word' id='word_1_106' title='bbox 512 1128 711 1162; x_wconf 85' lang='lat' dir='ltr'>litterarum</span> <span class='ocrx_word' id='word_1_107' title='bbox 730 1134 765 1161; x_wconf 92' lang='lat' dir='ltr'>et</span> <span class='ocrx_word' id='word_1_108' title='bbox 780 1128 919 1161; x_wconf 86' lang='lat' dir='ltr'>crebras</span> <span class='ocrx_word' id='word_1_109' title='bbox 938 1127 982 1160; x_wconf 82' lang='lat' dir='ltr'>ab</span> <span class='ocrx_word' id='word_1_110' title='bbox 998 1138 1108 1160; x_wconf 76' lang='lat' dir='ltr'>uxore</span> 
     </span>
     <span class='ocr_line' id='line_1_23' title="bbox 114 1179 385 1224; baseline 0 -12"><span class='ocrx_word' id='word_1_111' title='bbox 114 1179 250 1214; x_wconf 84' lang='lat' dir='ltr'>litteras</span> <span class='ocrx_word' id='word_1_112' title='bbox 275 1186 385 1224; x_wconf 89' lang='lat' dir='ltr'>optat.</span> 
     </span>
    </p>
   </div>
   <div class='ocr_carea' id='block_1_8' title="bbox 364 1255 854 1299">
    <p class='ocr_par' dir='ltr' id='par_1_9' title="bbox 364 1255 854 1299">
     <span class='ocr_line' id='line_1_24' title="bbox 364 1255 854 1299; baseline 0 -11"><span class='ocrx_word' id='word_1_113' title='bbox 364 1255 500 1289; x_wconf 82' lang='lat' dir='ltr'>Aliud</span> <span class='ocrx_word' id='word_1_114' title='bbox 528 1260 854 1299; x_wconf 85' lang='lat' dir='ltr'>argumentum.</span> 
     </span>
    </p>
   </div>
   <div class='ocr_carea' id='block_1_9' title="bbox 110 1321 1109 1876">
    <p class='ocr_par' dir='ltr' id='par_1_10' title="bbox 110 1321 1109 1876">
     <span class='ocr_line' id='line_1_25' title="bbox 218 1321 1108 1368; baseline -0.003 -11"><span class='ocrx_word' id='word_1_115' title='bbox 218 1323 392 1368; x_wconf 85' lang='lat' dir='ltr'>Deplorat</span> <span class='ocrx_word' id='word_1_116' title='bbox 408 1323 445 1355; x_wconf 91' lang='lat' dir='ltr'>in</span> <span class='ocrx_word' id='word_1_117' title='bbox 467 1321 533 1355; x_wconf 90' lang='lat' dir='ltr'>hac</span> <span class='ocrx_word' id='word_1_118' title='bbox 557 1322 664 1355; x_wconf 86' lang='lat' dir='ltr'>etiam</span> <span class='ocrx_word' id='word_1_119' title='bbox 690 1322 840 1367; x_wconf 87' lang='lat' dir='ltr'>epistola</span> <span class='ocrx_word' id='word_1_120' title='bbox 865 1334 946 1355; x_wconf 89' lang='lat' dir='ltr'>suas</span> <span class='ocrx_word' id='word_1_121' title='bbox 971 1328 1005 1355; x_wconf 89' lang='lat' dir='ltr'>et</span> <span class='ocrx_word' id='word_1_122' title='bbox 1028 1333 1108 1355; x_wconf 90' lang='lat' dir='ltr'>suo-</span> 
     </span>
     <span class='ocr_line' id='line_1_26' title="bbox 116 1373 1109 1419; baseline -0.004 -10"><span class='ocrx_word' id='word_1_123' title='bbox 116 1388 196 1410; x_wconf 89' lang='lat' dir='ltr'>rum</span> <span class='ocrx_word' id='word_1_124' title='bbox 231 1375 469 1414; x_wconf 84' lang='lat' dir='ltr'>calamitates,</span> <span class='ocrx_word' id='word_1_125' title='bbox 509 1373 686 1419; x_wconf 88' lang='lat' dir='ltr'>simulque</span> <span class='ocrx_word' id='word_1_126' title='bbox 713 1379 835 1406; x_wconf 89' lang='lat' dir='ltr'>monet</span> <span class='ocrx_word' id='word_1_127' title='bbox 857 1385 1026 1412; x_wconf 76' lang='lat' dir='ltr'>uxorem,</span> <span class='ocrx_word' id='word_1_128' title='bbox 1069 1379 1109 1405; x_wconf 86' lang='lat' dir='ltr'>ut</span> 
     </span>
     <span class='ocr_line' id='line_1_27' title="bbox 114 1424 1109 1471; baseline -0.005 -11"><span class='ocrx_word' id='word_1_129' title='bbox 114 1427 257 1471; x_wconf 90' lang='lat' dir='ltr'>penitus</span> <span class='ocrx_word' id='word_1_130' title='bbox 273 1427 408 1459; x_wconf 87' lang='lat' dir='ltr'>abiecta</span> <span class='ocrx_word' id='word_1_131' title='bbox 425 1436 508 1457; x_wconf 90' lang='lat' dir='ltr'>cura</span> <span class='ocrx_word' id='word_1_132' title='bbox 527 1424 737 1458; x_wconf 85' lang='lat' dir='ltr'>aedificandi</span> <span class='ocrx_word' id='word_1_133' title='bbox 753 1424 993 1457; x_wconf 89' lang='lat' dir='ltr'>valetudinem</span> <span class='ocrx_word' id='word_1_134' title='bbox 1011 1429 1109 1456; x_wconf 87' lang='lat' dir='ltr'>curet</span> 
     </span>
     <span class='ocr_line' id='line_1_28' title="bbox 115 1473 1107 1518; baseline -0.002 -11"><span class='ocrx_word' id='word_1_135' title='bbox 115 1478 315 1518; x_wconf 78' lang='lat' dir='ltr'>diligenter.</span> <span class='ocrx_word' id='word_1_136' title='bbox 347 1475 544 1507; x_wconf 82' lang='lat' dir='ltr'>Exordium</span> <span class='ocrx_word' id='word_1_137' title='bbox 564 1481 615 1506; x_wconf 88' lang='lat' dir='ltr'>est</span> <span class='ocrx_word' id='word_1_138' title='bbox 631 1476 820 1517; x_wconf 83' lang='lat' dir='ltr'>figuratum</span> <span class='ocrx_word' id='word_1_139' title='bbox 839 1473 1107 1518; x_wconf 83' lang='lat' dir='ltr'>comparatione</span> 
     </span>
     <span class='ocr_line' id='line_1_29' title="bbox 113 1524 1107 1570; baseline -0.002 -12"><span class='ocrx_word' id='word_1_140' title='bbox 113 1526 335 1565; x_wconf 87' lang='lat' dir='ltr'>litterarum,</span> <span class='ocrx_word' id='word_1_141' title='bbox 363 1536 453 1570; x_wconf 91' lang='lat' dir='ltr'>quas</span> <span class='ocrx_word' id='word_1_142' title='bbox 477 1524 515 1556; x_wconf 93' lang='lat' dir='ltr'>in</span> <span class='ocrx_word' id='word_1_143' title='bbox 541 1524 645 1557; x_wconf 84' lang='lat' dir='ltr'>exilio</span> <span class='ocrx_word' id='word_1_144' title='bbox 670 1525 793 1558; x_wconf 88' lang='lat' dir='ltr'>scribit</span> <span class='ocrx_word' id='word_1_145' title='bbox 815 1525 860 1558; x_wconf 89' lang='lat' dir='ltr'>ad</span> <span class='ocrx_word' id='word_1_146' title='bbox 883 1524 1035 1563; x_wconf 87' lang='lat' dir='ltr'>amicos,</span> <span class='ocrx_word' id='word_1_147' title='bbox 1063 1525 1107 1557; x_wconf 90' lang='lat' dir='ltr'>ad</span> 
     </span>
     <span class='ocr_line' id='line_1_30' title="bbox 112 1575 1108 1620; baseline -0.004 -9"><span class='ocrx_word' id='word_1_148' title='bbox 112 1588 262 1611; x_wconf 84' lang='lat' dir='ltr'>uxorem</span> <span class='ocrx_word' id='word_1_149' title='bbox 282 1582 315 1609; x_wconf 87' lang='lat' dir='ltr'>et</span> <span class='ocrx_word' id='word_1_150' title='bbox 328 1575 471 1609; x_wconf 86' lang='lat' dir='ltr'>liberos.</span> <span class='ocrx_word' id='word_1_151' title='bbox 523 1575 728 1620; x_wconf 88' lang='lat' dir='ltr'>Sequuntur</span> <span class='ocrx_word' id='word_1_152' title='bbox 746 1582 866 1620; x_wconf 90' lang='lat' dir='ltr'>postea</span> <span class='ocrx_word' id='word_1_153' title='bbox 882 1576 1003 1609; x_wconf 85' lang='lat' dir='ltr'>variae</span> <span class='ocrx_word' id='word_1_154' title='bbox 1025 1587 1108 1608; x_wconf 89' lang='lat' dir='ltr'>nar-</span> 
     </span>
     <span class='ocr_line' id='line_1_31' title="bbox 113 1625 1107 1672; baseline -0.001 -12"><span class='ocrx_word' id='word_1_155' title='bbox 113 1627 292 1668; x_wconf 82' lang='lat' dir='ltr'>rationes,</span> <span class='ocrx_word' id='word_1_156' title='bbox 319 1633 440 1672; x_wconf 88' lang='lat' dir='ltr'>estque</span> <span class='ocrx_word' id='word_1_157' title='bbox 463 1625 628 1671; x_wconf 85' lang='lat' dir='ltr'>inprimis</span> <span class='ocrx_word' id='word_1_158' title='bbox 645 1627 889 1667; x_wconf 78' lang='lat' dir='ltr'>observanda,</span> <span class='ocrx_word' id='word_1_159' title='bbox 916 1639 1007 1672; x_wconf 90' lang='lat' dir='ltr'>quae</span> <span class='ocrx_word' id='word_1_160' title='bbox 1024 1639 1107 1659; x_wconf 91' lang='lat' dir='ltr'>con-</span> 
     </span>
     <span class='ocr_line' id='line_1_32' title="bbox 113 1678 1106 1722; baseline -0.002 -10"><span class='ocrx_word' id='word_1_161' title='bbox 113 1679 204 1712; x_wconf 89' lang='lat' dir='ltr'>tinet</span> <span class='ocrx_word' id='word_1_162' title='bbox 221 1678 518 1722; x_wconf 85' lang='lat' dir='ltr'>descriptionem,</span> <span class='ocrx_word' id='word_1_163' title='bbox 550 1679 733 1722; x_wconf 87' lang='lat' dir='ltr'>quomodo</span> <span class='ocrx_word' id='word_1_164' title='bbox 750 1691 842 1711; x_wconf 83' lang='lat' dir='ltr'>uxor</span> <span class='ocrx_word' id='word_1_165' title='bbox 857 1678 965 1711; x_wconf 88' lang='lat' dir='ltr'>fuerit</span> <span class='ocrx_word' id='word_1_166' title='bbox 982 1679 1106 1711; x_wconf 89' lang='lat' dir='ltr'>crude—</span> 
     </span>
     <span class='ocr_line' id='line_1_33' title="bbox 113 1727 1107 1763; baseline -0.001 -1"><span class='ocrx_word' id='word_1_167' title='bbox 113 1730 195 1763; x_wconf 85' lang='lat' dir='ltr'>liter</span> <span class='ocrx_word' id='word_1_168' title='bbox 210 1730 318 1762; x_wconf 90' lang='lat' dir='ltr'>domo</span> <span class='ocrx_word' id='word_1_169' title='bbox 336 1729 445 1762; x_wconf 88' lang='lat' dir='ltr'>eiecta</span> <span class='ocrx_word' id='word_1_170' title='bbox 463 1740 483 1760; x_wconf 87' lang='lat' dir='ltr'>a</span> <span class='ocrx_word' id='word_1_171' title='bbox 502 1727 641 1762; x_wconf 83' lang='lat' dir='ltr'>Clodio.</span> <span class='ocrx_word' id='word_1_172' title='bbox 694 1728 758 1762; x_wconf 88' lang='lat' dir='ltr'>Est</span> <span class='ocrx_word' id='word_1_173' title='bbox 774 1730 870 1762; x_wconf 87' lang='lat' dir='ltr'>enim</span> <span class='ocrx_word' id='word_1_174' title='bbox 894 1729 1107 1762; x_wconf 88' lang='lat' dir='ltr'>mirabiliter</span> 
     </span>
     <span class='ocr_line' id='line_1_34' title="bbox 111 1777 1106 1814; baseline -0.002 0"><span class='ocrx_word' id='word_1_175' title='bbox 111 1787 214 1814; x_wconf 87' lang='lat' dir='ltr'>aucta</span> <span class='ocrx_word' id='word_1_176' title='bbox 239 1780 277 1813; x_wconf 90' lang='lat' dir='ltr'>in</span> <span class='ocrx_word' id='word_1_177' title='bbox 300 1786 397 1813; x_wconf 85' lang='lat' dir='ltr'>tanta</span> <span class='ocrx_word' id='word_1_178' title='bbox 419 1779 605 1812; x_wconf 89' lang='lat' dir='ltr'>brevitate.</span> <span class='ocrx_word' id='word_1_179' title='bbox 669 1777 711 1811; x_wconf 92' lang='lat' dir='ltr'>ln</span> <span class='ocrx_word' id='word_1_180' title='bbox 732 1780 800 1812; x_wconf 87' lang='lat' dir='ltr'>fine</span> <span class='ocrx_word' id='word_1_181' title='bbox 827 1786 880 1813; x_wconf 88' lang='lat' dir='ltr'>est</span> <span class='ocrx_word' id='word_1_182' title='bbox 902 1779 1020 1813; x_wconf 86' lang='lat' dir='ltr'>brevis</span> <span class='ocrx_word' id='word_1_183' title='bbox 1046 1780 1106 1812; x_wconf 85' lang='lat' dir='ltr'>ad-</span> 
     </span>
     <span class='ocr_line' id='line_1_35' title="bbox 110 1829 1106 1876; baseline 0 -11"><span class='ocrx_word' id='word_1_184' title='bbox 110 1830 289 1872; x_wconf 86' lang='lat' dir='ltr'>hortatio,</span> <span class='ocrx_word' id='word_1_185' title='bbox 330 1837 370 1864; x_wconf 91' lang='lat' dir='ltr'>ut</span> <span class='ocrx_word' id='word_1_186' title='bbox 402 1836 502 1864; x_wconf 89' lang='lat' dir='ltr'>curet</span> <span class='ocrx_word' id='word_1_187' title='bbox 529 1829 791 1871; x_wconf 85' lang='lat' dir='ltr'>valetudinem,</span> <span class='ocrx_word' id='word_1_188' title='bbox 836 1836 871 1864; x_wconf 90' lang='lat' dir='ltr'>et</span> <span class='ocrx_word' id='word_1_189' title='bbox 902 1836 942 1864; x_wconf 87' lang='lat' dir='ltr'>ut</span> <span class='ocrx_word' id='word_1_190' title='bbox 966 1830 1106 1876; x_wconf 83' lang='lat' dir='ltr'>saepius</span> 
     </span>
    </p>
   </div>
   <div class='ocr_carea' id='block_1_10' title="bbox 110 1882 858 1999">
    <p class='ocr_par' dir='ltr' id='par_1_11' title="bbox 110 1882 858 1999">
     <span class='ocr_line' id='line_1_36' title="bbox 110 1882 253 1917; baseline 0 -1"><span class='ocrx_word' id='word_1_191' title='bbox 110 1882 253 1917; x_wconf 80' lang='lat' dir='ltr'>scribat.</span> 
     </span>
     <span class='ocr_line' id='line_1_37' title="bbox 357 1954 858 1999; baseline 0.002 -11"><span class='ocrx_word' id='word_1_192' title='bbox 357 1954 495 1989; x_wconf 87' lang='lat' dir='ltr'>Aliud</span> <span class='ocrx_word' id='word_1_193' title='bbox 527 1966 684 1999; x_wconf 90' lang='lat' dir='ltr'>argum</span> <span class='ocrx_word' id='word_1_194' title='bbox 697 1960 858 1990; x_wconf 89' lang='lat' dir='ltr'>entum.</span> 
     </span>
    </p>
   </div>
   <div class='ocr_carea' id='block_1_11' title="bbox 109 2022 1105 2376">
    <p class='ocr_par' dir='ltr' id='par_1_12' title="bbox 109 2022 1105 2376">
     <span class='ocr_line' id='line_1_38' title="bbox 211 2022 1105 2068; baseline -0.001 -10"><span class='ocrx_word' id='word_1_195' title='bbox 211 2022 409 2058; x_wconf 81' lang='lat' dir='ltr'>Exordium</span> <span class='ocrx_word' id='word_1_196' title='bbox 449 2028 633 2067; x_wconf 89' lang='lat' dir='ltr'>sumptum</span> <span class='ocrx_word' id='word_1_197' title='bbox 665 2028 717 2056; x_wconf 89' lang='lat' dir='ltr'>est</span> <span class='ocrx_word' id='word_1_198' title='bbox 747 2034 789 2055; x_wconf 75' lang='lat' dir='ltr'>ex</span> <span class='ocrx_word' id='word_1_199' title='bbox 825 2023 1105 2068; x_wconf 86' lang='lat' dir='ltr'>comparatione,</span> 
     </span>
     <span class='ocr_line' id='line_1_39' title="bbox 113 2074 1105 2122; baseline -0.001 -13"><span class='ocrx_word' id='word_1_200' title='bbox 113 2076 210 2122; x_wconf 90' lang='lat' dir='ltr'>quod</span> <span class='ocrx_word' id='word_1_201' title='bbox 233 2074 324 2109; x_wconf 90' lang='lat' dir='ltr'>nulli</span> <span class='ocrx_word' id='word_1_202' title='bbox 347 2074 480 2108; x_wconf 87' lang='lat' dir='ltr'>scribat</span> <span class='ocrx_word' id='word_1_203' title='bbox 502 2074 682 2117; x_wconf 83' lang='lat' dir='ltr'>longiores</span> <span class='ocrx_word' id='word_1_204' title='bbox 706 2074 884 2117; x_wconf 87' lang='lat' dir='ltr'>epistolas.</span> <span class='ocrx_word' id='word_1_205' title='bbox 950 2075 1105 2108; x_wconf 87' lang='lat' dir='ltr'>Additur</span> 
     </span>
     <span class='ocr_line' id='line_1_40' title="bbox 111 2124 1104 2171; baseline -0.002 -10"><span class='ocrx_word' id='word_1_206' title='bbox 111 2127 205 2161; x_wconf 88' lang='lat' dir='ltr'>ratio</span> <span class='ocrx_word' id='word_1_207' title='bbox 229 2124 418 2171; x_wconf 88' lang='lat' dir='ltr'>pathetica.</span> <span class='ocrx_word' id='word_1_208' title='bbox 485 2124 692 2170; x_wconf 83' lang='lat' dir='ltr'>Sequuntur</span> <span class='ocrx_word' id='word_1_209' title='bbox 720 2125 844 2158; x_wconf 75' lang='lat' dir='ltr'>breves</span> <span class='ocrx_word' id='word_1_210' title='bbox 866 2126 1104 2167; x_wconf 85' lang='lat' dir='ltr'>narrationes,</span> 
     </span>
     <span class='ocr_line' id='line_1_41' title="bbox 113 2176 1104 2225; baseline -0.001 -13"><span class='ocrx_word' id='word_1_211' title='bbox 113 2177 241 2225; x_wconf 89' lang='lat' dir='ltr'>quibus</span> <span class='ocrx_word' id='word_1_212' title='bbox 282 2177 471 2209; x_wconf 84' lang='lat' dir='ltr'>interserta</span> <span class='ocrx_word' id='word_1_213' title='bbox 513 2182 565 2209; x_wconf 90' lang='lat' dir='ltr'>est</span> <span class='ocrx_word' id='word_1_214' title='bbox 599 2176 829 2220; x_wconf 85' lang='lat' dir='ltr'>amplificatio</span> <span class='ocrx_word' id='word_1_215' title='bbox 870 2176 1104 2220; x_wconf 81' lang='lat' dir='ltr'>indignitatis,</span> 
     </span>
     <span class='ocr_line' id='line_1_42' title="bbox 113 2226 1103 2276; baseline 0 -14"><span class='ocrx_word' id='word_1_216' title='bbox 113 2241 204 2276; x_wconf 88' lang='lat' dir='ltr'>quae</span> <span class='ocrx_word' id='word_1_217' title='bbox 219 2234 271 2262; x_wconf 87' lang='lat' dir='ltr'>est</span> <span class='ocrx_word' id='word_1_218' title='bbox 285 2228 460 2273; x_wconf 86' lang='lat' dir='ltr'>quaedam</span> <span class='ocrx_word' id='word_1_219' title='bbox 475 2226 632 2272; x_wconf 86' lang='lat' dir='ltr'>querela.</span> <span class='ocrx_word' id='word_1_220' title='bbox 682 2226 820 2260; x_wconf 87' lang='lat' dir='ltr'>Deinde</span> <span class='ocrx_word' id='word_1_221' title='bbox 843 2234 894 2261; x_wconf 88' lang='lat' dir='ltr'>cst</span> <span class='ocrx_word' id='word_1_222' title='bbox 909 2228 1026 2262; x_wconf 77' lang='lat' dir='ltr'>brevis</span> <span class='ocrx_word' id='word_1_223' title='bbox 1044 2230 1103 2262; x_wconf 89' lang='lat' dir='ltr'>de-</span> 
     </span>
     <span class='ocr_line' id='line_1_43' title="bbox 111 2277 1104 2322; baseline 0.001 -9"><span class='ocrx_word' id='word_1_224' title='bbox 111 2279 290 2319; x_wconf 87' lang='lat' dir='ltr'>hortatio,</span> <span class='ocrx_word' id='word_1_225' title='bbox 315 2290 359 2311; x_wconf 93' lang='lat' dir='ltr'>ne</span> <span class='ocrx_word' id='word_1_226' title='bbox 378 2285 540 2322; x_wconf 87' lang='lat' dir='ltr'>sumptus</span> <span class='ocrx_word' id='word_1_227' title='bbox 559 2277 665 2311; x_wconf 84' lang='lat' dir='ltr'>faciat</span> <span class='ocrx_word' id='word_1_228' title='bbox 689 2278 780 2312; x_wconf 88' lang='lat' dir='ltr'>ullos</span> <span class='ocrx_word' id='word_1_229' title='bbox 806 2278 843 2311; x_wconf 88' lang='lat' dir='ltr'>in</span> <span class='ocrx_word' id='word_1_230' title='bbox 870 2279 1104 2315; x_wconf 77' lang='lat' dir='ltr'>aedificando,</span> 
     </span>
     <span class='ocr_line' id='line_1_44' title="bbox 109 2326 838 2376; baseline -0.001 -11"><span class='ocrx_word' id='word_1_231' title='bbox 109 2331 284 2376; x_wconf 83' lang='lat' dir='ltr'>Epilogus</span> <span class='ocrx_word' id='word_1_232' title='bbox 301 2329 461 2362; x_wconf 88' lang='lat' dir='ltr'>continet</span> <span class='ocrx_word' id='word_1_233' title='bbox 476 2326 838 2365; x_wconf 82' lang='lat' dir='ltr'>adhortatiunculam.</span> 
     </span>
    </p>
   </div>
   <div class='ocr_carea' id='block_1_12' title="bbox 145 2444 1104 2656">
    <p class='ocr_par' dir='ltr' id='par_1_13' title="bbox 145 2444 1104 2580">
     <span class='ocr_line' id='line_1_45' title="bbox 145 2444 1104 2478; baseline 0 -6"><span class='ocrx_word' id='word_1_234' title='bbox 145 2449 192 2477; x_wconf 80' lang='lat'>1¹)</span> <span class='ocrx_word' id='word_1_235' title='bbox 211 2447 265 2471; x_wconf 87' lang='lat' dir='ltr'>Pro</span> <span class='ocrx_word' id='word_1_236' title='bbox 284 2446 327 2470; x_wconf 79' lang='lat' dir='ltr'>his</span> <span class='ocrx_word' id='word_1_237' title='bbox 347 2445 403 2471; x_wconf 81' lang='lat' dir='ltr'>Cic.</span> <span class='ocrx_word' id='word_1_238' title='bbox 422 2444 535 2476; x_wconf 76' lang='lat' dir='ltr'>verbis,</span> <span class='ocrx_word' id='word_1_239' title='bbox 556 2450 629 2475; x_wconf 82' lang='lat' dir='ltr'>quae</span> <span class='ocrx_word' id='word_1_240' title='bbox 646 2444 674 2469; x_wconf 80' lang='lat' dir='ltr'>tn</span> <span class='ocrx_word' id='word_1_241' title='bbox 692 2445 777 2471; x_wconf 85' lang='lat' dir='ltr'>Editt.</span> <span class='ocrx_word' id='word_1_242' title='bbox 797 2446 882 2476; x_wconf 63' lang='lat'>1540„</span> <span class='ocrx_word' id='word_1_243' title='bbox 902 2447 996 2477; x_wconf 53' lang='lat'>154⁴„</span> <span class='ocrx_word' id='word_1_244' title='bbox 1017 2447 1104 2478; x_wconf 64' lang='lat'>¹554„</span> 
     </span>
     <span class='ocr_line' id='line_1_46' title="bbox 179 2479 1104 2510; baseline -0.002 -3"><span class='ocrx_word' id='word_1_245' title='bbox 179 2482 254 2507; x_wconf 79' lang='lat'>1557.</span> <span class='ocrx_word' id='word_1_246' title='bbox 275 2481 336 2504; x_wconf 82' lang='lat' dir='ltr'>huic</span> <span class='ocrx_word' id='word_1_247' title='bbox 356 2482 438 2503; x_wconf 85' lang='lat' dir='ltr'>notae</span> <span class='ocrx_word' id='word_1_248' title='bbox 464 2479 586 2509; x_wconf 80' lang='lat' dir='ltr'>praefixa</span> <span class='ocrx_word' id='word_1_249' title='bbox 609 2481 689 2510; x_wconf 83' lang='lat' dir='ltr'>suut,</span> <span class='ocrx_word' id='word_1_250' title='bbox 722 2480 750 2503; x_wconf 88' lang='lat' dir='ltr'>in</span> <span class='ocrx_word' id='word_1_251' title='bbox 768 2481 853 2505; x_wconf 75' lang='lat' dir='ltr'>Editt.</span> <span class='ocrx_word' id='word_1_252' title='bbox 869 2481 962 2510; x_wconf 81' lang='lat'>1545.‚</span> <span class='ocrx_word' id='word_1_253' title='bbox 983 2482 1058 2506; x_wconf 81' lang='lat'>1560.</span> <span class='ocrx_word' id='word_1_254' title='bbox 1079 2483 1104 2505; x_wconf 84' lang='lat' dir='ltr'>ei</span> 
     </span>
     <span class='ocr_line' id='line_1_47' title="bbox 178 2514 1104 2546; baseline -0.001 -5"><span class='ocrx_word' id='word_1_255' title='bbox 178 2516 319 2546; x_wconf 80' lang='lat' dir='ltr'>adscripta</span> <span class='ocrx_word' id='word_1_256' title='bbox 338 2516 403 2537; x_wconf 83' lang='lat' dir='ltr'>sunt</span> <span class='ocrx_word' id='word_1_257' title='bbox 421 2514 580 2543; x_wconf 77' lang='lat' dir='ltr'>sequentia:</span> <span class='ocrx_word' id='word_1_258' title='bbox 611 2515 665 2539; x_wconf 87' lang='lat' dir='ltr'>Vos</span> <span class='ocrx_word' id='word_1_259' title='bbox 683 2515 776 2546; x_wconf 80' lang='lat' dir='ltr'>enim,</span> <span class='ocrx_word' id='word_1_260' title='bbox 799 2515 896 2546; x_wconf 84' lang='lat' dir='ltr'>quibus</span> <span class='ocrx_word' id='word_1_261' title='bbox 915 2516 942 2540; x_wconf 88' lang='lat' dir='ltr'>iu</span> <span class='ocrx_word' id='word_1_262' title='bbox 960 2516 1011 2542; x_wconf 75' lang='lat' dir='ltr'>Ed.</span> <span class='ocrx_word' id='word_1_263' title='bbox 1028 2516 1104 2542; x_wconf 84' lang='lat'>1537.</span> 
     </span>
     <span class='ocr_line' id='line_1_48' title="bbox 177 2547 572 2580; baseline -0.013 -5"><span class='ocrx_word' id='word_1_264' title='bbox 177 2551 204 2575; x_wconf 90' lang='lat' dir='ltr'>in</span> <span class='ocrx_word' id='word_1_265' title='bbox 223 2549 349 2580; x_wconf 76' lang='lat' dir='ltr'>margine</span> <span class='ocrx_word' id='word_1_266' title='bbox 372 2549 416 2572; x_wconf 83' lang='lat' dir='ltr'>est</span> <span class='ocrx_word' id='word_1_267' title='bbox 436 2547 572 2578; x_wconf 76' lang='lat' dir='ltr'>apposita.</span> 
     </span>
    </p>

    <p class='ocr_par' dir='ltr' id='par_1_14' title="bbox 147 2588 1104 2656">
     <span class='ocr_line' id='line_1_49' title="bbox 147 2588 1104 2624; baseline -0.001 -8"><span class='ocrx_word' id='word_1_268' title='bbox 147 2593 194 2622; x_wconf 78' lang='lat'>12)</span> <span class='ocrx_word' id='word_1_269' title='bbox 213 2593 244 2616; x_wconf 91' lang='lat' dir='ltr'>ln</span> <span class='ocrx_word' id='word_1_270' title='bbox 262 2592 348 2616; x_wconf 83' lang='lat' dir='ltr'>Editt.</span> <span class='ocrx_word' id='word_1_271' title='bbox 368 2590 460 2621; x_wconf 61' lang='lat'>1545„</span> <span class='ocrx_word' id='word_1_272' title='bbox 481 2590 557 2615; x_wconf 82' lang='lat'>1560.</span> <span class='ocrx_word' id='word_1_273' title='bbox 581 2588 643 2613; x_wconf 84' lang='lat' dir='ltr'>huic</span> <span class='ocrx_word' id='word_1_274' title='bbox 666 2591 749 2614; x_wconf 83' lang='lat' dir='ltr'>notae</span> <span class='ocrx_word' id='word_1_275' title='bbox 772 2596 823 2621; x_wconf 83' lang='lat' dir='ltr'>pro</span> <span class='ocrx_word' id='word_1_276' title='bbox 843 2590 885 2615; x_wconf 74' lang='lat' dir='ltr'>liis</span> <span class='ocrx_word' id='word_1_277' title='bbox 901 2593 1024 2624; x_wconf 77' lang='lat' dir='ltr'>praefixa</span> <span class='ocrx_word' id='word_1_278' title='bbox 1040 2595 1104 2617; x_wconf 77' lang='lat' dir='ltr'>suut</span> 
     </span>
     <span class='ocr_line' id='line_1_50' title="bbox 178 2624 786 2656; baseline -0.002 -6"><span class='ocrx_word' id='word_1_279' title='bbox 178 2626 323 2656; x_wconf 83' lang='lat' dir='ltr'>sequentia</span> <span class='ocrx_word' id='word_1_280' title='bbox 343 2625 400 2650; x_wconf 81' lang='lat' dir='ltr'>Cic.</span> <span class='ocrx_word' id='word_1_281' title='bbox 420 2625 522 2648; x_wconf 80' lang='lat' dir='ltr'>verba:</span> <span class='ocrx_word' id='word_1_282' title='bbox 550 2624 625 2649; x_wconf 76' lang='lat' dir='ltr'>Eum</span> <span class='ocrx_word' id='word_1_283' title='bbox 642 2625 676 2648; x_wconf 76' lang='lat' dir='ltr'>ut</span> <span class='ocrx_word' id='word_1_284' title='bbox 692 2626 786 2656; x_wconf 76' lang='lat' dir='ltr'>potui.</span> 
     </span>
    </p>
   </div>
   <div class='ocr_carea' id='block_1_13' title="bbox 143 2667 1105 2729">
    <p class='ocr_par' dir='ltr' id='par_1_15' title="bbox 143 2667 1105 2729">
     <span class='ocr_line' id='line_1_51' title="bbox 143 2667 1105 2703; baseline 0.002 -10"><span class='ocrx_word' id='word_1_285' title='bbox 143 2668 189 2700; x_wconf 82' lang='lat'>13)</span> <span class='ocrx_word' id='word_1_286' title='bbox 210 2669 266 2692; x_wconf 85' lang='lat' dir='ltr'>Hoc</span> <span class='ocrx_word' id='word_1_287' title='bbox 284 2668 474 2699; x_wconf 84' lang='lat' dir='ltr'>argumentum</span> <span class='ocrx_word' id='word_1_288' title='bbox 494 2667 523 2691; x_wconf 82' lang='lat' dir='ltr'>et</span> <span class='ocrx_word' id='word_1_289' title='bbox 547 2667 601 2692; x_wconf 81' lang='lat' dir='ltr'>duo</span> <span class='ocrx_word' id='word_1_290' title='bbox 617 2667 762 2698; x_wconf 77' lang='lat' dir='ltr'>sequentia</span> <span class='ocrx_word' id='word_1_291' title='bbox 776 2668 811 2694; x_wconf 77' lang='lat' dir='ltr'>ab</span> <span class='ocrx_word' id='word_1_292' title='bbox 829 2668 912 2694; x_wconf 75' lang='lat' dir='ltr'>Editt.</span> <span class='ocrx_word' id='word_1_293' title='bbox 931 2669 1018 2703; x_wconf 63' lang='lat'>1556„</span> <span class='ocrx_word' id='word_1_294' title='bbox 1038 2669 1105 2695; x_wconf 83' lang='lat'>1565</span> 
     </span>
     <span class='ocr_line' id='line_1_52' title="bbox 178 2702 490 2729; baseline -0.01 -2"><span class='ocrx_word' id='word_1_295' title='bbox 178 2703 297 2729; x_wconf 75' lang='grc'><strong>-1596,</strong></span> <span class='ocrx_word' id='word_1_296' title='bbox 317 2702 490 2728; x_wconf 73' lang='lat' dir='ltr'>exhibentur.</span> 
     </span>
    </p>
   </div>
   <div class='ocr_carea' id='block_1_14' title="bbox 285 105 2007 147">
    <p class='ocr_par' dir='ltr' id='par_1_16' title="bbox 285 105 2007 147">
     <span class='ocr_line' id='line_1_53' title="bbox 285 105 2007 147; baseline -0.002 -3"><span class='ocrx_word' id='word_1_297' title='bbox 285 109 406 146; x_wconf 81' lang='lat' dir='ltr'>xxm.</span> <span class='ocrx_word' id='word_1_298' title='bbox 455 107 765 145; x_wconf 83' lang='lat' dir='ltr'>ARGUMENTA</span> <span class='ocrx_word' id='word_1_299' title='bbox 787 106 854 143; x_wconf 89' lang='lat' dir='ltr'>ET</span> <span class='ocrx_word' id='word_1_300' title='bbox 875 107 1080 143; x_wconf 90' lang='lat' dir='ltr'>SCHOLIA</span> <span class='ocrx_word' id='word_1_301' title='bbox 1096 107 1145 145; x_wconf 91' lang='lat' dir='ltr'>IN</span> <span class='ocrx_word' id='word_1_302' title='bbox 1161 109 1311 146; x_wconf 91' lang='lat' dir='ltr'>EPIST.</span> <span class='ocrx_word' id='word_1_303' title='bbox 1327 111 1440 146; x_wconf 88' lang='lat' dir='ltr'>FAM.</span> <span class='ocrx_word' id='word_1_304' title='bbox 1466 110 1549 147; x_wconf 92' lang='lat' dir='ltr'>CIC.</span> <span class='ocrx_word' id='word_1_305' title='bbox 1574 109 1662 145; x_wconf 85' lang='lat' dir='ltr'>LIB.</span> <span class='ocrx_word' id='word_1_306' title='bbox 1676 108 1765 144; x_wconf 78' lang='lat' dir='ltr'>XIV.</span> <span class='ocrx_word' id='word_1_307' title='bbox 1793 107 1864 143; x_wconf 86' lang='grc' dir='ltr'>ΕΡ.</span> <span class='ocrx_word' id='word_1_308' title='bbox 1878 107 1910 142; x_wconf 85' lang='lat'>1.</span> <span class='ocrx_word' id='word_1_309' title='bbox 1923 107 1958 141; x_wconf 75' lang='lat'>2.</span> <span class='ocrx_word' id='word_1_310' title='bbox 1972 105 2007 140; x_wconf 87' lang='lat'>3.</span> 
     </span>
    </p>
   </div>
   <div class='ocr_carea' id='block_1_15' title="bbox 2092 100 2167 136">
    <p class='ocr_par' dir='ltr' id='par_1_17' title="bbox 2092 100 2167 136">
     <span class='ocr_line' id='line_1_54' title="bbox 2092 100 2167 136; baseline 0 0"><span class='ocrx_word' id='word_1_311' title='bbox 2092 100 2167 136; x_wconf 83' lang='lat'>510</span> 
     </span>
    </p>
   </div>
   <div class='ocr_carea' id='block_1_16' title="bbox 1358 189 1977 241">
    <p class='ocr_par' dir='ltr' id='par_1_18' title="bbox 1358 189 1977 241">
     <span class='ocr_line' id='line_1_55' title="bbox 1358 189 1977 241; baseline -0.01 -9"><span class='ocrx_word' id='word_1_312' title='bbox 1358 195 1547 232; x_wconf 83' lang='lat' dir='ltr'>Scholia</span> <span class='ocrx_word' id='word_1_313' title='bbox 1575 197 1620 231; x_wconf 91' lang='lat' dir='ltr'>in</span> <span class='ocrx_word' id='word_1_314' title='bbox 1648 194 1891 241; x_wconf 87' lang='lat' dir='ltr'>epistolam</span> <span class='ocrx_word' id='word_1_315' title='bbox 1918 189 1977 226; x_wconf 89' lang='grc' dir='ltr'><strong>ΙΙΙ.</strong></span> 
     </span>
    </p>
   </div>
   <div class='ocr_carea' id='block_1_17' title="bbox 1165 264 2162 523">
    <p class='ocr_par' dir='ltr' id='par_1_19' title="bbox 1166 264 2162 421">
     <span class='ocr_line' id='line_1_56' title="bbox 1271 264 2162 319; baseline -0.011 -12"><span class='ocrx_word' id='word_1_316' title='bbox 1271 271 1301 317; x_wconf 60' lang='grc' dir='ltr'>ἓ.</span> <span class='ocrx_word' id='word_1_317' title='bbox 1322 274 1355 308; x_wconf 90' lang='grc'>1.</span> <span class='ocrx_word' id='word_1_318' title='bbox 1381 276 1506 318; x_wconf 77' lang='lat' dir='ltr'>Accepi</span> <span class='ocrx_word' id='word_1_319' title='bbox 1528 275 1568 308; x_wconf 80' lang='lat' dir='ltr'>ab</span> <span class='ocrx_word' id='word_1_320' title='bbox 1590 266 1811 319; x_wconf 73' lang='lat' dir='ltr'>Aristocrito]</span> <span class='ocrx_word' id='word_1_321' title='bbox 1838 267 2054 308; x_wconf 78' lang='lat' dir='ltr'>Exordium,</span> <span class='ocrx_word' id='word_1_322' title='bbox 2081 264 2162 298; x_wconf 89' lang='lat' dir='ltr'>Col-</span> 
     </span>
     <span class='ocr_line' id='line_1_57' title="bbox 1166 317 2160 371; baseline -0.007 -16"><span class='ocrx_word' id='word_1_323' title='bbox 1166 322 1253 356; x_wconf 89' lang='lat' dir='ltr'>latio</span> <span class='ocrx_word' id='word_1_324' title='bbox 1264 324 1328 371; x_wconf 57' lang='grc'>1“);</span> <span class='ocrx_word' id='word_1_325' title='bbox 1372 325 1453 358; x_wconf 87' lang='lat' dir='ltr'>Mea</span> <span class='ocrx_word' id='word_1_326' title='bbox 1478 325 1659 358; x_wconf 84' lang='lat' dir='ltr'>calamitas</span> <span class='ocrx_word' id='word_1_327' title='bbox 1682 322 1819 361; x_wconf 87' lang='lat' dir='ltr'>maior,</span> <span class='ocrx_word' id='word_1_328' title='bbox 1859 320 1942 366; x_wconf 87' lang='lat' dir='ltr'>quia</span> <span class='ocrx_word' id='word_1_329' title='bbox 1969 317 2160 352; x_wconf 85' lang='lat' dir='ltr'>coniuncta</span> 
     </span>
     <span class='ocr_line' id='line_1_58' title="bbox 1168 368 2159 421; baseline -0.007 -13"><span class='ocrx_word' id='word_1_330' title='bbox 1168 386 1247 408; x_wconf 87' lang='lat' dir='ltr'>cum</span> <span class='ocrx_word' id='word_1_331' title='bbox 1265 376 1380 420; x_wconf 89' lang='lat' dir='ltr'>culpa.</span> <span class='ocrx_word' id='word_1_332' title='bbox 1421 379 1538 411; x_wconf 70' lang='lat' dir='ltr'>DIeum</span> <span class='ocrx_word' id='word_1_333' title='bbox 1551 377 1619 421; x_wconf 73' lang='lat' dir='ltr'>fuit</span> <span class='ocrx_word' id='word_1_334' title='bbox 1635 370 1797 420; x_wconf 73' lang='lat' dir='ltr'>officium]</span> <span class='ocrx_word' id='word_1_335' title='bbox 1818 370 2005 416; x_wconf 76' lang='lat' dir='ltr'>Expositio</span> <span class='ocrx_word' id='word_1_336' title='bbox 2024 368 2159 421; x_wconf 72' lang='lat' dir='ltr'>culpae.</span> 
     </span>
    </p>

    <p class='ocr_par' dir='ltr' id='par_1_20' title="bbox 1165 419 2159 523">
     <span class='ocr_line' id='line_1_59' title="bbox 1272 419 2159 473; baseline -0.01 -13"><span class='ocrx_word' id='word_1_337' title='bbox 1272 424 1301 470; x_wconf 59' lang='grc' dir='ltr'>ξ.</span> <span class='ocrx_word' id='word_1_338' title='bbox 1319 430 1354 462; x_wconf 75' lang='grc'>2.</span> <span class='ocrx_word' id='word_1_339' title='bbox 1381 429 1488 462; x_wconf 75' lang='lat' dir='ltr'>Pudet</span> <span class='ocrx_word' id='word_1_340' title='bbox 1504 430 1594 461; x_wconf 75' lang='lat' dir='ltr'>enim</span> <span class='ocrx_word' id='word_1_341' title='bbox 1605 427 1672 473; x_wconf 69' lang='lat'>¹⁵)]</span> <span class='ocrx_word' id='word_1_342' title='bbox 1690 422 1881 470; x_wconf 66' lang='lat'>710219031‘3).</span> <span class='ocrx_word' id='word_1_343' title='bbox 1936 423 2067 457; x_wconf 73' lang='grc' dir='ltr'><em>Εἱὶεενε</em></span> <span class='ocrx_word' id='word_1_344' title='bbox 2085 419 2159 462; x_wconf 77' lang='lat' dir='ltr'>nos]</span> 
     </span>
     <span class='ocr_line' id='line_1_60' title="bbox 1165 476 1406 523; baseline 0 -11"><span class='ocrx_word' id='word_1_345' title='bbox 1165 476 1335 512; x_wconf 85' lang='lat' dir='ltr'>Narratio</span> <span class='ocrx_word' id='word_1_346' title='bbox 1349 477 1406 523; x_wconf 81' lang='lat'>¹⁷).</span> 
     </span>
    </p>
   </div>
   <div class='ocr_carea' id='block_1_18' title="bbox 1458 551 1862 598">
    <p class='ocr_par' dir='ltr' id='par_1_21' title="bbox 1458 551 1862 598">
     <span class='ocr_line' id='line_1_61' title="bbox 1458 551 1862 598; baseline -0.005 -11"><span class='ocrx_word' id='word_1_347' title='bbox 1458 552 1787 597; x_wconf 82' lang='lat' dir='ltr'>Argumentum</span> <span class='ocrx_word' id='word_1_348' title='bbox 1803 551 1862 598; x_wconf 73' lang='lat'>¹⁸).</span> 
     </span>
    </p>
   </div>
   <div class='ocr_carea' id='block_1_19' title="bbox 1162 611 2158 1279">
    <p class='ocr_par' dir='ltr' id='par_1_22' title="bbox 1162 611 2158 1279">
     <span class='ocr_line' id='line_1_62' title="bbox 1265 611 2158 664; baseline -0.011 -10"><span class='ocrx_word' id='word_1_349' title='bbox 1265 620 1329 655; x_wconf 80' lang='lat' dir='ltr'>Est</span> <span class='ocrx_word' id='word_1_350' title='bbox 1353 627 1387 654; x_wconf 90' lang='lat' dir='ltr'>et</span> <span class='ocrx_word' id='word_1_351' title='bbox 1411 618 1498 653; x_wconf 89' lang='lat' dir='ltr'>haec</span> <span class='ocrx_word' id='word_1_352' title='bbox 1521 620 1669 664; x_wconf 86' lang='lat' dir='ltr'>epistola</span> <span class='ocrx_word' id='word_1_353' title='bbox 1694 631 1822 663; x_wconf 82' lang='lat' dir='ltr'>magna</span> <span class='ocrx_word' id='word_1_354' title='bbox 1848 630 1889 651; x_wconf 81' lang='lat' dir='ltr'>ex</span> <span class='ocrx_word' id='word_1_355' title='bbox 1911 621 2012 661; x_wconf 86' lang='lat' dir='ltr'>parte</span> <span class='ocrx_word' id='word_1_356' title='bbox 2041 611 2158 658; x_wconf 83' lang='lat' dir='ltr'>queri—</span> 
     </span>
     <span class='ocr_line' id='line_1_63' title="bbox 1166 662 2156 714; baseline -0.008 -11"><span class='ocrx_word' id='word_1_357' title='bbox 1166 671 1342 706; x_wconf 85' lang='lat' dir='ltr'>monialis.</span> <span class='ocrx_word' id='word_1_358' title='bbox 1395 671 1488 705; x_wconf 84' lang='lat' dir='ltr'>Nam</span> <span class='ocrx_word' id='word_1_359' title='bbox 1511 671 1613 704; x_wconf 87' lang='lat' dir='ltr'>initio</span> <span class='ocrx_word' id='word_1_360' title='bbox 1631 671 1749 705; x_wconf 84' lang='lat' dir='ltr'>statim</span> <span class='ocrx_word' id='word_1_361' title='bbox 1771 667 1944 714; x_wconf 79' lang='lat' dir='ltr'>pathetice</span> <span class='ocrx_word' id='word_1_362' title='bbox 1968 662 2156 709; x_wconf 87' lang='lat' dir='ltr'>conqueri-</span> 
     </span>
     <span class='ocr_line' id='line_1_64' title="bbox 1165 715 2153 761; baseline -0.008 -8"><span class='ocrx_word' id='word_1_363' title='bbox 1165 727 1222 754; x_wconf 91' lang='lat' dir='ltr'>tur</span> <span class='ocrx_word' id='word_1_364' title='bbox 1240 734 1275 754; x_wconf 87' lang='lat' dir='ltr'>se</span> <span class='ocrx_word' id='word_1_365' title='bbox 1293 729 1454 755; x_wconf 85' lang='lat' dir='ltr'>autorem</span> <span class='ocrx_word' id='word_1_366' title='bbox 1471 735 1543 757; x_wconf 83' lang='lat' dir='ltr'>esse</span> <span class='ocrx_word' id='word_1_367' title='bbox 1560 722 1675 756; x_wconf 80' lang='lat' dir='ltr'>omnis</span> <span class='ocrx_word' id='word_1_368' title='bbox 1689 722 1787 761; x_wconf 90' lang='lat' dir='ltr'>mali,</span> <span class='ocrx_word' id='word_1_369' title='bbox 1807 721 1853 753; x_wconf 85' lang='lat' dir='ltr'>ita</span> <span class='ocrx_word' id='word_1_370' title='bbox 1869 719 1975 752; x_wconf 82' lang='lat' dir='ltr'>etiam</span> <span class='ocrx_word' id='word_1_371' title='bbox 1993 715 2153 750; x_wconf 86' lang='lat' dir='ltr'>omnium</span> 
     </span>
     <span class='ocr_line' id='line_1_65' title="bbox 1164 769 2154 813; baseline -0.008 -9"><span class='ocrx_word' id='word_1_372' title='bbox 1164 772 1523 807; x_wconf 84' lang='lat' dir='ltr'>calamitosissimum.</span> <span class='ocrx_word' id='word_1_373' title='bbox 1571 773 1645 806; x_wconf 88' lang='lat' dir='ltr'>Hac</span> <span class='ocrx_word' id='word_1_374' title='bbox 1665 773 1853 805; x_wconf 77' lang='lat' dir='ltr'>collatione</span> <span class='ocrx_word' id='word_1_375' title='bbox 1872 769 2064 813; x_wconf 79' lang='lat' dir='ltr'>amplificat</span> <span class='ocrx_word' id='word_1_376' title='bbox 2079 777 2154 798; x_wconf 84' lang='lat' dir='ltr'>rem</span> 
     </span>
     <span class='ocr_line' id='line_1_66' title="bbox 1164 817 2156 861; baseline -0.007 -6"><span class='ocrx_word' id='word_1_377' title='bbox 1164 829 1197 855; x_wconf 77' lang='lat' dir='ltr'>et</span> <span class='ocrx_word' id='word_1_378' title='bbox 1215 823 1422 857; x_wconf 83' lang='lat' dir='ltr'>afflictiones</span> <span class='ocrx_word' id='word_1_379' title='bbox 1445 824 1787 857; x_wconf 87' lang='lat' dir='ltr'>commemoratione</span> <span class='ocrx_word' id='word_1_380' title='bbox 1805 822 1860 856; x_wconf 89' lang='lat' dir='ltr'>sui</span> <span class='ocrx_word' id='word_1_381' title='bbox 1881 820 1986 854; x_wconf 79' lang='lat' dir='ltr'>officii</span> <span class='ocrx_word' id='word_1_382' title='bbox 2008 817 2156 861; x_wconf 86' lang='lat' dir='ltr'>aliisque</span> 
     </span>
     <span class='ocr_line' id='line_1_67' title="bbox 1164 870 2156 919; baseline -0.007 -14"><span class='ocrx_word' id='word_1_383' title='bbox 1164 874 1436 908; x_wconf 81' lang='lat' dir='ltr'>circumstantiis</span> <span class='ocrx_word' id='word_1_384' title='bbox 1455 881 1653 919; x_wconf 76' lang='lat' dir='ltr'>exaggerat.</span> <span class='ocrx_word' id='word_1_385' title='bbox 1706 874 1843 907; x_wconf 85' lang='lat' dir='ltr'>Deinde</span> <span class='ocrx_word' id='word_1_386' title='bbox 1867 870 2009 906; x_wconf 87' lang='lat' dir='ltr'>subiicit</span> <span class='ocrx_word' id='word_1_387' title='bbox 2031 879 2156 901; x_wconf 86' lang='lat' dir='ltr'>conso-</span> 
     </span>
     <span class='ocr_line' id='line_1_68' title="bbox 1162 920 2155 970; baseline -0.008 -12"><span class='ocrx_word' id='word_1_388' title='bbox 1162 926 1351 967; x_wconf 83' lang='lat' dir='ltr'>lationem,</span> <span class='ocrx_word' id='word_1_389' title='bbox 1379 933 1413 959; x_wconf 87' lang='lat' dir='ltr'>et</span> <span class='ocrx_word' id='word_1_390' title='bbox 1431 938 1491 970; x_wconf 89' lang='lat' dir='ltr'>spe</span> <span class='ocrx_word' id='word_1_391' title='bbox 1509 926 1643 960; x_wconf 89' lang='lat' dir='ltr'>reditus</span> <span class='ocrx_word' id='word_1_392' title='bbox 1658 931 1804 958; x_wconf 75' lang='lat' dir='ltr'>revocat</span> <span class='ocrx_word' id='word_1_393' title='bbox 1821 924 1982 957; x_wconf 84' lang='lat' dir='ltr'>animum</span> <span class='ocrx_word' id='word_1_394' title='bbox 2008 932 2028 952; x_wconf 89' lang='lat' dir='ltr'>a</span> <span class='ocrx_word' id='word_1_395' title='bbox 2050 920 2155 951; x_wconf 83' lang='lat' dir='ltr'>mise—</span> 
     </span>
     <span class='ocr_line' id='line_1_69' title="bbox 1164 972 2156 1022; baseline -0.009 -13"><span class='ocrx_word' id='word_1_396' title='bbox 1164 977 1236 1011; x_wconf 90' lang='lat' dir='ltr'>riis.</span> <span class='ocrx_word' id='word_1_397' title='bbox 1288 977 1384 1010; x_wconf 89' lang='lat' dir='ltr'>Haec</span> <span class='ocrx_word' id='word_1_398' title='bbox 1403 983 1454 1011; x_wconf 91' lang='lat' dir='ltr'>est</span> <span class='ocrx_word' id='word_1_399' title='bbox 1471 977 1588 1022; x_wconf 88' lang='lat' dir='ltr'>prima</span> <span class='ocrx_word' id='word_1_400' title='bbox 1608 989 1690 1022; x_wconf 87' lang='lat' dir='ltr'>pars</span> <span class='ocrx_word' id='word_1_401' title='bbox 1716 976 1897 1021; x_wconf 79' lang='lat' dir='ltr'>epistolae.</span> <span class='ocrx_word' id='word_1_402' title='bbox 1958 972 2080 1006; x_wconf 82' lang='lat' dir='ltr'>Altera</span> <span class='ocrx_word' id='word_1_403' title='bbox 2104 974 2156 1002; x_wconf 87' lang='lat' dir='ltr'>est</span> 
     </span>
     <span class='ocr_line' id='line_1_70' title="bbox 1164 1021 2154 1076; baseline -0.009 -16"><span class='ocrx_word' id='word_1_404' title='bbox 1164 1029 1411 1073; x_wconf 84' lang='lat' dir='ltr'>responsoria,</span> <span class='ocrx_word' id='word_1_405' title='bbox 1439 1028 1476 1061; x_wconf 89' lang='lat' dir='ltr'>in</span> <span class='ocrx_word' id='word_1_406' title='bbox 1497 1040 1566 1074; x_wconf 90' lang='lat' dir='ltr'>qua</span> <span class='ocrx_word' id='word_1_407' title='bbox 1584 1028 1682 1061; x_wconf 72' lang='lat' dir='ltr'>varia</span> <span class='ocrx_word' id='word_1_408' title='bbox 1703 1033 1848 1067; x_wconf 85' lang='lat' dir='ltr'>narrat,</span> <span class='ocrx_word' id='word_1_409' title='bbox 1882 1032 1915 1058; x_wconf 91' lang='lat' dir='ltr'>et</span> <span class='ocrx_word' id='word_1_410' title='bbox 1940 1030 2060 1057; x_wconf 86' lang='lat' dir='ltr'>tamen</span> <span class='ocrx_word' id='word_1_411' title='bbox 2082 1021 2154 1076; x_wconf 69' lang='lat' dir='ltr'>fere</span> 
     </span>
     <span class='ocr_line' id='line_1_71' title="bbox 1164 1071 2156 1125; baseline -0.005 -14"><span class='ocrx_word' id='word_1_412' title='bbox 1164 1082 1286 1112; x_wconf 84' lang='lat' dir='ltr'>eadem</span> <span class='ocrx_word' id='word_1_413' title='bbox 1299 1107 1308 1121; x_wconf 89' lang='lat'>‚</span> <span class='ocrx_word' id='word_1_414' title='bbox 1336 1092 1426 1125; x_wconf 87' lang='lat' dir='ltr'>quae</span> <span class='ocrx_word' id='word_1_415' title='bbox 1443 1092 1550 1124; x_wconf 89' lang='lat' dir='ltr'>supra</span> <span class='ocrx_word' id='word_1_416' title='bbox 1568 1079 1747 1124; x_wconf 79' lang='lat' dir='ltr'>exposuit,</span> <span class='ocrx_word' id='word_1_417' title='bbox 1774 1078 1843 1112; x_wconf 85' lang='lat' dir='ltr'>nisi</span> <span class='ocrx_word' id='word_1_418' title='bbox 1859 1077 1956 1123; x_wconf 85' lang='lat' dir='ltr'>quod</span> <span class='ocrx_word' id='word_1_419' title='bbox 1970 1073 2028 1108; x_wconf 87' lang='lat' dir='ltr'>hic</span> <span class='ocrx_word' id='word_1_420' title='bbox 2048 1071 2156 1115; x_wconf 83' lang='lat' dir='ltr'>sigm-</span> 
     </span>
     <span class='ocr_line' id='line_1_72' title="bbox 1163 1120 2154 1170; baseline -0.004 -7"><span class='ocrx_word' id='word_1_421' title='bbox 1163 1133 1262 1170; x_wconf 81' lang='lat' dir='ltr'>licat,</span> <span class='ocrx_word' id='word_1_422' title='bbox 1304 1144 1365 1164; x_wconf 89' lang='lat' dir='ltr'>cur</span> <span class='ocrx_word' id='word_1_423' title='bbox 1393 1143 1541 1164; x_wconf 82' lang='lat' dir='ltr'>uxorem</span> <span class='ocrx_word' id='word_1_424' title='bbox 1567 1132 1611 1164; x_wconf 88' lang='lat' dir='ltr'>ad</span> <span class='ocrx_word' id='word_1_425' title='bbox 1636 1143 1672 1164; x_wconf 87' lang='lat' dir='ltr'>se</span> <span class='ocrx_word' id='word_1_426' title='bbox 1696 1130 1818 1163; x_wconf 75' lang='lat' dir='ltr'>venire</span> <span class='ocrx_word' id='word_1_427' title='bbox 1850 1128 1951 1161; x_wconf 89' lang='lat' dir='ltr'>nolit.</span> <span class='ocrx_word' id='word_1_428' title='bbox 2017 1123 2057 1157; x_wconf 78' lang='lat'>111</span> <span class='ocrx_word' id='word_1_429' title='bbox 2088 1120 2154 1155; x_wconf 65' lang='lat' dir='ltr'>huc</span> 
     </span>
     <span class='ocr_line' id='line_1_73' title="bbox 1162 1175 2154 1226; baseline -0.008 -12"><span class='ocrx_word' id='word_1_430' title='bbox 1162 1189 1262 1226; x_wconf 81' lang='lat' dir='ltr'>parte</span> <span class='ocrx_word' id='word_1_431' title='bbox 1281 1183 1393 1215; x_wconf 87' lang='lat' dir='ltr'>utitur</span> <span class='ocrx_word' id='word_1_432' title='bbox 1410 1182 1609 1226; x_wconf 84' lang='lat' dir='ltr'>aposiopesi</span> <span class='ocrx_word' id='word_1_433' title='bbox 1627 1195 1688 1215; x_wconf 89' lang='lat' dir='ltr'>seu</span> <span class='ocrx_word' id='word_1_434' title='bbox 1702 1180 1905 1221; x_wconf 87' lang='lat' dir='ltr'>reticentia,</span> <span class='ocrx_word' id='word_1_435' title='bbox 1933 1188 2024 1224; x_wconf 88' lang='lat' dir='ltr'>quae</span> <span class='ocrx_word' id='word_1_436' title='bbox 2042 1175 2154 1218; x_wconf 81' lang='lat' dir='ltr'>figura</span> 
     </span>
     <span class='ocr_line' id='line_1_74' title="bbox 1163 1233 1718 1279; baseline 0.004 -13"><span class='ocrx_word' id='word_1_437' title='bbox 1163 1234 1329 1266; x_wconf 76' lang='lat' dir='ltr'>com-enit</span> <span class='ocrx_word' id='word_1_438' title='bbox 1345 1234 1561 1279; x_wconf 81' lang='lat' dir='ltr'>perturbatis</span> <span class='ocrx_word' id='word_1_439' title='bbox 1578 1233 1718 1268; x_wconf 85' lang='lat' dir='ltr'>animis.</span> 
     </span>
    </p>
   </div>
   <div class='ocr_carea' id='block_1_20' title="bbox 1403 1309 1894 1354">
    <p class='ocr_par' dir='ltr' id='par_1_23' title="bbox 1403 1309 1894 1354">
     <span class='ocr_line' id='line_1_75' title="bbox 1403 1309 1894 1354; baseline 0.004 -12"><span class='ocrx_word' id='word_1_440' title='bbox 1403 1309 1543 1344; x_wconf 88' lang='lat' dir='ltr'>Aliud</span> <span class='ocrx_word' id='word_1_441' title='bbox 1569 1316 1894 1354; x_wconf 80' lang='lat' dir='ltr'>argumentum.</span> 
     </span>
    </p>
   </div>
   <div class='ocr_carea' id='block_1_21' title="bbox 1158 1376 2153 1873">
    <p class='ocr_par' dir='ltr' id='par_1_24' title="bbox 1158 1376 2153 1873">
     <span class='ocr_line' id='line_1_76' title="bbox 1264 1376 2153 1423; baseline -0.002 -13"><span class='ocrx_word' id='word_1_442' title='bbox 1264 1377 1411 1411; x_wconf 85' lang='lat' dir='ltr'>Duabus</span> <span class='ocrx_word' id='word_1_443' title='bbox 1429 1384 1566 1411; x_wconf 87' lang='lat' dir='ltr'>constat</span> <span class='ocrx_word' id='word_1_444' title='bbox 1590 1378 1751 1422; x_wconf 88' lang='lat' dir='ltr'>partibus</span> <span class='ocrx_word' id='word_1_445' title='bbox 1772 1377 1933 1423; x_wconf 88' lang='lat' dir='ltr'>epistola.</span> <span class='ocrx_word' id='word_1_446' title='bbox 1987 1376 2153 1422; x_wconf 78' lang='lat' dir='ltr'>Querela,</span> 
     </span>
     <span class='ocr_line' id='line_1_77' title="bbox 1162 1427 2153 1474; baseline -0.002 -12"><span class='ocrx_word' id='word_1_447' title='bbox 1162 1429 1258 1474; x_wconf 89' lang='lat' dir='ltr'>quod</span> <span class='ocrx_word' id='word_1_448' title='bbox 1275 1429 1348 1473; x_wconf 89' lang='lat' dir='ltr'>ipse</span> <span class='ocrx_word' id='word_1_449' title='bbox 1366 1428 1521 1461; x_wconf 77' lang='lat' dir='ltr'>extiterit</span> <span class='ocrx_word' id='word_1_450' title='bbox 1536 1441 1639 1462; x_wconf 86' lang='lat' dir='ltr'>causa</span> <span class='ocrx_word' id='word_1_451' title='bbox 1655 1430 1786 1462; x_wconf 87' lang='lat' dir='ltr'>summi</span> <span class='ocrx_word' id='word_1_452' title='bbox 1803 1428 1977 1462; x_wconf 88' lang='lat' dir='ltr'>moeroris</span> <span class='ocrx_word' id='word_1_453' title='bbox 1989 1454 1998 1468; x_wconf 92' lang='lat'>,</span> <span class='ocrx_word' id='word_1_454' title='bbox 2026 1427 2063 1460; x_wconf 90' lang='lat' dir='ltr'>in</span> <span class='ocrx_word' id='word_1_455' title='bbox 2082 1440 2153 1473; x_wconf 91' lang='lat' dir='ltr'>quo</span> 
     </span>
     <span class='ocr_line' id='line_1_78' title="bbox 1160 1479 2153 1523; baseline 0.001 -12"><span class='ocrx_word' id='word_1_456' title='bbox 1160 1491 1254 1512; x_wconf 90' lang='lat' dir='ltr'>nunc</span> <span class='ocrx_word' id='word_1_457' title='bbox 1272 1486 1479 1520; x_wconf 76' lang='lat' dir='ltr'>versantur,</span> <span class='ocrx_word' id='word_1_458' title='bbox 1508 1486 1542 1512; x_wconf 93' lang='lat' dir='ltr'>et</span> <span class='ocrx_word' id='word_1_459' title='bbox 1559 1479 1791 1523; x_wconf 86' lang='lat' dir='ltr'>responsione</span> <span class='ocrx_word' id='word_1_460' title='bbox 1811 1481 1855 1513; x_wconf 86' lang='lat' dir='ltr'>ad</span> <span class='ocrx_word' id='word_1_461' title='bbox 1869 1480 2005 1513; x_wconf 88' lang='lat' dir='ltr'>litteras</span> <span class='ocrx_word' id='word_1_462' title='bbox 2020 1479 2153 1512; x_wconf 84' lang='lat' dir='ltr'>uxoris.</span> 
     </span>
     <span class='ocr_line' id='line_1_79' title="bbox 1160 1529 2153 1575; baseline 0.001 -13"><span class='ocrx_word' id='word_1_463' title='bbox 1160 1529 1256 1563; x_wconf 89' lang='lat' dir='ltr'>Loco</span> <span class='ocrx_word' id='word_1_464' title='bbox 1276 1530 1413 1563; x_wconf 81' lang='lat' dir='ltr'>exordii</span> <span class='ocrx_word' id='word_1_465' title='bbox 1436 1530 1585 1575; x_wconf 89' lang='lat' dir='ltr'>ponitur</span> <span class='ocrx_word' id='word_1_466' title='bbox 1607 1530 1725 1564; x_wconf 84' lang='lat' dir='ltr'>brevis</span> <span class='ocrx_word' id='word_1_467' title='bbox 1748 1530 1909 1564; x_wconf 86' lang='lat' dir='ltr'>narratio</span> <span class='ocrx_word' id='word_1_468' title='bbox 1936 1531 1978 1563; x_wconf 87' lang='lat' dir='ltr'>de</span> <span class='ocrx_word' id='word_1_469' title='bbox 2002 1530 2153 1574; x_wconf 84' lang='lat' dir='ltr'>acceptis</span> 
     </span>
     <span class='ocr_line' id='line_1_80' title="bbox 1159 1581 2153 1627; baseline 0.001 -14"><span class='ocrx_word' id='word_1_470' title='bbox 1159 1581 1304 1621; x_wconf 88' lang='lat' dir='ltr'>litteris,</span> <span class='ocrx_word' id='word_1_471' title='bbox 1331 1593 1419 1627; x_wconf 86' lang='lat' dir='ltr'>quas</span> <span class='ocrx_word' id='word_1_472' title='bbox 1437 1594 1511 1614; x_wconf 91' lang='lat' dir='ltr'>non</span> <span class='ocrx_word' id='word_1_473' title='bbox 1528 1582 1646 1626; x_wconf 86' lang='lat' dir='ltr'>potuit</span> <span class='ocrx_word' id='word_1_474' title='bbox 1661 1582 1777 1626; x_wconf 84' lang='lat' dir='ltr'>legere</span> <span class='ocrx_word' id='word_1_475' title='bbox 1798 1582 1873 1616; x_wconf 84' lang='lat' dir='ltr'>sinc</span> <span class='ocrx_word' id='word_1_476' title='bbox 1895 1581 2015 1615; x_wconf 87' lang='lat' dir='ltr'>multis</span> <span class='ocrx_word' id='word_1_477' title='bbox 2039 1582 2153 1626; x_wconf 68' lang='lat' dir='ltr'>lacry-</span> 
     </span>
     <span class='ocr_line' id='line_1_81' title="bbox 1160 1633 2152 1679; baseline 0 -14"><span class='ocrx_word' id='word_1_478' title='bbox 1160 1633 1238 1667; x_wconf 88' lang='lat' dir='ltr'>mis.</span> <span class='ocrx_word' id='word_1_479' title='bbox 1289 1633 1459 1679; x_wconf 88' lang='lat' dir='ltr'>Sequitur</span> <span class='ocrx_word' id='word_1_480' title='bbox 1477 1633 1649 1677; x_wconf 86' lang='lat' dir='ltr'>expositio</span> <span class='ocrx_word' id='word_1_481' title='bbox 1668 1645 1731 1678; x_wconf 90' lang='lat' dir='ltr'>per</span> <span class='ocrx_word' id='word_1_482' title='bbox 1750 1633 1978 1667; x_wconf 83' lang='lat' dir='ltr'>collationem</span> <span class='ocrx_word' id='word_1_483' title='bbox 1997 1645 2079 1666; x_wconf 89' lang='lat' dir='ltr'>suae</span> <span class='ocrx_word' id='word_1_484' title='bbox 2097 1645 2152 1665; x_wconf 86' lang='lat' dir='ltr'>ca-</span> 
     </span>
     <span class='ocr_line' id='line_1_82' title="bbox 1159 1684 2150 1730; baseline 0 -14"><span class='ocrx_word' id='word_1_485' title='bbox 1159 1684 1350 1724; x_wconf 86' lang='lat' dir='ltr'>lamitatis,</span> <span class='ocrx_word' id='word_1_486' title='bbox 1391 1696 1482 1730; x_wconf 89' lang='lat' dir='ltr'>quae</span> <span class='ocrx_word' id='word_1_487' title='bbox 1511 1691 1564 1718; x_wconf 87' lang='lat' dir='ltr'>est</span> <span class='ocrx_word' id='word_1_488' title='bbox 1585 1684 1772 1718; x_wconf 87' lang='lat' dir='ltr'>coniuncta</span> <span class='ocrx_word' id='word_1_489' title='bbox 1795 1697 1876 1718; x_wconf 89' lang='lat' dir='ltr'>cum</span> <span class='ocrx_word' id='word_1_490' title='bbox 1902 1685 2022 1729; x_wconf 90' lang='lat' dir='ltr'>culpa;</span> <span class='ocrx_word' id='word_1_491' title='bbox 2067 1684 2150 1716; x_wconf 80' lang='lat' dir='ltr'>iteni</span> 
     </span>
     <span class='ocr_line' id='line_1_83' title="bbox 1160 1735 2152 1770; baseline 0 -3"><span class='ocrx_word' id='word_1_492' title='bbox 1160 1735 1371 1768; x_wconf 85' lang='lat' dir='ltr'>calamitatis</span> <span class='ocrx_word' id='word_1_493' title='bbox 1386 1747 1546 1770; x_wconf 88' lang='lat' dir='ltr'>suorum.</span> <span class='ocrx_word' id='word_1_494' title='bbox 1599 1735 1737 1769; x_wconf 85' lang='lat' dir='ltr'>Deinde</span> <span class='ocrx_word' id='word_1_495' title='bbox 1754 1742 1836 1770; x_wconf 89' lang='lat' dir='ltr'>sunt</span> <span class='ocrx_word' id='word_1_496' title='bbox 1861 1736 2001 1769; x_wconf 89' lang='lat' dir='ltr'>additae</span> <span class='ocrx_word' id='word_1_497' title='bbox 2027 1747 2152 1768; x_wconf 83' lang='lat' dir='ltr'>narra-</span> 
     </span>
     <span class='ocr_line' id='line_1_84' title="bbox 1159 1786 2152 1832; baseline -0.001 -13"><span class='ocrx_word' id='word_1_498' title='bbox 1159 1786 1295 1826; x_wconf 89' lang='lat' dir='ltr'>tiones,</span> <span class='ocrx_word' id='word_1_499' title='bbox 1322 1786 1450 1832; x_wconf 88' lang='lat' dir='ltr'>quibus</span> <span class='ocrx_word' id='word_1_500' title='bbox 1473 1788 1666 1832; x_wconf 86' lang='lat' dir='ltr'>respondet</span> <span class='ocrx_word' id='word_1_501' title='bbox 1687 1788 1733 1819; x_wconf 89' lang='lat' dir='ltr'>ad</span> <span class='ocrx_word' id='word_1_502' title='bbox 1755 1787 1854 1820; x_wconf 89' lang='lat' dir='ltr'>varia</span> <span class='ocrx_word' id='word_1_503' title='bbox 1879 1787 1995 1831; x_wconf 89' lang='lat' dir='ltr'>capita</span> <span class='ocrx_word' id='word_1_504' title='bbox 2018 1787 2152 1819; x_wconf 88' lang='lat' dir='ltr'>littera-</span> 
     </span>
     <span class='ocr_line' id='line_1_85' title="bbox 1158 1836 2151 1873; baseline 0 -2"><span class='ocrx_word' id='word_1_505' title='bbox 1158 1849 1238 1871; x_wconf 84' lang='lat' dir='ltr'>rum</span> <span class='ocrx_word' id='word_1_506' title='bbox 1255 1837 1388 1873; x_wconf 86' lang='lat' dir='ltr'>uxoris.</span> <span class='ocrx_word' id='word_1_507' title='bbox 1421 1836 1462 1871; x_wconf 93' lang='lat' dir='ltr'>In</span> <span class='ocrx_word' id='word_1_508' title='bbox 1479 1838 1548 1871; x_wconf 86' lang='lat' dir='ltr'>fine</span> <span class='ocrx_word' id='word_1_509' title='bbox 1564 1844 1615 1872; x_wconf 89' lang='lat' dir='ltr'>est</span> <span class='ocrx_word' id='word_1_510' title='bbox 1633 1836 1836 1871; x_wconf 89' lang='lat' dir='ltr'>adhortatio</span> <span class='ocrx_word' id='word_1_511' title='bbox 1852 1839 1897 1871; x_wconf 85' lang='lat' dir='ltr'>ad</span> <span class='ocrx_word' id='word_1_512' title='bbox 1914 1838 2151 1872; x_wconf 83' lang='lat' dir='ltr'>scribendum.</span> 
     </span>
    </p>
   </div>
   <div class='ocr_carea' id='block_1_22' title="bbox 1406 1923 1900 1967">
    <p class='ocr_par' dir='ltr' id='par_1_25' title="bbox 1406 1923 1900 1967">
     <span class='ocr_line' id='line_1_86' title="bbox 1406 1923 1900 1967; baseline 0.002 -11"><span class='ocrx_word' id='word_1_513' title='bbox 1406 1923 1544 1957; x_wconf 88' lang='lat' dir='ltr'>Aliud</span> <span class='ocrx_word' id='word_1_514' title='bbox 1570 1930 1900 1967; x_wconf 80' lang='lat' dir='ltr'>argumentum.</span> 
     </span>
    </p>
   </div>
   <div class='ocr_carea' id='block_1_23' title="bbox 1156 1989 2149 2290">
    <p class='ocr_par' dir='ltr' id='par_1_26' title="bbox 1156 1989 2149 2290">
     <span class='ocr_line' id='line_1_87' title="bbox 1259 1989 2149 2034; baseline 0.003 -12"><span class='ocrx_word' id='word_1_515' title='bbox 1259 1989 1409 2022; x_wconf 80' lang='lat' dir='ltr'>Exordii</span> <span class='ocrx_word' id='word_1_516' title='bbox 1424 1990 1502 2023; x_wconf 91' lang='lat' dir='ltr'>loco</span> <span class='ocrx_word' id='word_1_517' title='bbox 1521 1991 1668 2034; x_wconf 91' lang='lat' dir='ltr'>ponitur</span> <span class='ocrx_word' id='word_1_518' title='bbox 1694 1991 1961 2025; x_wconf 80' lang='lat' dir='ltr'>narratiuncula</span> <span class='ocrx_word' id='word_1_519' title='bbox 1992 1992 2034 2024; x_wconf 89' lang='lat' dir='ltr'>de</span> <span class='ocrx_word' id='word_1_520' title='bbox 2058 1992 2149 2025; x_wconf 83' lang='lat' dir='ltr'>litte-</span> 
     </span>
     <span class='ocr_line' id='line_1_88' title="bbox 1157 2040 2147 2088; baseline 0.002 -15"><span class='ocrx_word' id='word_1_521' title='bbox 1157 2040 1206 2073; x_wconf 93' lang='lat' dir='ltr'>ris</span> <span class='ocrx_word' id='word_1_522' title='bbox 1238 2040 1401 2085; x_wconf 86' lang='lat' dir='ltr'>acceptis.</span> <span class='ocrx_word' id='word_1_523' title='bbox 1468 2041 1637 2086; x_wconf 86' lang='lat' dir='ltr'>Sequitur</span> <span class='ocrx_word' id='word_1_524' title='bbox 1673 2043 1816 2076; x_wconf 88' lang='lat' dir='ltr'>collatio</span> <span class='ocrx_word' id='word_1_525' title='bbox 1850 2055 1913 2087; x_wconf 87' lang='lat' dir='ltr'>per</span> <span class='ocrx_word' id='word_1_526' title='bbox 1947 2043 2147 2088; x_wconf 81' lang='lat' dir='ltr'>querelam:</span> 
     </span>
     <span class='ocr_line' id='line_1_89' title="bbox 1157 2091 2149 2140; baseline 0.003 -16"><span class='ocrx_word' id='word_1_527' title='bbox 1157 2091 1237 2124; x_wconf 89' lang='lat' dir='ltr'>Mea</span> <span class='ocrx_word' id='word_1_528' title='bbox 1255 2091 1439 2125; x_wconf 85' lang='lat' dir='ltr'>calamitas</span> <span class='ocrx_word' id='word_1_529' title='bbox 1460 2093 1577 2125; x_wconf 89' lang='lat' dir='ltr'>maior</span> <span class='ocrx_word' id='word_1_530' title='bbox 1601 2100 1671 2134; x_wconf 82' lang='lat' dir='ltr'>est,</span> <span class='ocrx_word' id='word_1_531' title='bbox 1707 2106 1814 2140; x_wconf 88' lang='lat' dir='ltr'>quam</span> <span class='ocrx_word' id='word_1_532' title='bbox 1845 2101 1926 2133; x_wconf 85' lang='lat' dir='ltr'>tua,</span> <span class='ocrx_word' id='word_1_533' title='bbox 1960 2094 2043 2139; x_wconf 91' lang='lat' dir='ltr'>quia</span> <span class='ocrx_word' id='word_1_534' title='bbox 2066 2106 2149 2127; x_wconf 87' lang='lat' dir='ltr'>con-</span> 
     </span>
     <span class='ocr_line' id='line_1_90' title="bbox 1156 2142 2147 2191; baseline 0.002 -16"><span class='ocrx_word' id='word_1_535' title='bbox 1156 2142 1276 2176; x_wconf 88' lang='lat' dir='ltr'>iuncta</span> <span class='ocrx_word' id='word_1_536' title='bbox 1304 2149 1356 2176; x_wconf 91' lang='lat' dir='ltr'>est</span> <span class='ocrx_word' id='word_1_537' title='bbox 1377 2155 1457 2176; x_wconf 90' lang='lat' dir='ltr'>cum</span> <span class='ocrx_word' id='word_1_538' title='bbox 1481 2144 1595 2188; x_wconf 88' lang='lat' dir='ltr'>culpa.</span> <span class='ocrx_word' id='word_1_539' title='bbox 1661 2144 1795 2191; x_wconf 81' lang='lat' dir='ltr'>Estque</span> <span class='ocrx_word' id='word_1_540' title='bbox 1829 2146 1948 2178; x_wconf 81' lang='lat' dir='ltr'>addita</span> <span class='ocrx_word' id='word_1_541' title='bbox 1975 2146 2147 2189; x_wconf 80' lang='lat' dir='ltr'>expositio</span> 
     </span>
     <span class='ocr_line' id='line_1_91' title="bbox 1157 2194 2149 2241; baseline 0.003 -15"><span class='ocrx_word' id='word_1_542' title='bbox 1157 2194 1292 2238; x_wconf 87' lang='lat' dir='ltr'>culpae.</span> <span class='ocrx_word' id='word_1_543' title='bbox 1360 2194 1497 2228; x_wconf 88' lang='lat' dir='ltr'>Deinde</span> <span class='ocrx_word' id='word_1_544' title='bbox 1526 2196 1707 2230; x_wconf 89' lang='lat' dir='ltr'>adduntur</span> <span class='ocrx_word' id='word_1_545' title='bbox 1731 2198 1849 2241; x_wconf 85' lang='lat' dir='ltr'>plures</span> <span class='ocrx_word' id='word_1_546' title='bbox 1878 2197 2001 2231; x_wconf 77' lang='lat' dir='ltr'>breves</span> <span class='ocrx_word' id='word_1_547' title='bbox 2025 2208 2149 2229; x_wconf 83' lang='lat' dir='ltr'>narra-</span> 
     </span>
     <span class='ocr_line' id='line_1_92' title="bbox 1156 2243 1997 2290; baseline 0.006 -12"><span class='ocrx_word' id='word_1_548' title='bbox 1156 2245 1282 2279; x_wconf 86' lang='lat' dir='ltr'>tiones.</span> <span class='ocrx_word' id='word_1_549' title='bbox 1332 2243 1504 2290; x_wconf 82' lang='lat' dir='ltr'>Epilogus</span> <span class='ocrx_word' id='word_1_550' title='bbox 1523 2253 1661 2281; x_wconf 82' lang='lat' dir='ltr'>constat</span> <span class='ocrx_word' id='word_1_551' title='bbox 1674 2246 1997 2283; x_wconf 84' lang='lat' dir='ltr'>adhortatiuncula.</span> 
     </span>
    </p>
   </div>
   <div class='ocr_carea' id='block_1_24' title="bbox 1192 2362 2148 2462">
    <p class='ocr_par' dir='ltr' id='par_1_27' title="bbox 1192 2362 2148 2462">
     <span class='ocr_line' id='line_1_93' title="bbox 1192 2362 2147 2397; baseline 0.006 -11"><span class='ocrx_word' id='word_1_552' title='bbox 1192 2362 1239 2390; x_wconf 76' lang='lat'>14)</span> <span class='ocrx_word' id='word_1_553' title='bbox 1259 2362 1362 2394; x_wconf 81' lang='lat' dir='ltr'>Accepi</span> <span class='ocrx_word' id='word_1_554' title='bbox 1379 2374 1414 2379; x_wconf 89' lang='lat'><em>—</em></span> <span class='ocrx_word' id='word_1_555' title='bbox 1432 2363 1552 2388; x_wconf 76' lang='lat' dir='ltr'>collatio</span> <span class='ocrx_word' id='word_1_556' title='bbox 1572 2365 1640 2393; x_wconf 67' lang='lat' dir='ltr'>ete]</span> <span class='ocrx_word' id='word_1_557' title='bbox 1659 2364 1709 2388; x_wconf 83' lang='lat' dir='ltr'>Ed.</span> <span class='ocrx_word' id='word_1_558' title='bbox 1730 2364 1806 2389; x_wconf 71' lang='lat'>1545.</span> <span class='ocrx_word' id='word_1_559' title='bbox 1825 2365 1912 2388; x_wconf 83' lang='lat' dir='ltr'>male:</span> <span class='ocrx_word' id='word_1_560' title='bbox 1939 2365 2041 2397; x_wconf 79' lang='lat' dir='ltr'>Accepi</span> <span class='ocrx_word' id='word_1_561' title='bbox 2060 2373 2147 2392; x_wconf 71' lang='lat' dir='ltr'>exor-</span> 
     </span>
     <span class='ocr_line' id='line_1_94' title="bbox 1225 2396 2148 2462; baseline 0.007 -42"><span class='ocrx_word' id='word_1_562' title='bbox 1225 2396 1467 2462; x_wconf 50' lang='lat' dir='ltr'>iiiiiingitfionatio</span> <span class='ocrx_word' id='word_1_563' title='bbox 1491 2400 1545 2424; x_wconf 81' lang='lat' dir='ltr'>etc.</span> <span class='ocrx_word' id='word_1_564' title='bbox 1576 2398 1670 2429; x_wconf 84' lang='lat' dir='ltr'>(quasi</span> <span class='ocrx_word' id='word_1_565' title='bbox 1695 2397 1888 2430; x_wconf 69' lang='lat' dir='ltr'>„exorditun”</span> <span class='ocrx_word' id='word_1_566' title='bbox 1914 2398 2056 2425; x_wconf 78' lang='lat' dir='ltr'>Ciceronis</span> <span class='ocrx_word' id='word_1_567' title='bbox 2082 2408 2148 2427; x_wconf 74' lang='lat' dir='ltr'>ver-</span> 
     </span>
    </p>
   </div>
   <div class='ocr_carea' id='block_1_25' title="bbox 1192 2473 2145 2540">
    <p class='ocr_par' dir='ltr' id='par_1_28' title="bbox 1192 2473 2145 2540">
     <span class='ocr_line' id='line_1_95' title="bbox 1192 2473 2145 2505; baseline 0.007 -8"><span class='ocrx_word' id='word_1_568' title='bbox 1192 2474 1239 2502; x_wconf 86' lang='lat'>15)</span> <span class='ocrx_word' id='word_1_569' title='bbox 1258 2474 1313 2498; x_wconf 86' lang='lat' dir='ltr'>Pro</span> <span class='ocrx_word' id='word_1_570' title='bbox 1331 2474 1373 2497; x_wconf 81' lang='lat' dir='ltr'>his</span> <span class='ocrx_word' id='word_1_571' title='bbox 1390 2473 1445 2499; x_wconf 83' lang='lat' dir='ltr'>Cic.</span> <span class='ocrx_word' id='word_1_572' title='bbox 1465 2474 1559 2498; x_wconf 83' lang='lat' dir='ltr'>verbis</span> <span class='ocrx_word' id='word_1_573' title='bbox 1579 2475 1606 2498; x_wconf 90' lang='lat' dir='ltr'>in</span> <span class='ocrx_word' id='word_1_574' title='bbox 1617 2475 1798 2505; x_wconf 76' lang='lat' dir='ltr'>Editt.1545.‚</span> <span class='ocrx_word' id='word_1_575' title='bbox 1819 2476 1893 2501; x_wconf 81' lang='lat'>1560.</span> <span class='ocrx_word' id='word_1_576' title='bbox 1913 2477 1975 2502; x_wconf 81' lang='lat' dir='ltr'>huic</span> <span class='ocrx_word' id='word_1_577' title='bbox 1992 2479 2075 2503; x_wconf 83' lang='lat' dir='ltr'>notae</span> <span class='ocrx_word' id='word_1_578' title='bbox 2093 2479 2145 2504; x_wconf 73' lang='lat' dir='ltr'>ad-</span> 
     </span>
     <span class='ocr_line' id='line_1_96' title="bbox 1225 2509 1853 2540; baseline 0.006 -9"><span class='ocrx_word' id='word_1_579' title='bbox 1225 2509 1329 2538; x_wconf 82' lang='lat' dir='ltr'>scripta</span> <span class='ocrx_word' id='word_1_580' title='bbox 1347 2511 1411 2532; x_wconf 88' lang='lat' dir='ltr'>sunt</span> <span class='ocrx_word' id='word_1_581' title='bbox 1428 2510 1637 2534; x_wconf 80' lang='lat' dir='ltr'>antecedentia:</span> <span class='ocrx_word' id='word_1_582' title='bbox 1665 2511 1764 2540; x_wconf 78' lang='lat' dir='ltr'>Quare</span> <span class='ocrx_word' id='word_1_583' title='bbox 1780 2517 1853 2536; x_wconf 81' lang='lat' dir='ltr'>cum.</span> 
     </span>
    </p>
   </div>
   <div class='ocr_carea' id='block_1_26' title="bbox 1193 2548 1767 2580">
    <p class='ocr_par' dir='ltr' id='par_1_29' title="bbox 1193 2548 1767 2580">
     <span class='ocr_line' id='line_1_97' title="bbox 1193 2548 1767 2580; baseline 0.005 -6"><span class='ocrx_word' id='word_1_584' title='bbox 1193 2550 1240 2579; x_wconf 83' lang='lat'>16)</span> <span class='ocrx_word' id='word_1_585' title='bbox 1259 2548 1366 2580; x_wconf 73' lang='grc' dir='ltr'><strong><em>πάθος]</em></strong></span> <span class='ocrx_word' id='word_1_586' title='bbox 1387 2552 1498 2575; x_wconf 83' lang='lat' dir='ltr'>eaedem</span> <span class='ocrx_word' id='word_1_587' title='bbox 1516 2552 1533 2576; x_wconf 82' lang='lat'>2</span> <span class='ocrx_word' id='word_1_588' title='bbox 1552 2553 1636 2578; x_wconf 84' lang='lat' dir='ltr'>Editt.</span> <span class='ocrx_word' id='word_1_589' title='bbox 1656 2553 1767 2577; x_wconf 85' lang='lat' dir='ltr'>Pathos.</span> 
     </span>
    </p>
   </div>
   <div class='ocr_carea' id='block_1_27' title="bbox 1193 2594 2147 2658">
    <p class='ocr_par' dir='ltr' id='par_1_30' title="bbox 1193 2594 2147 2658">
     <span class='ocr_line' id='line_1_98' title="bbox 1193 2594 2147 2632; baseline 0.009 -15"><span class='ocrx_word' id='word_1_590' title='bbox 1193 2594 1238 2632; x_wconf 69' lang='lat'>17)</span> <span class='ocrx_word' id='word_1_591' title='bbox 1257 2594 1332 2617; x_wconf 82' lang='lat' dir='ltr'>Haec</span> <span class='ocrx_word' id='word_1_592' title='bbox 1350 2595 1416 2618; x_wconf 82' lang='lat' dir='ltr'>nota</span> <span class='ocrx_word' id='word_1_593' title='bbox 1434 2594 1770 2626; x_wconf 74' lang='lat' dir='ltr'>inEditt.1537—1544.,</span> <span class='ocrx_word' id='word_1_594' title='bbox 1791 2597 1876 2630; x_wconf 63' lang='lat'>1554„</span> <span class='ocrx_word' id='word_1_595' title='bbox 1896 2598 1972 2623; x_wconf 86' lang='lat'>1557.</span> <span class='ocrx_word' id='word_1_596' title='bbox 1991 2599 2147 2631; x_wconf 59' lang='lat' dir='ltr'>involutum</span> 
     </span>
     <span class='ocr_line' id='line_1_99' title="bbox 1224 2629 1684 2658; baseline 0.007 -7"><span class='ocrx_word' id='word_1_597' title='bbox 1224 2634 1253 2651; x_wconf 84' lang='lat' dir='ltr'>lu</span> <span class='ocrx_word' id='word_1_598' title='bbox 1271 2629 1355 2653; x_wconf 78' lang='lat' dir='ltr'>Editt.</span> <span class='ocrx_word' id='word_1_599' title='bbox 1381 2629 1474 2658; x_wconf 75' lang='lat'>1545.,</span> <span class='ocrx_word' id='word_1_600' title='bbox 1502 2630 1575 2653; x_wconf 81' lang='lat'>1560.</span> <span class='ocrx_word' id='word_1_601' title='bbox 1597 2630 1684 2655; x_wconf 74' lang='lat' dir='ltr'>deest.</span> 
     </span>
    </p>
   </div>
   <div class='ocr_carea' id='block_1_28' title="bbox 1190 2670 2147 2737">
    <p class='ocr_par' dir='ltr' id='par_1_31' title="bbox 1190 2670 2147 2737">
     <span class='ocr_line' id='line_1_100' title="bbox 1190 2670 2147 2710; baseline 0.009 -16"><span class='ocrx_word' id='word_1_602' title='bbox 1190 2670 1238 2699; x_wconf 77' lang='lat'>18)</span> <span class='ocrx_word' id='word_1_603' title='bbox 1258 2671 1316 2695; x_wconf 80' lang='lat' dir='ltr'>Hoc</span> <span class='ocrx_word' id='word_1_604' title='bbox 1333 2672 1524 2709; x_wconf 68' lang='lat' dir='ltr'>argumentum</span> <span class='ocrx_word' id='word_1_605' title='bbox 1544 2673 1572 2696; x_wconf 82' lang='lat' dir='ltr'>et</span> <span class='ocrx_word' id='word_1_606' title='bbox 1591 2672 1643 2697; x_wconf 85' lang='lat' dir='ltr'>duo</span> <span class='ocrx_word' id='word_1_607' title='bbox 1663 2674 1808 2705; x_wconf 80' lang='lat' dir='ltr'>sequeutia</span> <span class='ocrx_word' id='word_1_608' title='bbox 1828 2674 1857 2700; x_wconf 85' lang='lat' dir='ltr'>in</span> <span class='ocrx_word' id='word_1_609' title='bbox 1877 2676 1960 2702; x_wconf 80' lang='lat' dir='ltr'>Editt.</span> <span class='ocrx_word' id='word_1_610' title='bbox 1974 2678 2060 2710; x_wconf 61' lang='lat'>1556„</span> <span class='ocrx_word' id='word_1_611' title='bbox 2082 2679 2147 2703; x_wconf 65' lang='lat'>156³</span> 
     </span>
     <span class='ocr_line' id='line_1_101' title="bbox 1223 2706 1545 2737; baseline 0.003 -8"><span class='ocrx_word' id='word_1_612' title='bbox 1223 2706 1341 2730; x_wconf 72' lang='grc'><strong>-1596,</strong></span> <span class='ocrx_word' id='word_1_613' title='bbox 1360 2708 1545 2737; x_wconf 71' lang='lat' dir='ltr'>reperiuntur.</span> 
     </span>
    </p>
   </div>
  </div>
 </body>
</html>
