2351 2990
113 129 212 166 1071

110 221 206 249 runt.
256 212 292 246 Id
312 224 392 245 cum
410 222 484 243 non
499 208 544 242 sit
563 208 693 240 factum
710 205 822 237 libero
841 213 1013 236 consensu
1029 201 1107 233 nni-

112 278 233 300 versae
249 262 420 300 civitatis,
449 272 523 294 non
541 265 590 292 est
615 258 645 289 ei
672 256 983 300 exprobrandum,
1010 252 1106 297 quod

111 329 186 350 non
212 314 361 360 deliquit
385 311 530 357 propria
557 307 823 350 suffragatione.
889 304 1000 348 Igitur
1028 309 1108 347 post

113 369 303 402 discessum
323 365 511 398 Medorum
524 388 533 400 ,
564 372 642 392 cum
658 358 782 391 civitas
798 358 890 400 leges
906 354 1108 399 recepisset,

115 419 357 455 considerate,
392 427 470 448 cnm
495 409 730 446 Athenienses
758 409 960 442 Coroneam
985 412 1019 438 et
1045 417 1108 437 no-

113 478 225 505 stram
245 468 426 512 regionem
445 464 676 499 invaderent,
709 467 743 494 et
767 460 832 494 sibi
855 458 1028 492 subiicere
1052 468 1109 489 co-

113 528 307 557 narentur,
351 524 383 550 et
414 521 562 560 propter
591 512 783 546 seditiones
814 511 952 555 aliquot
977 507 1107 552 oppida

115 575 362 616 occupassent,
389 578 509 600 nonne
529 577 588 598 eos
606 563 755 597 vicimus
780 561 918 607 proelio
937 561 982 593 ad
1000 559 1110 593 Coro-

116 637 219 658 neam
254 628 287 653 et
315 618 485 653 Boeotiae
514 617 714 649 libertatem
744 613 976 651 retinuimus,
1017 622 1111 643 nunc

115 676 222 710 etiam
253 670 496 705 defensionem
526 667 700 700 libertatis
725 666 913 699 universae
940 661 1111 696 Graeciae

116 726 339 762 adiuvamus,
367 721 577 766 praebentes
595 730 704 764 equos
719 724 752 750 et
768 721 972 761 apparatus,
1000 725 1112 759 quan-

115 785 170 811 tos
186 775 282 809 nulla
303 773 396 807 socia
415 771 538 805 civitas
557 770 624 803 alia
642 767 813 813 praebet?
856 766 952 800 Haec
972 776 1113 798 excusa-

118 829 168 862 tio
184 828 227 860 de
244 824 497 859 coniunctione
515 835 593 855 cum
613 820 730 854 Persis
747 819 908 853 sufficiat.

220 885 328 930 Quod
346 890 463 917 autem
480 895 544 915 vos
564 881 675 925 magis
702 879 831 913 iniuste
856 876 967 921 agatis
990 881 1113 908 contra

117 940 294 977 Graecos,
321 942 356 968 et
379 935 559 979 digniores
583 932 658 966 sitis
682 930 781 964 omni
805 940 944 974 poena,
972 926 1115 960 conabi-

118 1002 201 1024 mur
226 988 425 1022 ostendere.
484 984 585 1017 Facti
610 982 692 1017 estis
718 979 991 1015 Atheniensium
1017 977 1117 1025 socii,

120 1048 155 1076 et
174 1041 286 1079 cives,
313 1044 352 1072 ut
372 1050 437 1071 nos
460 1035 656 1080 reprimere
679 1033 846 1078 possetis,
881 1031 972 1065 sicut
991 1029 1117 1062 dicitis.

121 1092 323 1137 Oportebat
338 1089 447 1133 igitur
465 1100 527 1121 vos
546 1087 719 1119 adducere
745 1097 804 1118 eos
828 1089 967 1116 tantum
994 1086 1117 1114 contra

121 1156 206 1183 nos,
233 1153 307 1175 non
325 1153 405 1173 cum
428 1139 477 1173 eis
501 1138 657 1170 militare
682 1137 726 1169 ad
751 1136 839 1168 alios
863 1132 1120 1179 opprimendos

122 1195 313 1232 servitute,
341 1204 421 1225 cum
441 1190 606 1236 quidem,
631 1188 660 1222 si
676 1187 809 1220 vellent
831 1198 894 1219 vos
916 1183 1047 1217 invitos
1069 1195 1121 1216 se-

123 1259 203 1281 cum
229 1246 377 1283 ducere,
416 1241 565 1276 societas
587 1239 688 1272 vobis
715 1239 759 1272 sit
782 1244 883 1271 vetus
910 1248 990 1269 cum
1013 1233 1121 1267 Lace-

123 1295 343 1335 daemoniis,
370 1293 468 1327 cuius
485 1299 519 1325 et
534 1291 754 1325 mentionem
771 1288 918 1328 fecistis,
946 1298 1037 1332 quae
1049 1297 1122 1319 una

126 1351 171 1383 ad
189 1360 254 1381 nos
271 1345 519 1390 reprimendos
538 1343 727 1377 suffectura
747 1347 841 1381 erat,
874 1351 919 1372 ne
943 1337 1045 1370 vobis
1070 1337 1124 1368 in-

126 1400 257 1435 iuriam
278 1398 502 1430 inferremus.
555 1394 622 1428 Sed
643 1393 821 1431 volentes,
845 1402 920 1423 non
940 1387 1054 1422 coacti
1076 1386 1124 1425 vi,

126 1457 245 1498 partes
261 1447 533 1482 Atheniensium
552 1445 653 1490 sequi
671 1443 834 1487 elegistis.

231 1509 278 1543 Et
297 1515 420 1553 postea
438 1506 574 1545 dicitis,
602 1511 705 1548 turpe
725 1515 798 1537 esse
815 1502 904 1534 bene
922 1495 1125 1540 merit0s39)

129 1565 310 1597 deserere:
338 1560 449 1592 immo
466 1558 580 1590 multo
599 1555 738 1600 turpius
754 1560 805 1587 est
820 1552 1007 1586 universos
1018 1548 1127 1582 Grae-

131 1627 190 1647 cos
213 1613 375 1645 deserere
405 1621 511 1655 quam
535 1608 629 1642 solos
646 1604 899 1643 Athenienses,
935 1600 996 1647 qui
1019 1598 1128 1656 servi-

130 1671 205 1699 tute
224 1662 454 1708 opprimunt,
481 1659 533 1692 illi
556 1671 641 1691 vero
666 1658 820 1690 liberant
839 1655 1016 1691 Graecos,
1052 1662 1130 1696 qul-

130 1717 197 1749 bus
227 1727 303 1747 non
334 1713 462 1746 iustam
488 1710 638 1755 gratiam
668 1707 856 1747 retulistis,
890 1705 951 1739 sed
976 1710 1130 1746 turpem.

132 1768 180 1801 At
197 1778 259 1799 vos
279 1764 334 1810 (nt
351 1762 483 1807 dicitis)
506 1761 677 1794 nimirum
702 1758 833 1792 iniuria
859 1755 997 1795 affecti,
1024 1751 1132 1786 Athe-

134 1819 294 1856 nienses,
328 1822 368 1849 ut
393 1814 492 1847 vobis
520 1812 760 1857 opitulentur,
793 1807 1004 1845 attraxistis,
1038 1805 1133 1837 illos-

136 1882 226 1916 que,
263 1867 325 1913 qui
349 1866 437 1899 alios
459 1865 625 1904 laedunt,
660 1863 697 1895 in
721 1861 925 1896 societatem
951 1856 1133 1891 ascivistis.
1157 1848 1161 1905 1

134 1921 212 1955 Hoc
226 1918 340 1963 magis
356 1917 443 1950 vitio
458 1916 629 1955 vertitur,
656 1926 730 1947 non
748 1924 869 1958 parem
889 1909 1041 1955 gratiam
1056 1907 1135 1941 red-
1159 1908 1162 1981 1

137 1974 234 2012 dere,
262 1982 370 2015 quam
388 1969 476 2002 iuste
496 1967 666 2006 debitam,
694 1965 824 1998 iniuste
841 1963 1010 2001 reddere,
1038 1959 1136 2005 quod

136 2036 200 2057 vos
217 2021 357 2055 fecistis.
397 2019 483 2053 Inde
500 2024 657 2058 constat,
685 2029 748 2050 vos
763 2027 838 2049 non
853 2012 1015 2048 utilitatis
1026 2011 1138 2045 Grae·
1161 1998 1163 2034 1

139 2075 212 2108 ciae
238 2084 362 2111 causa,
407 2083 482 2104 non
507 2069 654 2104 sensisse
679 2081 758 2102 cuin
782 2066 916 2106 Medis,
959 2064 1037 2097 sed³
1053 2061 1135 2108 quia
1161 2043 1165 2129 1

138 2124 373 2160 Athenienses
397 2135 471 2155 non
495 2126 682 2155 senserunt
705 2132 784 2153 cum
816 2118 884 2158 eis,
927 2116 1138 2159 eademque,
1162 2132 1165 2152 5

140 2189 232 2224 quae
258 2175 325 2220 ipsi
350 2174 570 2213 moliuntur,
610 2184 673 2205 vos
699 2182 842 2217 quoque
867 2166 1065 2205 molimini,
1099 2170 1139 2197 ut
1162 2153 1166 2213 1

140 2227 288 2263 Graecis
303 2225 479 2263 noceatis;
515 2231 548 2257 et
566 2231 687 2257 tamen
712 2233 807 2256 nunc
831 2219 971 2265 petitis,
1009 2223 1049 2250 ut
1071 2216 1139 2260 ipsi
1163 2230 1165 2266 s

141 2281 180 2313 in
196 2279 319 2317 rebus,
348 2277 476 2322 quibus
499 2276 608 2309 fortes
630 2274 744 2308 fuistis
768 2285 834 2318 pro
851 2268 1140 2306 Atheniensibus,
1164 2286 1165 2291 =

141 2331 243 2364 vobis
262 2328 414 2374 prosint.
463 2327 599 2360 Verum
618 2324 687 2359 hoc
703 2325 851 2358 minime
872 2321 1051 2356 convenit.
1102 2318 1138 2352 Si
1164 2326 1165 2363 1

144 2382 289 2428 quidem
308 2377 543 2413 Athenienses
561 2379 597 2411 in
615 2377 728 2411 socios
746 2375 934 2414 ascivistis,
970 2385 1030 2406 eos
1056 2382 1140 2404 sane
1164 2366 1167 2417 1

144 2439 185 2467 ut
200 2431 287 2465 socii
306 2431 444 2471 iuvate,
479 2442 544 2463 nec
569 2430 716 2473 allegate
743 2428 838 2461 illius
864 2424 1035 2471 temporis
1058 2434 1141 2456 con·
1165 2431 1166 2480 1

144 2481 449 2521 foederationem,
477 2488 649 2527 tanquam
668 2492 762 2514 nunc
784 2484 933 2524 propter
957 2476 1055 2509 illam
1079 2485 1142 2506 vo-

144 2536 200 2569 bis
223 2544 368 2578 parcere
392 2533 525 2567 deceat.
588 2531 757 2565 Violastis
785 2530 878 2564 enim
902 2529 961 2561 illa
982 2527 1142 2565 foedera,
1165 2558 1167 2563 ,

147 2594 182 2621 et
192 2582 415 2628 transgressi,
434 2585 544 2627 magis
560 2584 597 2617 in
615 2583 822 2618 servitutem
840 2582 929 2615 alios
946 2577 1142 2623 redegistis,
1165 2579 1167 2581 ’

181 2711 229 2736 39)
250 2708 317 2729 bene
335 2703 466 2731 meritos]
486 2703 534 2726 Ed.
558 2703 632 2727 ¹562.
660 2708 756 2727 errore
774 2704 902 2733 typogrA
934 2701 1005 2725 bene
1029 2697 1142 2724 meritas

217 2740 351 2774 [Thucyd.
371 2736 434 2764 τούς
453 2734 619 2768 εὐεργέτας).

1167 2750 1170 2759 ι

702 118 824 155 Pnlr..
853 116 967 151 MEL.
1002 111 1205 149 SCRIPTA
1235 109 1571 146 PHILOLOGICA.

1163 2267 1165 2277 Α
1191 2244 1396 2279 voluerunt.

2056 103 2155 140 1072

1162 203 1202 230 ut
1225 195 1435 239 Aeginetas,
1469 208 1576 241 quam
1599 194 1789 239 repulistis.
1853 192 1900 225 Et
1920 189 2007 224 haec
2029 190 2159 224 fecistis

1161 259 1236 280 non
1252 246 1356 278 inviti
1373 253 1414 280 ut
1432 258 1516 286 nos,
1544 247 1603 280 sed
1620 247 1734 285 ultro,
1768 243 1874 278 salvis
1891 241 2006 276 adhuc
2022 242 2157 286 legibus

1161 298 1307 337 vestris,
1335 308 1423 342 quas
1447 297 1485 329 in
1506 295 1601 330 hunc
1625 309 1736 342 usque
1761 296 1855 328 diem
1880 293 2051 327 retinetis.
2111 292 2157 325 Et

1161 349 1354 382 novissime
1370 348 1592 392 propositam
1612 347 1852 381 conditionem
1867 345 2077 391 (antequam
2095 344 2159 377 ob-

1161 400 1301 434 sidione
1317 398 1423 432 cincti
1440 399 1559 445 estis),
1582 411 1625 432 ne
1645 399 1762 433 essetis
1783 399 1818 431 in
1836 397 2015 442 partibus,
2042 396 2103 430 sed
2121 395 2159 427 in

1164 458 1262 491 tuto,
1289 463 1364 483 non
1386 450 1579 494 recepistis.

1267 525 1356 571 Quis
1389 525 1497 569 igitur
1526 537 1601 558 non
1633 524 1760 557 merito
1797 536 1859 558 vos
1892 535 1978 568 prae
2013 521 2161 568 reliquis

1165 577 1331 611 omnibus
1349 577 1495 611 Graecis
1511 575 1651 609 oderit?
1680 576 1723 608 ad
1743 587 1831 620 quos
1852 576 2054 618 perdendos
2075 580 2163 608 stre-

1164 641 1238 662 nuo
1258 628 1414 662 navastis
1432 640 1590 672 operam.
1646 626 1753 671 Quod
1771 632 1889 658 autem
1906 626 2031 659 attinet
2047 627 2091 659 ad
2107 637 2163 659 res

1166 680 1251 714 olim
1271 680 1452 724 praeclare
1468 685 1592 723 gestas,
1620 690 1715 711 nunc
1732 689 1805 710 non
1824 677 2014 710 convenire
2032 676 2164 716 iudico,

1166 739 1205 765 ut
1227 743 1285 765 eas
1304 731 1471 775 allegetis.
1529 728 1601 762 Iam
1627 729 1720 762 enim
1738 741 1793 762 res
1813 727 1887 772 ipsa
1907 734 2043 762 vestros
2059 740 2165 761 cona-

1167 789 1222 817 tus
1241 782 1374 827 aperit‚
1402 794 1482 815 cum
1508 781 1657 814 iniustas
1681 786 1799 825 partes
1816 777 2088 813 Atheniensium
2113 790 2166 813 se-

1168 846 1335 880 qullnlnl.

1272 909 1452 942 Hactenus
1470 908 1554 942 satis
1572 907 1812 948 ostendimus,
1841 920 1907 941 nos
1930 906 2062 939 invitos
2086 917 2166 939 cum

1170 961 1306 1000 Medis,
1340 973 1405 993 vos
1431 972 1516 992 vero
1542 966 1668 1003 sponte
1695 972 1773 992 cum
1792 957 2068 991 Atheniensibus
2090 968 2169 990 sen-

1170 1013 1265 1047 sisse.
1305 1011 1421 1044 Porro
1439 1011 1535 1056 quod
1552 1011 1589 1042 in
1603 1017 1718 1044 vestra
1738 1010 1962 1044 accusatione
1981 1008 2170 1049 adiecistis‚

1171 1064 1272 1097 vobis
1292 1062 1460 1095 iniuriam
1478 1063 1626 1101 factam,
1654 1063 1750 1107 quod
1775 1059 1891 1095 adhuc
1916 1060 2028 1095 firmis
2050 1060 2171 1093 foede-

1173 1116 1290 1154 ribus,
1319 1120 1353 1146 et
1369 1113 1514 1159 quidem
1539 1113 1577 1145 in
1599 1113 1655 1145 die
1680 1112 1837 1153 solenni,
1865 1118 2020 1146 vestram
2045 1111 2171 1144 urbem

1174 1166 1390 1205 invasimus,
1416 1177 1460 1197 ne
1479 1165 1516 1196 in
1542 1162 1610 1197 hoc
1637 1164 1780 1209 quidem
1807 1176 1873 1197 nos
1897 1162 2040 1207 gravius
2063 1174 2172 1208 qnam

1176 1230 1238 1251 vos
1257 1216 1483 1261 deliquimus.
1520 1215 1557 1248 Si
1574 1215 1667 1248 enim
1679 1242 1689 1255 ,
1715 1228 1793 1249 cum
1813 1216 1857 1248 ad
1875 1221 2029 1248 vestram
2046 1214 2173 1247 urbem

1177 1268 1405 1306 accessimus,
1434 1278 1739 1310 oppugnassemus
1761 1279 1843 1306 vos,
1879 1272 1911 1298 et
1935 1277 2040 1309 agros
2062 1262 2174 1298 hosti-

1177 1321 1256 1352 liter
1275 1325 1527 1357 vastassemus,
1555 1323 1631 1350 tum
1653 1318 1796 1350 demum
1824 1316 1952 1350 iniuste
1978 1316 2099 1349 fecisse
2122 1315 2174 1348 vi-

1178 1372 1356 1404 deremur.
1410 1369 1473 1401 Sin
1491 1380 1574 1401 vero
1593 1369 1738 1414 quidam
1759 1381 1800 1401 ex
1819 1368 1940 1408 vobis,
1969 1368 2030 1412 qui
2046 1373 2081 1400 et
2098 1366 2175 1411 opi-

1178 1423 1243 1455 bus
1268 1427 1302 1454 et
1327 1420 1499 1463 dignitate
1517 1420 1655 1463 generis
1678 1419 1913 1458 antecellunt,
1948 1418 2009 1463 qui
2032 1418 2177 1452 studue-

1179 1478 1264 1505 runt
1283 1484 1346 1504 vos
1362 1471 1406 1503 ab
1434 1477 1577 1503 externa
1605 1471 1773 1504 societate
1799 1472 1844 1503 ad
1868 1469 2072 1503 communia
2097 1469 2176 1502 iura

1179 1523 1416 1556 Boeotiorum
1448 1534 1637 1562 revocare,
1676 1534 1742 1556 nos
1776 1522 1871 1555 ultro
1904 1521 2178 1561 accersiverunt,

1181 1587 1267 1607 num
1287 1586 1395 1618 quam
1411 1573 1579 1606 iniuriam
1599 1572 1809 1607 intulimus?
1862 1573 1931 1618 Qui
1951 1573 2046 1606 enim
2067 1573 2178 1605 addu-

1183 1631 1268 1659 cunt
1291 1625 1399 1665 alios,
1426 1625 1537 1668 magis
1562 1625 1794 1670 delinquunt,
1830 1637 1939 1670 quam
1964 1623 2026 1669 qui
2050 1624 2181 1657 ducen-

1183 1684 1234 1711 tes
1249 1682 1461 1721 sequuntur.
1489 1676 1558 1709 Sed
1576 1688 1692 1722 neque
1710 1676 1761 1709 illi
1779 1675 1836 1720 (ut
1852 1675 2100 1723 arbitramur),
2117 1686 2180 1709 ne-

1185 1740 1253 1775 que
1278 1740 1344 1761 nos
1366 1728 1601 1772 peccayimus.
1667 1728 1757 1762 Cum
1780 1727 1875 1760 enim
1900 1727 1958 1761 isti
1983 1727 2054 1761 sint
2076 1727 2183 1768 cives,

1185 1781 1276 1815 sicut
1293 1785 1327 1812 et
1350 1792 1413 1813 vos
1435 1779 1536 1820 estis,
1571 1786 1602 1812 et
1626 1780 1730 1824 plura
1755 1779 1912 1823 pericula
1936 1778 2184 1819 sustinuerint,

1187 1831 1319 1876 apertis
1336 1831 1469 1875 portis,
1497 1837 1537 1864 ut
1554 1831 1706 1871 amicos,
1735 1842 1808 1863 non
1833 1837 1873 1864 ut
1894 1828 2012 1864 hostes
2035 1842 2102 1864 nos
2128 1829 2182 1862 in-

1188 1889 1242 1916 tra
1260 1883 1386 1916 urbem
1403 1883 1632 1926 recipientes,
1668 1882 1837 1916 volebant
1860 1882 2058 1926 petulantes
2085 1893 2182 1914 com-

1188 1946 1349 1979 pescere,
1377 1940 1411 1967 et
1428 1940 1572 1967 econtra
1588 1935 1702 1968 bonos
1727 1946 1828 1967 suam
1856 1933 2065 1978 dignitatem
2093 1932 2185 1965 obti-

1189 1998 1286 2020 nere.
1341 1985 1413 2030 Qui
1429 1985 1585 2020 consiliis
1601 1992 1635 2019 et
1658 1985 1735 2019 aliis
1761 1986 1866 2019 rebus
1891 1986 1937 2017 ad
1959 1984 2187 2019 sustentatio-

1189 2049 1272 2070 nem
1299 2037 1460 2082 corporis
1482 2037 1687 2071 necessariis
1713 2050 1776 2071 vos
1803 2037 1990 2076 iuverunt,
2032 2048 2098 2069 nec
2119 2034 2188 2070 hoc

1191 2095 1361 2133 egerunt,
1403 2095 1442 2122 ut
1463 2089 1579 2133 patria
1605 2088 1860 2134 privaremini,
1903 2089 1964 2123 sed
1990 2088 2119 2123 ascitos
2149 2088 2189 2122 in

1190 2140 1380 2185 pristinam
1399 2141 1611 2182 amicitiam,
1637 2141 1727 2174 nulli
1739 2141 1959 2175 Graecorum
1977 2152 2041 2174 vos
2055 2138 2187 2182 hostes,

1163 2216 1165 2226 .
1191 2193 1252 2226 sed
1277 2192 1475 2238 aequaliter
1506 2205 1586 2226 cum
1615 2193 1781 2227 omnibus
1811 2193 2081 2226 confoederatos
2112 2204 2187 2227 esse

1453 2244 1527 2278 Hos
1549 2242 1616 2277 hoc
1639 2244 1812 2285 voluisse,
1844 2257 1901 2279 res
1923 2244 1999 2290 ipsa
2021 2244 2189 2286 ostendit,

1193 2295 1277 2341 quia
1304 2294 1395 2329 nihil
1421 2293 1597 2330 hostiliter
1629 2296 1784 2340 egimus,
1829 2303 1968 2330 tantum
2002 2295 2189 2337 ediximus,

1192 2353 1251 2387 ut,
1278 2347 1307 2381 si
1325 2348 1403 2394 quis
1419 2349 1524 2381 vellet
1540 2350 1733 2382 secundum
1759 2349 1848 2382 ritus
1865 2347 2036 2382 Boeotios
2057 2347 2189 2388 vivere,

1191 2411 1228 2433 se
1245 2400 1348 2434 nobis
1366 2400 1586 2444 adiungeret.
1639 2400 1712 2434 Vos
1727 2412 1869 2446 quoque
1891 2400 2009 2445 primo
2035 2398 2188 2432 libenter

1194 2452 1380 2495 paruistis,
1407 2459 1441 2485 et
1457 2452 1546 2485 facta
1566 2452 1730 2496 pactione
1748 2452 1946 2497 quievistis;
1975 2451 2036 2485 sed
2062 2456 2187 2495 postea

1194 2514 1273 2535 cum
1291 2498 1453 2537 nostrum
1469 2515 1602 2547 paucos
1620 2516 1692 2538 esse
1709 2504 1865 2543 vidistis,
1898 2514 1973 2536 non
1996 2502 2097 2546 paria
2122 2513 2188 2534 no·

1193 2553 1247 2587 bis
1271 2552 1318 2599 (si
1346 2555 1489 2600 quidem
1522 2567 1648 2599 parum
1679 2553 1884 2589 humaniter
1913 2554 2022 2598 egisse
2047 2552 2190 2585 videba-

1194 2617 1276 2638 mur
1291 2605 1439 2651 ingressi
1459 2613 1610 2640 vestram
1632 2607 1775 2652 urbem)
1799 2604 2021 2645 reddidistis,
2055 2615 2121 2637 nec
2144 2604 2189 2637 ab

1194 2656 1342 2702 inceptis
1375 2671 1440 2692 nos
1470 2656 1714 2698 dehortando,
1756 2670 1821 2690 nec
1853 2656 2014 2690 oratione
2044 2667 2189 2699 persua-

1196 2709 1331 2750 dendo,
1366 2718 1403 2745 nt
1425 2711 1618 2750 exiremus,
1654 2710 1714 2744 sed
1739 2715 1862 2742 contra
1886 2706 2091 2752 pactionem
2116 2706 2187 2739 vim
