2351 2990
140 117 242 155 1005

141 207 271 245 fuisse,
308 216 416 250 quam
439 201 527 243 hoc,
571 204 668 249 quod
691 215 787 237 nunc
813 203 850 236 in
877 217 943 238 usu
967 210 1039 245 est,
1074 203 1149 237 Ho-

142 257 246 291 meri.
313 256 386 289 Nec
410 256 452 288 de
477 256 621 288 fortuna
647 255 722 288 eius
747 255 884 300 aliquid
911 262 1070 296 constat,
1105 257 1148 288 de

142 314 373 355 paupertate,
401 308 445 340 de
463 306 651 346 caecitate,
679 313 719 339 ut
747 307 857 341 satius
882 315 971 342 esset
997 308 1147 342 fortasse

143 361 309 394 omittere
327 359 414 399 ista,
439 371 518 392 cum
535 358 607 392 sint
623 358 757 402 ignota.
810 358 924 392 Valde
949 359 1058 403 igitur
1085 372 1148 392 an-

142 418 243 458 gusta
268 411 335 444 erit
360 409 514 444 encomii
535 410 705 450 materia,
741 410 770 444 si
794 411 915 444 nullae
938 423 994 444 res
1018 417 1148 455 gestae,

141 471 176 499 et
201 475 346 497 carmen
369 467 509 495 tantum
533 462 758 495 laudandum
783 462 869 503 erit,
913 469 947 496 et
972 463 1146 506 sapientia

145 529 187 551 ex
210 515 371 549 versibus
393 513 629 547 aestimanda.
693 513 778 546 Tibi
810 527 895 547 vero
927 514 1146 558 amplissima

143 567 292 602 materia
321 566 366 598 ad
389 577 537 598 manum
568 572 602 598 et
625 565 661 597 in
686 572 859 610 promptu
877 572 927 599 est
945 566 1088 599 dicendi
1105 566 1148 599 de

141 621 247 654 rebus
270 617 374 651 certis
401 623 436 649 et
461 616 747 650 celebratissimis
763 617 827 663 ιΠ);
866 623 1007 651 tantum
1031 617 1148 650 verbis

141 684 231 717 opus
255 676 323 708 est,
351 675 525 714 tanquam
544 668 775 702 condimento
801 669 844 701 ad
869 669 1060 703 obsonium
1087 682 1149 714 pa-

140 731 232 757 rato.
302 720 399 765 Quid
433 720 529 753 enim
562 733 637 753 non
667 732 837 764 magnum
863 728 896 754 et
918 721 1147 766 splendidum

140 777 286 809 fortuna
313 770 551 806 Demostheni
579 772 774 806 concessit?
840 772 936 817 Quid
963 785 1036 805 non
1061 773 1148 805 cele-

141 824 412 861 bratissimum?
440 836 561 858 nonne
578 824 695 869 patria
706 824 752 871 22)
770 822 933 857 Athenae
957 825 1147 869 opulentae

141 886 176 913 et
201 877 359 915 nobiles,
395 883 429 909 et
449 876 622 909 Graeciae
647 876 984 920 propugnaculum?
1039 876 1147 922 Quod

143 932 172 966 si
198 927 287 964 mihi
311 927 474 961 Athenae
500 928 752 972 contigissent,
795 929 934 972 poetica
959 934 1147 962 consuetu-

142 983 224 1016 dine
243 981 429 1014 recitarem
440 980 486 1026 23)
505 992 645 1014 amores
660 979 842 1020 Deorum,
871 980 1001 1014 iudicia
1015 1008 1024 1021 ,
1052 992 1148 1013 com-

141 1033 397 1079 migrationes,
425 1033 541 1072 dona,
567 1031 786 1065 Eleusinem.
849 1032 966 1065 Porro
993 1033 1037 1065 de
1062 1032 1148 1075 legi-

140 1087 226 1127 bus,
269 1084 430 1124 iudiciis‚
474 1084 726 1124 concionibus,
769 1083 942 1124 Piraeeo,
985 1083 1147 1123 coloniis,

139 1135 343 1183 trophaeis,
372 1142 466 1169 terra
486 1135 649 1181 marique
668 1136 800 1179 partis,
829 1148 873 1169 ne
887 1134 1148 1169 Demosthenes

143 1190 287 1236 quidem
307 1188 381 1232 ipse
398 1200 465 1232 pro
486 1187 658 1231 dignitate
677 1187 817 1221 dixerit.
870 1187 924 1220 Ex
942 1185 996 1221 his
1015 1199 1146 1231 magna

142 1240 232 1275 mihi
268 1240 371 1284 copia
406 1245 622 1283 suppeteret.
686 1237 798 1284 quue
831 1239 1035 1273 encomium
1072 1251 1147 1271 non

142 1293 384 1327 existimarem
402 1290 761 1335 praetermittendum
780 1304 865 1330 esse,
893 1303 971 1323 cum
991 1291 1026 1323 in
1046 1303 1148 1335 prae-

143 1345 254 1390 ceptis
271 1342 520 1377 laudationum
539 1340 607 1375 hoc
625 1342 873 1383 contineatur,
911 1349 950 1375 ut
967 1342 1091 1376 laudes
1108 1354 1149 1374 ex

141 1397 281 1442 patriae
308 1394 530 1428 ornamentis
555 1394 793 1428 cumulentur.
854 1393 1028 1428 Isocrates
1045 1394 1149 1427 Hele-

142 1461 210 1482 nae
243 1446 437 1493 praeconio
470 1446 620 1480 inseruit
650 1444 842 1480 Theseum.
909 1446 1031 1480 Poetis
1062 1458 1148 1479 vero

143 1512 308 1535 concessa
335 1505 386 1532 est
411 1497 565 1531 maxima
593 1498 750 1531 libertas.
818 1498 887 1531 Sed
920 1504 959 1531 tu
988 1498 1149 1531 fortassis

141 1552 286 1586 irrideri
305 1558 338 1585 te
356 1550 483 1583 metuis
495 1577 503 1589 ,
532 1549 560 1583 si
577 1549 718 1583 initium
742 1550 917 1584 orationis
935 1550 1027 1584 iusto
1044 1562 1150 1593 grau—

144 1605 223 1639 dius
250 1604 314 1643 sit,
358 1609 392 1635 et
415 1602 569 1642 vereris,
611 1614 656 1634 ne
689 1601 769 1646 quis
792 1602 890 1635 iuxta
914 1602 1148 1646 proverbium

143 1658 255 1691 dicat:
298 1654 531 1700 Epigramma
559 1653 676 1687 maius
705 1665 777 1686 esse
805 1651 959 1687 calatho.
1024 1652 1149 1699 Itaque

143 1708 284 1744 etlamsi
299 1707 463 1740 omittam
481 1703 640 1739 Athenas
653 1732 661 1746 ,
691 1712 854 1738 occurret
868 1712 969 1750 pater
980 1704 1027 1752 24¹)
1047 1718 1150 1750 prae-

142 1764 253 1796 fectus
271 1759 408 1799 classis,
437 1770 607 1797 aureum,
635 1763 674 1790 ut
692 1757 872 1791 Pindarus
890 1757 1043 1803 ait²42)‚
1070 1758 1150 1791 fun-

144 1816 367 1848 damentum.
430 1810 536 1844 Nulla
563 1809 658 1842 enim
680 1806 830 1843 Athenis
853 1809 972 1842 maior
995 1810 1150 1853 dignitas

145 1873 215 1907 est,
242 1876 349 1911 quam
366 1863 590 1907 praefectura
608 1861 739 1895 classis.
794 1862 902 1907 Quod
926 1874 1011 1894 vero
1037 1861 1150 1894 extin-

146 1926 222 1953 ctus
237 1924 289 1951 est
305 1912 550 1949 Demosthene
568 1911 685 1947 adhuc
710 1926 843 1958 puero,
880 1926 957 1946 non
981 1920 1032 1947 est
1057 1914 1150 1946 cala-

144 1971 252 2004 mitas
278 1968 490 2007 iudicanda,
533 1966 594 1999 sed
619 1965 754 2010 gloriae
787 1965 945 2006 occasio,
986 1972 1150 2010 retegens

143 2033 355 2068 generosam
374 2019 545 2053 indolem.
607 2017 680 2050 Iam
708 2017 859 2051 Homeri
886 2017 1148 2051 institutionem

145 2082 180 2109 et
195 2073 311 2109 studia
321 2072 368 2118 25)
386 2083 565 2117 nusquam
579 2070 730 2114 legimus
742 2097 750 2110 ‚
786 2071 846 2104 sed
865 2070 985 2103 statim
1007 2076 1151 2114 oportet

143 2141 210 2162 nos
234 2125 408 2169 attingere
434 2129 601 2168 poemata
626 2123 720 2162 eius,
756 2135 834 2156 cum
861 2122 903 2154 de
926 2122 1150 2161 educatione,

144 2182 260 2226 deque
277 2176 403 2212 studiis
420 2175 494 2209 eius
508 2175 627 2208 nullae
649 2180 768 2207 extent
787 2172 970 2208 historiae.
1022 2173 1149 2220 Neque

143 2233 228 2266 licet
243 2232 377 2274 fingere
395 2240 477 2261 eum
494 2226 636 2260 aMusis
655 2226 829 2271 accepisse
846 2226 1038 2271 poeticam,
1060 2226 1150 2259 sicut

181 2367 230 2395 21)
252 2366 284 2389 Η.
304 2365 321 2389 l.
342 2364 369 2388 in
389 2364 472 2388 Editt.
490 2364 582 2392 ¹538,
605 2364 679 2388 ¹543.
706 2365 773 2387 nota
800 2362 914 2394 margin,
934 2362 1057 2392 Micylli:
1089 2363 1150 2387 Au-

218 2400 326 2424 titliesis
347 2399 551 2423 Demosthenis.

181 2453 229 2480 22)
251 2453 283 2477 H.
298 2452 315 2475 1.
336 2451 363 2475 111
383 2451 478 2474 iisdem
497 2451 513 2474 2
533 2450 617 2475 Editt.
638 2451 704 2474 nota.
722 2449 839 2480 margin.
859 2448 981 2478 Micylli:
1007 2447 1110 2472 Patria.

183 2505 231 2531 23]
254 2505 284 2527 H.
299 2504 318 2528 l.
339 2503 365 2526 in
385 2503 482 2526 iisdem
502 2502 584 2525 Editt.
605 2503 669 2525 nota
689 2502 807 2530 margin.
827 2500 949 2531 Micytli:
976 2501 1009 2524 Et
1030 2500 1070 2523 hic
1091 2499 1150 2523 ohi-

219 2542 261 2563 tei·
282 2539 358 2562 vide.
389 2538 452 2568 quid
471 2537 498 2560 in
518 2537 648 2560 encomiis
668 2537 846 2567 sequendum.

181 2592 230 2619 24)
252 2591 282 2614 n.
302 2591 319 2614 l.
341 2591 366 2614 in
390 2590 486 2614 iisdem
505 2590 588 2613 Editt.
608 2590 675 2613 nota
693 2589 810 2619 margin.
831 2588 952 2618 Mic-yut:
982 2588 1127 2611 Parentes.

182 2642 251 2673 24³)
275 2643 339 2667 Vid.
357 2642 470 2666 Pindari
490 2642 558 2672 Opp.
578 2642 618 2666 ed.
639 2641 757 2665 Boeckh.
776 2641 865 2671 (Mys,
889 2641 952 2664 1811
969 2639 1085 2664 -1821,
1110 2641 1150 2668 4.)

217 2678 292 2702 Τ.11.
314 2678 342 2702 P.
357 2678 388 2700 11.
409 2685 434 2707 1».
449 2677 509 2702 661.
530 2677 629 2707 fragm.
646 2677 706 2701 206.

180 2730 231 2757 25)
249 2731 281 2754 Η.
294 2730 314 2756 1,
333 2730 360 2753 111
380 2729 476 2753 iisdem
497 2729 579 2754 Editt.
600 2730 666 2753 nota
685 2728 802 2759 margin.
823 2727 945 2758 Micy-Hi:
972 2727 1104 2752 Educatio
1124 2729 1151 2752 et

216 2765 315 2789 studia.

400 116 490 152 XLI.
541 116 942 152 INTERPRETATIO
978 116 1222 152 LUCIANICI
1248 116 1453 153 ENCOMII
1480 116 1529 152 IN
1557 117 1945 156 DEMOSTHENEM.

2106 123 2205 158 1006

1202 204 1245 237 de
1263 204 1412 238 Hesiodi
1429 204 1549 239 Lauro
1570 206 1709 246 ferunt,
1743 219 1833 252 quae
1858 208 1980 242 otiosis
2002 210 2206 253 pastorIbus

1201 257 1378 300 poeticam
1406 257 1616 301 inspirabat.
1681 257 1739 290 Tu
1766 271 1850 292 vero
1875 261 2118 295 Callistratum
2143 261 2206 296 ha-

1201 308 1281 348 bes,
1309 309 1351 341 'et
1375 309 1522 353 longum
1551 315 1584 342 et
1608 309 1837 354 magnificum
1864 313 2087 357 catalogum,
2112 314 2207 348 Alci-

1203 360 1430 401 damantem,
1458 359 1668 402 Isocratem,
1696 361 1853 403 Isaeum,
1881 363 2109 399 Eubulidem.
2160 366 2207 400 Et

1203 424 1283 444 cum
1302 411 1513 445 innumerae
1530 413 1716 447 illecebrae
1733 412 1884 448 Athenis
1911 416 1955 448 ad
1980 429 2015 449 se
2041 417 2206 459 invitent,

1203 463 1310 496 etiam
1328 463 1428 503 illos,
1465 464 1526 510 qui
1551 471 1635 498 sunt
1661 465 1697 498 in
1722 466 1882 499 custodia
1910 474 2073 511 patrum,
2110 482 2207 502 cum-

1203 527 1272 560 que
1297 516 1534 549 adolescentia
1561 529 1625 560 per
1648 529 1684 550 se
1711 518 1879 561 proclivis
1904 520 1947 552 sit
1972 521 2017 552 ad
2042 520 2206 565 volupta-

1201 573 1295 606 tem,
1324 579 1364 599 ac
1381 566 1616 601 Demostheni
1639 568 1761 602 liceret
1783 577 1933 615 propter
1958 577 2120 605 tutorum
2144 585 2206 606 ne-

1202 618 1408 662 gligentiam
1427 619 1628 663 voluptates
1646 621 1760 665 sequi,
1788 628 1909 655 tamen
1927 623 2106 657 continuit
2124 636 2205 657 eum

1202 682 1305 702 amor
1325 670 1466 703 virtutis
1481 683 1520 703 ac
1535 671 1720 704 doctrinae
1732 699 1739 712 ,
1770 679 1802 706 et
1820 674 1919 707 duxit
1936 687 2010 708 non
2029 677 2071 708 ad
2091 673 2206 721 Phry-

1201 733 1269 754 nae
1298 721 1465 761 ianuam,
1498 723 1557 755 sed
1581 722 1803 765 Aristotelis,
1840 723 2103 771 Theophrasti,
2138 728 2207 761 Xe-

1175 793 1178 808 .
1201 774 1379 813 nocratis,
1421 774 1595 808 Platonis.
1670 775 1737 808 Hic
1773 777 1907 821 poteris
1943 776 2206 823 philosophari,

1202 825 1380 869 duplicem
1399 838 1558 859 amorem
1571 826 1618 873 26)
1637 839 1710 860 esse
1728 827 1763 860 in
1786 829 1916 863 animis
1933 827 2120 870 humanis,
2157 831 2207 863 al-

1202 883 1317 910 terum
1336 877 1429 910 mari
1446 884 1564 911 ortum
1578 905 1587 918 ,
1614 878 1754 911 varium
1769 906 1777 918 ,
1802 881 1970 921 ferocem,
1997 882 2131 916 scilicet
2148 895 2207 915 ve-

1201 941 1328 962 nereos
1345 930 1471 963 fluctus
1490 930 1525 962 in
1543 929 1678 969 animo,
1709 931 1769 976 qui
1788 939 1980 966 moventur
1998 940 2207 967 exaestuan-

1202 981 1295 1014 tibus
1313 981 1567 1026 cupiditatibus
1589 982 1779 1022 iuvenum,
1807 990 1976 1018 naturam
2002 986 2108 1030 plane
2132 997 2207 1018 ma-

1201 1033 1338 1072 rinam;
1384 1033 1474 1066 alter
1506 1046 1609 1066 amor
1643 1041 1694 1067 est
1727 1046 1834 1069 aurea
1866 1043 1988 1070 catena
2022 1038 2121 1070 coelo
2148 1038 2207 1070 de-

1201 1085 1321 1118 missa.
1380 1085 1447 1117 Hic
1471 1098 1546 1118 non
1568 1083 1676 1119 habet
1701 1086 1793 1122 faces
1818 1094 1879 1121 aut
1904 1089 1994 1129 tela,
2030 1101 2122 1135 quae
2157 1090 2207 1122 fa-

1202 1136 1298 1169 ciant
1323 1134 1467 1169 lethalia
1494 1138 1664 1176 vulnera3
1708 1140 1768 1171 sed
1791 1141 1928 1173 bonum
1956 1141 2115 1174 furorem
2141 1140 2208 1173 im-

1202 1187 1313 1220 mittit
1338 1188 1539 1228 mentibns,
1577 1201 1668 1234 quae
1692 1197 1774 1223 sunt
1797 1199 1969 1235 cognatae
1987 1191 2084 1232 Diis,
2119 1192 2208 1225 inci-

1202 1245 1336 1272 tantem
1356 1241 1400 1272 ad
1419 1240 1578 1272 nativam
1597 1247 1631 1272 et
1657 1240 1903 1287 incorruptam
1928 1241 2207 1288 pulchritudinis

1201 1292 1354 1324 formam
1379 1290 1770 1335 comprehendendam.
1825 1294 1957 1328 Omnia
1980 1293 2067 1328 haec
2091 1295 2209 1328 amori

1202 1342 1319 1375 facilia
1343 1344 1509 1384 suerunt,
1544 1350 1733 1384 tonsurae,
1770 1345 1928 1379 latebrae
1952 1347 2207 1381 subterraneae

1203 1406 1392 1438 specuum,
1437 1395 1615 1439 corrigere
1641 1396 1783 1440 linguae
1811 1398 1917 1438 vitia,
1963 1399 2141 1432 actionem
2170 1398 2207 1432 in

1204 1452 1319 1479 aetate
1336 1445 1433 1478 virili
1451 1447 1605 1487 discere,
1633 1460 1795 1482 exercere
1823 1450 2056 1490 memoriam,
2084 1452 2208 1484 adsue-

1202 1498 1319 1530 facere
1338 1499 1499 1531 animum
1519 1500 1562 1531 ad
1584 1503 1865 1536 contemnendos
1884 1502 2008 1546 populi
2032 1503 2208 1543 fremitus,

1204 1550 1415 1583 continuare
1432 1551 1547 1584 studia
1566 1564 1629 1595 per
1645 1551 1739 1584 diem
1759 1559 1792 1585 et
1809 1560 1963 1587 noctem.
2006 1554 2111 1588 Unde
2129 1554 2208 1600 quis

1203 1601 1333 1642 nescit,
1365 1602 1479 1647 qualis
1497 1603 1653 1636 extiterit
1672 1604 2092 1640 oratorDemosthenes?
2120 1618 2209 1652 quo-

1204 1654 1313 1686 modo
1347 1654 1549 1687 orationem
1583 1656 1700 1689 verbis
1732 1662 1766 1689 et
1799 1657 1984 1691 sententiis
2012 1658 2209 1697 ornaverit,

1205 1705 1425 1749 argumentis
1449 1707 1668 1750 adsperserit
1697 1708 1874 1749 adfectus,
1914 1716 2069 1755 quantus
2090 1710 2127 1742 in
2151 1722 2208 1742 co-

1203 1757 1262 1802 pia
1284 1758 1454 1801 splendor
1469 1758 1532 1797 sit,
1569 1764 1705 1803 quanta
1732 1759 1785 1792 vis
1809 1767 1843 1793 et
1866 1761 2038 1804 impetus,
2074 1767 2208 1806 quanta

1204 1810 1422 1842 verecundia
1440 1816 1473 1842 et
1490 1810 1711 1854 parsimonia
1736 1811 1781 1843 sit
1805 1812 1842 1844 in
1867 1812 1985 1846 verbis
2010 1818 2043 1845 et
2067 1819 2209 1846 senten-

1203 1861 1282 1901 tiis,
1311 1867 1444 1906 quanta
1466 1861 1620 1895 varietas
1636 1862 1844 1906 figurarum.
1898 1862 2020 1909 Itaque
2037 1863 2208 1898 Leosthe-

1204 1925 1267 1946 nes
1290 1913 1428 1958 inquit,
1466 1914 1583 1947 solum
1607 1913 1708 1946 illum
1736 1926 1777 1947 ex
1802 1915 1902 1947 omni
1929 1922 2116 1949 oratorum
2141 1928 2207 1949 nu-

1203 1977 1304 1998 mero
1324 1965 1443 1998 vivam
1462 1966 1664 1998 orationem
1682 1964 1869 2007 habuisse,
1899 1979 1973 2000 non
1994 1968 2208 2001 fabricatam

1204 2017 1347 2050 malleo.
1402 2016 1485 2051 Non
1505 2017 1599 2050 enim
1619 2020 1860 2063 componebat
1876 2019 2057 2053 orationes
2076 2019 2208 2060 ebrius,

1204 2075 1243 2101 111
1263 2066 1499 2102 Callisthenes
1515 2067 1731 2115 Aeschylum
1749 2071 1799 2103 ait
1814 2071 2016 2113 tragoedias
2033 2072 2126 2105 inter
2144 2084 2209 2116 po-

1205 2121 1282 2153 cula
1310 2120 1510 2165 scripsisse,
1553 2134 1632 2154 cum
1662 2122 1748 2155 vino
1781 2123 1996 2157 incaluisset.
2066 2125 2113 2156 At
2136 2123 2208 2156 De-

1204 2170 1410 2206 mosthenes
1428 2173 1585 2206 scribens
1604 2172 1762 2219 aliquid,
1799 2187 1930 2220 aquam
1953 2175 2110 2209 bibebat.
2162 2174 2208 2208 Et

1205 2230 1318 2258 exstat
1332 2222 1398 2257 hac
1416 2225 1458 2258 de
1476 2237 1515 2258 re
1532 2224 1704 2259 Demadis
1726 2226 1843 2266 iocus,
1872 2226 1934 2272 qui
1950 2227 2039 2260 dixit
2056 2226 2145 2260 alios
2162 2228 2209 2259 ad

1205 2288 1336 2322 aquam
1353 2276 1490 2317 dicere,
1518 2275 1799 2311 Demosthenem
1820 2290 1906 2310 vero
1925 2278 2033 2311 etiam
2053 2278 2207 2312 scribere

1205 2330 1250 2361 ad
1277 2340 1422 2374 aquam,
1484 2327 1532 2362 Et
1554 2326 1711 2374 Pytheas
1734 2329 1872 2375 inquit,
1914 2330 2115 2363 orationem
2138 2330 2208 2363 De-

1204 2378 1403 2414 mosthenis
1419 2380 1604 2413 lucernam
1623 2381 1785 2428 olere‘27).
1840 2381 1944 2415 Hunc
1961 2394 2127 2426 campum
2144 2380 2208 2415 ha-

1203 2433 1284 2473 bes,
1312 2432 1362 2465 ait
1378 2432 1455 2472 ille,
1482 2433 1525 2466 de
1542 2431 1786 2466 Demosthene
1803 2433 1963 2474 dicendi,
1992 2434 2054 2480 qui
2080 2446 2209 2467 conve-

1203 2484 1278 2517 niet
1306 2484 1412 2517 etiam
1440 2485 1485 2517 ad
1508 2497 1629 2518 meum
1655 2491 1927 2529 argumentum,
1969 2498 2050 2519 cum
2075 2485 2142 2518 erit
2165 2486 2208 2518 de

1204 2535 1345 2581 poetica
1362 2536 1513 2570 Homeri
1536 2537 1740 2571 dicendum.
1798 2537 1866 2570 Sed
1893 2544 2015 2583 postea
2040 2536 2208 2571 transibis

1239 2675 1286 2703 26)
1310 2676 1341 2699 H.
1359 2676 1375 2698 t.
1396 2675 1423 2698 in
1444 2673 1538 2698 iisdem
1559 2675 1642 2700 Editt.
1663 2675 1730 2698 nota
1750 2675 1867 2701 margin.
1890 2674 2019 2705 Mieylli:
2052 2675 2091 2697 De
2113 2680 2208 2698 amore

1275 2711 1374 2740 duplici
1394 2712 1421 2733 et
1441 2710 1503 2741 (Ed.
1528 2710 1602 2733 1538.
1622 2710 1709 2733 male:
1737 2711 1784 2737 ex)
1804 2710 1929 2733 Platonis
1950 2709 2128 2740 symposium.

1239 2762 1288 2790 27)
1308 2762 1371 2787 Vid.
1392 2761 1530 2786 Plutarch.
1550 2761 1691 2785 Demosth.
1713 2768 1734 2785 c.
1749 2762 1773 2786 Β.
