2351 2990
179 131 254 166 679
760 127 880 162 PHIL.
916 125 1028 159 MEL.

179 217 285 249 dator
301 214 359 260 ⁸¹).
414 214 564 248 Plinius.
619 214 654 247 Si
685 215 735 247 vis
760 214 834 246 sieri
859 212 1042 256 copiosus,
1078 223 1177 244 sume

181 266 367 300 materiam
402 266 527 299 exilem
561 271 594 297 et
626 272 785 303 tenuem,
829 264 888 296 ubi
914 274 1053 295 necesse
1075 261 1119 295 sit
1145 267 1178 293 te

181 318 295 361 ipsum
329 317 397 350 tuis
422 316 696 359 cogitationibus
723 327 800 347 eam
828 315 975 347 reddere
998 312 1179 357 augustio-

181 381 257 401 rem
276 374 309 400 et
325 368 617 411 splendidiorem.

291 417 319 462 ξ.
341 420 397 452 11.
433 421 473 452 In
498 420 557 451 leoc
582 417 716 460 optime]
759 415 872 460 lV.⁸·²)
897 412 1030 449 Tlteses
1055 422 1087 448 et
1109 415 1176 448 loci

183 482 400 502 comumnes.
474 469 627 511 Oportet
657 467 819 500 ordinem
852 479 924 500 esse
955 467 1179 506 discentium,

183 533 227 553 ne
251 520 488 564 imperitiores
512 519 716 562 irrumpant
739 519 774 551 in
799 518 999 562 superiores
1024 519 1179 557 ordines,

183 573 245 605 sed
265 572 361 615 prius
379 571 490 602 robur
509 570 641 602 faciant
665 570 701 602 in
727 569 956 603 inferioribus
973 569 1118 608 studiis,
1147 574 1180 601 ct

183 634 258 655 non
285 621 429 661 dubito,
465 621 552 666 quin
578 618 646 653 boc
670 621 818 654 consilio
846 621 1000 664 primum
1028 619 1180 653 instituti

184 673 253 706 sint
273 673 414 715 gradus.
449 672 514 704 Hic
530 672 626 706 locus
645 672 845 705 communis
863 677 913 704 est
932 671 1044 704 multo
1063 671 1181 715 aptior

185 723 356 756 materiae
382 724 424 756 de
443 723 630 767 gradibus,
659 735 765 768 quam
789 723 868 760 ille,
906 723 1027 755 virtuti
1053 728 1087 754 et
1110 728 1182 755 stu-

184 775 250 807 diis
269 775 443 807 debentur
459 775 615 818 praemia
629 801 638 814 ‚
666 786 817 819 cumque
836 773 880 806 sit
897 785 959 817 per
974 786 1009 806 se
1030 773 1128 806 arida
1149 779 1183 805 et

185 825 301 858 tentus
327 826 477 858 materia
503 826 545 857 de
571 825 756 867 gradibus,
800 831 919 857 tamen
953 837 1031 857 cum
1067 836 1122 857 res
1145 823 1182 856 in

185 889 266 909 eum
285 877 401 910 locum
422 878 652 915 transfertur,
681 876 785 909 offert
812 888 846 908 se
871 888 1020 918 magnus
1043 875 1183 908 dicendi

186 940 348 972 campus:
379 927 432 961 De
451 928 615 972 periculis
632 928 854 965 studiorum,
882 927 909 959 si
931 927 1030 959 nullo
1057 926 1183 959 ordine

187 979 398 1012 discentium
417 986 558 1013 servato
581 979 696 1012 studia
721 978 975 1022 perturbentur
1001 978 1055 1010 vel
1082 989 1184 1021 prae-

188 1030 395 1074 cipitentur.

293 1088 323 1133 ἓ.
344 1091 401 1125 12.
430 1092 494 1124 His
510 1086 666 1136 confinis]
692 1089 747 1122 Ad
766 1089 863 1122 locos
881 1100 1088 1121 communes
1104 1098 1184 1131 per-

186 1140 276 1173 tinet
293 1141 516 1174 confirmatio
536 1147 569 1173 et
589 1140 785 1173 confutatio
798 1167 806 1179 ,
834 1146 873 1172 ut
892 1139 1015 1172 Cicero
1034 1138 1071 1170 in
1092 1138 1183 1170 libro

187 1193 230 1224 de
254 1192 421 1225 Amicitia
441 1191 487 1237 83)
524 1189 754 1236 reprehendit
795 1191 929 1224 dictum
947 1190 993 1238 84)
1028 1189 1184 1222 Biantis:

186 1243 276 1276 Ama
295 1250 466 1289 tanquam
489 1256 634 1283 osurus,
662 1249 695 1275 et
713 1242 771 1275 odi
797 1248 969 1287 tanquam
989 1246 1184 1274 amaturus.

189 1294 254 1333 Ut,
284 1294 413 1327 Utrum
434 1294 564 1327 Caesar
582 1294 657 1327 iure
673 1294 718 1327 sit
737 1292 966 1326 interfectus?
1022 1292 1184 1335 Respon-

190 1347 274 1378 deo:
319 1346 419 1385 7Non,
459 1346 542 1391 quia
570 1345 797 1389 magistratus
820 1350 914 1384 erat,
951 1343 1011 1389 qui
1036 1354 1110 1375 non
1135 1348 1186 1375 est

189 1397 388 1431 violandus.
444 1396 598 1436 Contra,
626 1397 691 1430 fuit
709 1402 902 1441 tyrannus,
931 1407 1035 1440 quem
1057 1394 1186 1426 licebat

191 1448 362 1482 occidere.
430 1448 556 1481 Oritur
579 1448 645 1480 alia
670 1447 848 1492 quaestio:
881 1446 1011 1479 Utrum
1036 1445 1112 1477 iure
1136 1450 1185 1477 te-

189 1499 309 1532 nuerit
328 1499 596 1543 rempublicam.
650 1499 902 1542 Respondctur
919 1497 986 1530 sic:
1021 1496 1113 1540 Quia
1133 1496 1185 1528 iu-

188 1557 282 1584 stum
301 1551 433 1583 bellum
452 1551 575 1594 gessit,
605 1562 675 1594 quo
696 1549 830 1593 potitus
847 1555 897 1582 est
915 1548 1094 1592 republica
1113 1546 1185 1579 Ro-

189 1613 308 1634 mana.
370 1601 434 1634 Hic
459 1601 666 1634 excutienda
696 1607 747 1634 est
771 1601 839 1632 alia
867 1599 1045 1645 quaestio:
1084 1597 1185 1642 Quae

190 1652 281 1684 bella
299 1659 380 1685 sunt
403 1652 586 1696 legitima?
638 1651 684 1684 Et
710 1649 796 1684 baec
821 1650 980 1696 quaestio
1006 1661 1079 1682 non
1106 1661 1185 1693 per-

190 1703 280 1736 tinet
306 1704 350 1735 ad
376 1701 614 1747 theologiam,
651 1704 710 1736 sed
736 1704 779 1734 ad
804 1702 858 1735 ius
880 1708 1051 1740 naturae,
1089 1701 1185 1746 quod

189 1767 263 1787 non
287 1755 480 1787 destruitur
504 1754 714 1797 Evangelio.
775 1753 828 1786 De
856 1759 1009 1798 tyranno
1032 1751 1186 1784 Vincen—

188 1805 286 1845 tino,
321 1807 417 1851 quod
444 1812 590 1850 propter
614 1805 761 1838 iniurias
786 1805 890 1837 liceat
912 1804 1109 1836 interficere
1134 1809 1186 1847 ty-

191 1869 366 1896 rannum,
396 1864 427 1889 et
446 1864 538 1889 recte
556 1857 676 1890 secisse
699 1862 904 1900 parentem,
934 1855 995 1900 qui
1018 1854 1185 1887 exercitui

190 1908 327 1941 Veneto
345 1909 469 1941 urbem
489 1915 522 1941 et
540 1915 732 1953 tyrannum
753 1907 934 1952 proditum
953 1905 1118 1946 tradidit,
1153 1911 1187 1938 et

190 1959 407 2004 reipublicae
424 1961 577 1992 sormam
597 1959 759 1993 mutavit.

294 2017 324 2062 §-
346 2020 404 2054 12.
442 2021 535 2060 Quod
554 2021 594 2052 ‹Ie
618 2015 671 2065 re]
708 2018 743 2051 id
767 2024 836 2057 est,
871 2018 913 2049 de
940 2017 1046 2050 facto.
1099 2015 1188 2049 Loci

191 2083 398 2104 communes
413 2071 597 2103 continent
613 2082 736 2103 omnes
752 2080 890 2102 causas:
920 2080 1004 2111 ergo
1020 2067 1056 2099 in
1072 2067 1187 2099 omni-

190 2123 255 2156 bus
277 2122 390 2156 causis
414 2121 651 2164 investigandi
675 2127 775 2161 sunt,
810 2117 959 2152 haerent
980 2119 1018 2151 in
1045 2118 1186 2152 visceri-

190 2174 254 2206 bus
280 2173 413 2217 negotii
436 2174 506 2206 loci
533 2184 760 2211 communes,
804 2177 838 2203 et
871 2171 1066 2214 prudenter
1096 2170 1186 2203 inse-

190 2225 290 2257 rendi
307 2231 400 2258 sunt.
454 2224 547 2257 Tota
575 2221 722 2257 historia
749 2224 792 2255 de
812 2222 978 2255 Cornelio
995 2221 1109 2254 Balbo
1137 2227 1187 2254 est

191 2277 284 2319 apud
309 2276 502 2309 Asconium
534 2275 746 2308 Pedianum.
817 2273 950 2305 Dicunt
977 2272 1184 2306 Ciceronem

224 2409 272 2437 81)
293 2410 382 2433 'rimor
402 2412 444 2433 est
464 2410 615 2433 acerrimus
639 2408 822 2436 emendator]
841 2407 907 2430 haec
934 2408 999 2430 sunt
1025 2407 1109 2430 verba
1128 2405 1186 2429 Pli-

261 2444 298 2466 nii
319 2445 397 2473 epist.
424 2445 468 2469 1111.
486 2444 544 2468 vu.
572 2444 650 2474 epist.
668 2443 724 2469 12,
762 2443 806 2466 ubi
831 2444 920 2464 autem
949 2447 997 2470 pro
1024 2442 1186 2465 acerrimus

263 2479 430 2502 emendator
448 2479 565 2507 tegitur:
594 2479 764 2502 emendator
783 2477 956 2500 acerrimus·
1210 2490 1213 2524 ἓ

227 2527 276 2553 82)
296 2527 358 2555 lV.]
378 2527 426 2550 Ed.
446 2528 519 2552 ¹570.
539 2529 619 2551 habet
639 2528 662 2550 11.
678 2528 711 2551 L:
734 2526 768 2550 V.
806 2526 859 2548 Aut
879 2524 921 2548 hic
939 2530 1069 2548 numerus
1089 2530 1186 2548 errore
1210 2529 1212 2562 Ξ

260 2565 371 2591 typogr.
397 2567 445 2590 pro
466 2561 512 2584 lv.
533 2563 656 2590 positus,
688 2562 736 2584 aut
756 2561 781 2583 111
802 2559 1027 2589 praecedentibus
1047 2559 1186 2587 (fortasse
1210 2565 1212 2567 ’

259 2598 324 2620 ante
344 2597 441 2618 verba:
478 2596 569 2620 ..Plus
593 2598 634 2619 est
654 2596 878 2620 ornamentorum
897 2593 924 2616 in
944 2593 1058 2617 Graecis
1079 2593 1185 2616 oratio-

259 2630 353 2661 nibus,
373 2635 450 2659 quam
466 2629 492 2652 in
507 2628 651 2658 Latinis⁷')
668 2635 796 2653 numerus
812 2628 859 2652 lV.
881 2633 977 2651 errore
999 2628 1118 2651 omissus
1133 2629 1185 2652 est.
1210 2653 1211 2666 ¹

1211 2278 1214 2373 ὃ

1211 2427 1213 2469 ν

223 2682 273 2709 83)
291 2682 346 2706 Cic.
367 2681 400 2704 de
417 2681 502 2704 Amic.
525 2681 565 2710 16,
584 2681 627 2704 59.

224 2733 271 2764 84)
292 2733 407 2761 dictum]
427 2732 476 2756 Ed.
498 2732 571 2756 1570.
593 2738 689 2756 errore
709 2734 837 2763 typogr.:
864 2731 965 2756 dictim.
1209 2710 1213 2755 l

1065 124 1267 159 SCRIPTA

1308 123 1646 159 PHILOLOGICA.
2146 125 2222 160 680

1203 222 1416 266 ¹nunquam
1450 211 1577 244 melius
1611 209 1814 255 ‹lixisse⁸⁵),
1858 222 2042 256 nunqnam
2079 210 2226 251 felicius,

1233 261 1279 293 ita
1300 267 1339 294 ut
1358 262 1510 305 populns
1527 262 1557 294 ei
1577 261 1816 306 applauserit,
1844 263 1940 306 quod
1967 261 2052 294 alias
2077 274 2151 294 non
2176 262 2225 294 se-

1233 311 1330 345 cerit.
1393 312 1463 357 Qui
1489 313 1671 357 disputant
1697 315 1739 345 (le
1765 319 1880 345 morte
1904 312 2083 352 Caesaris,
2115 311 2225 356 pluri-

1233 376 1329 395 mum
1349 370 1537 397 versantur
1555 364 1590 396 in
1607 362 1673 397 boc
1697 364 1775 396 loco
1799 363 2000 397 communi:
2038 363 2109 408 Qui
2134 363 2227 396 bello

1233 419 1374 447 coactus
1393 420 1542 458 occupat
1560 415 1814 458 rempublicam
1828 442 1837 454 ,
1864 427 1936 447 non
1955 421 2005 448 est
2021 421 2205 459 tyrannus.

1339 463 1369 508 {-
1389 465 1447 498 13.
1490 466 1578 500 Milo
1605 463 1769 513 Clodium]
1807 466 1882 499 Hoc
1916 466 2033 510 potius
2058 466 2094 498 in
2118 477 2226 510 quae·-

1233 515 1384 549 stionem
1406 515 1521 555 venit,
1549 522 1667 549 utrum
1680 516 1825 550 Clodius
1838 517 1883 551 sit
1900 517 2099 550 insidiator.
2137 515 2228 549 Cato

1234 573 1380 610 rogatus
1405 568 1448 599 ab
1475 566 1666 600 Hortensio
1693 568 1886 602 divortium
1913 569 1995 601 secit
2026 580 2104 601 cum
2130 566 2229 600 Mar-

1234 617 1355 664 011186).
1404 619 1459 651 Ab
1479 618 1646 651 universo
1665 619 1798 662 populo
1817 617 2070 663 reprehensum
2093 625 2144 652 est
2159 615 2228 651 hoc

1234 670 1384 708 sactum,
1415 669 1515 714 quasi
1534 669 1719 713 indignum
1739 670 1835 702 bono
1852 670 1949 711 viro,
1977 677 2012 703 et
2033 676 2227 704 austerum.

1235 720 1446 753 Hortensius
1462 720 1528 753 suit
1546 720 1655 753 contis
1672 726 1705 752 et
1721 720 1871 754 blandus
1889 721 1955 755 vir.

1339 769 1369 815 ξ.
1396 770 1454 804 14.
1504 773 1776 805 Declamationes
1810 774 1901 814 vero]
1941 770 2227 804 Declamationes

1236 828 1359 861 vocat,
1402 835 1479 855 cum
1509 835 1611 855 causa
1641 823 1809 863 affertur,
1847 835 1920 855 non
1946 820 2072 861 thesis,
2106 827 2227 855 utrum

1237 873 1333 906 Mars
1357 879 1449 905 recte
1484 873 1699 906 interfecerit
1725 871 2011 907 Halirrhotbium
2028 871 2087 918 ⁸⁷).
2154 871 2228 906 Nos

1239 923 1359 956 omnia
1378 937 1547 958 vocamus
1562 924 1850 958 declamationes.
1902 924 2075 958 Musicam
2093 923 2229 956 solutae

1238 975 1411 1008 orationis
1426 988 1531 1008 nemo
1552 976 1747 1019 intelligere
1763 982 1898 1020 potest,
1923 975 1991 1008 nisi
2007 986 2128 1008 versus
2145 973 2230 1007 scri·

1238 1025 1367 1070 pserit,
1404 1033 1438 1059 et
1462 1028 1505 1059 de
1529 1027 1686 1060 carmine
1712 1027 1822 1070 possit
1847 1027 2014 1060 iudicare.
2082 1024 2227 1058 Dictum

1237 1075 1459 1111 Philoxenis:
1487 1077 1539 1110 Ex
1555 1078 1708 1122 piscibus
1721 1104 1729 1117 ,
1763 1078 1823 1123 qui
1841 1090 1914 1110 non
1932 1083 2015 1111 sunt
2031 1076 2160 1120 pisces,
2197 1081 2232 1108 et

1238 1128 1422 1168 carnibus,
1466 1141 1557 1174 quae
1582 1142 1655 1162 non
1680 1135 1763 1162 sunt
1787 1141 1931 1169 carnes,
1973 1127 2062 1161 effici
2093 1127 2230 1171 optima

1239 1179 1368 1212 edulia.

1342 1228 1371 1273 ἓ.
1390 1229 1448 1263 16.
1475 1230 1662 1273 Dure-scat]
1695 1235 1876 1274 sumptum
1905 1235 1956 1262 est
1979 1241 2019 1261 ex
2042 1229 2231 1273 palaestra.

1238 1281 1341 1313 Plato
1357 1280 1442 1313 dicit
1460 1281 1715 1313 beatitudinem
1734 1280 1886 1324 positam
1908 1292 1979 1313 esse
1997 1280 2033 1312 in
2059 1292 2097 1313 re
2120 1281 2228 1314 hona.

1237 1332 1367 1364 Utrum
1386 1343 1492 1364 omne
1509 1337 1622 1364 totum
1641 1331 1747 1365 simul
1761 1338 1940 1376 sumptum
1959 1331 2100 1364 differat
2119 1343 2138 1363 a
2158 1331 2230 1365 suis

1238 1382 1423 1427 partibus?
1484 1381 1614 1415 Iudicia
1647 1384 1889 1427 depravantur
1912 1382 1949 1414 in
1971 1382 2045 1415 istis
2072 1381 2232 1426 argutiis,

1238 1446 1312 1466 non
1347 1434 1462 1467 solum
1496 1433 1612 1466 oratio
1652 1434 1690 1466 fit
1728 1432 1932 1473 horridior,
1985 1433 2170 1466 obscurior
2199 1438 2234 1466 et

1239 1485 1375 1518 exilior.

1343 1534 1372 1579 ξ.
1391 1535 1449 1569 17.
1482 1538 1568 1569 Vera
1584 1537 1803 1581 discrimina]
1831 1535 1866 1568 id
1885 1541 1955 1576 est,
1984 1546 2118 1576 causas,
2147 1545 2231 1567 vera

1238 1586 1408 1631 pericula.
1461 1587 1611 1620 Basilica
1631 1588 1758 1620 domus
1774 1587 1921 1627 dicitur,
1956 1586 1992 1619 in
2012 1598 2080 1632 qua
2099 1585 2230 1619 iudicia

1239 1644 1458 1671 exercentur.
1494 1637 1618 1671 Cicero
1637 1638 1703 1671 fuit
1721 1639 1924 1672 adolescens
1941 1639 2034 1681 apud
2051 1637 2233 1677 Pisonem,

1240 1689 1295 1722 cui
1319 1701 1338 1721 a
1362 1695 1463 1733 patre
1483 1691 1753 1723 commendatus
1770 1696 1856 1724 erat.
1912 1689 2015 1723 Cotta
2031 1688 2232 1722 Antonium

1239 1742 1498 1780 assectabatur,
1525 1741 1700 1785 Sulpicius
1719 1741 1897 1775 Crassum.

1343 1790 1373 1835 ἓ.
1391 1792 1453 1827 20.
1486 1790 1732 1839 Retia2·iz·s⁸⁸)]
1768 1792 1803 1825 id
1827 1798 1896 1832 est,
1931 1790 2024 1824 veris
2051 1790 2231 1835 exemplis.

1239 1842 1389 1875 Retiarii
1409 1844 1642 1887 gladiatores,
1671 1844 1766 1888 quod
1786 1844 1874 1876 alter
1889 1842 1991 1876 alteri
2007 1849 2081 1874 rete
2097 1842 2231 1874 iniicie-

1238 1895 1311 1927 bat.
1428 1895 1574 1939 Cestius]
1619 1894 1724 1928 Cestii
1744 1894 1789 1941 ⁸⁹)
1817 1907 1896 1933 seu,
1932 1900 1973 1926 ut
1993 1893 2053 1925 alii
2079 1893 2231 1933 malunt,

1239 1943 1404 1991 Sextii90)
1432 1946 1553 1978 crebra
1573 1946 1610 1978 fit
1626 1946 1758 1978 mentio
1777 1946 1872 1989 apud
1885 1945 2054 1978 Senecam
2063 1944 2130 1991 ³¹),
2165 1943 2233 1978 suit

1241 2003 1359 2030 autem
1389 1997 1607 2029 declamator
1636 2003 1715 2041 post
1745 1996 1972 2036 Ciceronem,
2019 1997 2080 2029 sed
2111 2002 2231 2028 tamen

1241 2054 1453 2081 coaetaneus
1476 2048 1548 2081 filio
1573 2047 1765 2081 Ciceronis.
1825 2047 1988 2080 Clodium
2013 2047 2119 2080 fuisse
2146 2046 2231 2080 insi-

1240 2099 1437 2139 diatorem,
1480 2106 1541 2132 aut
1569 2100 1664 2144 quod
1693 2098 1799 2132 suerit
1824 2096 1981 2144 σύνεχον
2003 2097 2097 2132 illius
2122 2098 2230 2131 actio-

1273 2191 1320 2223 85)
1344 2192 1440 2216 Cicero
1460 2197 1509 2220 pro
1528 2191 1577 2214 hoc
1595 2191 1625 2213 L.
1645 2190 1773 2214 Cornelio
1793 2190 1875 2213 Balbo
1896 2189 1999 2213 maiore
2025 2188 2178 2212 orationem
2203 2194 2231 2213 a.

1308 2234 1334 2251 u.
1354 2234 1375 2250 c.
1393 2227 1452 2249 698.
1471 2225 1570 2249 habuit.

1273 2270 1322 2297 86)
1342 2270 1399 2293 Hoc
1418 2269 1519 2291 factum
1539 2268 1573 2290 M.
1590 2266 1677 2290 Porcii
1699 2267 1812 2290 Catonis
1826 2267 1965 2290 trucensis
1986 2268 2115 2290 narratur
2133 2272 2151 2289 a
2165 2265 2230 2290 Plu-

1308 2305 1402 2327 tarcho
1423 2303 1448 2325 111
1468 2302 1525 2325 eius
1544 2302 1601 2324 vita
1621 2309 1643 2324 (τ.
1658 2302 1717 2331 25.,
1749 2302 1819 2325 conf.
1841 2302 1922 2325 etiam
1942 2302 2046 2331 Pauly:
2071 2301 2228 2324 Beal-En-

1309 2338 1378 2368 cycl.
1400 2338 1428 2361 Τ.
1446 2337 1488 2359 ΙΙΙ.
1508 2343 1532 2366 p.
1553 2336 1627 2360 1198.

1273 2382 1321 2410 87)
1344 2381 1574 2408 Halirrhothium]
1594 2380 1643 2403 Ed.
1667 2380 1741 2404 1570.
1761 2381 1936 2410 Atyrotaum.
1957 2393 1988 2396 -·
2032 2378 2110 2403 Cont'.
2129 2378 2162 2402 de
2181 2379 2230 2402 hac

1307 2422 1392 2440 causa
1411 2415 1489 2438 huius
1510 2415 1589 2444 Corp.
1611 2415 1730 2439 Reform.
1752 2415 1814 2438 Vol.
1830 2414 1904 2437 XVI.
1924 2421 1948 2443 p.
1966 2414 2014 2436 146
2026 2420 2085 2443 sqq.

1272 2459 1319 2491 88)
1342 2459 1501 2486 Retiariis]
1528 2458 1567 2481 sic
1595 2458 1640 2481 Ed.
1663 2458 1736 2483 1570.
1770 2457 1796 2480 iu
1831 2457 1879 2480 hac
1905 2458 1970 2480 nota
1996 2458 2023 2479 et
2047 2457 2072 2479 111
2099 2456 2228 2479 contextu

1309 2493 1478 2524 praemisso;
1529 2492 1614 2515 Editt.
1645 2493 1759 2523 Spatd.,
1803 2491 1928 2515 Frotsch.
1961 2491 2132 2515 decretoriis
2157 2488 2226 2521 (vid.

1308 2529 1450 2558 utriusque
1470 2528 1561 2550 notant
1581 2527 1641 2550 crit.
1661 2527 1695 2550 ad
1713 2528 1737 2551 11.
1760 2525 1800 2557 L).

1273 2572 1320 2599 89)
1341 2572 1371 2594 11.
1391 2570 1500 2594 Cestius
1521 2569 1603 2599 Pius,
1624 2576 1637 2592 c
1658 2570 1778 2599 Smyrna
1797 2568 1938 2592 oriundus.

1271 2615 1318 2641 90)
1339 2614 1418 2638 Conf.
1439 2613 1589 2644 spaldingii
1611 2615 1638 2637 et
1657 2612 1818 2636 Frotschert
1838 2613 1903 2634 nota
1921 2610 1980 2634 crit.
2000 2610 2033 2633 ad
2054 2610 2077 2633 h.
2097 2610 2116 2633 1.

1273 2657 1320 2690 91)
1340 2659 1434 2681 Senec.
1450 2658 1577 2686 Excerpt.
1599 2657 1730 2680 Controv.
1747 2656 1791 2680 ΙΙΙ,
1813 2655 1902 2678 Praef.
1922 2661 1946 2683 p.
1961 2653 2019 2676 428.
2040 2653 2081 2677 ed.
2105 2654 2226 2677 Gronov.

1311 2693 1349 2724 (p.
1362 2692 1421 2716 ³99.
1443 2693 1484 2717 ed.
1500 2692 1622 2721 nipnnt)
1641 2693 1668 2714 ct
1687 2691 1779 2715 mutus
1799 2689 1862 2714 aliis
1881 2688 1966 2720 lociS,
1985 2693 2053 2718 quos
2071 2687 2232 2711 Gronovius

1307 2728 1335 2751 111
1354 2727 1444 2751 Iudice
1463 2734 1484 2751 s.
1501 2733 1527 2751 v,
1548 2726 1660 2750 Cestius
1679 2727 1828 2750 enumerat.
