2294 2975
92 118 167 155 289
220 117 340 153 XXIII.
382 116 691 152 ARGUMENTA
717 116 782 152 ΕΤ
809 115 1013 151 SCHOLIA
1038 115 1086 151 IN

142 204 466 249 Argumentum
499 209 542 236 et
572 200 749 237 scholIa
785 204 829 236 in
865 203 1035 248 episto-

497 254 582 287 lam
616 252 674 289 III.

194 328 389 363 Pollicetur
418 341 453 363 se
484 330 528 362 ad
555 329 756 362 'Varronem
783 336 972 364 venturum
1000 341 1086 370 esse,

91 388 130 415 ut
143 381 213 415 srui
229 391 299 414 una
318 381 566 415 communibus
584 380 708 414 studiis
725 381 848 425 possit.
892 380 1004 414 Addit
1022 380 1085 424 igi-

91 438 150 466 tur
174 432 348 477 quaedam
371 432 562 475 praeconia
589 431 789 465 litterarum
801 431 860 478 ²⁵).
913 432 1084 466 Videmus

89 495 213 517 omnes
245 483 322 516 illas
350 482 517 526 epistolas
549 495 623 517 esse
652 496 693 516 ex
715 483 777 516 illo
800 482 919 516 Attico
943 495 1082 528 genere,

89 535 187 580 quod
202 540 253 568 est
271 533 547 578 incompositum
568 540 602 568 et
619 534 745 575 breve,
773 535 936 581 quamvis
954 533 1083 568 habeat

89 585 244 630 optimos
261 584 356 618 locos
365 584 424 630 26).

192 634 222 679 ξ.
243 637 274 670 1.
302 637 395 676 Etsi,
422 638 503 682 quid
519 634 721 684 scriberem]
746 635 944 670 Exordium
962 637 1005 670 ab
1023 648 1079 669 oc-

87 686 228 720 casione
250 686 447 721 scribentis.

301 762 440 797 Aliud
468 763 859 809 argumentumffl).

187 822 284 855 Haec
301 822 449 867 epistola
467 829 518 856 est
542 823 679 867 generis
700 821 932 855 deliberativi.
986 822 1078 855 Con-

85 872 175 906 tinet
208 873 303 907 enim
337 873 652 914 deliberationem,
692 879 812 906 utrum
845 873 983 917 possint
1014 871 1078 906 ho-

84 929 182 957 neste
198 924 389 958 convenire
415 930 449 957 et
472 926 515 957 de
536 924 661 958 studiis
685 930 719 957 et
742 924 847 957 rebus
873 923 944 957 suis
971 924 1077 957 collo-

85 974 165 1020 qui,
208 981 242 1008 et
273 975 359 1020 quid
384 975 422 1008 in
446 973 499 1008 his
528 975 685 1008 motibus
709 974 754 1008 sit
777 975 1077 1010 constituendum.

81 1025 263 1059 Admonet
280 1026 388 1070 igitur
406 1025 608 1059 Varronem
626 1027 669 1059 de
687 1038 751 1059 suo
771 1027 946 1065 adventu,
980 1027 1076 1060 vide-

81 1076 164 1109 licet
199 1078 295 1123 quod
328 1078 370 1110 ad
407 1077 524 1121 ipsum
546 1077 668 1110 venire
691 1077 776 1110 velit
799 1078 843 1109 ad
865 1077 972 1111 Baias
994 1091 1076 1111 con—

81 1127 224 1171 temptis
243 1128 502 1161 malevolorum
520 1128 659 1162 iudiciis
676 1134 709 1160 et
726 1128 961 1162 sermonibus.
1006 1128 1076 1163 Ex-

83 1178 225 1212 ordium
251 1185 302 1212 est
328 1179 473 1223 vulgare
495 1180 538 1212 ab
565 1179 749 1212 occasione
780 1179 958 1213 scribendi
981 1193 1076 1214 sum-

81 1235 196 1274 ptum.
248 1229 417 1275 Sequitur
434 1230 593 1263 narratio
605 1257 615 1271 ,
640 1230 677 1263 in
695 1242 763 1276 qua
782 1230 970 1274 pollicetur
985 1243 1020 1264 se
1038 1231 1076 1264 in

78 1280 179 1314 brevi
196 1286 385 1313 venturum
409 1281 454 1313 ad
473 1280 693 1320 Varronem,
725 1287 764 1314 ut
787 1282 858 1314 frui
881 1294 952 1315 una
978 1294 1074 1315 com-

78 1331 247 1365 munibus
262 1331 387 1365 studiis
404 1332 525 1375 possit.
576 1331 623 1365 Et
639 1331 737 1365 addit
751 1331 952 1366 litterarum
971 1345 1074 1377 prae-

80 1381 196 1417 conia.
263 1382 347 1415 Vice
379 1382 510 1427 epilogi
540 1382 687 1427 ponitur
711 1383 884 1427 praecisio
906 1396 967 1417 seu
997 1397 1072 1417 cor-

79 1433 190 1467 rectio
222 1433 496 1478 praeconiorum
527 1434 569 1466 de
603 1434 749 1474 litteris,
797 1435 895 1480 quod
916 1434 1072 1469 Varroni

80 1484 256 1519 eiusmodi
272 1491 375 1517 antea
391 1484 462 1518 sint
480 1484 678 1519 notissima.

325 1559 462 1594 Aliud
491 1566 818 1605 argumentum.

181 1627 244 1661 Est
277 1634 311 1660 et
341 1626 429 1661 haee
458 1628 652 1661 monitoria
681 1628 828 1673 epistola
855 1630 898 1662 de
923 1642 986 1663 suo
1011 1631 1072 1662 ad-

77 1684 197 1718 ventu,
221 1678 349 1712 additis
365 1679 564 1713 rationibus
581 1680 635 1712 sui
652 1680 819 1713 desiderii
837 1681 1072 1714 conveniendi

78 1729 302 1770 Varronem,
330 1736 451 1775 estque
477 1730 640 1774 inprimis
663 1731 720 1763 ille
747 1732 844 1765 locus
871 1732 1010 1776 elegans
1035 1732 1071 1765 in

75 1778 143 1814 hac
167 1781 337 1824 epistola,
373 1781 435 1826 qui
460 1781 618 1814 continet
641 1781 841 1815 studiorum
868 1783 1071 1826 praeconia.

76 1831 274 1866 Exordium
305 1832 459 1865 sumitur
489 1832 532 1865 ab
555 1832 740 1866 occasione
762 1832 951 1868 scribendi.
1011 1834 1071 1867 Se·

77 1882 200 1929 quitur
214 1883 332 1917 brevis
349 1882 529 1923 narratio,
556 1896 617 1917 seu
634 1883 833 1927 propositio
858 1886 901 1917 de
923 1897 985 1918 suo
1010 1886 1071 1918 ad-

76 1941 198 1968 ventu.
250 1934 342 1967 Huic
367 1934 511 1968 additur
536 1934 741 1978 occupatio,
776 1947 850 1967 non
874 1936 1070 1976 defuturos,

79 1985 141 2031 qui
155 1983 224 2019 hoc
238 1985 441 2019 institutum
465 1985 747 2026 calumnientur,
783 1986 903 2020 addita
929 1987 1068 2020 ratione

76 2036 132 2070 sui
162 2037 354 2078 adventus,
401 2043 441 2071 ut
473 2037 638 2070 videlicet
668 2038 916 2072 communibus
945 2038 1069 2072 studiis

75 2087 147 2121 frui
166 2087 314 2132 possint.
375 2088 476 2121 Hanc
499 2088 676 2122 rationem
699 2101 718 2121 a
743 2089 822 2122 loco
847 2089 948 2135 quasi
974 2101 1069 2122 com-

75 2139 177 2172 muni
194 2139 236 2171 de
251 2139 450 2183 praeconiis
467 2146 501 2173 et
522 2140 694 2174 fructibus
717 2140 917 2174 studiorum
942 2141 1068 2185 ampli-

75 2190 167 2224 ficat.
219 2189 362 2234 Epilogi
379 2191 454 2224 vice
480 2192 627 2235 ponitur
653 2191 824 2225 correctio
849 2205 910 2226 seu
932 2193 1067 2236 praeci-

75 2240 126 2274 sio
139 2267 148 2281 ,
173 2247 207 2274 et
222 2241 338 2275 brevis
356 2242 520 2286 repetitio
536 2243 804 2287 propositionis.

322 2316 458 2351 Aliud
486 2326 815 2363 argumentum.

177 2383 371 2418 Exordium
397 2386 441 2419 ab
466 2387 663 2422 occasione.
715 2387 883 2433 Sequitur
903 2386 1065 2431 proposi-

75 2434 146 2476 tio,
171 2448 261 2481 quae
281 2436 437 2470 continet
453 2438 765 2479 deliberationem,
793 2439 883 2472 sitne
904 2438 987 2471 satis
1013 2444 1065 2471 tu-

109 2530 158 2559 25)
178 2531 308 2561 quaedam
327 2531 473 2561 praeconia
496 2531 664 2563 litterarum]
690 2534 738 2558 Ed.
761 2534 834 2557 1560.
861 2534 946 2557 male:
978 2539 1063 2563 quae-

145 2565 206 2588 dam
224 2571 240 2589 a
260 2567 373 2595 penuria
391 2566 553 2591 litterarum.

110 2607 159 2635 26)
177 2608 235 2631 Hoc
249 2609 437 2637 argumentum
452 2608 550 2632 habent
558 2609 642 2634 Editt.
654 2610 857 2643 1537—1554.‚
874 2610 959 2642 ¹557„
979 2610 1064 2639 1560„

145 2642 210 2665 1565
219 2655 250 2659 -
260 2642 335 2666 1596.
347 2658 354 2670 ,
380 2643 455 2667 1601.

109 2683 159 2712 27)
178 2685 236 2708 1100
253 2686 442 2715 argumentum
462 2687 488 2709 et
507 2685 559 2710 duo
578 2687 720 2716 sequentia
737 2690 770 2713 311
788 2690 872 2714 Editt.
894 2690 979 2719 1556.,
999 2688 1064 2712 1565

142 2718 260 2744 -1596,
283 2720 457 2748 praebentur.

76 2760 258 2792 Mamm.
281 2761 387 2793 Orssn.
410 2762 494 2793 Vo1..
518 2762 623 2792 XVII.

1113 116 1261 152 EPlsr.
1288 116 1401 152 FAM.
1431 116 1514 153 010.
1541 118 1698 157 Lunx.
1726 123 1797 159 ΕΡ.
1817 126 1849 160 1.

1869 129 1903 163 2.
1922 128 1956 163 3.
1973 129 2007 165 4.
2060 131 2135 168 290

1141 209 1215 237 tum
1241 216 1311 238 esse
1336 204 1372 236 in
1397 203 1465 238 illis
1493 205 1590 240 locis.
1655 207 1914 246 Deliberationi
1946 215 2132 251 subiicitur

1140 255 1318 299 epilogus,
1346 268 1381 289 se
1399 255 1436 288 in
1461 256 1560 290 brevi
1584 265 1773 293 venturum
1800 271 1947 308 propter
1974 279 2132 301 commu-

1139 306 1196 339 nia
1213 307 1329 340 studia
1349 307 1578 349 celebranda,
1607 322 1698 355 quae
1716 309 1783 345 hoc
1807 319 1968 359 tempore
1992 319 2130 352 uberri-

1138 370 1237 391 mum
1260 358 1412 391 afferant
1436 360 1603 396 fructum.
1661 360 1703 395 In
1726 363 1794 397 fine
1820 372 1871 399 est
1891 368 2062 410 praecisio
2086 371 2129 404 de

1138 409 1291 443 utilitate
1308 409 1521 445 litterarum.

1296 526 1623 571 Argumentum
1653 530 1882 574 epistolae
1909 532 1968 569 IV.

1236 601 1336 638 Iocus
1345 603 1391 649 ²⁸)
1412 604 1454 637 de
1472 605 1628 638 adventu
1644 605 1818 641 Varronis
1827 608 1888 654 29).

1354 694 1492 728 Aliud
1521 700 1903 747 argumentumffl).

1232 768 1375 804 locatur
1392 784 1470 805 cum
1488 772 1651 806 Varrone
1671 774 1714 806 (le
1731 786 1790 814 eo,
1818 778 1913 821 quod
1937 779 2127 824 scripserat

1133 832 1168 853 50
1192 827 1288 854 certo
1312 828 1503 855 venturum
1529 824 1575 856 ad
1601 824 1820 859 Ciceronem.
1887 828 1982 862 Dicit
2005 838 2124 865 autem

1131 871 1308 916 duplicem
1328 885 1400 907 esse
1417 873 1624 917 opinionem
1647 877 1742 919 apud
1761 874 1993 924 philosophos
2012 883 2054 915 de
2072 884 2126 916 fu-

1131 923 1237 956 turis:
1266 924 1415 958 alteram
1432 924 1584 958 Diodori
1594 925 1640 971 3¹)
1657 927 1787 968 Stoici,
1815 929 1875 974 qui
1891 932 1952 964 diu
1970 944 2048 965 cum
2068 934 2125 966 Ci-

1131 986 1259 1008 cerone
1282 975 1507 1009 familiariter
1531 977 1693 1023 vixit3'2),
1735 991 1774 1012 ae
1797 981 1906 1014 sensit
1929 994 1989 1022 ea,
2032 997 2123 1029 quae

1131 1033 1245 1059 essent
1259 1026 1377 1060 futura
1390 1053 1399 1067 ,
1427 1039 1500 1061 esse
1516 1030 1712 1062 necessaria
1726 1055 1734 1069 ‚
1763 1042 1828 1063 nec
1846 1044 1947 1075 posse
1970 1036 2122 1074 mutari;

1131 1077 1280 1110 alteram
1291 1076 1494 1123 Chrysippi,
1522 1079 1583 1124 qui
1602 1081 1813 1115 defendebat
1826 1083 1943 1117 sutura
1960 1097 2032 1118 non
2051 1099 2123 1120 csse

1130 1128 1346 1170 necessaria,
1379 1130 1439 1163 sed
1467 1136 1605 1163 tantum
1630 1132 1825 1175 possibilia.
1891 1133 1973 1168 Ideo
2002 1144 2120 1170 autem

1131 1179 1253 1212 Cicero
1272 1178 1338 1213 hac
1353 1180 1466 1213 forma
1486 1181 1663 1214 scribendi
1681 1190 1731 1216 est
1748 1196 1849 1225 usus,
1884 1192 1922 1219 ut
1948 1187 2122 1230 significa-

1130 1237 1203 1270 ret,
1228 1243 1263 1264 se
1281 1237 1405 1275 optare
1422 1229 1511 1265 nihil
1530 1233 1624 1265 aliud
1637 1260 1645 1273 ‚
1682 1234 1751 1267 nisi
1767 1241 1805 1268 ut
1822 1243 1917 1269 certo
1926 1237 1971 1283 33)
1993 1240 2121 1273 veniat.

1129 1281 1319 1316 Concludit
1332 1282 1517 1327 epistolam
1534 1284 1633 1317 brevi
1649 1285 1905 1328 significatione
1914 1288 1960 1334 3²)
1987 1290 2042 1323 sui
2061 1292 2121 1323 ml-

1126 1339 1263 1368 ventus.

1374 1418 1509 1452 Aliud
1545 1428 1872 1464 argumentum.

1227 1493 1388 1538 Epistola
1415 1502 1466 1528 est
1489 1495 1628 1536 iocosa,
1671 1497 1706 1529 in
1737 1510 1806 1542 qua
1833 1498 1972 1533 iocatur
1996 1503 2120 1535 admo-

1126 1545 1210 1577 dum
1236 1546 1346 1578 facete
1370 1547 1412 1579 (le
1439 1546 1612 1580 Varronis
1636 1549 1809 1589 adventu,
1851 1550 2050 1593 significans
2084 1567 2119 1587 50

1125 1597 1286 1629 nondum
1311 1597 1397 1630 certi
1421 1597 1557 1643 aliquid
1582 1610 1684 1642 posse
1709 1599 1940 1641 constituere,
1976 1607 2119 1648 quando

1126 1654 1295 1681 venturus
1314 1648 1378 1687 sit,
1406 1661 1485 1682 cum
1503 1656 1622 1683 tamen
1645 1650 1785 1693 saepius
1811 1652 1854 1684 de
1877 1665 1940 1686 5110
1965 1656 2120 1689 adventu

1124 1699 1314 1742 scripserit.
1380 1700 1527 1734 Constat
1559 1707 1676 1734 autem
1714 1699 1799 1735 haec
1830 1703 1947 1738 brevis
1970 1707 2118 1749 epistola

1125 1756 1294 1794 perpetua
1319 1751 1539 1787 narratione.
1593 1751 1632 1785 ln
1657 1754 1725 1786 fine
1751 1754 1906 1788 breviter
1931 1764 2051 1790 monet
2077 1760 2119 1790 1Ιο

1123 1814 1187 1834 5110
1205 1802 1372 1835 adventu.

1157 1952 1205 1981 28)
1226 1952 1293 1975 Huic
1318 1952 1379 1976 voci
1404 1953 1432 1976 111
1457 1952 1540 1977 Editt.
1564 1953 1781 1979 1540—1545..
1812 1955 1903 1986 1554„
1922 1958 2014 1987 ¹557..
2043 1961 2116 1987 1560,

1193 1987 1313 2016 praefixa
1338 1989 1401 2010 suut
1427 1987 1482 2011 Cic.
1509 1988 1594 2010 verba
1618 1988 1728 2015 (§.1.):
1756 1987 1826 2019 Περὶ
1845 1988 1985 2019 δυνατῶν,
2019 1995 2114 2022 quibus

1191 2021 1241 2044 hoc
1259 2022 1446 2051 argumentum
1467 2021 1493 2044 in
1512 2021 1559 2045 Ed.
1577 2021 1651 2046 1537,
1671 2022 1696 2044 111
1718 2023 1842 2052 margine
1861 2026 1903 2047 est
1921 2026 2096 2056 adscriptum.

1155 2063 1203 2091 29)
1224 2064 1255 2086 de
1282 2064 1399 2086 adventu
1428 2063 1578 2092 Varronis]
1605 2064 1644 2087 sic
1671 2064 1754 2089 Editt.
1778 2065 1868 2093 1537.,
1898 2068 1988 2096 1540.;
2025 2071 2112 2097 Editt.

1193 2098 1285 2127 1545„
1312 2098 1387 2123 1560.
1412 2098 1445 2121 de
1470 2098 1608 2121 Varronis
1639 2100 1767 2122 adventu,
1789 2111 1823 2116 —
1865 2102 1895 2124 111
1920 2102 2004 2128 Editt.
2028 2105 2114 2135 1514„

1192 2132 1282 2160 1554.,
1309 2132 1384 2156 1557.
1408 2133 1457 2155 hoo
1476 2134 1664 2163 argumentum
1686 2133 1773 2156 deest.

1154 2174 1201 2202 30)
1222 2175 1279 2197 Hoc
1301 2176 1490 2201 argumentum
1510 2176 1537 2198 et
1556 2175 1608 2199 duo
1627 2175 1769 2205 sequentia
1790 2176 1815 2199 iu
1835 2176 1918 2202 Editt.
1940 2178 2025 2211 1556„
2048 2181 2115 2205 1565

1188 2209 1305 2232 -1596.
1326 2209 1509 2233 inveniuntur.

1154 2251 1203 2279 31)
1222 2252 1349 2279 Diodori]
1377 2252 1425 2276 Ed.
1448 2252 1522 2275 1569.
1547 2258 1643 2276 errore
1662 2254 1789 2282 typogr:
1815 2253 1919 2278 Diodri.
1938 2265 1972 2272 ·—
2007 2256 2112 2281 Diodo-

1190 2293 1238 2310 rus
1263 2286 1417 2313 1355011515,
1449 2286 1624 2312 dialectims,
1656 2294 1687 2310 ex
1708 2287 1828 2310 Euelidis
1847 2288 2022 2317 Megarensis
2047 2299 2110 2315 suc-

1188 2320 1330 2349 cessione,
1350 2321 1501 2350 discipulus
1520 2321 1658 2350 Apollonii
1677 2321 1760 2344 Croni
1783 2322 1935 2350 (1131001101,
1960 2324 2019 2352 ipse
2041 2332 2109 2354 quo-

1188 2361 1239 2385 que
1258 2355 1366 2379 Cronus
1385 2355 1545 2385 cognomine
1564 2355 1652 2378 dictus
1677 2357 1727 2377 est.
1771 2355 1838 2379 nuic
1862 2362 1920 2379 cum
1941 2357 2107 2389 Chrysippo.

1189 2389 1331 2414 Cleanthis
1356 2390 1381 2412 111
1413 2391 1481 2413 stoa
1511 2395 1673 2412 successore
1705 2391 1745 2416 (a.
1767 2389 1824 2413 240.
1848 2396 1874 2413 a.
1893 2391 1971 2418 Chr.)
2000 2394 2109 2418 solensi

1187 2423 1288 2452 Cilice,
1309 2429 1408 2454 magna
1427 2424 1459 2447 de
1479 2423 1536 2447 fato
1557 2424 1583 2446 et
1602 2422 1665 2452 περὶ
1685 2421 1811 2447 δυνατῶν
1828 2424 1941 2449 luctatio
1961 2429 2029 2450 erat.

1152 2467 1200 2494 32)
1219 2467 1259 2490 Ex
1278 2466 1319 2489 his
1339 2467 1431 2490 verbis
1451 2467 1580 2495 apparet,
1600 2466 1749 2489 Diodorum
1769 2465 1939 2491 dialecticum
1959 2470 1986 2491 et
2004 2470 2107 2493 Diodo-

1187 2502 1242 2524 tum
1269 2501 1405 2527 stoicum.
1437 2501 1481 2530 qui
1507 2500 1665 2524 ciceronem
1690 2500 1717 2523 in
1742 2500 1885 2524 dialectica.
1910 2505 2054 2527 exercebat
2080 2506 2107 2527 et

1187 2536 1287 2558 multos
1312 2541 1400 2558 anuos
1426 2535 1495 2558 domi
1521 2534 1640 2557 eiusdem
1668 2535 1796 2562 vivebat,
1835 2535 1897 2560 11.1.
1922 2542 1986 2560 esse
2010 2539 2107 2561 confu-

1188 2570 1375 2633 505ἐ20310111.
1404 2569 1501 2593 0101111
1534 2570 1560 2592 ct
1586 2569 1690 2592 Baiteri
1716 2569 1857 2593 onomast.
1883 2570 2000 2596 Tulliam.
2026 2572 2055 2598 P.
2074 2572 2106 2596 11.

1150 2611 1202 2674 333)
1218 2647 1309 2675 certo]
1328 2645 1368 2670 sio
1385 2646 1433 2670 Ed.
1456 2645 1545 2674 1556.;
1571 2645 1653 2670 Editt.
1674 2646 1769 2677 1565.⁷
1789 2645 1882 2676 1569.‚
1903 2646 1975 2670 1592.
1996 2649 2078 2673 certe.

1152 2688 1201 2713 34)
1224 2687 1439 2717 significatione]
1471 2686 1555 2711 Editt.
1576 2687 1651 2711 1556.
1678 2693 1774 2711 errore
1799 2688 1927 2718 typogr.:
1964 2687 2105 2719 siguifica-

1188 2721 1300 2745 tionem.
