2351 2990
124 99 194 134 401
251 98 372 136 XXIII.
424 97 733 136 ARGUMENTA
757 99 822 135 ET
850 100 1053 136 SCHOLLA
1079 100 1127 138 IN
1152 102 1300 140 EPIST.
1327 104 1439 142 FAM.
1457 105 1540 144 CIC.
1568 107 1656 145 LIB.
1675 109 1732 146 XI.
1759 111 1830 149 ΕΡ.
1854 114 2027 152 19—22.
2081 117 2155 155 402

118 198 200 219 nem
228 186 406 232 sequitur,
448 193 569 232 estque
596 188 746 231 figurata
780 188 1011 232 occupatione
1040 187 1109 222 hoc

117 239 243 271 modo:
278 238 354 272 Etsi
387 238 509 271 inanes
531 238 656 284 sint84)
681 239 817 280 minae,
861 245 981 273 tamen
1004 241 1107 275 debes

117 296 238 323 cautus
257 301 340 323 esse.
392 289 522 322 Addita
541 295 592 323 est
612 290 729 323 brevis
753 291 845 323 ratio
873 303 952 324 cum
978 290 1107 325 adhor-

116 340 250 373 tatione
269 341 313 373 ad
334 341 526 373 curandam
543 340 756 374 divisionem
776 353 964 385 agrorum,
994 349 1032 376 ut
1057 343 1105 376 ita

115 391 347 424 concilientur
364 391 475 424 animi
498 391 663 426 militum.
721 391 893 437 Epilogus
919 391 1024 427 habet
1049 406 1106 427 oc-

115 442 340 486 cupationem
373 454 434 476 seu
458 443 731 476 translationem
757 450 791 477 et
812 445 956 479 brevem
981 457 1104 479 narra-

114 493 248 527 tionem
265 494 307 527 de
324 499 417 528 statu
433 505 553 527 rerum
572 506 729 530 suarum.

358 586 494 622 Aliud
528 597 857 633 argumentum.

212 654 409 689 Monitoria
429 663 480 690 est
497 657 644 701 epistola
668 660 710 691 de
735 659 899 704 periculis
925 659 1102 697 cavendis,

110 716 200 750 quae
217 706 407 740 imminent
422 720 441 740 a
459 707 608 742 Caesare
627 709 777 743 Octavio
795 717 828 744 et
846 709 1021 743 veteranis
1036 708 1102 742 mi-

108 756 240 792 litibus.
293 757 444 792 Orditur
460 771 479 792 a
494 761 759 803 praedicatione
787 774 870 795 suae
894 760 1101 794 sollicitudi-

110 807 164 841 nis
182 821 247 853 pro
267 808 449 844 Cicerone.
502 810 640 845 Deinde
657 813 756 845 addit
774 812 1018 845 narrationem
1042 824 1100 855 pe-

108 859 322 901 riculorum,
351 873 441 906 quae
458 862 606 895 minime
633 864 777 896 celanda
802 869 914 896 eraut.
968 862 1100 896 Narra-

109 910 244 944 tionem
280 912 441 957 sequitur
465 912 582 946 brevis
608 912 832 954 adhortatio,
869 913 990 946 addito
1018 926 1099 947 con-

106 961 204 1001 silio,
239 964 421 1008 quomodo
444 963 609 1007 periculis
633 977 727 997 nunc
750 965 1018 999 imminentibus
1044 977 1099 998 oc-

107 1013 202 1045 curri
218 1013 340 1057 possit.
391 1013 579 1047 Conclusio
599 1017 758 1049 continet
772 1028 893 1050 causas
912 1016 1098 1050 scribendi.

106 1061 146 1096 In
162 1064 230 1096 fine
250 1064 406 1097 breviter
423 1065 521 1097 addit
545 1066 586 1098 dc
605 1079 668 1100 suo
687 1067 834 1100 consilio
859 1074 892 1100 et
915 1067 1096 1111 diligentia

105 1114 142 1146 in
166 1115 403 1159 opprimendo
430 1115 601 1150 Antonio.
667 1116 754 1151 Item
778 1118 883 1163 petit,
924 1125 963 1152 ut
991 1131 1097 1165 quam

105 1165 261 1211 primum
279 1166 461 1201 rescribat.

358 1251 493 1285 Aliud
522 1261 851 1296 argumentum.

206 1318 403 1353 Exordium
425 1320 533 1353 breve
559 1327 610 1354 est
637 1322 822 1356 continens
846 1322 963 1356 Iocum
994 1323 1098 1355 bene-

104 1371 293 1406 volentiae.
347 1370 514 1416 Sequitur
529 1373 689 1406 narratio
712 1373 972 1417 periculorum.
1008 1386 1098 1419 quae

106 1421 269 1455 Ciceroni
300 1434 319 1454 a
352 1422 527 1456 veteranis
561 1424 767 1468 impendere
796 1425 933 1458 dixerat
965 1424 1097 1459 Labeo.

106 1472 315 1507 Narrationi
338 1473 522 1506 subiicitur
541 1475 748 1516 consilium,
774 1488 819 1509 ne
839 1476 987 1509 omnino
1016 1489 1097 1509 con-

104 1530 241 1557 temnat
259 1524 324 1557 ista
342 1524 498 1568 pericula
516 1526 717 1570 praedicta,
744 1528 805 1561 sed
822 1527 890 1561 illis
906 1527 1025 1571 potius
1041 1540 1097 1561 oc-

106 1582 244 1616 currat,
285 1575 554 1620 quibuscunque
585 1578 701 1611 modis
730 1578 853 1622 possit.
925 1579 1097 1623 Epilogus

105 1624 213 1659 habet
232 1625 494 1660 excusationem
510 1628 584 1661 dati
600 1629 757 1669 consilii,
783 1642 827 1663 ne
845 1629 1008 1664 videatur
1025 1643 1096 1665 esse

108 1689 291 1721 arrogans.

277 1787 465 1823 Scholia
493 1789 537 1822 in
565 1790 808 1834 epistolam
838 1791 928 1826 XXI.

209 1863 239 1908 ᾗ.
260 1865 292 1898 1.
327 1864 445 1909 1)ῖὶ85)
470 1863 547 1912 isti]
583 1863 807 1908 Imprecatio.
913 1864 1026 1907 Quid?
1061 1872 1096 1900 tic

103 1913 218 1962 illum]
246 1915 433 1952 Narratio;
462 1922 495 1948 et
507 1923 557 1950 cst
575 1916 801 1960 responsoria
820 1918 863 1949 ad
885 1918 1096 1961 praeceden-

105 1975 178 2000 tem
193 1966 298 2000 Bruti
314 1967 512 2011 epistolam.

210 2017 240 2061 ᾗ.
264 2018 299 2051 3.
343 2020 435 2059 Quod
456 2023 567 2052 (cutem
590 2016 731 2066 scribis]
772 2019 851 2053 Alia
883 2020 1095 2064 propositio.

104 2072 172 2113 Eyo
186 2067 296 2116 enim]
324 2068 475 2103 Divisio.

207 2119 237 2164 ἓ.
255 2119 290 2154 4.
327 2122 419 2162 Quod
440 2119 543 2169 mihi]
570 2121 649 2154 Alia
672 2120 883 2167 propositio.

105 2169 298 2219 ob2·em³⁶)]
326 2171 445 2205 Ratio.

972 2123 1097 2163 Quum-

405 2257 799 2306 Argumentumffl).

209 2326 449 2370 Responsoria
464 2333 515 2361 est
531 2329 576 2361 ad
600 2328 738 2372 singula
763 2328 877 2372 capita
904 2327 1097 2372 superioris

109 2377 289 2422 epistolae.
351 2377 546 2412 Exordium
579 2385 630 2413 est
661 2378 899 2424 patheticam,
943 2391 1014 2424 quo
1040 2380 1097 2412 de-

144 2515 192 2542 84)
211 2512 282 2541 sint]
303 2511 343 2534 sic
361 2511 409 2535 Ed.
431 2511 522 2543 1556.;
546 2513 631 2538 Editt.
652 2514 744 2545 1565.,
765 2514 857 2545 1571.‚
878 2513 954 2539 1596.
974 2515 1044 2538 sunt.

143 2557 192 2584 85)
211 2555 276 2583 Dii]
296 2554 336 2577 sic
356 2553 421 2577 illae
438 2554 522 2579 Editt.
546 2556 573 2578 et
592 2556 645 2586 al.;
670 2557 720 2581 Ed.
741 2557 827 2581 orell.
847 2558 909 2582 Dei.

144 2601 192 2629 86)
211 2599 264 2622 Pro
284 2599 333 2621 hac
358 2604 426 2622 voce
451 2598 477 2621 in
496 2599 580 2623 Editt.
600 2600 692 2631 1545..
713 2601 786 2625 1560.
807 2601 870 2624 huic
889 2602 970 2624 notae
989 2600 1097 2624 adscri-

179 2636 242 2664 ptae
259 2634 323 2656 suut
343 2634 503 2662 sequentes:
529 2634 585 2658 Sed
602 2635 674 2658 vide.

144 2675 191 2704 87)
210 2676 267 2698 Hoc
284 2676 474 2705 argumentum
493 2676 519 2698 et
539 2675 591 2698 duo
610 2675 752 2705 sequentia
770 2677 803 2700 ab
821 2677 903 2701 Editt.
920 2677 1011 2707 1556.,
1034 2676 1099 2700 1565

178 2708 294 2733 -1596,
319 2709 488 2732 exhibentur.

110 2752 291 2784 MELANTH.
314 2751 420 2782 Ormi.
443 2751 527 2783 V01..
551 2752 656 2783 XVII.

1161 196 1310 225 testatur
1341 194 1555 229 calumniam
1589 197 1776 238 delatoris,
1825 207 1858 233 et
1890 202 1995 236 etiam
2020 204 2150 247 gratias

1161 242 1232 286 agit
1248 243 1361 278 Bruto
1380 258 1446 290 pro
1471 253 1542 280 tam
1568 249 1680 282 amica
1702 251 1957 288 admonitione.
2010 254 2149 289 Deinde

1160 295 1293 327 accedit
1310 297 1353 329 ad
1371 299 1638 341 responsiones,
1672 307 1705 334 et
1723 301 1840 345 primo
1858 315 1998 338 causam
2020 307 2147 346 reddit,

1160 357 1221 377 cur
1248 345 1377 381 Caesar
1400 355 1433 381 et
1456 348 1587 384 Brutus
1619 350 1689 384 sint
1718 353 1901 396 praeteriti
1924 355 1960 388 in
1987 358 2147 392 creandis

1158 396 1376 433 decemviris.
1433 400 1595 435 Secundo
1619 402 1702 436 dicit
1725 416 1759 436 se
1783 413 2054 449 prospecturum
2081 409 2147 442 sibi

1158 448 1200 480 ‹le
1216 448 1369 483 vitandis
1390 449 1537 486 insidiis.
1598 453 1721 486 Tertio
1731 454 1777 499 ⁸⁸)
1801 457 1979 499 promittit
2003 471 2038 492 se
2064 472 2147 503 ope-

1157 510 1233 531 ram
1252 501 1439 541 daturum,
1474 515 1518 535 ne
1533 503 1683 537 nimium
1709 506 1853 541 timidus
1877 509 2059 549 videatur;
2094 511 2146 544 id-

1157 562 1224 594 que
1242 556 1280 583 ut
1298 551 1429 586 Brutus
1448 566 1591 599 quoque
1609 555 1712 588 faciat
1725 583 1733 596 ‚
1760 564 1792 590 et
1813 558 1952 594 sortiter
1975 561 2145 595 sustineat

1156 601 1286 633 bellum
1306 609 1429 635 contra
1448 602 1585 644 hostes,
1613 606 1711 649 petit.
1764 608 1952 645 Postremo
1969 614 2144 657 approbat

1156 652 1342 686 consilium
1360 654 1463 688 Bruti
1482 657 1523 688 de
1543 657 1740 692 dividendis
1761 660 1866 703 agris.

1400 747 1533 782 Aliud
1561 760 1887 795 argumentum.

1257 821 1496 866 Responsoria
1523 831 1573 858 est
1592 828 1635 859 ad
1659 828 1843 871 epistolam
1860 834 2142 875 praecedentem,

1154 870 1190 903 in
1219 885 1287 917 qua
1318 875 1473 908 declarat
1494 889 1593 909 suam
1617 879 1870 922 gratitudinen‘i
1891 894 1957 926 pro
1983 885 2143 918 admoni-

1153 922 1268 963 tione,
1295 937 1401 970 seque
1420 935 1560 961 excusat
1579 929 1621 962 (Ie
1640 931 1869 972 (lecemvisis,
1897 940 1930 966 et
1945 934 2049 968 simul
2067 949 2142 969 nio—

1153 981 1211 1007 net
1232 976 1273 1007 de
1299 976 1480 1020 diligentia
1509 991 1592 1018 sua,
1629 983 1723 1024 quod
1748 982 1792 1016 sit
1815 984 1962 1018 daturus
1985 998 2144 1030 operam,

1151 1037 1195 1057 ne
1212 1026 1318 1061 nimis
1337 1028 1480 1062 timidus
1496 1030 1725 1067 existimetur.
1785 1034 1935 1069 Orditur
1959 1043 2077 1071 autem
2101 1040 2144 1072 ab

1153 1076 1407 1121 imprecatione
1430 1082 1624 1115 admodum
1650 1084 1737 1117 dura
1765 1086 1933 1120 adversus
1951 1087 2143 1132 chuIIum,

1152 1129 1327 1171 derogans
1350 1131 1454 1164 fidem
1482 1133 1645 1167 omnibus
1672 1135 1745 1169 eius
1768 1139 2002 1174 sermonibus.
2076 1140 2144 1174 Im-

1153 1180 1349 1222 precationi
1365 1183 1507 1216 additur
1525 1184 1733 1228 significatio
1755 1188 1980 1230 gratitudinis
1999 1203 2065 1235 pro
2084 1193 2142 1225 illa

1153 1231 1410 1266 admonitione.
1461 1234 1599 1268 Deinde
1617 1237 1777 1282 sequitur
1799 1240 1977 1280 narratio,
2010 1242 2047 1274 in
2072 1256 2141 1288 qua

1154 1282 1278 1315 ordine
1303 1286 1494 1327 respondet
1517 1287 1561 1318 ad
1590 1287 1725 1322 litteras
1756 1292 2005 1333 praecedentes
2026 1293 2141 1329 Bruti.

1152 1331 1191 1364 ln
1210 1334 1278 1367 fine
1295 1341 1345 1368 est
1362 1335 1572 1379 pollicitatio
1588 1339 1631 1371 de
1649 1339 1742 1372 fideli
1760 1342 1885 1376 nuntio
1904 1343 2089 1378 mittendo.

1400 1438 1536 1473 Aliud
1566 1451 1892 1486 argumentum.

1253 1514 1411 1559 Epistola
1438 1520 1677 1561 responsoria.
1742 1521 1938 1556 Exordium
1960 1532 2140 1569 sumptum

1152 1571 1202 1598 est
1218 1566 1261 1599 ab
1279 1567 1534 1611 increpatione.
1596 1570 1763 1616 Sequitur
1781 1575 1940 1607 narratio
1962 1576 2078 1610 brevis
2098 1580 2140 1611 de

1152 1616 1307 1651 vanitate
1331 1618 1481 1663 Segulii,
1517 1633 1585 1666 qua
1607 1624 1761 1657 ostendit
1785 1625 1905 1658 omnia
1930 1626 2023 1660 illius
2048 1628 2141 1661 dicta

1150 1680 1222 1702 csse
1243 1667 1333 1702 nihil
1349 1670 1418 1704 nisi
1435 1672 1673 1707 mendacium.
1726 1675 1856 1709 Addita
1878 1683 1928 1710 est
1944 1678 2140 1721 gratiarum

1150 1720 1262 1760 actio,
1300 1723 1396 1767 quod
1422 1728 1494 1755 tam
1519 1723 1705 1768 diligenter
1728 1728 1955 1761 admonuerit
1979 1730 2020 1761 de
2044 1730 2143 1765 istius

1151 1772 1262 1815 nugis.
1323 1773 1492 1818 Sequitur
1509 1776 1685 1809 excusatio
1702 1789 1766 1820 per
1783 1779 2051 1813 translationem
2070 1783 2142 1814 cul-

1151 1834 1234 1865 pae,
1262 1835 1372 1867 quare
1390 1825 1425 1857 in
1443 1832 1567 1859 senatu
1591 1828 1688 1860 nulla
1715 1826 1834 1862 habita
1859 1829 1903 1862 sit
1926 1831 2017 1863 ratio
2037 1832 2140 1865 Bruti

1151 1879 1184 1905 et
1211 1873 1382 1909 Caesaris.
1450 1876 1588 1910 Deinde
1617 1878 1777 1924 sequitur
1809 1880 1918 1914 altera
1945 1883 2141 1924 gratiarum

1150 1925 1242 1957 acti0
1260 1937 1326 1968 pro
1346 1928 1428 1960 dato
1446 1928 1607 1968 consilio,
1631 1931 1820 1965 ostendeus
1837 1943 1872 1965 se
1889 1932 2138 1980 vitaturunuffl)

1149 1976 1303 2019 pericula
1317 2003 1326 2016 ,
1354 1989 1416 2010 nec
1435 1979 1593 2012 futurum
1610 1980 1716 2014 nimis
1735 1981 1912 2016 timidum.
1951 1983 2138 2018 Postremo

1150 2028 1227 2060 Ioco
1246 2028 1393 2071 ponitur
1411 2031 1657 2074 comprobatio
1679 2033 1873 2066 sententiae
1898 2035 1940 2067 de
1965 2034 2138 2069 divisione

1150 2091 1330 2122 agrorum.
1395 2079 1434 2113 In
1459 2081 1528 2114 fine
1552 2088 1602 2115 est
1622 2082 1852 2126 pollicitatio,
1887 2097 1922 2118 se
1946 2085 2136 2121 missurum

1149 2130 1286 2165 fidelem
1303 2130 1458 2178 aliquem
1474 2133 1639 2167 nuntium
1652 2160 1661 2175 ,
1695 2134 1725 2168 si
1741 2147 1828 2180 opus
1844 2136 1961 2170 fuerit.

1304 2250 1488 2286 Scholia
1525 2253 1572 2286 in
1608 2252 1849 2298 epistolam
1878 2252 1981 2287 XXII.

1254 2338 1283 2383 ξ.
1308 2340 1340 2372 1.
1374 2340 1455 2373 Cum
1476 2341 1585 2383 Appio
1609 2335 1765 2384 Claudio]
1798 2336 1985 2379 Narratio,
2027 2352 2134 2384 quam

1150 2391 1309 2435 sequitur
1331 2390 1469 2434 petitio.
1588 2391 1663 2423 Volo
1690 2386 1741 2435 ie]
1781 2387 1888 2421 Ratio
1915 2401 1956 2422 ex
1983 2402 2135 2434 persona

1150 2442 1270 2487 Appii.

1184 2580 1232 2607 88)
1252 2578 1360 2607 Tertio]
1385 2577 1425 2600 sic
1445 2574 1635 2604 Etlitt.1565.,
1657 2574 1749 2603 1571.,
1774 2574 1864 2605 1596.;
1898 2575 1948 2599 Ed.
1967 2576 2041 2600 1556.
2069 2577 2137 2600 Ter-

1218 2614 1295 2638 tlum.

1184 2675 1233 2703 89)
1252 2673 1416 2700 vitaturum]
1435 2672 1475 2694 sic
1495 2671 1570 2694 recte
1589 2668 1673 2695 Editt.
1697 2668 1788 2701 1556.,
1817 2668 1908 2699 1596.;
1945 2669 2029 2693 Editt.
2052 2671 2136 2696 1565..

1223 2708 1298 2733 1571.
1318 2707 1501 2732 visitaturum.
1586 2741 1635 2777 26
