2351 2990
129 95 204 131 357

380 179 519 214 Aliud
546 178 876 223 argumentum.

230 247 400 284 Narratio
426 253 478 282 est
499 246 642 291 longior
666 247 709 279 de
735 246 884 291 perfidia
908 244 1055 291 Lepidi,
1090 254 1124 281 et

128 301 171 333 de
195 312 259 333 suo
283 299 411 332 officio.
462 296 614 331 Accusat
638 303 756 330 autem
774 297 951 342 Lepidum
975 298 1122 342 insignis

128 351 311 384 cuiusdam
344 348 497 383 levitatis
531 360 572 382 ac
605 348 800 392 perfidiae,
851 348 913 394 qui
946 351 1120 394 promissa

127 413 265 436 summa
297 399 546 434 coniunctione
575 411 640 444 per
666 399 801 433 litteras
825 405 859 432 et
881 400 1119 435 internuntios

127 465 165 486 re
195 453 270 497 ipsa
302 451 495 486 ostenderit
516 463 551 484 se
576 449 843 484 alienissimum.
910 451 1040 485 Addita
1069 458 1119 486 est

126 503 356 547 pollicitatio,
399 514 436 536 se
460 501 611 535 fideliter
640 508 761 534 tamen
785 502 1013 537 defensurum
1036 515 1119 547 pro-

124 554 298 594 vinciam,
322 553 427 587 simul
447 560 588 597 petens,
622 559 662 586 ut
682 565 790 598 quam
815 553 974 598 primum
999 554 1118 587 mitta-

126 611 184 638 tur
200 617 314 638 novus
331 604 514 638 exercitus.
548 603 589 636 ln
603 604 671 637 fine
687 611 801 647 rogat,
828 611 868 637 ut
885 606 980 649 apud
996 617 1117 638 ornnes

123 656 233 688 frater
258 662 439 689 excusatus
464 656 508 688 sit
532 661 679 699 propter
706 655 968 696 valetudinem,
996 656 1116 689 addita

123 706 295 750 petitione
316 708 358 740 de
378 707 449 741 suis
468 704 676 741 honoribus.

337 790 476 824 Aliud
503 790 893 837 argumentumffi).

224 858 359 893 Narrat
383 859 426 891 de
450 857 669 902 profectione
688 857 815 901 Lepidi
842 858 886 890 ad
902 856 1113 896 Antonium,

124 916 158 943 et
175 916 316 943 excusat
340 922 394 949 se,
423 910 519 954 quod
546 909 589 941 ab
614 921 654 941 eo
679 908 724 941 sit
748 909 924 952 deceptus.
975 907 1114 940 Deinde

121 967 246 993 narrat
262 961 304 993 de
321 960 392 993 suis
406 959 560 993 consiliis
572 985 581 999 ‚
609 971 671 992 cur
688 965 784 991 retro
808 959 963 991 moverit
987 965 1113 998 castra,

123 1018 156 1044 et
171 1011 260 1055 petit
274 1011 368 1043 mitti
384 1011 554 1043 exercitus
566 1036 574 1049 ,
610 1016 649 1042 ut
665 1009 823 1042 Antonio
848 1021 887 1042 ac
904 1009 1040 1053 Lepido
1060 1021 1113 1042 re-

119 1062 195 1096 sisti
212 1067 341 1105 posset.
397 1060 548 1094 Ortlitur
563 1072 580 1093 a
600 1060 832 1093 translatione
850 1060 1020 1094 criminis.

284 1159 470 1195 Scholia
500 1160 536 1192 in
566 1159 809 1203 epistolam
837 1158 942 1194 XXII.

225 1236 255 1281 ἓ.
283 1237 316 1270 1.
350 1238 392 1269 1η
415 1241 446 1269 te
467 1240 497 1268 et
523 1237 558 1268 in
584 1231 724 1279 colleqa]
761 1234 942 1269 Narratio,
1049 1236 1114 1275 Qm‘

119 1294 207 1324 cerie
235 1300 293 1332 eye
317 1286 458 1330 fuissem
474 1283 548 1332 ²⁶)]
577 1284 662 1329 ⁸Pro
693 1296 771 1318 mea
800 1292 929 1318 natura
946 1310 956 1325 ‚
998 1285 1112 1330 qualis

120 1352 184 1384 ego
209 1351 299 1374 sum.

414 1413 739 1458 Argumentum
755 1410 815 1458 ²⁷).

220 1481 449 1516 Nuntiatoria
469 1487 519 1514 est
538 1480 699 1524 epistola.
758 1478 896 1512 Iudicat
920 1479 1013 1511 enim
1038 1478 1111 1523 pri-

119 1545 197 1571 m0‚
226 1544 333 1577 quam
349 1538 448 1576 grata
473 1532 580 1565 fuerit
602 1529 741 1564 senatui
765 1530 969 1563 coniunctio
986 1530 1111 1563 Planci

120 1595 201 1616 cum
225 1583 338 1616 Bruto
365 1583 509 1626 collega.
568 1581 706 1614 Deinde
730 1581 814 1626 quia
831 1581 983 1614 Plancus
1008 1592 1110 1624 roga-

119 1634 210 1667 verit
225 1633 431 1667 Ciceronem
444 1660 453 1673 ,
481 1639 520 1666 ut
536 1632 574 1665 in
589 1638 715 1665 senatu
732 1632 868 1677 aliquid
885 1632 927 1664 de
947 1644 985 1664 re
1009 1643 1110 1674 agra-

117 1685 172 1718 ria
199 1685 491 1723 constitueretur,
520 1682 694 1721 ostendit,
723 1682 849 1727 quibus
874 1694 914 1714 ex
937 1682 1049 1715 causis
1074 1681 1110 1713 id

115 1735 329 1780 impeditum
346 1735 400 1768 sit.
452 1734 507 1766 Ad
525 1735 630 1766 finem
651 1732 785 1765 adiecta
808 1739 859 1765 est
882 1733 998 1766 brevis
1025 1744 1110 1765 con-

118 1787 248 1826 clusio,
276 1798 346 1831 qua
368 1786 464 1818 fovet
482 1784 556 1818 eius
574 1785 616 1817 de
633 1781 698 1816 hac
714 1795 751 1816 re
770 1795 868 1827 spem
885 1784 928 1816 ab
947 1784 1107 1817 omnium

118 1837 378 1871 benevolentia.

359 1920 501 1954 Aliud
529 1925 856 1965 argumentum.

221 1989 464 2035 Responsoria
497 1995 548 2022 est
574 1989 620 2022 ad
640 1988 774 2020 litteras
797 1987 939 2026 Planci,
981 1986 1107 2032 quihus

118 2042 289 2088 petierat,
315 2047 355 2074 ut
370 2042 412 2074 de
431 2040 524 2084 agris
544 2038 750 2072 dividundis
773 2038 866 2071 inter
890 2037 1019 2070 milites
1045 2037 1107 2070 ali-

119 2093 206 2139 quid
225 2093 310 2126 certi
327 2092 364 2124 in
379 2097 503 2125 senatu
521 2091 813 2129 constitueretur,
847 2094 885 2122 ut
909 2087 975 2121 hoc
998 2089 1105 2121 modo

119 2145 190 2178 suis
205 2144 377 2177 militibus
396 2149 483 2176 esset
499 2142 728 2186 gratissimus.
781 2140 964 2184 Principio
988 2140 1107 2185 itaque

118 2201 303 2240 ponuntur
324 2195 414 2227 dnae
438 2193 664 2227 brevissimae
691 2191 925 2224 narrationes.
979 2191 1106 2224 Postea

119 2245 279 2291 sequitur
310 2244 514 2288 responsio,
566 2256 655 2290 quae
685 2242 791 2276 habet
816 2242 1107 2281 'excusationenn

122 2308 232 2342 quare
249 2294 338 2329 nihil
355 2296 583 2339 impetratum
607 2296 651 2329 sit
673 2307 693 2327 a
717 2300 842 2327 senatu
867 2295 909 2326 de
934 2293 1106 2326 divisione

122 2359 310 2392 agrorum,
338 2347 455 2379 addita
478 2346 750 2391 pollicitatione,
785 2346 882 2391 quod
907 2345 943 2377 in
969 2344 1030 2376 tali
1053 2357 1107 2377 re-

123 2399 263 2442 publica
277 2410 352 2431 non
368 2398 438 2431 sint
452 2398 613 2431 defutura
633 2396 791 2441 praemia
817 2409 931 2442 neque
956 2396 1107 2440 impera-

155 2532 204 2560 25)
224 2533 283 2556 Hoc
302 2530 491 2562 argumentum
509 2529 611 2553 habent
630 2528 712 2552 Editt.
730 2529 918 2553 1565-1596.

158 2574 205 2602 26)
224 2574 278 2597 Pro
297 2573 339 2595 his
353 2572 409 2596 cic.
429 2571 520 2594 verbis
540 2571 567 2593 in
580 2570 665 2593 Editt.
681 2571 766 2600 1545„
788 2571 861 2594 ¹560.
883 2570 941 2594 huic
961 2572 1040 2594 notae
1061 2569 1110 2592 ad-

191 2608 294 2638 scripta
311 2609 373 2630 sunt
393 2606 550 2636 sequentia:
577 2605 632 2628 Sed
648 2606 767 2635 propter
786 2606 966 2629 tarditatem.

159 2650 206 2681 27)
226 2651 283 2674 Hoc
301 2650 489 2680 argumentum
509 2649 536 2671 et
555 2647 606 2671 duo
626 2647 767 2676 sequentia
787 2649 820 2673 ab
833 2648 917 2673 Editt.
934 2648 1026 2678 1556„
1047 2646 1112 2670 1565

194 2698 227 2702 —
240 2685 314 2708 1596.
334 2684 503 2708 exhibentur.

284 93 405 130 xxm.
453 91 761 133 ARGUMENTA
775 91 843 128 ET
863 91 1067 128 scnomA
1086 93 1136 130 IN
1151 92 1301 131 Erisr.
1324 93 1436 133 FAM.
1462 95 1545 133 cm.
1573 97 1662 134 Lm.
1679 100 1720 135 x.
1749 100 1822 138 ΕΡ.
1840 106 2019 142 20—23.

2099 110 2171 145 358

1179 181 1250 215 tori
1265 194 1380 228 neque
1396 182 1580 218 militibus.
1632 183 1671 217 In
1690 186 1758 219 fine
1782 195 1833 222 cst
1857 189 1974 225 brevis
1999 192 2172 236 significa-

1177 232 1226 265 tio
1244 233 1410 266 desiderii
1426 234 1626 269 litterarum
1643 235 1787 279 Planci,
1815 252 1906 284 quae
1932 249 1982 277 est
2005 243 2169 278 invitatio

1176 285 1220 317 ad
1236 285 1475 320 scribendum.

1421 369 1555 405 Aliud
1584 380 1913 417 argumentum.

1276 437 1574 473 Narratiunculae
1592 442 1682 474 duae
1699 448 1792 476 sunt.
1845 442 1965 477 Altera
1986 446 2028 479 de
2045 459 2105 491 spe
2131 457 2164 483 et

1172 489 1416 533 expectatione
1435 490 1481 536 29’)
1507 492 1667 524 omnium
1692 492 1841 533 civium,
1885 495 1999 541 deque
2021 506 2163 534 senatus

1171 540 1366 574 voluntate.
1438 540 1558 574 Altera
1589 540 1695 575 habet
1725 545 2007 587 excusationem,
2051 562 2161 594 quare

1170 588 1260 623 nihil
1278 591 1432 624 effecerit
1448 591 1484 624 in
1503 604 1604 625 causa
1625 594 1775 637 agraria.
1828 594 1869 628 In
1894 598 1962 631 fine
1987 605 2037 633 est
2059 601 2162 643 polli-

1170 641 1289 674 citatio
1303 667 1312 681 ,
1340 654 1408 687 qua
1427 643 1540 676 defert
1556 656 1657 677 suum
1677 645 1844 680 officium.

1388 724 1523 758 Aliud
1550 735 1863 770 argumentum
1878 730 1936 776 ²⁹).

1270 791 1332 826 Est
1352 793 1470 827 brevis
1486 795 1668 834 narratio,
1703 808 1764 828 cur
1790 798 1832 829 de
1858 810 1943 841 agro
1970 799 2007 832 in
2031 801 2159 836 milites

1167 842 1292 876 Planci
1319 844 1513 877 dividendo
1541 843 1631 877 nihil
1656 847 1813 889 potuerit
1837 849 1981 889 confici,
2018 858 2051 883 et
2075 865 2158 896 pro-

1167 894 1276 926 mittit
1300 894 1350 935 ei,
1393 897 1501 928 modo
1534 908 1666 929 navare
1692 904 1816 941 pergat
1837 899 2050 942 reipublicae
2076 915 2158 947 ope-

1166 956 1264 985 ram,
1292 958 1366 978 non
1384 947 1545 979 defutura
1568 948 1740 991 praemia.

1414 1030 1549 1064 Aliud
1585 1040 1913 1076 argumentum.

1269 1099 1400 1132 Breves
1434 1099 1683 1140 narrationes,
1729 1100 1885 1144 primum
1920 1103 1962 1135 de
1998 1112 2157 1148 expecta-

1167 1149 1263 1182 tione
1286 1162 1404 1183 rerum
1419 1150 1543 1182 Planci
1569 1157 1602 1183 et
1624 1150 1746 1191 Bruti,
1782 1153 1910 1185 deinde
1935 1155 1977 1186 (le
2001 1158 2156 1198 postula-

1166 1201 1209 1234 tis
1234 1201 1368 1234 Planci.
1435 1201 1617 1234 Petiverat
1648 1208 1784 1242 autem,
1827 1210 1865 1236 ut
1889 1204 1959 1238 suis
1983 1206 2155 1242 militibus

1167 1252 1242 1294 agri
1260 1251 1555 1295 promitterentur
1573 1264 1590 1284 a
1607 1259 1749 1292 senatu,
1778 1265 1890 1298 eoque
1911 1256 2085 1298 promisso
2110 1260 2154 1291 ad

1165 1302 1415 1346 praestandam
1441 1304 1544 1334 fidem
1563 1303 1775 1346 reipublicae
1796 1304 2043 1341 invitarentur.
2098 1308 2154 1341 Ci-

1166 1365 1246 1385 cero
1270 1352 1449 1393 rescribit,
1478 1353 1563 1398 quid
1588 1365 1626 1385 ea
1651 1354 1693 1386 de
1715 1366 1752 1386 re
1779 1361 1894 1388 actum
1920 1363 1953 1389 et
1974 1358 2154 1393 decretum

1165 1404 1210 1441 sit
1225 1416 1243 1436 a
1263 1409 1398 1437 senatu.

1326 1504 1510 1540 Scholia
1540 1505 1583 1537 in
1617 1505 1856 1549 epistolam
1886 1508 2007 1543 XXIII.

1267 1581 1297 1627 ᾗ.
1322 1584 1354 1616 1.
1396 1585 1577 1627 Nunquam
1604 1582 1787 1615 mehercule
1802 1580 1877 1628 ³⁰)]
1910 1582 2105 1618 Exordium
2133 1599 2151 1619 a

1163 1633 1427 1679 praedicatione
1451 1631 1666 1676 diligentiae.
1747 1633 2011 1681 Confiterer31)]
2039 1635 2151 1670 Excu—

1163 1685 1252 1720 satio
1269 1683 1490 1718 temeritatis.

1266 1734 1296 1780 ἓ.
1321 1736 1354 1768 6.
1401 1737 1451 1768 Tu
1485 1736 1532 1768 mi
1566 1731 1699 1780 Cicero]
1730 1730 1957 1768 Adhortatio.
2050 1738 2150 1778 Quic-

1161 1787 1292 1834 quidffl)
1308 1783 1507 1832 aliquando]
1534 1784 1587 1818 Ex
1602 1784 1749 1829 periculi
1766 1784 2021 1828 magnitudine.

1456 1869 1781 1913 Argumentum
1800 1868 1858 1913 ³³).

1261 1938 1373 1971 Mixta
1417 1943 1467 1970 est
1509 1936 1655 1979 epistola
1698 1947 1738 1968 ex
1772 1934 1879 1968 variis
1922 1937 2150 1978 argumentis.

1160 1989 1343 2033 Principio
1369 1987 1462 2020 enim
1488 1985 1595 2019 habet
1618 1985 1868 2030 purgationem
1890 1997 1972 2018 suae
2001 1992 2149 2019 temera-

1160 2042 1234 2074 riae
1251 2038 1486 2076 credulitatis,
1513 2037 1606 2082 quod
1627 2049 1645 2068 a
1664 2035 1800 2079 Lepido
1818 2037 1983 2079 deceptus
1998 2037 2053 2070 sit.
2093 2036 2148 2069 In-

1161 2092 1246 2136 cipit
1265 2104 1284 2124 a
1302 2088 1563 2134 propositione:
1599 2087 1681 2121 Non
1702 2099 1779 2120 sum
1797 2087 2024 2127 temerarius,
2052 2089 2148 2133 quod

1194 2226 1241 2253 28)
1262 2224 1294 2247 de
1312 2228 1360 2252 spe
1379 2222 1406 2244 et
1425 2218 1628 2249 expectatione]
1649 2216 1689 2241 sic
1707 2217 1755 2240 Ed.
1777 2216 1870 2245 1556.;
1901 2216 1950 2239 Ed.
1972 2215 2045 2239 1565.
2066 2216 2099 2240 de
2119 2218 2145 2240 et

1229 2256 1432 2288 expectatione3
1452 2254 1535 2277 Editt.
1552 2252 1643 2283 1571„
1664 2252 1738 2276 1596.
1758 2251 1790 2274 de
1809 2250 2007 2279 expectatione.

1193 2302 1240 2330 29)
1261 2301 1317 2331 Hoc
1335 2297 1524 2329 argumentum
1544 2296 1570 2319 et
1592 2300 1710 2324 sequens
1729 2293 1756 2316 in
1770 2292 1853 2316 Editt.
1869 2291 2057 2315 1565—1596.
2078 2292 2146 2315 affe-

1194 2336 1432 2406 wgllffielli-ercule]
1452 2373 1491 2396 sic
1511 2372 1573 2395 iliae
1592 2370 1674 2394 Editt.
1696 2371 1722 2393 et
1741 2370 1794 2396 ahz
1822 2368 1871 2392 Ed.
1893 2368 1978 2392 orell.
1997 2368 2145 2392 mehercu-

1228 2414 1277 2437 les.
1298 2424 1329 2428 -—
1378 2409 1407 2432 ln
1426 2407 1509 2431 Editt.
1531 2406 1623 2433 1545..
1651 2405 1723 2427 1560.
1750 2409 1798 2433 pro
1823 2403 1864 2425 his
1885 2402 1940 2426 Cic.
1965 2402 2057 2426 verbis
2082 2403 2106 2428 h.
2126 2402 2143 2426 1.

1230 2444 1373 2476 sequentia
1391 2441 1530 2470 adscripta
1551 2441 1630 2462 sunt:
1660 2436 1820 2468 s'otzfiterer
1838 2436 2042 2467 imprudentia.

1195 2491 1242 2517 31)
1262 2489 1292 2512 111
1310 2487 1407 2511 iisdem
1425 2486 1441 2509 2
1460 2484 1542 2508 Editt.
1561 2482 1622 2505 huic
1646 2483 1728 2505 notae
1752 2480 1875 2510 praefixa
1899 2480 1964 2502 sunt
1989 2478 2145 2509 sequentia:

1231 2523 1398 2548 Credulitas
1415 2520 1507 2549 enim,
1539 2517 1635 2547 quibus
1661 2516 1687 2539 in
1706 2515 1755 2538 Ed.
1777 2514 1851 2538 1537.
1872 2514 1899 2537 in
1918 2514 2041 2544 margine
2059 2519 2145 2543 appo-

1230 2559 1251 2580 s'
1302 2558 1353 2579 est.

1196 2560 1418 2630 32)¹tguicqnid]
1437 2596 1477 2619 sic
1495 2594 1557 2617 illae
1576 2592 1678 2622 Editt.;
1702 2592 1748 2615 Ed.
1770 2591 1856 2615 Orell.
1876 2589 2030 2621 Quidquid.

1196 2642 1245 2669 33)
1263 2641 1321 2664 Hoc
1339 2638 1528 2668 argumentum
1547 2636 1574 2658 et
1594 2635 1644 2658 duo
1665 2632 1807 2664 sequentia
1824 2632 1851 2656 in
1866 2632 1949 2658 Editt.
1967 2631 2057 2662 1556.‚
2082 2630 2147 2654 1565

1232 2674 1347 2699 -1596,
1367 2671 1549 2696 Inveniuntur,

1450 2702 1535 2740 23*
