2351 2990
182 124 255 159 707
764 118 885 152 Pffll..
919 116 1032 151 MEL.
1067 115 1267 150 SCRIPTA
1303 114 1639 151 PHILOLOGICA.
2146 116 2220 152 708

568 257 604 292 2.
648 251 1084 289 DEMOSTHENIS
1119 249 1518 290 OLYNTHIACA
1555 253 1835 290 SECUNDA

738 319 961 348 pumero
985 318 1322 347 MELANTHONE
1344 319 1669 350 1NTERPRETE.

313 400 402 427 Huius
425 408 540 437 quoquc
564 398 698 426 orationis
722 398 810 425 latina
834 396 1031 424 Melanthonis
1054 396 1276 433 interpretatio,
1308 403 1337 424 ut
1361 406 1398 424 ex
1421 398 1639 431 l'rolessonienis
1669 405 1807 436 apparet,
1842 397 2065 434 quatuordecies
2097 397 2220 434 prodiit:

185 441 219 480 1)
241 452 305 469 cum
331 442 512 477 Olynthiacis
544 441 563 467 Ι.
597 440 644 467 ΙΙΙ.
674 446 703 467 et
727 440 889 477 Philippica
920 439 942 467 l.
972 439 1122 465 coniuncta
1146 436 1306 466 Bas-ileae
1335 440 1396 466 sine
1426 429 1579 476 annovss„
1609 440 1645 478 2)
1669 451 1733 468 cum
1756 440 1939 470 Olvnthiacis
1970 440 1992 468 I.
2024 440 2073 468 lll.
2097 437 2220 477 Haga-

184 494 268 512 noae
291 485 353 512 sine
377 494 452 511 anno
475 482 522 517 S„
543 481 577 520 3)
602 482 770 519 Philippicis
795 488 917 518 quatuor
940 482 975 508 ab
1000 480 1216 517 Hegendorsino
1239 481 1267 508 in
1292 481 1342 508 lat.
1367 490 1530 510 sermonem
1554 484 1700 511 translatis
1721 472 1838 511 annexa
1852 480 2043 518 Haganoae
2067 480 2157 511 1535.
2178 481 2221 519 8.,

185 526 219 564 4)
245 529 321 554 inter
351 536 453 553 norem
486 524 690 553 Demosthenis
720 525 866 552 orationes
896 532 949 561 per
978 523 1157 550 doctissimos
1186 523 1260 550 viros
1291 523 1394 551 latinas
1423 524 1515 552 factas
1545 523 1773 564 Francofurti
1801 523 1891 553 1547.
1918 518 1971 561 ⁷8„
2007 522 2158 561 5)-12)
2190 525 2219 552 in

185 571 275 597 Turno
301 569 335 595 ll.
365 568 579 595 l'raet‘ationuin
612 574 640 595 et
670 567 841 595 orationum
872 565 1068 593 Melantlionis
1097 574 1114 592 a
1137 565 1278 592 Gerbelio
1308 566 1418 602 septies
1440 566 1669 603 Airgentorati
1691 567 1803 602 1544„
1835 566 1943 603 1546„
1974 566 2085 604 1555.,
2117 565 2222 604 1558„

187 611 296 646 1559„
323 609 435 643 1564„
467 608 557 638 1569.
581 615 610 637 et
640 610 732 637 semel
756 607 930 637 Servestae
962 606 1054 636 1587.
1087 606 1118 636 8.
1148 607 1308 643 editarum,
1339 606 1393 645 13)
1416 610 1444 636 in
1467 610 1559 637 Tomo
1582 610 1603 638 l.
1632 610 1881 638 Declainationuin
1904 610 2101 638 Melanthonis
2128 618 2146 637 a
2166 609 2222 637 Ri-

185 654 302 682 chardio
324 652 555 689 Argentorali
585 650 676 681 1570.
712 650 741 680 S.
766 651 925 686 editarum,
957 649 1012 687 14)
1038 650 1116 677 inter
1138 650 1284 677 orationes
1314 659 1352 678 ex
1376 651 1493 679 historia
1515 652 1697 689 Thucydidis
1719 658 1749 680 et
1777 652 1949 689 insigniores
1978 652 2087 689 aliquot
2109 652 2221 679 Demo-

185 696 294 724 sthenis
317 702 346 723 ct
370 696 491 722 aliorum
515 695 670 722 Oratoruui
693 694 873 721 (iraecorum
896 702 912 719 a
936 692 1125 720 Melanthone
1146 692 1174 719 in
1199 692 1249 720 lat.
1272 701 1438 721 sermonem
1461 703 1630 731 conversas,
1652 704 1669 722 a
1693 695 1822 722 Peucero
1850 690 2055 732 Wtebergae
2079 693 2172 723 1562.
2188 693 2219 724 8.

183 738 286 766 editas.

313 779 359 807 Ex
384 779 428 807 his
449 779 620 807 editionibus
644 778 730 806 hasce
754 786 857 805 novem
881 777 908 804 in
934 777 1067 804 inanibus
1090 775 1243 804 habemus:
1269 775 1302 815 1)
1327 775 1389 806 Ed.
1412 776 1522 806 Basil.
1546 780 1610 806 sine
1633 789 1727 815 anno,
1749 778 1785 816 2)
1808 776 1871 807 Ed.
1894 775 2035 815 Hagen.
2057 778 2120 806 sine
2133 787 2222 815 anno,

183 820 223 859 3)
249 820 310 850 Ed.
334 820 475 859 Hagen.
501 819 611 857 1535„
639 820 675 858 4)
700 818 762 848 Ed.
793 817 961 858 Francos.
987 817 1095 854 1547„
1123 817 1160 856 5)
1183 816 1246 848 Ed.
1270 817 1413 858 Argent.
1439 820 1551 858 1559„
1578 820 1614 860 6)
1639 820 1704 850 Ed.
1734 818 1844 850 n'e'teb.
1870 819 1979 855 1562,
2008 819 2044 858 7)
2068 818 2130 848 Ed.
2154 818 2221 848 Ar·

185 870 275 902 gent.
301 863 410 900 1564„
439 864 475 899 S)
500 862 560 891 Ed.
583 861 729 899 Argent.
756 861 865 898 1570„
892 861 928 899 9)
953 859 1015 890 Ed.
1035 859 1181 889 Servest.
1214 860 1325 898 1587„
1355 872 1476 900 quarum
1500 865 1570 892 duas
1600 865 1712 901 priores
1736 864 1897 892 nominibus
1920 860 2045 896 Basa„
2075 859 2220 898 Hagen.

185 918 209 935 s.
232 917 277 944 a.‚
299 913 413 936 ceteras
436 907 502 935 solis
531 915 672 934 annorum
700 906 829 932 numeris
859 904 1090 941 significabimus.
1115 918 1155 923 —-
1200 903 1263 931 Hae
1293 905 1436 934 editiones
1466 907 1542 934 inter
1571 916 1603 934 se
1632 908 1711 934 varie
1740 906 1894 934 differunt:
1923 904 1956 940 a)
1980 905 2012 933 ln
2034 905 2089 933 Ed.
2112 902 2222 933 Basil.

185 950 420 987 interpretationi
443 950 579 977 orationis
602 949 760 985 praemissa
783 953 827 974 est
850 945 892 974 In
915 945 1095 974 secundam
1119 943 1356 983 Olynthiacam
1379 945 1612 977 Demosthenis
1635 946 1820 987 Dispositio
1842 957 1903 986 per·
1928 945 2126 986 Philippum
2148 944 2221 976 Me-

186 989 436 1029 lanchthonen⁸3
460 993 487 1019 in
512 991 602 1019 Editt.
625 988 768 1027 Hagen.
792 999 817 1017 s.
842 998 873 1017 α.
896 995 926 1016 et
952 988 1044 1017 1562.
1075 986 1320 1025 Argumentum
1350 992 1514 1019 orationis
1539 989 1761 1030 Olynthiacae
1787 989 1951 1020 secundae
1979 991 2014 1018 ab
2043 990 2093 1017 illa
2114 990 2223 1028 Dispo-

186 1036 291 1063 sitione
319 1035 484 1067 diversnm;
521 1035 549 1060 in
579 1033 634 1061 Ed.
668 1031 759 1061 1547.
790 1029 929 1059 Libam'i
956 1035 1192 1068 argumentum
1222 1031 1258 1058 in
1287 1032 1468 1061 secundam
1499 1031 1733 1071 Olynthius-am
1763 1033 1806 1073 [in
1836 1034 1886 1062 lat.
1917 1034 1989 1070 ling.
2018 1031 2222 1069 translatum];

185 1078 277 1105 Editt.
304 1075 414 1110 1535„
440 1075 548 1111 1559.‚
573 1074 682 1111 1564„
713 1073 824 1110 15⁷⁰„
856 1072 948 1103 158⁷.
979 1074 1167 1111 dispositione
1196 1083 1218 1101 s.
1249 1081 1421 1112 argumento
1451 1083 1563 1105 carent.
1613 1075 1645 1115 b)
1667 1076 1813 1104 Orationis
1842 1075 2063 1113 interpretatio,
2092 1074 2221 1112 quaein

186 1119 261 1147 Edd.
283 1117 414 1153 Βαάλ,
441 1117 549 1153 1535.,
574 1116 801 1146 1559-1587
823 1116 995 1151 exhibetur,
1017 1117 1053 1144 ab
1075 1115 1131 1144 Ed.
1153 1113 1293 1153 Hagan.
1319 1126 1345 1145 s.
1365 1126 1415 1152 a.‚
1446 1122 1475 1146 et
1504 1125 1629 1156 utraque
1657 1119 1692 1146 ab
1714 1119 1769 1146 Ed.
1794 1116 1886 1146 154⁷.
1908 1123 1949 1144 tot
1972 1118 2042 1145 locis
2065 1117 2223 1154 discrepat,

185 1168 217 1190 ut
239 1162 333 1199 aptius
356 1162 504 1198 videatur,
527 1170 590 1188 eain
614 1161 755 1197 integram
779 1159 834 1186 hac
855 1159 962 1196 triplici
985 1158 1078 1186 forma
1101 1159 1240 1196 deinceps
1262 1159 1341 1195 dari,
1371 1169 1457 1197 quam
1482 1161 1530 1188 uni
1553 1161 1665 1188 formae
1688 1167 1850 1189 ceterarum
1874 1160 2030 1187 varietates
2059 1159 2134 1187 notis
2163 1158 2221 1186 cri-

186 1205 249 1232 ticis
271 1204 387 1241 apponi.
431 1203 604 1232 Melanthon
626 1203 715 1239 igitur
737 1211 801 1230 eam
824 1202 933 1228 iterum
955 1202 1134 1238 tertiumque
1156 1201 1369 1238 interpretatus
1391 1212 1457 1230 esse
1480 1203 1606 1231 videtur.
1652 1201 1682 1239 c)
1706 1203 1807 1231 Tertio
1831 1203 1918 1230 etiam
1947 1202 2004 1229 hae
2026 1201 2116 1230 Editt.
2143 1201 2223 1229 inter

187 1255 217 1274 se
240 1255 274 1274 eo
297 1246 454 1282 differunt,
483 1246 559 1283 qnod
583 1245 674 1272 Editt.
699 1242 830 1277 Basa„
859 1240 1001 1280 Hagan.
1031 1253 1055 1272 s.
1085 1252 1127 1279 a.‚
1158 1241 1267 1279 1535„
1298 1243 1391 1273 1547.
1422 1246 1522 1282 plures
1552 1240 1754 1273 annotationes
1783 1245 1975 1283 marginales,
2004 1243 2095 1272 Editt.
2118 1241 2223 1280 15595

189 1288 303 1325 1564„
328 1287 439 1323 1570„
465 1287 556 1317 1587.
580 1296 703 1325 paucas,
723 1287 779 1316 Ed.
807 1284 899 1314 1562.
924 1295 992 1314 vero
1015 1286 1111 1313 nullas
1133 1285 1252 1313 habent.

509 1378 770 1424 Dispositio
799 1378 858 1423 ¹¹).
1204 1379 1209 1438 ’ἰ
1235 1378 1352 1422 gentia
1371 1380 1551 1425 conquirit
1569 1380 1665 1413 velut
1689 1392 1730 1413 ex
1754 1379 1869 1412 media
1894 1375 2121 1423 philosophia
2143 1389 2222 1421 gra-

292 1450 419 1485 Oratio
443 1446 657 1493 Olynthiaca
684 1447 838 1481 secunda
863 1452 914 1479 est
942 1445 1080 1489 generis
1102 1457 1182 1478 sua-
1234 1442 1396 1464 wssmffls
1424 1438 1458 1464 “t
1484 1443 1585 1464 veras
1611 1443 1744 1465 eflusa&
1796 1429 1888 1464 Nam
1913 1441 1952 1461 ¹¹¹
1976 1441 2094 1473 Pr¹m⁰
2119 1440 2224 1472 argu-

190 1503 288 1537 sorii.
350 1502 467 1534 Status
500 1506 550 1532 est
584 1511 623 1531 ac
656 1497 856 1542 propositio
882 1496 1108 1541 principalis,
1144 1502 1183 1529 ut

192 1553 426 1589 Athenienses
451 1551 644 1583 defendant
667 1547 860 1594 Olynthios
890 1554 1013 1580 contra
1043 1545 1182 1591 Philip-

192 1618 289 1650 pum.
344 1604 411 1637 Sed
431 1602 513 1647 quia
538 1600 726 1646 praecipue
753 1599 918 1633 obstabat
943 1604 1079 1637 metus,
1108 1610 1179 1642 quo

191 1657 310 1690 minus
334 1655 369 1687 id
393 1655 565 1686 facerent:
602 1652 711 1684 altera
736 1649 934 1695 propositio
961 1648 1180 1692 adiungitur,

192 1706 399 1751 Philippum
417 1716 491 1737 non
516 1716 588 1737 esse
610 1702 890 1735 formidandum.
944 1700 989 1733 Et
1014 1700 1049 1733 in
1075 1698 1181 1733 huius

194 1757 449 1804 propositionis
480 1754 692 1788 tractatione
722 1754 794 1786 fere
819 1759 891 1785 tota
918 1751 1033 1784 oratio
1055 1763 1181 1784 consu-

195 1810 314 1843 mitur.
375 1807 616 1840 Confirmatur
653 1805 766 1837 tribus
803 1802 1032 1847 argumentis.
1102 1801 1180 1834 Pri-

195 1874 292 1895 mum
325 1865 395 1898 est,
431 1857 512 1903 quia
544 1856 702 1901 potentia
731 1853 891 1898 Philippi
924 1854 1049 1887 fraude
1078 1859 1180 1897 parta

194 1925 267 1946 non
283 1911 327 1946 sit
343 1909 525 1943 durabilis.
560 1907 761 1941 Secundum
773 1932 782 1942 ,
803 1917 821 1938 a
839 1905 1083 1938 voluntatibus
1101 1905 1181 1937 sub-

195 1965 351 1998 ditorum
370 1966 549 2004 sumptum
569 1966 629 1992 est.
683 1957 750 2002 Ipsi
774 1956 844 1989 iam
863 1956 1076 1989 Macedones
1099 1955 1182 1989 assi-

194 2016 273 2049 duis
288 2012 389 2046 hellis
413 2009 594 2049 exhausti,
621 2009 795 2053 gravatim
823 2007 947 2040 iuvant
960 2005 1182 2051 Philippum.

194 2066 357 2101 Tertium
389 2068 638 2107 argumentum
668 2066 850 2103 sumptum
883 2065 934 2092 est
958 2071 977 2091 a
1004 2058 1181 2091 moribus:

194 2119 314 2152 Mores
330 2116 487 2148 alienant
505 2113 548 2145 ab
566 2125 607 2145 eo
626 2112 825 2145 voluntates
847 2109 1105 2154 praestantium
1133 2108 1183 2140 vi-

195 2181 332 2203 rorum.
385 2165 431 2198 Et
453 2175 673 2210 quamquam
702 2160 788 2195 haec
814 2161 895 2194 odia
921 2161 1084 2205 prosperi
1107 2173 1183 2193 suc-

197 2233 311 2254 cessus
334 2223 475 2261 tegunt‚
508 2222 628 2247 tamen
647 2218 853 2257 erumpent,
889 2211 916 2245 si
940 2211 1025 2257 quid
1051 2211 1183 2244 incide-

198 2272 243 2305 rit
264 2268 422 2315 periculi.
476 2267 613 2299 Deinde
638 2264 797 2310 sequitur
823 2263 1020 2295 confutatio
1042 2264 1084 2295 de
1110 2263 1183 2295 sor-

199 2331 303 2361 tuna,
339 2320 420 2352 item
452 2317 665 2361 vituperatio
694 2315 855 2360 ignaviae
879 2314 1022 2347 cix-iuni.
1088 2313 1183 2345 Haec

197 2380 247 2406 est
263 2383 399 2405 summa
422 2368 612 2407 orationis,
640 2368 677 2400 in
694 2378 761 2412 qua
781 2377 853 2397 non
870 2365 984 2398 solum
1010 2364 1184 2398 sermonis

199 2423 399 2469 proprietas
430 2427 462 2453 et
495 2426 659 2452 venustas
689 2417 946 2451 consideranda
984 2422 1051 2453 est;
1096 2415 1184 2449 illud

198 2475 304 2508 etiarn
323 2471 558 2505 admiratione
576 2470 722 2513 dignum
741 2474 811 2508 est,
841 2467 937 2512 quod
961 2466 997 2499 in
1021 2468 1183 2499 oratione

199 2523 385 2571 populari,
423 2534 513 2566 quae
538 2522 580 2553 ad
608 2521 732 2563 vulgus
758 2517 975 2558 habebatur,
1010 2530 1084 2550 non
1107 2523 1184 2550 tan-

200 2585 273 2610 tum
290 2572 434 2620 plebeiis
450 2572 666 2615 argumentis
689 2571 818 2609 utitur,
845 2570 905 2603 sed
932 2569 1080 2602 mirifica
1106 2569 1183 2601 dili-

236 2676 281 2702 ιι)
302 2673 377 2697 naec
396 2689 414 2704 ‚‚
424 2673 453 2696 ln
473 2672 618 2696 secundam
639 2671 830 2701 Olynthiacam
849 2669 1040 2694 Demosthenis
1054 2686 1061 2697 ,
1081 2668 1183 2698 Dispo-

268 2708 332 2731 sitio
357 2714 405 2737 per
425 2707 574 2738 Philippum
597 2702 856 2730 Melancnthonem¹’
883 2705 909 2727 iu
934 2704 994 2728 sola
1019 2704 1070 2729 Ed.
1098 2703 1182 2727 Basil-

267 2742 414 2767 invenitur.

1235 1487 1357 1514 mento
1393 1482 1552 1525 egregius
1574 1482 1672 1515 locus
1698 1487 1767 1519 est,
1804 1481 1898 1526 quod
1925 1480 2074 1524 imperia
2097 1480 2223 1513 fraude

1235 1538 1338 1576 parta
1366 1544 1439 1565 non
1464 1533 1534 1566 sint
1554 1533 1743 1566 durabilia.
1807 1531 1946 1564 Deinde
1975 1530 2138 1564 subtilius
2160 1536 2224 1571 est,

1235 1584 1335 1628 quod
1368 1583 1404 1616 in
1438 1584 1544 1618 tertio
1569 1589 1781 1628 argumento
1809 1583 2048 1616 coniecturam
2072 1581 2157 1615 facit
2181 1593 2222 1615 ex

1234 1634 1394 1668 moribus
1409 1633 1588 1680 Philippi,
1623 1633 1820 1679 potentiam
1847 1634 1921 1668 eius
1948 1645 2023 1666 non
2045 1634 2122 1666 fore
2143 1632 2221 1667 diu-

1235 1691 1392 1719 turnam.
1444 1687 1495 1719 Ac
1513 1687 1772 1731 sapientissime
1787 1685 1961 1728 significat
1984 1696 2102 1718 mores
2123 1684 2222 1728 prin-

1235 1736 1351 1780 cipum
1368 1748 1534 1781 magnam
1555 1738 1627 1770 vim
1646 1735 1777 1770 habere
1794 1737 1838 1768 ad
1856 1735 2096 1769 conciliandas
2112 1741 2146 1768 et
2166 1747 2222 1768 re-

1235 1788 1399 1821 tinendas
1422 1789 1623 1823 voluntates
1645 1787 1901 1825 multitudinis;
1939 1793 2121 1831 praeterea
2148 1786 2221 1818 for-

1235 1845 1358 1872 tunam
1394 1852 1498 1884 saepe
1533 1841 1747 1885 respondere
1782 1839 1954 1872 moribus.
2019 1837 2220 1877 Postremo,

1235 1890 1511 1934 prudentissima
1545 1891 1713 1935 cogitatio
1747 1895 1798 1924 est
1829 1890 1872 1922 de
1906 1890 2062 1922 fortuna.
2127 1887 2219 1922 Nam

1236 1942 1339 1974 multi
1355 1947 1502 1985 putant,
1536 1943 1572 1975 in
1590 1943 1694 1975 rebus
1714 1940 1876 1985 gerendis
1901 1939 2087 1972 consilium
2112 1945 2147 1971 et
2169 1939 2220 1971 vi-

1235 2005 1290 2026 res
1315 1993 1485 2027 sufficere.
1539 1993 1605 2026 Hic
1624 1990 1882 2026 Demosthenes
1905 1991 2084 2035 sapienter
2110 1989 2220 2030 videt,

1235 2045 1416 2077 fortunam
1455 2056 1527 2078 esse
1564 2046 1699 2078 donum
1728 2043 1812 2082 Dei,
1856 2042 1931 2076 sine
1966 2053 2037 2087 quo
2074 2041 2221 2074 consilia

1237 2095 1399 2141 quamvis
1428 2096 1609 2139 praeclare
1632 2095 1783 2138 cogitata
1810 2100 1929 2126 tamen
1954 2099 2036 2126 sunt
2055 2092 2220 2126 infelicia.

1237 2147 1358 2191 Quare
1376 2159 1449 2179 non
1465 2147 1549 2181 satis
1567 2153 1618 2180 est
1635 2146 1770 2178 viribus
1787 2151 1820 2177 et
1836 2144 1984 2177 consilio
2001 2143 2138 2181 valere;
2159 2143 2220 2176 sed

1237 2197 1419 2231 sciendum
1446 2204 1515 2237 est,
1555 2204 1696 2241 praeter
1719 2195 1806 2229 haec
1831 2195 1936 2228 etiam
1961 2196 2103 2228 fortuna
2131 2206 2220 2238 opus

1239 2261 1332 2289 esse,
1367 2247 1434 2281 hoc
1461 2255 1529 2288 est,
1554 2248 1631 2281 Deo
1650 2248 1880 2291 gubernante.
1940 2246 1987 2279 Et
2012 2252 2132 2278 tamen
2148 2246 2221 2278 sor-

1238 2306 1324 2333 tuna
1343 2300 1490 2333 consilio
1515 2300 1714 2333 adiuvanda
1742 2305 1802 2332 est.
1857 2298 1962 2331 Tales
1988 2302 2108 2329 extant
2130 2296 2221 2329 mul-

1238 2358 1294 2384 tae
1316 2351 1515 2395 sapientum
1543 2351 1750 2384 sententiae.
1802 2349 1906 2394 Apud
1934 2348 2156 2381 Herodotum
2175 2346 2221 2391 η)

1238 2402 1287 2435 ait
1304 2402 1450 2436 Xerxes:
1490 2400 1595 2435 Ἀλλὰ
1622 2399 1710 2440 θεός
1732 2413 1768 2435 τε
1792 2403 1904 2435 τοῦτο
1928 2399 2029 2447 ἄγει,
2064 2396 2128 2432 καὶ
2153 2395 2221 2431 αὑ-

1238 2454 1331 2488 τοῖσι
1348 2451 1438 2498 ἡμῖν
1455 2450 1570 2486 πολλὰ
1589 2451 1765 2499 ἐφέπουσι
1781 2451 1824 2494 ¹³)
1849 2449 2074 2497 συμφέρεται
2099 2445 2156 2482 ἐπὶ
2178 2460 2220 2481 το

1240 2503 1404 2549 ἄμεινον.
1458 2503 1552 2536 Haec
1568 2516 1608 2535 co
1632 2502 1811 2543 recensui,
1840 2508 1879 2535 ut
1905 2501 2144 2534 adolescentes
2169 2498 2219 2530 vi-

1276 2647 1321 2675 12)
1342 2647 1470 2670 neroum,
1496 2646 1557 2674 vu,
1577 2648 1609 2674 s,
1633 2647 1651 2668 ι.

1278 2699 1324 2727 1³)
1344 2694 1453 2722 αὑτοῖσι
1478 2694 1544 2727 ἡμῖν
1570 2694 1656 2720 πολλὰ
1683 2694 1832 2726 ἐφέπουσι]
1857 2693 1895 2715 sic
1920 2692 1970 2714 Ed.
1995 2690 2094 2714 nasib:
2121 2689 2221 2716 Herod.

1314 2734 1355 2757 ed.
1377 2732 1521 2756 Senaefer:
1541 2729 1648 2754 σιίοΐσι
1668 2729 1734 2759 ἡμῖν
1753 2724 1840 2752 πολλά
1859 2725 2000 2751 ἐπέπουσι.
