<?xml version="1.0" encoding="UTF-8"?>
<!DOCTYPE html PUBLIC "-//W3C//DTD XHTML 1.0 Transitional//EN"
    "http://www.w3.org/TR/xhtml1/DTD/xhtml1-transitional.dtd">
<html xmlns="http://www.w3.org/1999/xhtml" xml:lang="en" lang="en">
 <head>
  <title>
</title>
<meta http-equiv="Content-Type" content="text/html;charset=utf-8" />
  <meta name='ocr-system' content='tesseract 3.04.00' />
  <meta name='ocr-capabilities' content='ocr_page ocr_carea ocr_par ocr_line ocrx_word'/>
</head>
<body>
  <div class='ocr_page' id='page_1' title='image "./operaquaesupersu17melauoft/operaquaesupersu17melauoft_0536.png"; bbox 0 0 2351 2990; ppageno 0'>
   <div class='ocr_carea' id='block_1_1' title="bbox 166 127 267 163">
    <p class='ocr_par' dir='ltr' id='par_1_1' title="bbox 166 127 267 163">
     <span class='ocr_line' id='line_1_1' title="bbox 166 127 267 163; baseline -0.01 0"><span class='ocrx_word' id='word_1_1' title='bbox 166 127 267 163; x_wconf 79' lang='lat'>1047</span> 
     </span>
    </p>
   </div>
   <div class='ocr_carea' id='block_1_2' title="bbox 164 212 1162 2771">
    <p class='ocr_par' dir='ltr' id='par_1_2' title="bbox 169 212 1162 1077">
     <span class='ocr_line' id='line_1_2' title="bbox 169 212 1159 258; baseline -0.001 -11"><span class='ocrx_word' id='word_1_2' title='bbox 169 220 227 247; x_wconf 86' lang='lat' dir='ltr'>tur</span> <span class='ocrx_word' id='word_1_3' title='bbox 252 212 361 246; x_wconf 68' lang='lat' dir='ltr'>cuivis</span> <span class='ocrx_word' id='word_1_4' title='bbox 381 214 425 246; x_wconf 89' lang='lat' dir='ltr'>ad</span> <span class='ocrx_word' id='word_1_5' title='bbox 449 213 704 258; x_wconf 81' lang='lat' dir='ltr'>rempublicam</span> <span class='ocrx_word' id='word_1_6' title='bbox 732 215 897 247; x_wconf 75' lang='lat' dir='ltr'>accedere</span> <span class='ocrx_word' id='word_1_7' title='bbox 913 241 922 253; x_wconf 86' lang='lat'>,</span> <span class='ocrx_word' id='word_1_8' title='bbox 951 220 984 246; x_wconf 91' lang='lat' dir='ltr'>et</span> <span class='ocrx_word' id='word_1_9' title='bbox 1006 214 1159 248; x_wconf 83' lang='lat' dir='ltr'>sentien-</span> 
     </span>
     <span class='ocr_line' id='line_1_3' title="bbox 171 264 1160 310; baseline 0.002 -14"><span class='ocrx_word' id='word_1_10' title='bbox 171 265 237 298; x_wconf 83' lang='lat' dir='ltr'>tias</span> <span class='ocrx_word' id='word_1_11' title='bbox 260 264 394 305; x_wconf 83' lang='lat' dir='ltr'><strong>dicere,</strong></span> <span class='ocrx_word' id='word_1_12' title='bbox 430 271 464 298; x_wconf 90' lang='lat' dir='ltr'>et</span> <span class='ocrx_word' id='word_1_13' title='bbox 491 265 629 309; x_wconf 72' lang='lat' dir='ltr'>privata</span> <span class='ocrx_word' id='word_1_14' title='bbox 653 265 779 310; x_wconf 82' lang='lat' dir='ltr'>cuique</span> <span class='ocrx_word' id='word_1_15' title='bbox 803 265 874 298; x_wconf 76' lang='lat' dir='ltr'>vita</span> <span class='ocrx_word' id='word_1_16' title='bbox 912 265 1081 299; x_wconf 78' lang='lat' dir='ltr'>adversus</span> <span class='ocrx_word' id='word_1_17' title='bbox 1105 278 1160 299; x_wconf 91' lang='lat' dir='ltr'>su-</span> 
     </span>
     <span class='ocr_line' id='line_1_4' title="bbox 172 315 1160 362; baseline 0 -13"><span class='ocrx_word' id='word_1_18' title='bbox 172 315 347 359; x_wconf 88' lang='lat' dir='ltr'>spiciones</span> <span class='ocrx_word' id='word_1_19' title='bbox 370 322 444 349; x_wconf 88' lang='lat' dir='ltr'>tuta</span> <span class='ocrx_word' id='word_1_20' title='bbox 469 323 531 350; x_wconf 88' lang='lat' dir='ltr'>est.</span> <span class='ocrx_word' id='word_1_21' title='bbox 584 317 634 348; x_wconf 83' lang='lat' dir='ltr'>Ac</span> <span class='ocrx_word' id='word_1_22' title='bbox 655 315 804 350; x_wconf 89' lang='lat' dir='ltr'>sinimus</span> <span class='ocrx_word' id='word_1_23' title='bbox 825 316 896 350; x_wconf 91' lang='lat' dir='ltr'>suis</span> <span class='ocrx_word' id='word_1_24' title='bbox 913 328 1092 362; x_wconf 85' lang='lat' dir='ltr'><strong>quemque</strong></span> <span class='ocrx_word' id='word_1_25' title='bbox 1107 328 1160 349; x_wconf 91' lang='lat' dir='ltr'>re—</span> 
     </span>
     <span class='ocr_line' id='line_1_5' title="bbox 172 366 1160 410; baseline 0 -10"><span class='ocrx_word' id='word_1_26' title='bbox 172 367 254 403; x_wconf 77' lang='lat' dir='ltr'>bus,</span> <span class='ocrx_word' id='word_1_27' title='bbox 281 367 405 401; x_wconf 90' lang='lat' dir='ltr'>studiis</span> <span class='ocrx_word' id='word_1_28' title='bbox 427 373 458 400; x_wconf 88' lang='lat' dir='ltr'>et</span> <span class='ocrx_word' id='word_1_29' title='bbox 485 366 726 410; x_wconf 67' lang='lat' dir='ltr'>voluptatibus</span> <span class='ocrx_word' id='word_1_30' title='bbox 751 367 839 405; x_wconf 83' lang='lat' dir='ltr'>srui;</span> <span class='ocrx_word' id='word_1_31' title='bbox 865 380 930 401; x_wconf 91' lang='lat' dir='ltr'>nec</span> <span class='ocrx_word' id='word_1_32' title='bbox 956 369 1160 401; x_wconf 83' lang='lat' dir='ltr'>torvitatem</span> 
     </span>
     <span class='ocr_line' id='line_1_6' title="bbox 173 418 1160 463; baseline 0.001 -12"><span class='ocrx_word' id='word_1_33' title='bbox 173 429 392 457; x_wconf 77' lang='lat' dir='ltr'>exercemus,</span> <span class='ocrx_word' id='word_1_34' title='bbox 421 430 510 463; x_wconf 87' lang='lat' dir='ltr'>quae</span> <span class='ocrx_word' id='word_1_35' title='bbox 538 418 643 450; x_wconf 90' lang='lat' dir='ltr'>etiam</span> <span class='ocrx_word' id='word_1_36' title='bbox 669 430 747 452; x_wconf 91' lang='lat' dir='ltr'>cum</span> <span class='ocrx_word' id='word_1_37' title='bbox 773 419 916 452; x_wconf 86' lang='lat' dir='ltr'>innoxia</span> <span class='ocrx_word' id='word_1_38' title='bbox 944 425 1012 459; x_wconf 88' lang='lat' dir='ltr'>est,</span> <span class='ocrx_word' id='word_1_39' title='bbox 1040 426 1160 452; x_wconf 89' lang='lat' dir='ltr'>tamen</span> 
     </span>
     <span class='ocr_line' id='line_1_7' title="bbox 174 469 1162 510; baseline 0.002 -9"><span class='ocrx_word' id='word_1_40' title='bbox 174 469 318 502; x_wconf 86' lang='lat' dir='ltr'>molesta</span> <span class='ocrx_word' id='word_1_41' title='bbox 339 475 400 502; x_wconf 86' lang='lat' dir='ltr'>est.</span> <span class='ocrx_word' id='word_1_42' title='bbox 453 469 628 502; x_wconf 75' lang='lat' dir='ltr'>Privatim</span> <span class='ocrx_word' id='word_1_43' title='bbox 653 469 728 503; x_wconf 90' lang='lat' dir='ltr'>sine</span> <span class='ocrx_word' id='word_1_44' title='bbox 747 469 875 503; x_wconf 84' lang='lat' dir='ltr'>iniuria</span> <span class='ocrx_word' id='word_1_45' title='bbox 896 482 1162 510; x_wconf 78' lang='lat' dir='ltr'>conversamur,</span> 
     </span>
     <span class='ocr_line' id='line_1_8' title="bbox 172 520 1159 568; baseline 0 -15"><span class='ocrx_word' id='word_1_46' title='bbox 172 521 209 553; x_wconf 89' lang='lat' dir='ltr'>in</span> <span class='ocrx_word' id='word_1_47' title='bbox 227 520 537 553; x_wconf 75' lang='lat' dir='ltr'>administratione</span> <span class='ocrx_word' id='word_1_48' title='bbox 553 520 692 564; x_wconf 90' lang='lat' dir='ltr'>publica</span> <span class='ocrx_word' id='word_1_49' title='bbox 712 533 786 554; x_wconf 90' lang='lat' dir='ltr'>non</span> <span class='ocrx_word' id='word_1_50' title='bbox 802 521 1055 567; x_wconf 83' lang='lat' dir='ltr'>delinquimus,</span> <span class='ocrx_word' id='word_1_51' title='bbox 1077 521 1159 568; x_wconf 85' lang='lat' dir='ltr'>quia</span> 
     </span>
     <span class='ocr_line' id='line_1_9' title="bbox 171 571 1162 619; baseline 0.001 -15"><span class='ocrx_word' id='word_1_52' title='bbox 171 572 362 604; x_wconf 89' lang='lat' dir='ltr'>metuimus</span> <span class='ocrx_word' id='word_1_53' title='bbox 385 576 418 603; x_wconf 86' lang='lat' dir='ltr'>et</span> <span class='ocrx_word' id='word_1_54' title='bbox 441 571 666 615; x_wconf 76' lang='lat' dir='ltr'>magistratus</span> <span class='ocrx_word' id='word_1_55' title='bbox 687 579 721 606; x_wconf 83' lang='lat' dir='ltr'>et</span> <span class='ocrx_word' id='word_1_56' title='bbox 745 573 857 617; x_wconf 82' lang='lat' dir='ltr'>leges,</span> <span class='ocrx_word' id='word_1_57' title='bbox 886 585 976 619; x_wconf 88' lang='lat' dir='ltr'>quae</span> <span class='ocrx_word' id='word_1_58' title='bbox 1002 573 1057 607; x_wconf 77' lang='lat' dir='ltr'>vel</span> <span class='ocrx_word' id='word_1_59' title='bbox 1079 573 1162 606; x_wconf 90' lang='lat' dir='ltr'>scri-</span> 
     </span>
     <span class='ocr_line' id='line_1_10' title="bbox 170 622 1161 669; baseline 0.002 -14"><span class='ocrx_word' id='word_1_60' title='bbox 170 629 253 667; x_wconf 88' lang='lat' dir='ltr'>ptae</span> <span class='ocrx_word' id='word_1_61' title='bbox 269 628 368 661; x_wconf 91' lang='lat' dir='ltr'>sunt,</span> <span class='ocrx_word' id='word_1_62' title='bbox 397 628 434 654; x_wconf 91' lang='lat' dir='ltr'>ut</span> <span class='ocrx_word' id='word_1_63' title='bbox 450 622 552 656; x_wconf 88' lang='lat' dir='ltr'>laesis</span> <span class='ocrx_word' id='word_1_64' title='bbox 570 635 674 667; x_wconf 87' lang='lat' dir='ltr'>opem</span> <span class='ocrx_word' id='word_1_65' title='bbox 691 624 819 665; x_wconf 83' lang='lat' dir='ltr'>serant,</span> <span class='ocrx_word' id='word_1_66' title='bbox 847 625 901 657; x_wconf 74' lang='lat' dir='ltr'>vel</span> <span class='ocrx_word' id='word_1_67' title='bbox 918 636 991 658; x_wconf 89' lang='lat' dir='ltr'>non</span> <span class='ocrx_word' id='word_1_68' title='bbox 1011 624 1161 669; x_wconf 84' lang='lat' dir='ltr'>scriptae</span> 
     </span>
     <span class='ocr_line' id='line_1_11' title="bbox 174 672 1161 710; baseline 0.003 -5"><span class='ocrx_word' id='word_1_69' title='bbox 174 680 271 706; x_wconf 85' lang='lat' dir='ltr'>metu</span> <span class='ocrx_word' id='word_1_70' title='bbox 291 672 460 706; x_wconf 76' lang='lat' dir='ltr'>infamiae</span> <span class='ocrx_word' id='word_1_71' title='bbox 478 673 570 707; x_wconf 76' lang='lat' dir='ltr'>cives</span> <span class='ocrx_word' id='word_1_72' title='bbox 594 672 795 710; x_wconf 83' lang='lat' dir='ltr'>cohercent.</span> <span class='ocrx_word' id='word_1_73' title='bbox 848 675 1029 710; x_wconf 87' lang='lat' dir='ltr'>Habemus</span> <span class='ocrx_word' id='word_1_74' title='bbox 1054 683 1087 710; x_wconf 90' lang='lat' dir='ltr'>et</span> <span class='ocrx_word' id='word_1_75' title='bbox 1112 676 1161 708; x_wconf 90' lang='lat' dir='ltr'>la-</span> 
     </span>
     <span class='ocr_line' id='line_1_12' title="bbox 171 725 1161 771; baseline 0.003 -15"><span class='ocrx_word' id='word_1_76' title='bbox 171 725 300 758; x_wconf 86' lang='lat' dir='ltr'>borum</span> <span class='ocrx_word' id='word_1_77' title='bbox 318 725 543 759; x_wconf 86' lang='lat' dir='ltr'>remissiones</span> <span class='ocrx_word' id='word_1_78' title='bbox 562 726 735 770; x_wconf 88' lang='lat' dir='ltr'>plurimas</span> <span class='ocrx_word' id='word_1_79' title='bbox 749 753 757 767; x_wconf 92' lang='lat'>,</span> <span class='ocrx_word' id='word_1_80' title='bbox 785 727 981 771; x_wconf 87' lang='lat' dir='ltr'>spectacula</span> <span class='ocrx_word' id='word_1_81' title='bbox 1002 734 1035 761; x_wconf 87' lang='lat' dir='ltr'>et</span> <span class='ocrx_word' id='word_1_82' title='bbox 1055 727 1161 761; x_wconf 88' lang='lat' dir='ltr'>sacri-</span> 
     </span>
     <span class='ocr_line' id='line_1_13' title="bbox 172 776 1161 824; baseline 0.005 -17"><span class='ocrx_word' id='word_1_83' title='bbox 172 776 270 815; x_wconf 81' lang='lat' dir='ltr'>ficia,</span> <span class='ocrx_word' id='word_1_84' title='bbox 310 788 401 821; x_wconf 87' lang='lat' dir='ltr'>quae</span> <span class='ocrx_word' id='word_1_85' title='bbox 427 783 461 809; x_wconf 93' lang='lat' dir='ltr'>et</span> <span class='ocrx_word' id='word_1_86' title='bbox 484 776 619 820; x_wconf 78' lang='lat' dir='ltr'>legibus</span> <span class='ocrx_word' id='word_1_87' title='bbox 652 779 845 824; x_wconf 82' lang='lat' dir='ltr'>quotannis</span> <span class='ocrx_word' id='word_1_88' title='bbox 872 778 1037 812; x_wconf 87' lang='lat' dir='ltr'>ordinata</span> <span class='ocrx_word' id='word_1_89' title='bbox 1068 785 1161 818; x_wconf 87' lang='lat' dir='ltr'>sunt,</span> 
     </span>
     <span class='ocr_line' id='line_1_14' title="bbox 173 827 1161 875; baseline 0.004 -16"><span class='ocrx_word' id='word_1_90' title='bbox 173 833 204 860; x_wconf 92' lang='lat' dir='ltr'>et</span> <span class='ocrx_word' id='word_1_91' title='bbox 229 834 405 871; x_wconf 86' lang='lat' dir='ltr'>apparatu</span> <span class='ocrx_word' id='word_1_92' title='bbox 428 827 650 872; x_wconf 70' lang='lat' dir='ltr'>privatorum</span> <span class='ocrx_word' id='word_1_93' title='bbox 679 842 836 873; x_wconf 87' lang='lat' dir='ltr'>congruo</span> <span class='ocrx_word' id='word_1_94' title='bbox 862 831 970 870; x_wconf 86' lang='lat' dir='ltr'>fiunt,</span> <span class='ocrx_word' id='word_1_95' title='bbox 997 842 1088 875; x_wconf 89' lang='lat' dir='ltr'>quae</span> <span class='ocrx_word' id='word_1_96' title='bbox 1113 831 1161 863; x_wconf 91' lang='lat' dir='ltr'>le-</span> 
     </span>
     <span class='ocr_line' id='line_1_15' title="bbox 171 878 1160 926; baseline 0.005 -16"><span class='ocrx_word' id='word_1_97' title='bbox 171 878 276 911; x_wconf 89' lang='lat' dir='ltr'>niunt</span> <span class='ocrx_word' id='word_1_98' title='bbox 298 879 527 913; x_wconf 89' lang='lat' dir='ltr'>moestitiam.</span> <span class='ocrx_word' id='word_1_99' title='bbox 580 879 826 925; x_wconf 87' lang='lat' dir='ltr'>lmportantur</span> <span class='ocrx_word' id='word_1_100' title='bbox 851 888 967 915; x_wconf 87' lang='lat' dir='ltr'>autem</span> <span class='ocrx_word' id='word_1_101' title='bbox 986 879 1055 915; x_wconf 85' lang='lat' dir='ltr'>huc</span> <span class='ocrx_word' id='word_1_102' title='bbox 1079 894 1160 926; x_wconf 91' lang='lat' dir='ltr'>pro-</span> 
     </span>
     <span class='ocr_line' id='line_1_16' title="bbox 171 930 1161 973; baseline 0.006 -12"><span class='ocrx_word' id='word_1_103' title='bbox 171 935 249 973; x_wconf 89' lang='lat' dir='ltr'>pter</span> <span class='ocrx_word' id='word_1_104' title='bbox 273 930 554 973; x_wconf 83' lang='lat' dir='ltr'>magnitudinem</span> <span class='ocrx_word' id='word_1_105' title='bbox 581 932 679 965; x_wconf 90' lang='lat' dir='ltr'>urbis</span> <span class='ocrx_word' id='word_1_106' title='bbox 711 944 766 966; x_wconf 76' lang='lat' dir='ltr'>res</span> <span class='ocrx_word' id='word_1_107' title='bbox 793 938 897 965; x_wconf 87' lang='lat' dir='ltr'>natae</span> <span class='ocrx_word' id='word_1_108' title='bbox 924 933 959 965; x_wconf 93' lang='lat' dir='ltr'>in</span> <span class='ocrx_word' id='word_1_109' title='bbox 994 933 1161 967; x_wconf 87' lang='lat' dir='ltr'>omnibus</span> 
     </span>
     <span class='ocr_line' id='line_1_17' title="bbox 170 980 1158 1025; baseline 0.004 -12"><span class='ocrx_word' id='word_1_110' title='bbox 170 980 286 1014; x_wconf 90' lang='lat' dir='ltr'>terris.</span> <span class='ocrx_word' id='word_1_111' title='bbox 338 981 458 1025; x_wconf 82' lang='lat' dir='ltr'>Quare</span> <span class='ocrx_word' id='word_1_112' title='bbox 476 994 548 1015; x_wconf 93' lang='lat' dir='ltr'>non</span> <span class='ocrx_word' id='word_1_113' title='bbox 568 989 704 1016; x_wconf 86' lang='lat' dir='ltr'>tantum</span> <span class='ocrx_word' id='word_1_114' title='bbox 724 984 828 1018; x_wconf 88' lang='lat' dir='ltr'>rebus</span> <span class='ocrx_word' id='word_1_115' title='bbox 845 984 943 1016; x_wconf 89' lang='lat' dir='ltr'>domi</span> <span class='ocrx_word' id='word_1_116' title='bbox 963 984 1075 1025; x_wconf 88' lang='lat' dir='ltr'>natis,</span> <span class='ocrx_word' id='word_1_117' title='bbox 1099 986 1158 1019; x_wconf 89' lang='lat' dir='ltr'>sed</span> 
     </span>
     <span class='ocr_line' id='line_1_18' title="bbox 171 1032 678 1077; baseline 0.008 -13"><span class='ocrx_word' id='word_1_118' title='bbox 171 1032 276 1064; x_wconf 88' lang='lat' dir='ltr'>etiam</span> <span class='ocrx_word' id='word_1_119' title='bbox 301 1033 496 1077; x_wconf 81' lang='lat' dir='ltr'>peregrinis</span> <span class='ocrx_word' id='word_1_120' title='bbox 514 1034 678 1068; x_wconf 79' lang='lat' dir='ltr'>fruimur.</span> 
     </span>
    </p>

    <p class='ocr_par' dir='ltr' id='par_1_3' title="bbox 166 1082 1160 1795">
     <span class='ocr_line' id='line_1_19' title="bbox 272 1082 1159 1121; baseline 0.007 -7"><span class='ocrx_word' id='word_1_121' title='bbox 272 1082 479 1119; x_wconf 85' lang='lat' dir='ltr'>Differimus</span> <span class='ocrx_word' id='word_1_122' title='bbox 496 1091 613 1118; x_wconf 83' lang='lat' dir='ltr'>autem</span> <span class='ocrx_word' id='word_1_123' title='bbox 633 1085 807 1120; x_wconf 84' lang='lat' dir='ltr'>exercitiis</span> <span class='ocrx_word' id='word_1_124' title='bbox 826 1086 862 1119; x_wconf 90' lang='lat' dir='ltr'>in</span> <span class='ocrx_word' id='word_1_125' title='bbox 888 1099 926 1120; x_wconf 91' lang='lat' dir='ltr'>re</span> <span class='ocrx_word' id='word_1_126' title='bbox 944 1087 1090 1121; x_wconf 86' lang='lat' dir='ltr'>militari</span> <span class='ocrx_word' id='word_1_127' title='bbox 1115 1088 1159 1120; x_wconf 88' lang='lat' dir='ltr'>ab</span> 
     </span>
     <span class='ocr_line' id='line_1_20' title="bbox 170 1133 1160 1182; baseline 0.007 -17"><span class='ocrx_word' id='word_1_128' title='bbox 170 1133 263 1171; x_wconf 83' lang='lat' dir='ltr'>aliis;</span> <span class='ocrx_word' id='word_1_129' title='bbox 292 1146 374 1167; x_wconf 88' lang='lat' dir='ltr'>nam</span> <span class='ocrx_word' id='word_1_130' title='bbox 398 1133 555 1180; x_wconf 87' lang='lat' dir='ltr'>hospites</span> <span class='ocrx_word' id='word_1_131' title='bbox 579 1149 652 1170; x_wconf 90' lang='lat' dir='ltr'>non</span> <span class='ocrx_word' id='word_1_132' title='bbox 679 1138 904 1182; x_wconf 84' lang='lat' dir='ltr'>expelluntur</span> <span class='ocrx_word' id='word_1_133' title='bbox 928 1151 968 1172; x_wconf 82' lang='lat' dir='ltr'>ex</span> <span class='ocrx_word' id='word_1_134' title='bbox 994 1140 1080 1172; x_wconf 91' lang='lat' dir='ltr'>urbe</span> <span class='ocrx_word' id='word_1_135' title='bbox 1096 1151 1160 1172; x_wconf 89' lang='lat' dir='ltr'>no-</span> 
     </span>
     <span class='ocr_line' id='line_1_21' title="bbox 169 1187 1160 1236; baseline 0.006 -18"><span class='ocrx_word' id='word_1_136' title='bbox 169 1191 261 1225; x_wconf 87' lang='lat' dir='ltr'>stra,</span> <span class='ocrx_word' id='word_1_137' title='bbox 289 1198 359 1231; x_wconf 89' lang='lat' dir='ltr'>quo</span> <span class='ocrx_word' id='word_1_138' title='bbox 381 1187 497 1221; x_wconf 88' lang='lat' dir='ltr'>miuus</span> <span class='ocrx_word' id='word_1_139' title='bbox 516 1194 575 1221; x_wconf 90' lang='lat' dir='ltr'>aut</span> <span class='ocrx_word' id='word_1_140' title='bbox 593 1188 730 1222; x_wconf 87' lang='lat' dir='ltr'>discant</span> <span class='ocrx_word' id='word_1_141' title='bbox 746 1195 806 1222; x_wconf 89' lang='lat' dir='ltr'>aut</span> <span class='ocrx_word' id='word_1_142' title='bbox 825 1189 969 1223; x_wconf 80' lang='lat' dir='ltr'>videant</span> <span class='ocrx_word' id='word_1_143' title='bbox 986 1203 1023 1224; x_wconf 89' lang='lat' dir='ltr'>ea</span> <span class='ocrx_word' id='word_1_144' title='bbox 1037 1217 1046 1231; x_wconf 91' lang='lat'>,</span> <span class='ocrx_word' id='word_1_145' title='bbox 1069 1203 1160 1236; x_wconf 89' lang='lat' dir='ltr'>quae</span> 
     </span>
     <span class='ocr_line' id='line_1_22' title="bbox 169 1236 1159 1287; baseline 0.006 -18"><span class='ocrx_word' id='word_1_146' title='bbox 169 1237 410 1281; x_wconf 84' lang='lat' dir='ltr'>spectantibus</span> <span class='ocrx_word' id='word_1_147' title='bbox 443 1236 643 1283; x_wconf 84' lang='lat' dir='ltr'>hospitibus</span> <span class='ocrx_word' id='word_1_148' title='bbox 678 1239 783 1273; x_wconf 88' lang='lat' dir='ltr'>etiam</span> <span class='ocrx_word' id='word_1_149' title='bbox 812 1242 978 1285; x_wconf 88' lang='lat' dir='ltr'>prodesse</span> <span class='ocrx_word' id='word_1_150' title='bbox 1000 1248 1159 1287; x_wconf 87' lang='lat' dir='ltr'>possunt.</span> 
     </span>
     <span class='ocr_line' id='line_1_23' title="bbox 169 1288 1160 1336; baseline 0.004 -15"><span class='ocrx_word' id='word_1_151' title='bbox 169 1288 390 1323; x_wconf 83' lang='lat' dir='ltr'>confidimus</span> <span class='ocrx_word' id='word_1_152' title='bbox 409 1291 502 1322; x_wconf 90' lang='lat' dir='ltr'>enim</span> <span class='ocrx_word' id='word_1_153' title='bbox 526 1302 599 1324; x_wconf 91' lang='lat' dir='ltr'>non</span> <span class='ocrx_word' id='word_1_154' title='bbox 625 1298 697 1324; x_wconf 88' lang='lat' dir='ltr'>tam</span> <span class='ocrx_word' id='word_1_155' title='bbox 722 1292 952 1336; x_wconf 89' lang='lat' dir='ltr'>apparatibus</span> <span class='ocrx_word' id='word_1_156' title='bbox 976 1300 1010 1326; x_wconf 90' lang='lat' dir='ltr'>et</span> <span class='ocrx_word' id='word_1_157' title='bbox 1027 1293 1160 1327; x_wconf 88' lang='lat' dir='ltr'>fraudi-</span> 
     </span>
     <span class='ocr_line' id='line_1_24' title="bbox 168 1339 1157 1388; baseline 0.004 -15"><span class='ocrx_word' id='word_1_158' title='bbox 168 1339 254 1379; x_wconf 87' lang='lat' dir='ltr'>bus,</span> <span class='ocrx_word' id='word_1_159' title='bbox 284 1352 390 1385; x_wconf 88' lang='lat' dir='ltr'>quam</span> <span class='ocrx_word' id='word_1_160' title='bbox 418 1340 559 1375; x_wconf 74' lang='lat' dir='ltr'>virtute.</span> <span class='ocrx_word' id='word_1_161' title='bbox 611 1343 662 1376; x_wconf 83' lang='lat' dir='ltr'>Ac</span> <span class='ocrx_word' id='word_1_162' title='bbox 688 1342 747 1375; x_wconf 89' lang='lat' dir='ltr'>alii</span> <span class='ocrx_word' id='word_1_163' title='bbox 770 1343 913 1388; x_wconf 92' lang='lat' dir='ltr'>quidem</span> <span class='ocrx_word' id='word_1_164' title='bbox 938 1344 1157 1378; x_wconf 75' lang='lat' dir='ltr'>iuventutem</span> 
     </span>
     <span class='ocr_line' id='line_1_25' title="bbox 170 1391 1159 1437; baseline 0.006 -15"><span class='ocrx_word' id='word_1_165' title='bbox 170 1391 273 1423; x_wconf 82' lang='lat' dir='ltr'>certis</span> <span class='ocrx_word' id='word_1_166' title='bbox 296 1391 410 1426; x_wconf 89' lang='lat' dir='ltr'>modis</span> <span class='ocrx_word' id='word_1_167' title='bbox 437 1400 599 1427; x_wconf 81' lang='lat' dir='ltr'>exercent</span> <span class='ocrx_word' id='word_1_168' title='bbox 624 1406 642 1427; x_wconf 87' lang='lat' dir='ltr'>a</span> <span class='ocrx_word' id='word_1_169' title='bbox 663 1394 814 1437; x_wconf 87' lang='lat' dir='ltr'>pueritia</span> <span class='ocrx_word' id='word_1_170' title='bbox 833 1396 876 1427; x_wconf 92' lang='lat' dir='ltr'>ad</span> <span class='ocrx_word' id='word_1_171' title='bbox 895 1395 1159 1433; x_wconf 87' lang='lat' dir='ltr'>fortitudinem;</span> 
     </span>
     <span class='ocr_line' id='line_1_26' title="bbox 168 1442 1158 1490; baseline 0.004 -15"><span class='ocrx_word' id='word_1_172' title='bbox 168 1454 234 1476; x_wconf 89' lang='lat' dir='ltr'>nos</span> <span class='ocrx_word' id='word_1_173' title='bbox 258 1442 370 1476; x_wconf 84' lang='lat' dir='ltr'>laxius</span> <span class='ocrx_word' id='word_1_174' title='bbox 393 1443 552 1478; x_wconf 71' lang='lat' dir='ltr'>viventes</span> <span class='ocrx_word' id='word_1_175' title='bbox 579 1452 700 1479; x_wconf 88' lang='lat' dir='ltr'>tamen</span> <span class='ocrx_word' id='word_1_176' title='bbox 723 1445 803 1489; x_wconf 87' lang='lat' dir='ltr'>pari</span> <span class='ocrx_word' id='word_1_177' title='bbox 819 1446 1064 1490; x_wconf 82' lang='lat' dir='ltr'>magnitudine</span> <span class='ocrx_word' id='word_1_178' title='bbox 1084 1447 1158 1479; x_wconf 89' lang='lat' dir='ltr'>ani-</span> 
     </span>
     <span class='ocr_line' id='line_1_27' title="bbox 167 1493 1157 1544; baseline 0.005 -17"><span class='ocrx_word' id='word_1_179' title='bbox 167 1494 217 1527; x_wconf 90' lang='lat' dir='ltr'>mi</span> <span class='ocrx_word' id='word_1_180' title='bbox 232 1493 387 1538; x_wconf 89' lang='lat' dir='ltr'>pericula</span> <span class='ocrx_word' id='word_1_181' title='bbox 406 1495 556 1530; x_wconf 90' lang='lat' dir='ltr'>adimus.</span> <span class='ocrx_word' id='word_1_182' title='bbox 608 1496 723 1529; x_wconf 89' lang='lat' dir='ltr'>Huius</span> <span class='ocrx_word' id='word_1_183' title='bbox 739 1496 790 1529; x_wconf 90' lang='lat' dir='ltr'>rei</span> <span class='ocrx_word' id='word_1_184' title='bbox 806 1497 945 1541; x_wconf 85' lang='lat' dir='ltr'>signum</span> <span class='ocrx_word' id='word_1_185' title='bbox 963 1505 1033 1539; x_wconf 89' lang='lat' dir='ltr'>est,</span> <span class='ocrx_word' id='word_1_186' title='bbox 1062 1499 1157 1544; x_wconf 87' lang='lat' dir='ltr'>quod</span> 
     </span>
     <span class='ocr_line' id='line_1_28' title="bbox 167 1545 1158 1590; baseline 0.005 -12"><span class='ocrx_word' id='word_1_187' title='bbox 167 1545 444 1579; x_wconf 85' lang='lat' dir='ltr'>Lacedaemonii</span> <span class='ocrx_word' id='word_1_188' title='bbox 479 1559 554 1580; x_wconf 90' lang='lat' dir='ltr'>non</span> <span class='ocrx_word' id='word_1_189' title='bbox 588 1548 653 1581; x_wconf 88' lang='lat' dir='ltr'>soli</span> <span class='ocrx_word' id='word_1_190' title='bbox 688 1547 792 1581; x_wconf 92' lang='lat' dir='ltr'>nobis</span> <span class='ocrx_word' id='word_1_191' title='bbox 827 1549 959 1582; x_wconf 90' lang='lat' dir='ltr'>bellum</span> <span class='ocrx_word' id='word_1_192' title='bbox 989 1550 1158 1590; x_wconf 88' lang='lat' dir='ltr'>inferunt,</span> 
     </span>
     <span class='ocr_line' id='line_1_29' title="bbox 168 1596 1158 1639; baseline 0.005 -9"><span class='ocrx_word' id='word_1_193' title='bbox 168 1597 228 1630; x_wconf 87' lang='lat' dir='ltr'>sed</span> <span class='ocrx_word' id='word_1_194' title='bbox 255 1596 429 1630; x_wconf 90' lang='lat' dir='ltr'>adiunctis</span> <span class='ocrx_word' id='word_1_195' title='bbox 460 1599 504 1630; x_wconf 91' lang='lat' dir='ltr'>ad</span> <span class='ocrx_word' id='word_1_196' title='bbox 534 1599 737 1632; x_wconf 88' lang='lat' dir='ltr'>societatem</span> <span class='ocrx_word' id='word_1_197' title='bbox 762 1599 937 1633; x_wconf 88' lang='lat' dir='ltr'>bellorum</span> <span class='ocrx_word' id='word_1_198' title='bbox 963 1601 1058 1639; x_wconf 84' lang='lat' dir='ltr'>aliis;</span> <span class='ocrx_word' id='word_1_199' title='bbox 1093 1613 1158 1635; x_wconf 84' lang='lat' dir='ltr'>nos</span> 
     </span>
     <span class='ocr_line' id='line_1_30' title="bbox 167 1648 1158 1697; baseline 0.006 -17"><span class='ocrx_word' id='word_1_200' title='bbox 167 1659 252 1681; x_wconf 64' lang='lat' dir='ltr'>xero</span> <span class='ocrx_word' id='word_1_201' title='bbox 287 1648 351 1681; x_wconf 93' lang='lat' dir='ltr'>soli</span> <span class='ocrx_word' id='word_1_202' title='bbox 384 1648 622 1693; x_wconf 85' lang='lat' dir='ltr'>ingredientes</span> <span class='ocrx_word' id='word_1_203' title='bbox 654 1650 806 1683; x_wconf 86' lang='lat' dir='ltr'>alienam</span> <span class='ocrx_word' id='word_1_204' title='bbox 840 1651 1042 1696; x_wconf 79' lang='lat' dir='ltr'>regionem,</span> <span class='ocrx_word' id='word_1_205' title='bbox 1085 1653 1158 1697; x_wconf 87' lang='lat' dir='ltr'>ple-</span> 
     </span>
     <span class='ocr_line' id='line_1_31' title="bbox 166 1699 1158 1750; baseline 0.006 -18"><span class='ocrx_word' id='word_1_206' title='bbox 166 1711 318 1744; x_wconf 89' lang='lat' dir='ltr'>rumque</span> <span class='ocrx_word' id='word_1_207' title='bbox 355 1700 527 1735; x_wconf 73' lang='lat' dir='ltr'>vincimus</span> <span class='ocrx_word' id='word_1_208' title='bbox 561 1699 697 1742; x_wconf 82' lang='lat' dir='ltr'>hostes,</span> <span class='ocrx_word' id='word_1_209' title='bbox 732 1714 949 1748; x_wconf 88' lang='lat' dir='ltr'>quamquam</span> <span class='ocrx_word' id='word_1_210' title='bbox 987 1717 1052 1750; x_wconf 90' lang='lat' dir='ltr'>pro</span> <span class='ocrx_word' id='word_1_211' title='bbox 1087 1704 1158 1739; x_wconf 89' lang='lat' dir='ltr'>suis</span> 
     </span>
     <span class='ocr_line' id='line_1_32' title="bbox 166 1751 498 1795; baseline 0.006 -11"><span class='ocrx_word' id='word_1_212' title='bbox 166 1751 270 1784; x_wconf 87' lang='lat' dir='ltr'>rebus</span> <span class='ocrx_word' id='word_1_213' title='bbox 290 1758 498 1795; x_wconf 86' lang='lat' dir='ltr'>pugnantes.</span> 
     </span>
    </p>

    <p class='ocr_par' dir='ltr' id='par_1_4' title="bbox 165 1801 1157 2413">
     <span class='ocr_line' id='line_1_33' title="bbox 270 1801 1157 1850; baseline 0.005 -14"><span class='ocrx_word' id='word_1_214' title='bbox 270 1801 342 1836; x_wconf 59' lang='lat' dir='ltr'>Nec</span> <span class='ocrx_word' id='word_1_215' title='bbox 359 1814 443 1837; x_wconf 80' lang='lat' dir='ltr'>vero</span> <span class='ocrx_word' id='word_1_216' title='bbox 460 1803 647 1850; x_wconf 89' lang='lat' dir='ltr'>quisquam</span> <span class='ocrx_word' id='word_1_217' title='bbox 668 1802 783 1839; x_wconf 86' lang='lat' dir='ltr'>adhuc</span> <span class='ocrx_word' id='word_1_218' title='bbox 799 1817 904 1840; x_wconf 90' lang='lat' dir='ltr'>ausus</span> <span class='ocrx_word' id='word_1_219' title='bbox 921 1813 972 1841; x_wconf 89' lang='lat' dir='ltr'>est</span> <span class='ocrx_word' id='word_1_220' title='bbox 988 1807 1157 1840; x_wconf 89' lang='lat' dir='ltr'>dimicare</span> 
     </span>
     <span class='ocr_line' id='line_1_34' title="bbox 168 1853 1157 1903; baseline 0.004 -15"><span class='ocrx_word' id='word_1_221' title='bbox 168 1866 247 1888; x_wconf 90' lang='lat' dir='ltr'>curn</span> <span class='ocrx_word' id='word_1_222' title='bbox 263 1853 428 1888; x_wconf 76' lang='lat' dir='ltr'>universa</span> <span class='ocrx_word' id='word_1_223' title='bbox 446 1856 605 1899; x_wconf 86' lang='lat' dir='ltr'>potentia</span> <span class='ocrx_word' id='word_1_224' title='bbox 631 1862 772 1896; x_wconf 83' lang='lat' dir='ltr'>nostra,</span> <span class='ocrx_word' id='word_1_225' title='bbox 801 1858 883 1903; x_wconf 90' lang='lat' dir='ltr'>quia</span> <span class='ocrx_word' id='word_1_226' title='bbox 908 1864 941 1891; x_wconf 87' lang='lat' dir='ltr'>et</span> <span class='ocrx_word' id='word_1_227' title='bbox 961 1858 1069 1892; x_wconf 90' lang='lat' dir='ltr'>classe</span> <span class='ocrx_word' id='word_1_228' title='bbox 1096 1871 1157 1891; x_wconf 89' lang='lat' dir='ltr'>an-</span> 
     </span>
     <span class='ocr_line' id='line_1_35' title="bbox 168 1905 1156 1951; baseline 0.004 -12"><span class='ocrx_word' id='word_1_229' title='bbox 168 1905 381 1946; x_wconf 89' lang='lat' dir='ltr'>tecellimus,</span> <span class='ocrx_word' id='word_1_230' title='bbox 417 1913 450 1939; x_wconf 92' lang='lat' dir='ltr'>et</span> <span class='ocrx_word' id='word_1_231' title='bbox 489 1920 655 1951; x_wconf 84' lang='lat' dir='ltr'>magnam</span> <span class='ocrx_word' id='word_1_232' title='bbox 693 1908 956 1942; x_wconf 88' lang='lat' dir='ltr'>multitudinem</span> <span class='ocrx_word' id='word_1_233' title='bbox 991 1910 1027 1942; x_wconf 89' lang='lat' dir='ltr'>in</span> <span class='ocrx_word' id='word_1_234' title='bbox 1062 1916 1156 1944; x_wconf 90' lang='lat' dir='ltr'>terra</span> 
     </span>
     <span class='ocr_line' id='line_1_36' title="bbox 168 1957 1156 2006; baseline 0.003 -15"><span class='ocrx_word' id='word_1_235' title='bbox 168 1957 373 1991; x_wconf 83' lang='lat' dir='ltr'>emittimus.</span> <span class='ocrx_word' id='word_1_236' title='bbox 426 1957 545 1992; x_wconf 92' lang='lat' dir='ltr'>Sicubi</span> <span class='ocrx_word' id='word_1_237' title='bbox 562 1966 680 1993; x_wconf 89' lang='lat' dir='ltr'>autem</span> <span class='ocrx_word' id='word_1_238' title='bbox 698 1972 776 1993; x_wconf 90' lang='lat' dir='ltr'>cum</span> <span class='ocrx_word' id='word_1_239' title='bbox 796 1966 896 2004; x_wconf 89' lang='lat' dir='ltr'>parte</span> <span class='ocrx_word' id='word_1_240' title='bbox 915 1961 1034 2006; x_wconf 90' lang='lat' dir='ltr'>aliqua</span> <span class='ocrx_word' id='word_1_241' title='bbox 1053 1962 1156 1994; x_wconf 91' lang='lat' dir='ltr'>dimi-</span> 
     </span>
     <span class='ocr_line' id='line_1_37' title="bbox 168 2008 1156 2055; baseline 0.006 -14"><span class='ocrx_word' id='word_1_242' title='bbox 168 2015 248 2042; x_wconf 91' lang='lat' dir='ltr'>cant</span> <span class='ocrx_word' id='word_1_243' title='bbox 276 2008 354 2048; x_wconf 89' lang='lat' dir='ltr'>alii,</span> <span class='ocrx_word' id='word_1_244' title='bbox 389 2021 468 2042; x_wconf 88' lang='lat' dir='ltr'>cum</span> <span class='ocrx_word' id='word_1_245' title='bbox 493 2010 659 2051; x_wconf 67' lang='lat' dir='ltr'>vincunt,</span> <span class='ocrx_word' id='word_1_246' title='bbox 694 2011 894 2055; x_wconf 84' lang='lat' dir='ltr'>gloriantur</span> <span class='ocrx_word' id='word_1_247' title='bbox 916 2025 952 2046; x_wconf 90' lang='lat' dir='ltr'>se</span> <span class='ocrx_word' id='word_1_248' title='bbox 971 2012 1156 2047; x_wconf 74' lang='lat' dir='ltr'>universos</span> 
     </span>
     <span class='ocr_line' id='line_1_38' title="bbox 166 2059 1156 2109; baseline 0.007 -17"><span class='ocrx_word' id='word_1_249' title='bbox 166 2061 305 2094; x_wconf 57' lang='lat' dir='ltr'>xicisse:</span> <span class='ocrx_word' id='word_1_250' title='bbox 347 2059 429 2092; x_wconf 83' lang='lat' dir='ltr'>victi</span> <span class='ocrx_word' id='word_1_251' title='bbox 460 2068 597 2102; x_wconf 89' lang='lat' dir='ltr'>autem,</span> <span class='ocrx_word' id='word_1_252' title='bbox 635 2075 671 2096; x_wconf 91' lang='lat' dir='ltr'>se</span> <span class='ocrx_word' id='word_1_253' title='bbox 703 2063 745 2096; x_wconf 87' lang='lat' dir='ltr'>ab</span> <span class='ocrx_word' id='word_1_254' title='bbox 774 2063 947 2097; x_wconf 72' lang='lat' dir='ltr'>universis</span> <span class='ocrx_word' id='word_1_255' title='bbox 971 2071 1156 2109; x_wconf 87' lang='lat' dir='ltr'>superatos</span> 
     </span>
     <span class='ocr_line' id='line_1_39' title="bbox 168 2111 1155 2158; baseline 0.006 -15"><span class='ocrx_word' id='word_1_256' title='bbox 168 2125 250 2146; x_wconf 78' lang='lat' dir='ltr'>esse.</span> <span class='ocrx_word' id='word_1_257' title='bbox 304 2111 354 2144; x_wconf 74' lang='lat' dir='ltr'>Ac</span> <span class='ocrx_word' id='word_1_258' title='bbox 370 2123 435 2145; x_wconf 87' lang='lat' dir='ltr'>nos</span> <span class='ocrx_word' id='word_1_259' title='bbox 461 2113 625 2158; x_wconf 89' lang='lat' dir='ltr'>quidem,</span> <span class='ocrx_word' id='word_1_260' title='bbox 655 2126 733 2147; x_wconf 92' lang='lat' dir='ltr'>cum</span> <span class='ocrx_word' id='word_1_261' title='bbox 761 2115 953 2158; x_wconf 89' lang='lat' dir='ltr'>periclitari</span> <span class='ocrx_word' id='word_1_262' title='bbox 978 2116 1155 2157; x_wconf 72' lang='lat' dir='ltr'>volumus,</span> 
     </span>
     <span class='ocr_line' id='line_1_40' title="bbox 167 2161 1155 2210; baseline 0.005 -15"><span class='ocrx_word' id='word_1_263' title='bbox 167 2176 260 2201; x_wconf 79' lang='lat' dir='ltr'>non,</span> <span class='ocrx_word' id='word_1_264' title='bbox 295 2169 335 2195; x_wconf 88' lang='lat' dir='ltr'>ut</span> <span class='ocrx_word' id='word_1_265' title='bbox 359 2161 654 2205; x_wconf 88' lang='lat' dir='ltr'>Lacedaemonii,</span> <span class='ocrx_word' id='word_1_266' title='bbox 692 2166 896 2210; x_wconf 88' lang='lat' dir='ltr'>praeparati</span> <span class='ocrx_word' id='word_1_267' title='bbox 925 2180 1046 2201; x_wconf 88' lang='lat' dir='ltr'>sumus</span> <span class='ocrx_word' id='word_1_268' title='bbox 1072 2168 1155 2202; x_wconf 84' lang='lat' dir='ltr'>assi-</span> 
     </span>
     <span class='ocr_line' id='line_1_41' title="bbox 166 2213 1155 2261; baseline 0.005 -14"><span class='ocrx_word' id='word_1_269' title='bbox 166 2215 299 2248; x_wconf 91' lang='lat' dir='ltr'>duitate</span> <span class='ocrx_word' id='word_1_270' title='bbox 316 2213 478 2247; x_wconf 88' lang='lat' dir='ltr'>laborum</span> <span class='ocrx_word' id='word_1_271' title='bbox 498 2223 531 2249; x_wconf 89' lang='lat' dir='ltr'>et</span> <span class='ocrx_word' id='word_1_272' title='bbox 550 2217 702 2261; x_wconf 83' lang='lat' dir='ltr'>legibus,</span> <span class='ocrx_word' id='word_1_273' title='bbox 728 2218 788 2251; x_wconf 90' lang='lat' dir='ltr'>sed</span> <span class='ocrx_word' id='word_1_274' title='bbox 806 2230 847 2251; x_wconf 87' lang='lat' dir='ltr'>ex</span> <span class='ocrx_word' id='word_1_275' title='bbox 865 2218 938 2251; x_wconf 93' lang='lat' dir='ltr'>otio</span> <span class='ocrx_word' id='word_1_276' title='bbox 957 2225 991 2252; x_wconf 88' lang='lat' dir='ltr'>et</span> <span class='ocrx_word' id='word_1_277' title='bbox 1006 2226 1155 2252; x_wconf 88' lang='lat' dir='ltr'>naturae</span> 
     </span>
     <span class='ocr_line' id='line_1_42' title="bbox 165 2265 1154 2310; baseline 0.004 -11"><span class='ocrx_word' id='word_1_278' title='bbox 165 2265 374 2299; x_wconf 80' lang='lat' dir='ltr'>fortitudine</span> <span class='ocrx_word' id='word_1_279' title='bbox 398 2267 552 2310; x_wconf 88' lang='lat' dir='ltr'>pericula</span> <span class='ocrx_word' id='word_1_280' title='bbox 581 2268 739 2308; x_wconf 89' lang='lat' dir='ltr'>adimus,</span> <span class='ocrx_word' id='word_1_281' title='bbox 774 2281 837 2301; x_wconf 88' lang='lat' dir='ltr'>nec</span> <span class='ocrx_word' id='word_1_282' title='bbox 861 2276 979 2303; x_wconf 89' lang='lat' dir='ltr'>tamen</span> <span class='ocrx_word' id='word_1_283' title='bbox 999 2270 1154 2304; x_wconf 91' lang='lat' dir='ltr'>timidio-</span> 
     </span>
     <span class='ocr_line' id='line_1_43' title="bbox 167 2317 1153 2368; baseline 0.005 -18"><span class='ocrx_word' id='word_1_284' title='bbox 167 2330 221 2351; x_wconf 85' lang='lat' dir='ltr'>res</span> <span class='ocrx_word' id='word_1_285' title='bbox 244 2329 364 2350; x_wconf 91' lang='lat' dir='ltr'>sumus</span> <span class='ocrx_word' id='word_1_286' title='bbox 390 2317 426 2349; x_wconf 91' lang='lat' dir='ltr'>in</span> <span class='ocrx_word' id='word_1_287' title='bbox 449 2319 660 2362; x_wconf 89' lang='lat' dir='ltr'>proeliando</span> <span class='ocrx_word' id='word_1_288' title='bbox 693 2333 798 2366; x_wconf 89' lang='lat' dir='ltr'>quam</span> <span class='ocrx_word' id='word_1_289' title='bbox 828 2320 898 2360; x_wconf 91' lang='lat' dir='ltr'>illi,</span> <span class='ocrx_word' id='word_1_290' title='bbox 934 2334 1153 2368; x_wconf 86' lang='lat' dir='ltr'>quamquam</span> 
     </span>
     <span class='ocr_line' id='line_1_44' title="bbox 167 2368 925 2413; baseline 0.007 -12"><span class='ocrx_word' id='word_1_291' title='bbox 167 2381 238 2401; x_wconf 93' lang='lat' dir='ltr'>non</span> <span class='ocrx_word' id='word_1_292' title='bbox 259 2368 356 2411; x_wconf 88' lang='lat' dir='ltr'>prius</span> <span class='ocrx_word' id='word_1_293' title='bbox 371 2369 551 2413; x_wconf 84' lang='lat' dir='ltr'>defatigati</span> <span class='ocrx_word' id='word_1_294' title='bbox 568 2371 724 2405; x_wconf 87' lang='lat' dir='ltr'>molestis</span> <span class='ocrx_word' id='word_1_295' title='bbox 741 2371 925 2406; x_wconf 80' lang='lat' dir='ltr'>exercitiis.</span> 
     </span>
    </p>

    <p class='ocr_par' dir='ltr' id='par_1_5' title="bbox 164 2416 1154 2771">
     <span class='ocr_line' id='line_1_45' title="bbox 270 2416 1153 2457; baseline 0.007 -7"><span class='ocrx_word' id='word_1_296' title='bbox 270 2417 307 2451; x_wconf 92' lang='lat' dir='ltr'>ln</span> <span class='ocrx_word' id='word_1_297' title='bbox 326 2416 379 2452; x_wconf 87' lang='lat' dir='ltr'>his</span> <span class='ocrx_word' id='word_1_298' title='bbox 397 2421 482 2453; x_wconf 91' lang='lat' dir='ltr'>etin</span> <span class='ocrx_word' id='word_1_299' title='bbox 502 2421 579 2455; x_wconf 91' lang='lat' dir='ltr'>aliis</span> <span class='ocrx_word' id='word_1_300' title='bbox 594 2423 698 2456; x_wconf 90' lang='lat' dir='ltr'>rebus</span> <span class='ocrx_word' id='word_1_301' title='bbox 715 2423 836 2457; x_wconf 71' lang='lat' dir='ltr'>cixitas</span> <span class='ocrx_word' id='word_1_302' title='bbox 856 2430 976 2457; x_wconf 84' lang='lat' dir='ltr'>nostra</span> <span class='ocrx_word' id='word_1_303' title='bbox 1000 2424 1153 2456; x_wconf 86' lang='lat' dir='ltr'>admira-</span> 
     </span>
     <span class='ocr_line' id='line_1_46' title="bbox 168 2469 1153 2519; baseline 0.006 -17"><span class='ocrx_word' id='word_1_304' title='bbox 168 2470 263 2503; x_wconf 85' lang='lat' dir='ltr'>tione</span> <span class='ocrx_word' id='word_1_305' title='bbox 288 2469 394 2513; x_wconf 77' lang='lat' dir='ltr'>digna</span> <span class='ocrx_word' id='word_1_306' title='bbox 421 2478 492 2512; x_wconf 89' lang='lat' dir='ltr'>est,</span> <span class='ocrx_word' id='word_1_307' title='bbox 527 2485 648 2507; x_wconf 90' lang='lat' dir='ltr'>sumus</span> <span class='ocrx_word' id='word_1_308' title='bbox 672 2474 845 2519; x_wconf 86' lang='lat' dir='ltr'>splendidi</span> <span class='ocrx_word' id='word_1_309' title='bbox 875 2487 953 2508; x_wconf 91' lang='lat' dir='ltr'>cum</span> <span class='ocrx_word' id='word_1_310' title='bbox 980 2475 1153 2519; x_wconf 89' lang='lat' dir='ltr'>parsimo-</span> 
     </span>
     <span class='ocr_line' id='line_1_47' title="bbox 165 2521 1154 2564; baseline 0.008 -11"><span class='ocrx_word' id='word_1_311' title='bbox 165 2521 245 2561; x_wconf 86' lang='lat' dir='ltr'>nia,</span> <span class='ocrx_word' id='word_1_312' title='bbox 273 2527 307 2553; x_wconf 90' lang='lat' dir='ltr'>et</span> <span class='ocrx_word' id='word_1_313' title='bbox 323 2522 476 2556; x_wconf 89' lang='lat' dir='ltr'>tenuiter</span> <span class='ocrx_word' id='word_1_314' title='bbox 499 2524 715 2564; x_wconf 75' lang='lat' dir='ltr'>victitantes;</span> <span class='ocrx_word' id='word_1_315' title='bbox 751 2526 825 2559; x_wconf 88' lang='lat' dir='ltr'>sine</span> <span class='ocrx_word' id='word_1_316' title='bbox 848 2526 996 2560; x_wconf 89' lang='lat' dir='ltr'>mollitie</span> <span class='ocrx_word' id='word_1_317' title='bbox 1018 2527 1154 2561; x_wconf 86' lang='lat' dir='ltr'>utimur</span> 
     </span>
     <span class='ocr_line' id='line_1_48' title="bbox 165 2572 1152 2622; baseline 0.006 -16"><span class='ocrx_word' id='word_1_318' title='bbox 165 2572 319 2612; x_wconf 73' lang='lat' dir='ltr'>divitiis,</span> <span class='ocrx_word' id='word_1_319' title='bbox 348 2584 427 2605; x_wconf 91' lang='lat' dir='ltr'>cum</span> <span class='ocrx_word' id='word_1_320' title='bbox 455 2577 624 2619; x_wconf 89' lang='lat' dir='ltr'>temporis</span> <span class='ocrx_word' id='word_1_321' title='bbox 649 2578 898 2622; x_wconf 83' lang='lat' dir='ltr'>opportunitas</span> <span class='ocrx_word' id='word_1_322' title='bbox 914 2585 984 2618; x_wconf 87' lang='lat' dir='ltr'>est,</span> <span class='ocrx_word' id='word_1_323' title='bbox 1011 2590 1086 2612; x_wconf 89' lang='lat' dir='ltr'>non</span> <span class='ocrx_word' id='word_1_324' title='bbox 1108 2580 1152 2612; x_wconf 89' lang='lat' dir='ltr'>ad</span> 
     </span>
     <span class='ocr_line' id='line_1_49' title="bbox 165 2624 1152 2670; baseline 0.006 -13"><span class='ocrx_word' id='word_1_325' title='bbox 165 2624 453 2658; x_wconf 84' lang='lat' dir='ltr'>ostentationem.</span> <span class='ocrx_word' id='word_1_326' title='bbox 513 2625 712 2670; x_wconf 87' lang='lat' dir='ltr'>Egestatem</span> <span class='ocrx_word' id='word_1_327' title='bbox 739 2630 841 2662; x_wconf 83' lang='lat' dir='ltr'>fateri</span> <span class='ocrx_word' id='word_1_328' title='bbox 865 2641 938 2663; x_wconf 92' lang='lat' dir='ltr'>non</span> <span class='ocrx_word' id='word_1_329' title='bbox 962 2637 1013 2664; x_wconf 90' lang='lat' dir='ltr'>est</span> <span class='ocrx_word' id='word_1_330' title='bbox 1037 2631 1152 2663; x_wconf 88' lang='lat' dir='ltr'>desor-</span> 
     </span>
     <span class='ocr_line' id='line_1_50' title="bbox 165 2676 1151 2720; baseline 0.006 -12"><span class='ocrx_word' id='word_1_331' title='bbox 165 2688 240 2715; x_wconf 90' lang='lat' dir='ltr'>me,</span> <span class='ocrx_word' id='word_1_332' title='bbox 268 2677 326 2709; x_wconf 89' lang='lat' dir='ltr'>sed</span> <span class='ocrx_word' id='word_1_333' title='bbox 346 2676 504 2709; x_wconf 78' lang='lat' dir='ltr'>deforme</span> <span class='ocrx_word' id='word_1_334' title='bbox 523 2684 572 2710; x_wconf 88' lang='lat' dir='ltr'>est</span> <span class='ocrx_word' id='word_1_335' title='bbox 588 2691 661 2711; x_wconf 91' lang='lat' dir='ltr'>non</span> <span class='ocrx_word' id='word_1_336' title='bbox 686 2680 869 2720; x_wconf 87' lang='lat' dir='ltr'>laborare,</span> <span class='ocrx_word' id='word_1_337' title='bbox 897 2688 934 2715; x_wconf 92' lang='lat' dir='ltr'>ut</span> <span class='ocrx_word' id='word_1_338' title='bbox 960 2694 1036 2714; x_wconf 84' lang='lat' dir='ltr'>eam</span> <span class='ocrx_word' id='word_1_339' title='bbox 1066 2683 1151 2715; x_wconf 79' lang='lat' dir='ltr'>effu-</span> 
     </span>
     <span class='ocr_line' id='line_1_51' title="bbox 164 2739 248 2771; baseline 0.012 -12"><span class='ocrx_word' id='word_1_340' title='bbox 164 2739 248 2771; x_wconf 75' lang='lat' dir='ltr'>glas.</span> 
     </span>
    </p>
   </div>
   <div class='ocr_carea' id='block_1_3' title="bbox 735 127 1615 174">
    <p class='ocr_par' dir='ltr' id='par_1_6' title="bbox 735 127 1615 174">
     <span class='ocr_line' id='line_1_52' title="bbox 735 127 1615 174; baseline 0.001 -11"><span class='ocrx_word' id='word_1_341' title='bbox 735 127 864 174; x_wconf 48' lang='lat' dir='ltr'>2PfflL.</span> <span class='ocrx_word' id='word_1_342' title='bbox 898 127 1011 163; x_wconf 74' lang='lat' dir='ltr'>MEL.</span> <span class='ocrx_word' id='word_1_343' title='bbox 1046 127 1248 162; x_wconf 75' lang='lat' dir='ltr'>SCRIPTA</span> <span class='ocrx_word' id='word_1_344' title='bbox 1279 128 1615 164; x_wconf 70' lang='lat' dir='ltr'>PfflLOLOfflcA.</span> 
     </span>
    </p>
   </div>
   <div class='ocr_carea' id='block_1_4' title="bbox 2099 133 2198 168">
    <p class='ocr_par' dir='ltr' id='par_1_7' title="bbox 2099 133 2198 168">
     <span class='ocr_line' id='line_1_53' title="bbox 2099 133 2198 168; baseline 0.02 -2"><span class='ocrx_word' id='word_1_345' title='bbox 2099 133 2198 168; x_wconf 82' lang='lat'><strong>1048</strong></span> 
     </span>
    </p>
   </div>
   <div class='ocr_carea' id='block_1_5' title="bbox 1204 213 2206 2723">
    <p class='ocr_par' dir='ltr' id='par_1_8' title="bbox 1213 213 2206 926">
     <span class='ocr_line' id='line_1_54' title="bbox 1213 213 2202 262; baseline 0.006 -16"><span class='ocrx_word' id='word_1_346' title='bbox 1213 213 1441 258; x_wconf 85' lang='lat' dir='ltr'>reipublicae.</span> <span class='ocrx_word' id='word_1_347' title='bbox 1505 214 1551 249; x_wconf 89' lang='lat' dir='ltr'>Et</span> <span class='ocrx_word' id='word_1_348' title='bbox 1573 227 1791 261; x_wconf 89' lang='lat' dir='ltr'>quamquam</span> <span class='ocrx_word' id='word_1_349' title='bbox 1819 215 2021 250; x_wconf 86' lang='lat' dir='ltr'>domesticis</span> <span class='ocrx_word' id='word_1_350' title='bbox 2051 218 2202 262; x_wconf 86' lang='lat' dir='ltr'>negotiis</span> 
     </span>
     <span class='ocr_line' id='line_1_55' title="bbox 1213 265 2202 314; baseline 0.004 -16"><span class='ocrx_word' id='word_1_351' title='bbox 1213 265 1374 311; x_wconf 90' lang='lat' dir='ltr'>plerique</span> <span class='ocrx_word' id='word_1_352' title='bbox 1391 266 1552 310; x_wconf 90' lang='lat' dir='ltr'>occupati</span> <span class='ocrx_word' id='word_1_353' title='bbox 1568 279 1700 307; x_wconf 88' lang='lat' dir='ltr'>sumus,</span> <span class='ocrx_word' id='word_1_354' title='bbox 1718 273 1837 300; x_wconf 88' lang='lat' dir='ltr'>tamen</span> <span class='ocrx_word' id='word_1_355' title='bbox 1857 266 1997 311; x_wconf 89' lang='lat' dir='ltr'>publica</span> <span class='ocrx_word' id='word_1_356' title='bbox 2013 279 2087 302; x_wconf 89' lang='lat' dir='ltr'>non</span> <span class='ocrx_word' id='word_1_357' title='bbox 2101 269 2202 314; x_wconf 84' lang='lat' dir='ltr'>igno-</span> 
     </span>
     <span class='ocr_line' id='line_1_56' title="bbox 1213 316 2201 365; baseline 0.004 -16"><span class='ocrx_word' id='word_1_358' title='bbox 1213 328 1346 351; x_wconf 87' lang='lat' dir='ltr'>ramus.</span> <span class='ocrx_word' id='word_1_359' title='bbox 1408 316 1482 350; x_wconf 89' lang='lat' dir='ltr'>Soli</span> <span class='ocrx_word' id='word_1_360' title='bbox 1515 317 1609 350; x_wconf 90' lang='lat' dir='ltr'>enim</span> <span class='ocrx_word' id='word_1_361' title='bbox 1643 330 1708 352; x_wconf 89' lang='lat' dir='ltr'>nos</span> <span class='ocrx_word' id='word_1_362' title='bbox 1744 318 1855 352; x_wconf 80' lang='lat' dir='ltr'>civem</span> <span class='ocrx_word' id='word_1_363' title='bbox 1888 330 1962 351; x_wconf 90' lang='lat' dir='ltr'>non</span> <span class='ocrx_word' id='word_1_364' title='bbox 1989 319 2201 365; x_wconf 88' lang='lat' dir='ltr'>participem</span> 
     </span>
     <span class='ocr_line' id='line_1_57' title="bbox 1215 367 2201 415; baseline 0.005 -15"><span class='ocrx_word' id='word_1_365' title='bbox 1215 367 1459 402; x_wconf 88' lang='lat' dir='ltr'>communium</span> <span class='ocrx_word' id='word_1_366' title='bbox 1477 368 1640 402; x_wconf 88' lang='lat' dir='ltr'>laborum</span> <span class='ocrx_word' id='word_1_367' title='bbox 1652 396 1661 410; x_wconf 90' lang='lat'>,</span> <span class='ocrx_word' id='word_1_368' title='bbox 1689 381 1762 403; x_wconf 90' lang='lat' dir='ltr'>non</span> <span class='ocrx_word' id='word_1_369' title='bbox 1781 369 2049 415; x_wconf 85' lang='lat' dir='ltr'>tranquillitatis</span> <span class='ocrx_word' id='word_1_370' title='bbox 2066 371 2201 405; x_wconf 90' lang='lat' dir='ltr'>studio-</span> 
     </span>
     <span class='ocr_line' id='line_1_58' title="bbox 1214 419 2204 461; baseline 0.004 -9"><span class='ocrx_word' id='word_1_371' title='bbox 1214 432 1312 459; x_wconf 89' lang='lat' dir='ltr'>sum,</span> <span class='ocrx_word' id='word_1_372' title='bbox 1339 420 1398 452; x_wconf 90' lang='lat' dir='ltr'>sed</span> <span class='ocrx_word' id='word_1_373' title='bbox 1418 419 1580 453; x_wconf 89' lang='lat' dir='ltr'>inutilem</span> <span class='ocrx_word' id='word_1_374' title='bbox 1597 432 1790 455; x_wconf 87' lang='lat' dir='ltr'>censemus.</span> <span class='ocrx_word' id='word_1_375' title='bbox 1841 421 1887 454; x_wconf 81' lang='lat' dir='ltr'>Et</span> <span class='ocrx_word' id='word_1_376' title='bbox 1902 433 1986 461; x_wconf 91' lang='lat' dir='ltr'>nos,</span> <span class='ocrx_word' id='word_1_377' title='bbox 2014 433 2093 455; x_wconf 92' lang='lat' dir='ltr'>cum</span> <span class='ocrx_word' id='word_1_378' title='bbox 2110 429 2204 456; x_wconf 89' lang='lat' dir='ltr'>recte</span> 
     </span>
     <span class='ocr_line' id='line_1_59' title="bbox 1215 470 2205 511; baseline 0.007 -9"><span class='ocrx_word' id='word_1_379' title='bbox 1215 470 1412 504; x_wconf 90' lang='lat' dir='ltr'>iudicamus</span> <span class='ocrx_word' id='word_1_380' title='bbox 1447 476 1509 504; x_wconf 89' lang='lat' dir='ltr'>aut</span> <span class='ocrx_word' id='word_1_381' title='bbox 1544 470 1807 511; x_wconf 88' lang='lat' dir='ltr'>deliberamus,</span> <span class='ocrx_word' id='word_1_382' title='bbox 1855 484 1929 505; x_wconf 91' lang='lat' dir='ltr'>non</span> <span class='ocrx_word' id='word_1_383' title='bbox 1964 472 2205 509; x_wconf 87' lang='lat' dir='ltr'>existimamus</span> 
     </span>
     <span class='ocr_line' id='line_1_60' title="bbox 1215 522 2204 568; baseline 0.003 -13"><span class='ocrx_word' id='word_1_384' title='bbox 1215 522 1320 555; x_wconf 88' lang='lat' dir='ltr'>rebus</span> <span class='ocrx_word' id='word_1_385' title='bbox 1343 533 1472 556; x_wconf 89' lang='lat' dir='ltr'>nocere</span> <span class='ocrx_word' id='word_1_386' title='bbox 1495 522 1714 563; x_wconf 87' lang='lat' dir='ltr'>orationem,</span> <span class='ocrx_word' id='word_1_387' title='bbox 1749 523 1809 556; x_wconf 89' lang='lat' dir='ltr'>sed</span> <span class='ocrx_word' id='word_1_388' title='bbox 1832 523 1926 557; x_wconf 90' lang='lat' dir='ltr'>nolle</span> <span class='ocrx_word' id='word_1_389' title='bbox 1956 524 2055 568; x_wconf 87' lang='lat' dir='ltr'>prius</span> <span class='ocrx_word' id='word_1_390' title='bbox 2082 525 2204 558; x_wconf 87' lang='lat' dir='ltr'>doceri</span> 
     </span>
     <span class='ocr_line' id='line_1_61' title="bbox 1215 571 2199 618; baseline 0.004 -12"><span class='ocrx_word' id='word_1_391' title='bbox 1215 573 1387 618; x_wconf 85' lang='lat' dir='ltr'>displicet.</span> <span class='ocrx_word' id='word_1_392' title='bbox 1439 573 1530 608; x_wconf 77' lang='lat' dir='ltr'>Nam</span> <span class='ocrx_word' id='word_1_393' title='bbox 1554 580 1588 607; x_wconf 87' lang='lat' dir='ltr'>et</span> <span class='ocrx_word' id='word_1_394' title='bbox 1613 573 1649 606; x_wconf 91' lang='lat' dir='ltr'>in</span> <span class='ocrx_word' id='word_1_395' title='bbox 1672 571 1737 607; x_wconf 87' lang='lat' dir='ltr'>hac</span> <span class='ocrx_word' id='word_1_396' title='bbox 1762 585 1799 606; x_wconf 92' lang='lat' dir='ltr'>re</span> <span class='ocrx_word' id='word_1_397' title='bbox 1819 574 2015 609; x_wconf 85' lang='lat' dir='ltr'>differimus</span> <span class='ocrx_word' id='word_1_398' title='bbox 2040 576 2084 609; x_wconf 90' lang='lat' dir='ltr'>ab</span> <span class='ocrx_word' id='word_1_399' title='bbox 2108 576 2199 618; x_wconf 89' lang='lat' dir='ltr'>aliis,</span> 
     </span>
     <span class='ocr_line' id='line_1_62' title="bbox 1215 625 2204 671; baseline 0.003 -13"><span class='ocrx_word' id='word_1_400' title='bbox 1215 625 1333 670; x_wconf 91' lang='lat' dir='ltr'>quod,</span> <span class='ocrx_word' id='word_1_401' title='bbox 1369 636 1587 671; x_wconf 87' lang='lat' dir='ltr'>quamquam</span> <span class='ocrx_word' id='word_1_402' title='bbox 1616 625 1770 669; x_wconf 84' lang='lat' dir='ltr'>pericula</span> <span class='ocrx_word' id='word_1_403' title='bbox 1794 625 2048 669; x_wconf 89' lang='lat' dir='ltr'>prospicimus,</span> <span class='ocrx_word' id='word_1_404' title='bbox 2081 633 2204 661; x_wconf 87' lang='lat' dir='ltr'>tamen</span> 
     </span>
     <span class='ocr_line' id='line_1_63' title="bbox 1215 676 2206 720; baseline 0.004 -11"><span class='ocrx_word' id='word_1_405' title='bbox 1215 676 1380 709; x_wconf 89' lang='lat' dir='ltr'>audendo</span> <span class='ocrx_word' id='word_1_406' title='bbox 1405 688 1445 709; x_wconf 88' lang='lat' dir='ltr'>ea</span> <span class='ocrx_word' id='word_1_407' title='bbox 1468 676 1716 720; x_wconf 84' lang='lat' dir='ltr'>aggredimur,</span> <span class='ocrx_word' id='word_1_408' title='bbox 1744 688 1822 709; x_wconf 91' lang='lat' dir='ltr'>cum</span> <span class='ocrx_word' id='word_1_409' title='bbox 1847 676 1931 710; x_wconf 75' lang='lat' dir='ltr'>aliis&#39;</span> <span class='ocrx_word' id='word_1_410' title='bbox 1941 676 2077 711; x_wconf 90' lang='lat' dir='ltr'>inscitia</span> <span class='ocrx_word' id='word_1_411' title='bbox 2096 680 2206 713; x_wconf 90' lang='lat' dir='ltr'>auda-</span> 
     </span>
     <span class='ocr_line' id='line_1_64' title="bbox 1216 727 2204 772; baseline 0.004 -12"><span class='ocrx_word' id='word_1_412' title='bbox 1216 727 1305 760; x_wconf 87' lang='lat' dir='ltr'>ciam</span> <span class='ocrx_word' id='word_1_413' title='bbox 1327 728 1454 767; x_wconf 89' lang='lat' dir='ltr'>addat,</span> <span class='ocrx_word' id='word_1_414' title='bbox 1480 727 1748 772; x_wconf 87' lang='lat' dir='ltr'>circumspectio</span> <span class='ocrx_word' id='word_1_415' title='bbox 1766 727 2005 761; x_wconf 87' lang='lat' dir='ltr'>timiditatem.</span> <span class='ocrx_word' id='word_1_416' title='bbox 2048 728 2204 764; x_wconf 87' lang='lat' dir='ltr'>Consen-</span> 
     </span>
     <span class='ocr_line' id='line_1_65' title="bbox 1214 778 2203 825; baseline 0.004 -14"><span class='ocrx_word' id='word_1_417' title='bbox 1214 785 1358 812; x_wconf 90' lang='lat' dir='ltr'>taneum</span> <span class='ocrx_word' id='word_1_418' title='bbox 1376 785 1427 812; x_wconf 91' lang='lat' dir='ltr'>est</span> <span class='ocrx_word' id='word_1_419' title='bbox 1444 785 1562 812; x_wconf 87' lang='lat' dir='ltr'>autem</span> <span class='ocrx_word' id='word_1_420' title='bbox 1579 779 1791 814; x_wconf 85' lang='lat' dir='ltr'>fortissimos</span> <span class='ocrx_word' id='word_1_421' title='bbox 1809 791 1902 820; x_wconf 89' lang='lat' dir='ltr'>esse,</span> <span class='ocrx_word' id='word_1_422' title='bbox 1930 778 1991 824; x_wconf 92' lang='lat' dir='ltr'>qui</span> <span class='ocrx_word' id='word_1_423' title='bbox 2009 790 2088 813; x_wconf 90' lang='lat' dir='ltr'>curn</span> <span class='ocrx_word' id='word_1_424' title='bbox 2112 782 2203 825; x_wconf 89' lang='lat' dir='ltr'>opti—</span> 
     </span>
     <span class='ocr_line' id='line_1_66' title="bbox 1214 830 2204 866; baseline 0.004 -4"><span class='ocrx_word' id='word_1_425' title='bbox 1214 843 1270 863; x_wconf 88' lang='lat' dir='ltr'>me</span> <span class='ocrx_word' id='word_1_426' title='bbox 1300 830 1414 864; x_wconf 86' lang='lat' dir='ltr'>sciant</span> <span class='ocrx_word' id='word_1_427' title='bbox 1437 830 1627 864; x_wconf 87' lang='lat' dir='ltr'>discrimen</span> <span class='ocrx_word' id='word_1_428' title='bbox 1659 830 1872 864; x_wconf 86' lang='lat' dir='ltr'>terribilium</span> <span class='ocrx_word' id='word_1_429' title='bbox 1908 842 2029 863; x_wconf 85' lang='lat' dir='ltr'>rerum</span> <span class='ocrx_word' id='word_1_430' title='bbox 2061 837 2096 865; x_wconf 92' lang='lat' dir='ltr'>et</span> <span class='ocrx_word' id='word_1_431' title='bbox 2124 844 2204 866; x_wconf 85' lang='lat' dir='ltr'>sua·</span> 
     </span>
     <span class='ocr_line' id='line_1_67' title="bbox 1214 881 2024 926; baseline 0 -12"><span class='ocrx_word' id='word_1_432' title='bbox 1214 882 1310 915; x_wconf 64' lang='lat' dir='ltr'>vium</span> <span class='ocrx_word' id='word_1_433' title='bbox 1324 909 1332 920; x_wconf 86' lang='lat'>,</span> <span class='ocrx_word' id='word_1_434' title='bbox 1361 889 1550 926; x_wconf 91' lang='lat' dir='ltr'>propterea</span> <span class='ocrx_word' id='word_1_435' title='bbox 1569 894 1643 915; x_wconf 93' lang='lat' dir='ltr'>non</span> <span class='ocrx_word' id='word_1_436' title='bbox 1660 882 1800 926; x_wconf 86' lang='lat' dir='ltr'>fugiunt</span> <span class='ocrx_word' id='word_1_437' title='bbox 1813 881 2024 926; x_wconf 89' lang='lat' dir='ltr'>periculum.</span> 
     </span>
    </p>

    <p class='ocr_par' dir='ltr' id='par_1_9' title="bbox 1209 932 2204 1904">
     <span class='ocr_line' id='line_1_68' title="bbox 1315 932 2203 979; baseline 0.002 -14"><span class='ocrx_word' id='word_1_438' title='bbox 1315 932 1355 965; x_wconf 94' lang='lat' dir='ltr'>In</span> <span class='ocrx_word' id='word_1_439' title='bbox 1379 933 1703 967; x_wconf 86' lang='lat' dir='ltr'>communicatione</span> <span class='ocrx_word' id='word_1_440' title='bbox 1728 933 1926 967; x_wconf 83' lang='lat' dir='ltr'>officiorum</span> <span class='ocrx_word' id='word_1_441' title='bbox 1961 932 2068 966; x_wconf 89' lang='lat' dir='ltr'>etiam</span> <span class='ocrx_word' id='word_1_442' title='bbox 2096 945 2203 979; x_wconf 88' lang='lat' dir='ltr'>quae-</span> 
     </span>
     <span class='ocr_line' id='line_1_69' title="bbox 1213 984 2203 1030; baseline 0.003 -14"><span class='ocrx_word' id='word_1_443' title='bbox 1213 985 1295 1017; x_wconf 90' lang='lat' dir='ltr'>dam</span> <span class='ocrx_word' id='word_1_444' title='bbox 1315 984 1418 1018; x_wconf 88' lang='lat' dir='ltr'>aliter</span> <span class='ocrx_word' id='word_1_445' title='bbox 1432 985 1580 1018; x_wconf 80' lang='lat' dir='ltr'>facimus</span> <span class='ocrx_word' id='word_1_446' title='bbox 1598 998 1704 1030; x_wconf 89' lang='lat' dir='ltr'>quam</span> <span class='ocrx_word' id='word_1_447' title='bbox 1731 984 1854 1024; x_wconf 87' lang='lat' dir='ltr'>multi,</span> <span class='ocrx_word' id='word_1_448' title='bbox 1880 996 1954 1017; x_wconf 92' lang='lat' dir='ltr'>non</span> <span class='ocrx_word' id='word_1_449' title='bbox 1976 984 2203 1029; x_wconf 89' lang='lat' dir='ltr'>accipiendis,</span> 
     </span>
     <span class='ocr_line' id='line_1_70' title="bbox 1212 1034 2204 1082; baseline 0.001 -13"><span class='ocrx_word' id='word_1_450' title='bbox 1212 1036 1272 1069; x_wconf 89' lang='lat' dir='ltr'>sed</span> <span class='ocrx_word' id='word_1_451' title='bbox 1296 1036 1422 1070; x_wconf 89' lang='lat' dir='ltr'>dandis</span> <span class='ocrx_word' id='word_1_452' title='bbox 1456 1036 1633 1070; x_wconf 87' lang='lat' dir='ltr'>beneficiis</span> <span class='ocrx_word' id='word_1_453' title='bbox 1664 1035 1796 1070; x_wconf 88' lang='lat' dir='ltr'>amicos</span> <span class='ocrx_word' id='word_1_454' title='bbox 1829 1034 2059 1082; x_wconf 86' lang='lat' dir='ltr'>acquirimus.</span> <span class='ocrx_word' id='word_1_455' title='bbox 2125 1035 2204 1070; x_wconf 86' lang='lat' dir='ltr'>Fir-</span> 
     </span>
     <span class='ocr_line' id='line_1_71' title="bbox 1212 1086 2203 1133; baseline 0.003 -14"><span class='ocrx_word' id='word_1_456' title='bbox 1212 1087 1307 1120; x_wconf 89' lang='lat' dir='ltr'>mior</span> <span class='ocrx_word' id='word_1_457' title='bbox 1325 1094 1375 1121; x_wconf 90' lang='lat' dir='ltr'>est</span> <span class='ocrx_word' id='word_1_458' title='bbox 1399 1094 1517 1121; x_wconf 91' lang='lat' dir='ltr'>autem</span> <span class='ocrx_word' id='word_1_459' title='bbox 1536 1088 1688 1128; x_wconf 87' lang='lat' dir='ltr'>amicus,</span> <span class='ocrx_word' id='word_1_460' title='bbox 1712 1087 1773 1133; x_wconf 92' lang='lat' dir='ltr'>qui</span> <span class='ocrx_word' id='word_1_461' title='bbox 1789 1089 1851 1121; x_wconf 90' lang='lat' dir='ltr'>dat</span> <span class='ocrx_word' id='word_1_462' title='bbox 1871 1086 2081 1121; x_wconf 88' lang='lat' dir='ltr'>beneficium</span> <span class='ocrx_word' id='word_1_463' title='bbox 2094 1113 2103 1128; x_wconf 90' lang='lat'>‚</span> <span class='ocrx_word' id='word_1_464' title='bbox 2130 1094 2203 1122; x_wconf 87' lang='lat' dir='ltr'>stu·</span> 
     </span>
     <span class='ocr_line' id='line_1_72' title="bbox 1213 1138 2204 1183; baseline 0 -11"><span class='ocrx_word' id='word_1_465' title='bbox 1213 1140 1299 1172; x_wconf 90' lang='lat' dir='ltr'>dens</span> <span class='ocrx_word' id='word_1_466' title='bbox 1323 1139 1477 1172; x_wconf 87' lang='lat' dir='ltr'>retinere</span> <span class='ocrx_word' id='word_1_467' title='bbox 1502 1139 1786 1173; x_wconf 79' lang='lat' dir='ltr'>benevolentiam</span> <span class='ocrx_word' id='word_1_468' title='bbox 1813 1140 1908 1183; x_wconf 87' lang='lat' dir='ltr'>apud</span> <span class='ocrx_word' id='word_1_469' title='bbox 1935 1150 2037 1178; x_wconf 91' lang='lat' dir='ltr'>eum,</span> <span class='ocrx_word' id='word_1_470' title='bbox 2065 1138 2121 1172; x_wconf 91' lang='lat' dir='ltr'>cui</span> <span class='ocrx_word' id='word_1_471' title='bbox 2143 1140 2204 1172; x_wconf 88' lang='lat' dir='ltr'>be-</span> 
     </span>
     <span class='ocr_line' id='line_1_73' title="bbox 1212 1190 2202 1236; baseline 0.001 -13"><span class='ocrx_word' id='word_1_472' title='bbox 1212 1191 1399 1229; x_wconf 84' lang='lat' dir='ltr'>nefecerit;</span> <span class='ocrx_word' id='word_1_473' title='bbox 1426 1191 1485 1224; x_wconf 90' lang='lat' dir='ltr'>sed</span> <span class='ocrx_word' id='word_1_474' title='bbox 1506 1191 1567 1236; x_wconf 92' lang='lat' dir='ltr'>qui</span> <span class='ocrx_word' id='word_1_475' title='bbox 1584 1191 1688 1224; x_wconf 86' lang='lat' dir='ltr'>debet</span> <span class='ocrx_word' id='word_1_476' title='bbox 1704 1191 1850 1224; x_wconf 89' lang='lat' dir='ltr'>reddere</span> <span class='ocrx_word' id='word_1_477' title='bbox 1868 1190 2032 1234; x_wconf 85' lang='lat' dir='ltr'>gratiam,</span> <span class='ocrx_word' id='word_1_478' title='bbox 2059 1190 2202 1234; x_wconf 86' lang='lat' dir='ltr'>segnior</span> 
     </span>
     <span class='ocr_line' id='line_1_74' title="bbox 1214 1241 2203 1287; baseline 0 -12"><span class='ocrx_word' id='word_1_479' title='bbox 1214 1248 1286 1281; x_wconf 88' lang='lat' dir='ltr'>est,</span> <span class='ocrx_word' id='word_1_480' title='bbox 1315 1241 1397 1287; x_wconf 87' lang='lat' dir='ltr'>quia</span> <span class='ocrx_word' id='word_1_481' title='bbox 1416 1242 1481 1275; x_wconf 86' lang='lat' dir='ltr'>scit</span> <span class='ocrx_word' id='word_1_482' title='bbox 1497 1243 1654 1275; x_wconf 87' lang='lat' dir='ltr'>debitum</span> <span class='ocrx_word' id='word_1_483' title='bbox 1674 1254 1748 1275; x_wconf 91' lang='lat' dir='ltr'>non</span> <span class='ocrx_word' id='word_1_484' title='bbox 1769 1241 1963 1274; x_wconf 81' lang='lat' dir='ltr'>existimari</span> <span class='ocrx_word' id='word_1_485' title='bbox 1980 1241 2203 1283; x_wconf 88' lang='lat' dir='ltr'>beneficium,</span> 
     </span>
     <span class='ocr_line' id='line_1_75' title="bbox 1213 1293 2203 1336; baseline 0.001 -10"><span class='ocrx_word' id='word_1_486' title='bbox 1213 1305 1292 1326; x_wconf 91' lang='lat' dir='ltr'>cum</span> <span class='ocrx_word' id='word_1_487' title='bbox 1310 1293 1463 1327; x_wconf 79' lang='lat' dir='ltr'>vicissim</span> <span class='ocrx_word' id='word_1_488' title='bbox 1482 1293 1666 1328; x_wconf 84' lang='lat' dir='ltr'>benefacit.</span> <span class='ocrx_word' id='word_1_489' title='bbox 1719 1293 1792 1327; x_wconf 63' lang='lat' dir='ltr'>Mc</span> <span class='ocrx_word' id='word_1_490' title='bbox 1808 1293 1918 1336; x_wconf 82' lang='lat' dir='ltr'>magis</span> <span class='ocrx_word' id='word_1_491' title='bbox 1934 1303 2123 1326; x_wconf 89' lang='lat' dir='ltr'>movemur</span> <span class='ocrx_word' id='word_1_492' title='bbox 2137 1305 2203 1327; x_wconf 91' lang='lat' dir='ltr'>no-</span> 
     </span>
     <span class='ocr_line' id='line_1_76' title="bbox 1212 1343 2203 1390; baseline 0.001 -12"><span class='ocrx_word' id='word_1_493' title='bbox 1212 1350 1282 1378; x_wconf 87' lang='lat' dir='ltr'>stra</span> <span class='ocrx_word' id='word_1_494' title='bbox 1293 1343 1456 1384; x_wconf 87' lang='lat' dir='ltr'>utilitate,</span> <span class='ocrx_word' id='word_1_495' title='bbox 1473 1356 1579 1390; x_wconf 89' lang='lat' dir='ltr'>quam</span> <span class='ocrx_word' id='word_1_496' title='bbox 1596 1345 1663 1377; x_wconf 89' lang='lat' dir='ltr'>fide</span> <span class='ocrx_word' id='word_1_497' title='bbox 1678 1350 1711 1377; x_wconf 90' lang='lat' dir='ltr'>et</span> <span class='ocrx_word' id='word_1_498' title='bbox 1727 1343 1951 1384; x_wconf 88' lang='lat' dir='ltr'>liberalitate,</span> <span class='ocrx_word' id='word_1_499' title='bbox 1968 1349 2008 1377; x_wconf 91' lang='lat' dir='ltr'>ut</span> <span class='ocrx_word' id='word_1_500' title='bbox 2020 1343 2095 1377; x_wconf 88' lang='lat' dir='ltr'>sine</span> <span class='ocrx_word' id='word_1_501' title='bbox 2105 1351 2203 1379; x_wconf 88' lang='lat' dir='ltr'>metu</span> 
     </span>
     <span class='ocr_line' id='line_1_77' title="bbox 1212 1394 2203 1436; baseline 0.002 -9"><span class='ocrx_word' id='word_1_502' title='bbox 1212 1394 1290 1428; x_wconf 89' lang='lat' dir='ltr'>aliis</span> <span class='ocrx_word' id='word_1_503' title='bbox 1306 1395 1580 1430; x_wconf 82' lang='lat' dir='ltr'>benefaciamus.</span> <span class='ocrx_word' id='word_1_504' title='bbox 1632 1395 1680 1428; x_wconf 85' lang='lat' dir='ltr'>At</span> <span class='ocrx_word' id='word_1_505' title='bbox 1697 1395 1812 1428; x_wconf 90' lang='lat' dir='ltr'>dicam</span> <span class='ocrx_word' id='word_1_506' title='bbox 1830 1395 1866 1427; x_wconf 92' lang='lat' dir='ltr'>in</span> <span class='ocrx_word' id='word_1_507' title='bbox 1882 1406 2020 1428; x_wconf 88' lang='lat' dir='ltr'>summa</span> <span class='ocrx_word' id='word_1_508' title='bbox 2032 1421 2042 1436; x_wconf 88' lang='lat'>‚</span> <span class='ocrx_word' id='word_1_509' title='bbox 2068 1401 2109 1428; x_wconf 90' lang='lat' dir='ltr'>ut</span> <span class='ocrx_word' id='word_1_510' title='bbox 2122 1396 2203 1429; x_wconf 93' lang='lat' dir='ltr'>uni-</span> 
     </span>
     <span class='ocr_line' id='line_1_78' title="bbox 1212 1445 2203 1492; baseline 0.003 -14"><span class='ocrx_word' id='word_1_511' title='bbox 1212 1458 1310 1480; x_wconf 68' lang='lat' dir='ltr'>versa</span> <span class='ocrx_word' id='word_1_512' title='bbox 1341 1446 1462 1480; x_wconf 78' lang='lat' dir='ltr'>civitas</span> <span class='ocrx_word' id='word_1_513' title='bbox 1485 1445 1658 1480; x_wconf 88' lang='lat' dir='ltr'>Graeciae</span> <span class='ocrx_word' id='word_1_514' title='bbox 1692 1445 1860 1490; x_wconf 83' lang='lat' dir='ltr'>magistra</span> <span class='ocrx_word' id='word_1_515' title='bbox 1888 1451 1957 1486; x_wconf 90' lang='lat' dir='ltr'>est,</span> <span class='ocrx_word' id='word_1_516' title='bbox 1995 1446 2045 1480; x_wconf 93' lang='lat' dir='ltr'>sic</span> <span class='ocrx_word' id='word_1_517' title='bbox 2072 1446 2203 1492; x_wconf 86' lang='lat' dir='ltr'>singuli</span> 
     </span>
     <span class='ocr_line' id='line_1_79' title="bbox 1211 1496 2204 1542; baseline 0.002 -12"><span class='ocrx_word' id='word_1_518' title='bbox 1211 1497 1303 1531; x_wconf 78' lang='lat' dir='ltr'>cives</span> <span class='ocrx_word' id='word_1_519' title='bbox 1331 1498 1375 1530; x_wconf 92' lang='lat' dir='ltr'>ad</span> <span class='ocrx_word' id='word_1_520' title='bbox 1409 1497 1581 1542; x_wconf 91' lang='lat' dir='ltr'>plurimas</span> <span class='ocrx_word' id='word_1_521' title='bbox 1616 1497 1747 1542; x_wconf 90' lang='lat' dir='ltr'>species</span> <span class='ocrx_word' id='word_1_522' title='bbox 1779 1496 2007 1541; x_wconf 88' lang='lat' dir='ltr'>negotiorum</span> <span class='ocrx_word' id='word_1_523' title='bbox 2037 1498 2204 1532; x_wconf 89' lang='lat' dir='ltr'>decenter</span> 
     </span>
     <span class='ocr_line' id='line_1_80' title="bbox 1211 1548 2202 1592; baseline 0.003 -11"><span class='ocrx_word' id='word_1_524' title='bbox 1211 1548 1331 1582; x_wconf 90' lang='lat' dir='ltr'>idonei</span> <span class='ocrx_word' id='word_1_525' title='bbox 1363 1555 1456 1583; x_wconf 87' lang='lat' dir='ltr'>sunt.</span> <span class='ocrx_word' id='word_1_526' title='bbox 1524 1549 1620 1582; x_wconf 88' lang='lat' dir='ltr'>Haec</span> <span class='ocrx_word' id='word_1_527' title='bbox 1654 1561 1727 1582; x_wconf 93' lang='lat' dir='ltr'>non</span> <span class='ocrx_word' id='word_1_528' title='bbox 1760 1560 1850 1581; x_wconf 78' lang='lat' dir='ltr'>vane</span> <span class='ocrx_word' id='word_1_529' title='bbox 1879 1548 2099 1592; x_wconf 89' lang='lat' dir='ltr'>praedicari,</span> <span class='ocrx_word' id='word_1_530' title='bbox 2141 1551 2202 1584; x_wconf 90' lang='lat' dir='ltr'>sed</span> 
     </span>
     <span class='ocr_line' id='line_1_81' title="bbox 1210 1599 2201 1644; baseline 0.001 -10"><span class='ocrx_word' id='word_1_531' title='bbox 1210 1612 1248 1634; x_wconf 90' lang='lat' dir='ltr'>re</span> <span class='ocrx_word' id='word_1_532' title='bbox 1279 1599 1353 1644; x_wconf 89' lang='lat' dir='ltr'>ipsa</span> <span class='ocrx_word' id='word_1_533' title='bbox 1382 1600 1430 1634; x_wconf 91' lang='lat' dir='ltr'>sic</span> <span class='ocrx_word' id='word_1_534' title='bbox 1458 1613 1493 1634; x_wconf 92' lang='lat' dir='ltr'>se</span> <span class='ocrx_word' id='word_1_535' title='bbox 1523 1599 1674 1641; x_wconf 88' lang='lat' dir='ltr'>habere,</span> <span class='ocrx_word' id='word_1_536' title='bbox 1716 1600 1814 1634; x_wconf 85' lang='lat' dir='ltr'>urbis</span> <span class='ocrx_word' id='word_1_537' title='bbox 1842 1599 2001 1644; x_wconf 87' lang='lat' dir='ltr'>potentia</span> <span class='ocrx_word' id='word_1_538' title='bbox 2034 1601 2201 1643; x_wconf 89' lang='lat' dir='ltr'>ostendit,</span> 
     </span>
     <span class='ocr_line' id='line_1_82' title="bbox 1211 1648 2202 1697; baseline 0.001 -12"><span class='ocrx_word' id='word_1_539' title='bbox 1211 1663 1302 1697; x_wconf 86' lang='lat' dir='ltr'>quae</span> <span class='ocrx_word' id='word_1_540' title='bbox 1325 1649 1380 1685; x_wconf 90' lang='lat' dir='ltr'>his</span> <span class='ocrx_word' id='word_1_541' title='bbox 1402 1652 1562 1687; x_wconf 89' lang='lat' dir='ltr'>moribus</span> <span class='ocrx_word' id='word_1_542' title='bbox 1585 1652 1707 1686; x_wconf 70' lang='lat' dir='ltr'>crevit.</span> <span class='ocrx_word' id='word_1_543' title='bbox 1761 1651 1842 1685; x_wconf 89' lang='lat' dir='ltr'>Sola</span> <span class='ocrx_word' id='word_1_544' title='bbox 1861 1648 1947 1684; x_wconf 85' lang='lat' dir='ltr'>haec</span> <span class='ocrx_word' id='word_1_545' title='bbox 1969 1652 2054 1686; x_wconf 86' lang='lat' dir='ltr'>urbs</span> <span class='ocrx_word' id='word_1_546' title='bbox 2070 1664 2202 1697; x_wconf 87' lang='lat' dir='ltr'>cogno-</span> 
     </span>
     <span class='ocr_line' id='line_1_83' title="bbox 1210 1703 2202 1749; baseline 0.001 -12"><span class='ocrx_word' id='word_1_547' title='bbox 1210 1703 1319 1737; x_wconf 87' lang='lat' dir='ltr'>scitur</span> <span class='ocrx_word' id='word_1_548' title='bbox 1345 1704 1563 1748; x_wconf 85' lang='lat' dir='ltr'>experiundo</span> <span class='ocrx_word' id='word_1_549' title='bbox 1593 1703 1832 1749; x_wconf 88' lang='lat' dir='ltr'>praestantior</span> <span class='ocrx_word' id='word_1_550' title='bbox 1853 1714 1945 1742; x_wconf 88' lang='lat' dir='ltr'>esse,</span> <span class='ocrx_word' id='word_1_551' title='bbox 1974 1715 2083 1749; x_wconf 89' lang='lat' dir='ltr'>quam</span> <span class='ocrx_word' id='word_1_552' title='bbox 2113 1704 2202 1738; x_wconf 88' lang='lat' dir='ltr'>cele-</span> 
     </span>
     <span class='ocr_line' id='line_1_84' title="bbox 1210 1753 2200 1799; baseline 0.002 -11"><span class='ocrx_word' id='word_1_553' title='bbox 1210 1754 1338 1788; x_wconf 90' lang='lat' dir='ltr'>britate</span> <span class='ocrx_word' id='word_1_554' title='bbox 1361 1755 1494 1795; x_wconf 87' lang='lat' dir='ltr'>famae,</span> <span class='ocrx_word' id='word_1_555' title='bbox 1528 1756 1600 1790; x_wconf 89' lang='lat' dir='ltr'>sola</span> <span class='ocrx_word' id='word_1_556' title='bbox 1624 1767 1698 1788; x_wconf 91' lang='lat' dir='ltr'>non</span> <span class='ocrx_word' id='word_1_557' title='bbox 1728 1754 1888 1799; x_wconf 83' lang='lat' dir='ltr'>indulget</span> <span class='ocrx_word' id='word_1_558' title='bbox 1920 1753 2014 1794; x_wconf 87' lang='lat' dir='ltr'>irae,</span> <span class='ocrx_word' id='word_1_559' title='bbox 2041 1767 2122 1789; x_wconf 92' lang='lat' dir='ltr'>cum</span> <span class='ocrx_word' id='word_1_560' title='bbox 2155 1756 2200 1790; x_wconf 89' lang='lat' dir='ltr'>ab</span> 
     </span>
     <span class='ocr_line' id='line_1_85' title="bbox 1210 1804 2200 1851; baseline 0 -11"><span class='ocrx_word' id='word_1_561' title='bbox 1210 1805 1371 1840; x_wconf 88' lang='lat' dir='ltr'>hostibus</span> <span class='ocrx_word' id='word_1_562' title='bbox 1396 1806 1611 1840; x_wconf 88' lang='lat' dir='ltr'>detrimento</span> <span class='ocrx_word' id='word_1_563' title='bbox 1633 1807 1756 1840; x_wconf 84' lang='lat' dir='ltr'>affecta</span> <span class='ocrx_word' id='word_1_564' title='bbox 1783 1811 1852 1846; x_wconf 90' lang='lat' dir='ltr'>est,</span> <span class='ocrx_word' id='word_1_565' title='bbox 1880 1817 1943 1839; x_wconf 88' lang='lat' dir='ltr'>nec</span> <span class='ocrx_word' id='word_1_566' title='bbox 1968 1804 2200 1851; x_wconf 88' lang='lat' dir='ltr'>reprehendi-</span> 
     </span>
     <span class='ocr_line' id='line_1_86' title="bbox 1209 1856 2001 1904; baseline -0.001 -11"><span class='ocrx_word' id='word_1_567' title='bbox 1209 1866 1268 1893; x_wconf 85' lang='lat' dir='ltr'>tur</span> <span class='ocrx_word' id='word_1_568' title='bbox 1284 1869 1303 1890; x_wconf 86' lang='lat' dir='ltr'>a</span> <span class='ocrx_word' id='word_1_569' title='bbox 1321 1858 1481 1898; x_wconf 89' lang='lat' dir='ltr'>subditis,</span> <span class='ocrx_word' id='word_1_570' title='bbox 1503 1860 1599 1904; x_wconf 87' lang='lat' dir='ltr'>quod</span> <span class='ocrx_word' id='word_1_571' title='bbox 1616 1858 1760 1902; x_wconf 82' lang='lat' dir='ltr'>indigna</span> <span class='ocrx_word' id='word_1_572' title='bbox 1779 1857 1823 1891; x_wconf 89' lang='lat' dir='ltr'>sit</span> <span class='ocrx_word' id='word_1_573' title='bbox 1836 1856 2001 1902; x_wconf 88' lang='lat' dir='ltr'>imperio.</span> 
     </span>
    </p>

    <p class='ocr_par' dir='ltr' id='par_1_10' title="bbox 1207 1908 2198 2458">
     <span class='ocr_line' id='line_1_87' title="bbox 1313 1908 2196 1954; baseline 0.001 -11"><span class='ocrx_word' id='word_1_574' title='bbox 1313 1909 1402 1943; x_wconf 90' lang='lat' dir='ltr'>Cum</span> <span class='ocrx_word' id='word_1_575' title='bbox 1421 1910 1528 1954; x_wconf 85' lang='lat' dir='ltr'>igitur</span> <span class='ocrx_word' id='word_1_576' title='bbox 1551 1916 1668 1943; x_wconf 86' lang='lat' dir='ltr'>extent</span> <span class='ocrx_word' id='word_1_577' title='bbox 1686 1908 1887 1943; x_wconf 87' lang='lat' dir='ltr'>testimonia</span> <span class='ocrx_word' id='word_1_578' title='bbox 1908 1915 2052 1942; x_wconf 90' lang='lat' dir='ltr'>nostrae</span> <span class='ocrx_word' id='word_1_579' title='bbox 2070 1916 2196 1954; x_wconf 87' lang='lat' dir='ltr'>poten-</span> 
     </span>
     <span class='ocr_line' id='line_1_88' title="bbox 1210 1958 2197 2006; baseline -0.001 -11"><span class='ocrx_word' id='word_1_580' title='bbox 1210 1962 1300 2002; x_wconf 84' lang='lat' dir='ltr'>tiae,</span> <span class='ocrx_word' id='word_1_581' title='bbox 1334 1968 1536 2005; x_wconf 87' lang='lat' dir='ltr'>praesentes</span> <span class='ocrx_word' id='word_1_582' title='bbox 1561 1968 1594 1995; x_wconf 89' lang='lat' dir='ltr'>et</span> <span class='ocrx_word' id='word_1_583' title='bbox 1618 1960 1749 2006; x_wconf 89' lang='lat' dir='ltr'>posteri</span> <span class='ocrx_word' id='word_1_584' title='bbox 1776 1958 1866 1993; x_wconf 90' lang='lat' dir='ltr'>hanc</span> <span class='ocrx_word' id='word_1_585' title='bbox 1891 1960 2015 1993; x_wconf 90' lang='lat' dir='ltr'>urbem</span> <span class='ocrx_word' id='word_1_586' title='bbox 2041 1961 2197 1994; x_wconf 88' lang='lat' dir='ltr'>admira-</span> 
     </span>
     <span class='ocr_line' id='line_1_89' title="bbox 1209 2011 2198 2057; baseline 0 -11"><span class='ocrx_word' id='word_1_587' title='bbox 1209 2015 1363 2053; x_wconf 84' lang='lat' dir='ltr'>buntur,</span> <span class='ocrx_word' id='word_1_588' title='bbox 1405 2025 1470 2046; x_wconf 88' lang='lat' dir='ltr'>nec</span> <span class='ocrx_word' id='word_1_589' title='bbox 1502 2013 1699 2057; x_wconf 83' lang='lat' dir='ltr'>indigemus</span> <span class='ocrx_word' id='word_1_590' title='bbox 1737 2011 1895 2045; x_wconf 88' lang='lat' dir='ltr'>Homero</span> <span class='ocrx_word' id='word_1_591' title='bbox 1925 2023 2102 2056; x_wconf 83' lang='lat' dir='ltr'>praecone</span> <span class='ocrx_word' id='word_1_592' title='bbox 2135 2019 2198 2046; x_wconf 91' lang='lat' dir='ltr'>aut</span> 
     </span>
     <span class='ocr_line' id='line_1_90' title="bbox 1209 2063 2196 2109; baseline -0.001 -11"><span class='ocrx_word' id='word_1_593' title='bbox 1209 2065 1279 2098; x_wconf 91' lang='lat' dir='ltr'>alio</span> <span class='ocrx_word' id='word_1_594' title='bbox 1292 2091 1300 2104; x_wconf 83' lang='lat'>‚</span> <span class='ocrx_word' id='word_1_595' title='bbox 1329 2064 1391 2109; x_wconf 87' lang='lat' dir='ltr'>qui</span> <span class='ocrx_word' id='word_1_596' title='bbox 1407 2065 1442 2098; x_wconf 89' lang='lat' dir='ltr'>in</span> <span class='ocrx_word' id='word_1_597' title='bbox 1461 2064 1658 2109; x_wconf 83' lang='lat' dir='ltr'>praesentia</span> <span class='ocrx_word' id='word_1_598' title='bbox 1679 2063 1825 2096; x_wconf 80' lang='lat' dir='ltr'>deliniat</span> <span class='ocrx_word' id='word_1_599' title='bbox 1843 2063 2045 2104; x_wconf 87' lang='lat' dir='ltr'>audientes,</span> <span class='ocrx_word' id='word_1_600' title='bbox 2072 2070 2196 2108; x_wconf 87' lang='lat' dir='ltr'>postea</span> 
     </span>
     <span class='ocr_line' id='line_1_91' title="bbox 1209 2114 2197 2150; baseline -0.002 0"><span class='ocrx_word' id='word_1_601' title='bbox 1209 2124 1328 2150; x_wconf 88' lang='lat' dir='ltr'>tamen</span> <span class='ocrx_word' id='word_1_602' title='bbox 1344 2116 1492 2149; x_wconf 71' lang='lat' dir='ltr'>veritate</span> <span class='ocrx_word' id='word_1_603' title='bbox 1509 2128 1626 2149; x_wconf 88' lang='lat' dir='ltr'>rerum</span> <span class='ocrx_word' id='word_1_604' title='bbox 1644 2116 1828 2148; x_wconf 84' lang='lat' dir='ltr'>refutetur.</span> <span class='ocrx_word' id='word_1_605' title='bbox 1880 2114 1947 2147; x_wconf 87' lang='lat' dir='ltr'>Sed</span> <span class='ocrx_word' id='word_1_606' title='bbox 1965 2120 2079 2148; x_wconf 90' lang='lat' dir='ltr'>totum</span> <span class='ocrx_word' id='word_1_607' title='bbox 2098 2127 2197 2149; x_wconf 90' lang='lat' dir='ltr'>mare</span> 
     </span>
     <span class='ocr_line' id='line_1_92' title="bbox 1209 2166 2198 2211; baseline -0.001 -10"><span class='ocrx_word' id='word_1_608' title='bbox 1209 2175 1243 2201; x_wconf 90' lang='lat' dir='ltr'>et</span> <span class='ocrx_word' id='word_1_609' title='bbox 1258 2174 1388 2200; x_wconf 86' lang='lat' dir='ltr'>terram</span> <span class='ocrx_word' id='word_1_610' title='bbox 1407 2175 1528 2201; x_wconf 89' lang='lat' dir='ltr'>nostra</span> <span class='ocrx_word' id='word_1_611' title='bbox 1545 2166 1690 2200; x_wconf 88' lang='lat' dir='ltr'>audacia</span> <span class='ocrx_word' id='word_1_612' title='bbox 1708 2166 1866 2211; x_wconf 73' lang='lat' dir='ltr'>perviam</span> <span class='ocrx_word' id='word_1_613' title='bbox 1885 2166 2044 2208; x_wconf 83' lang='lat' dir='ltr'>fecimus,</span> <span class='ocrx_word' id='word_1_614' title='bbox 2070 2173 2105 2200; x_wconf 87' lang='lat' dir='ltr'>et</span> <span class='ocrx_word' id='word_1_615' title='bbox 2120 2167 2198 2200; x_wconf 88' lang='lat' dir='ltr'>ubi-</span> 
     </span>
     <span class='ocr_line' id='line_1_93' title="bbox 1208 2217 2197 2265; baseline -0.001 -12"><span class='ocrx_word' id='word_1_616' title='bbox 1208 2231 1276 2265; x_wconf 89' lang='lat' dir='ltr'>que</span> <span class='ocrx_word' id='word_1_617' title='bbox 1312 2226 1543 2253; x_wconf 86' lang='lat' dir='ltr'>mouumenta</span> <span class='ocrx_word' id='word_1_618' title='bbox 1575 2217 1826 2251; x_wconf 66' lang='lat' dir='ltr'>collocavimus</span> <span class='ocrx_word' id='word_1_619' title='bbox 1856 2217 2013 2251; x_wconf 85' lang='lat' dir='ltr'>felicium</span> <span class='ocrx_word' id='word_1_620' title='bbox 2045 2224 2080 2251; x_wconf 87' lang='lat' dir='ltr'>et</span> <span class='ocrx_word' id='word_1_621' title='bbox 2108 2218 2197 2252; x_wconf 86' lang='lat' dir='ltr'>infe·</span> 
     </span>
     <span class='ocr_line' id='line_1_94' title="bbox 1207 2268 2195 2315; baseline 0 -12"><span class='ocrx_word' id='word_1_622' title='bbox 1207 2271 1327 2304; x_wconf 90' lang='lat' dir='ltr'>licium</span> <span class='ocrx_word' id='word_1_623' title='bbox 1365 2282 1565 2315; x_wconf 83' lang='lat' dir='ltr'>pugnarum</span> <span class='ocrx_word' id='word_1_624' title='bbox 1603 2269 1830 2313; x_wconf 86' lang='lat' dir='ltr'>sempiterna.</span> <span class='ocrx_word' id='word_1_625' title='bbox 1899 2268 1998 2302; x_wconf 87' lang='lat' dir='ltr'>Talis</span> <span class='ocrx_word' id='word_1_626' title='bbox 2031 2269 2116 2303; x_wconf 89' lang='lat' dir='ltr'>urbs</span> <span class='ocrx_word' id='word_1_627' title='bbox 2150 2282 2195 2304; x_wconf 88' lang='lat' dir='ltr'>ne</span> 
     </span>
     <span class='ocr_line' id='line_1_95' title="bbox 1207 2320 2194 2365; baseline 0 -10"><span class='ocrx_word' id='word_1_628' title='bbox 1207 2322 1403 2362; x_wconf 89' lang='lat' dir='ltr'>deleretur,</span> <span class='ocrx_word' id='word_1_629' title='bbox 1429 2322 1484 2356; x_wconf 91' lang='lat' dir='ltr'>isti</span> <span class='ocrx_word' id='word_1_630' title='bbox 1508 2321 1716 2354; x_wconf 81' lang='lat' dir='ltr'>dimicantes</span> <span class='ocrx_word' id='word_1_631' title='bbox 1740 2320 1913 2353; x_wconf 87' lang='lat' dir='ltr'>interfecti</span> <span class='ocrx_word' id='word_1_632' title='bbox 1936 2326 2037 2361; x_wconf 89' lang='lat' dir='ltr'>sunt,</span> <span class='ocrx_word' id='word_1_633' title='bbox 2070 2327 2105 2354; x_wconf 90' lang='lat' dir='ltr'>et</span> <span class='ocrx_word' id='word_1_634' title='bbox 2127 2332 2194 2365; x_wconf 88' lang='lat' dir='ltr'>pro</span> 
     </span>
     <span class='ocr_line' id='line_1_96' title="bbox 1207 2371 2195 2417; baseline -0.001 -10"><span class='ocrx_word' id='word_1_635' title='bbox 1207 2374 1269 2407; x_wconf 88' lang='lat' dir='ltr'>tali</span> <span class='ocrx_word' id='word_1_636' title='bbox 1299 2374 1412 2417; x_wconf 88' lang='lat' dir='ltr'>patria</span> <span class='ocrx_word' id='word_1_637' title='bbox 1442 2373 1613 2407; x_wconf 68' lang='lat' dir='ltr'>servanda</span> <span class='ocrx_word' id='word_1_638' title='bbox 1647 2384 1769 2405; x_wconf 87' lang='lat' dir='ltr'>omnes</span> <span class='ocrx_word' id='word_1_639' title='bbox 1795 2371 2000 2416; x_wconf 86' lang='lat' dir='ltr'>superstites</span> <span class='ocrx_word' id='word_1_640' title='bbox 2029 2372 2195 2406; x_wconf 87' lang='lat' dir='ltr'>laborare</span> 
     </span>
     <span class='ocr_line' id='line_1_97' title="bbox 1207 2426 1347 2458; baseline -0.007 0"><span class='ocrx_word' id='word_1_641' title='bbox 1207 2426 1347 2458; x_wconf 86' lang='lat' dir='ltr'>debent.</span> 
     </span>
    </p>

    <p class='ocr_par' dir='ltr' id='par_1_11' title="bbox 1204 2472 2194 2723">
     <span class='ocr_line' id='line_1_98' title="bbox 1308 2472 2194 2519; baseline 0 -11"><span class='ocrx_word' id='word_1_642' title='bbox 1308 2475 1485 2509; x_wconf 84' lang='lat' dir='ltr'>Prolixius</span> <span class='ocrx_word' id='word_1_643' title='bbox 1507 2474 1615 2519; x_wconf 85' lang='lat' dir='ltr'>igitur</span> <span class='ocrx_word' id='word_1_644' title='bbox 1639 2475 1682 2508; x_wconf 93' lang='lat' dir='ltr'>de</span> <span class='ocrx_word' id='word_1_645' title='bbox 1710 2473 1808 2508; x_wconf 87' lang='lat' dir='ltr'>urbis</span> <span class='ocrx_word' id='word_1_646' title='bbox 1833 2472 2018 2518; x_wconf 90' lang='lat' dir='ltr'>disciplina</span> <span class='ocrx_word' id='word_1_647' title='bbox 2042 2473 2134 2514; x_wconf 85' lang='lat' dir='ltr'>dixi,</span> <span class='ocrx_word' id='word_1_648' title='bbox 2159 2480 2194 2508; x_wconf 83' lang='lat' dir='ltr'>et</span> 
     </span>
     <span class='ocr_line' id='line_1_99' title="bbox 1206 2525 2191 2570; baseline -0.003 -9"><span class='ocrx_word' id='word_1_649' title='bbox 1206 2534 1245 2561; x_wconf 90' lang='lat' dir='ltr'>ut</span> <span class='ocrx_word' id='word_1_650' title='bbox 1268 2528 1513 2565; x_wconf 86' lang='lat' dir='ltr'>ostenderem,</span> <span class='ocrx_word' id='word_1_651' title='bbox 1547 2538 1620 2559; x_wconf 90' lang='lat' dir='ltr'>non</span> <span class='ocrx_word' id='word_1_652' title='bbox 1645 2528 1688 2560; x_wconf 88' lang='lat' dir='ltr'>de</span> <span class='ocrx_word' id='word_1_653' title='bbox 1714 2525 1858 2570; x_wconf 89' lang='lat' dir='ltr'>paribus</span> <span class='ocrx_word' id='word_1_654' title='bbox 1883 2525 1987 2559; x_wconf 85' lang='lat' dir='ltr'>bonis</span> <span class='ocrx_word' id='word_1_655' title='bbox 2011 2530 2191 2558; x_wconf 89' lang='lat' dir='ltr'>certamen</span> 
     </span>
     <span class='ocr_line' id='line_1_100' title="bbox 1205 2575 2193 2617; baseline -0.003 -4"><span class='ocrx_word' id='word_1_656' title='bbox 1205 2592 1277 2613; x_wconf 90' lang='lat' dir='ltr'>esse</span> <span class='ocrx_word' id='word_1_657' title='bbox 1301 2578 1403 2612; x_wconf 89' lang='lat' dir='ltr'>nobis</span> <span class='ocrx_word' id='word_1_658' title='bbox 1426 2584 1459 2611; x_wconf 89' lang='lat' dir='ltr'>et</span> <span class='ocrx_word' id='word_1_659' title='bbox 1483 2577 1580 2617; x_wconf 85' lang='lat' dir='ltr'>aliis,</span> <span class='ocrx_word' id='word_1_660' title='bbox 1608 2584 1641 2611; x_wconf 92' lang='lat' dir='ltr'>et</span> <span class='ocrx_word' id='word_1_661' title='bbox 1662 2584 1701 2611; x_wconf 90' lang='lat' dir='ltr'>ut</span> <span class='ocrx_word' id='word_1_662' title='bbox 1723 2577 1838 2611; x_wconf 87' lang='lat' dir='ltr'>laudis</span> <span class='ocrx_word' id='word_1_663' title='bbox 1860 2576 2010 2610; x_wconf 90' lang='lat' dir='ltr'>istorum</span> <span class='ocrx_word' id='word_1_664' title='bbox 2033 2575 2193 2610; x_wconf 88' lang='lat' dir='ltr'>testimo—</span> 
     </span>
     <span class='ocr_line' id='line_1_101' title="bbox 1204 2627 2193 2675; baseline -0.002 -12"><span class='ocrx_word' id='word_1_665' title='bbox 1204 2631 1262 2663; x_wconf 87' lang='lat' dir='ltr'>nia</span> <span class='ocrx_word' id='word_1_666' title='bbox 1282 2635 1539 2669; x_wconf 85' lang='lat' dir='ltr'>monstrarem,</span> <span class='ocrx_word' id='word_1_667' title='bbox 1567 2642 1656 2675; x_wconf 87' lang='lat' dir='ltr'>quae</span> <span class='ocrx_word' id='word_1_668' title='bbox 1682 2629 1752 2661; x_wconf 87' lang='lat' dir='ltr'>iam</span> <span class='ocrx_word' id='word_1_669' title='bbox 1779 2639 1907 2672; x_wconf 86' lang='lat' dir='ltr'>magna</span> <span class='ocrx_word' id='word_1_670' title='bbox 1927 2639 1968 2660; x_wconf 86' lang='lat' dir='ltr'>ex</span> <span class='ocrx_word' id='word_1_671' title='bbox 1985 2633 2086 2671; x_wconf 91' lang='lat' dir='ltr'>parte</span> <span class='ocrx_word' id='word_1_672' title='bbox 2104 2627 2193 2661; x_wconf 89' lang='lat' dir='ltr'>reci-</span> 
     </span>
     <span class='ocr_line' id='line_1_102' title="bbox 1205 2678 2190 2723; baseline -0.003 -8"><span class='ocrx_word' id='word_1_673' title='bbox 1205 2689 1274 2715; x_wconf 84' lang='lat' dir='ltr'>tata</span> <span class='ocrx_word' id='word_1_674' title='bbox 1294 2688 1354 2715; x_wconf 89' lang='lat' dir='ltr'>est.</span> <span class='ocrx_word' id='word_1_675' title='bbox 1383 2681 1474 2715; x_wconf 78' lang='lat' dir='ltr'>Nam</span> <span class='ocrx_word' id='word_1_676' title='bbox 1492 2679 1578 2713; x_wconf 87' lang='lat' dir='ltr'>haec</span> <span class='ocrx_word' id='word_1_677' title='bbox 1595 2678 1741 2714; x_wconf 88' lang='lat' dir='ltr'>honesta</span> <span class='ocrx_word' id='word_1_678' title='bbox 1760 2678 1974 2723; x_wconf 77' lang='lat' dir='ltr'>reIpublicae</span> <span class='ocrx_word' id='word_1_679' title='bbox 1989 2678 2104 2711; x_wconf 85' lang='lat' dir='ltr'>forma</span> <span class='ocrx_word' id='word_1_680' title='bbox 2119 2679 2190 2712; x_wconf 76' lang='lat' dir='ltr'>vir-</span> 
     </span>
    </p>
   </div>
   <div class='ocr_carea' id='block_1_6' title="bbox 309 2728 2192 2777">
    <p class='ocr_par' dir='ltr' id='par_1_12' title="bbox 309 2728 2192 2777">
     <span class='ocr_line' id='line_1_103' title="bbox 309 2728 2192 2777; baseline 0.001 -16"><span class='ocrx_word' id='word_1_681' title='bbox 309 2728 417 2761; x_wconf 78' lang='lat' dir='ltr'>Adest</span> <span class='ocrx_word' id='word_1_682' title='bbox 444 2728 567 2762; x_wconf 87' lang='lat' dir='ltr'>iisdem</span> <span class='ocrx_word' id='word_1_683' title='bbox 601 2742 682 2763; x_wconf 86' lang='lat' dir='ltr'>cura</span> <span class='ocrx_word' id='word_1_684' title='bbox 715 2744 832 2765; x_wconf 86' lang='lat' dir='ltr'>rerum</span> <span class='ocrx_word' id='word_1_685' title='bbox 864 2733 1090 2777; x_wconf 88' lang='lat' dir='ltr'>propriarum</span> <span class='ocrx_word' id='word_1_686' title='bbox 1118 2741 1150 2766; x_wconf 89' lang='lat' dir='ltr'>et</span> <span class='ocrx_word' id='word_1_687' title='bbox 1174 2746 1179 2765; x_wconf 82' lang='grc' dir='ltr'>ι</span> <span class='ocrx_word' id='word_1_688' title='bbox 1204 2740 1277 2767; x_wconf 89' lang='lat' dir='ltr'>tute</span> <span class='ocrx_word' id='word_1_689' title='bbox 1295 2745 1417 2766; x_wconf 89' lang='lat' dir='ltr'>eorum</span> <span class='ocrx_word' id='word_1_690' title='bbox 1443 2732 1631 2766; x_wconf 85' lang='lat' dir='ltr'>constituta</span> <span class='ocrx_word' id='word_1_691' title='bbox 1651 2738 1718 2771; x_wconf 87' lang='lat' dir='ltr'>est,</span> <span class='ocrx_word' id='word_1_692' title='bbox 1747 2743 1808 2764; x_wconf 89' lang='lat' dir='ltr'>nec</span> <span class='ocrx_word' id='word_1_693' title='bbox 1829 2736 1944 2775; x_wconf 84' lang='lat' dir='ltr'>potest</span> <span class='ocrx_word' id='word_1_694' title='bbox 1966 2729 2090 2765; x_wconf 86' lang='lat' dir='ltr'>similis</span> <span class='ocrx_word' id='word_1_695' title='bbox 2112 2742 2192 2763; x_wconf 88' lang='lat' dir='ltr'>ora-</span> 
     </span>
    </p>
   </div>
  </div>
 </body>
</html>
