2351 2990
115 125 190 162 745
243 126 396 161 XXXIII.
413 128 448 162 3.
488 126 886 162 INTERPRETATIO
919 127 1182 165 ORATIONIS
1209 127 1553 165 OLYNTHIACAE
1577 129 1636 166 111.
1663 130 2017 171 DEMOSTHENIS.

115 213 220 247 nobis
237 214 345 247 modo
362 212 550 258 Philippus
566 214 709 249 faceret.
759 214 894 249 Verum
914 216 1107 260 praeterita

114 263 329 309 reprehendi
352 271 521 310 possunt,
565 266 695 310 corrigi
720 280 793 300 non
818 274 978 311 possunt.
1041 268 1109 301 Sed

114 327 194 349 cum
218 328 353 351 novum
376 317 509 350 bellum
533 317 788 362 suscipiamus,
826 320 1108 353 commonendos

116 380 179 402 vos
209 368 314 409 duxi,
357 368 483 415 quanti
514 369 713 403 constiterit
747 377 852 404 antea
890 371 991 404 vobis
1025 383 1109 404 con-

118 426 273 464 temptus
306 418 439 461 hostis,
479 432 524 453 ne
555 433 677 455 rursus
708 422 864 456 desimus
896 422 964 466 ipsi
993 422 1107 456 nobis.

115 471 309 516 Quomodo
327 471 435 516 igitur
450 472 530 505 foro
555 474 728 506 utendum
748 473 823 507 est?
863 473 941 507 Nisi
959 473 1107 507 summis

115 523 251 557 viribus
272 535 376 567 opem
402 523 554 557 tuleritis
571 523 618 568 3⁵)
631 551 640 564 ,
674 525 838 559 videbitis
856 537 897 558 ex
915 526 1105 558 commodo

112 571 272 618 Philippi
286 575 419 608 bellum
439 581 640 620 susceptum
659 589 744 610 esse.
797 576 890 611 Nam
910 577 1106 609 mediocres

113 632 214 658 erant
232 624 489 671 Olynthiorum
508 627 621 667 vires,
650 635 797 674 eratque
816 640 857 661 eo
878 628 949 661 loci
972 640 1040 668 res,
1067 633 1107 660 ut

112 688 177 710 nec
188 675 376 722 Philippus
395 675 460 712 hos
479 678 733 727 iux-aderam),
755 691 820 712 nec
837 677 874 712 hi
885 677 1105 723 Philippum.

110 727 217 762 Facta
243 735 294 762 est
316 730 445 763 deinde
471 736 505 763 et
536 737 742 764 nostrarum
777 731 908 764 virium
941 729 1105 769 accessio,

112 792 152 813 ea
177 793 233 814 res
256 781 462 826 scrupulum
492 781 614 815 iniecit
635 781 825 826 Philippo,
860 794 938 815 cum
968 781 1106 813 videret

111 831 229 865 alieno
255 838 417 877 tempore
448 839 631 877 potentem
658 835 784 867 urbem
811 833 997 866 nobiscum
1022 845 1105 866 con-

110 883 288 924 iunctam,
316 884 448 918 bellum
472 885 539 918 sibi
562 884 704 918 inferre.
768 884 1015 917 Sentiebamus
1040 883 1105 916 ita-

110 947 179 980 que
195 935 362 968 omnibus
378 936 495 968 modis
513 934 706 980 Olynthios
723 935 851 968 debere
875 935 1007 968 bellum
1031 947 1104 968 sus-

108 986 244 1030 cipere,
273 992 306 1019 et
324 987 420 1031 quod
436 986 541 1030 vulgo
562 986 741 1030 optabatis
759 986 935 1025 universi,
970 986 1006 1019 id
1031 986 1104 1018 sere

107 1037 245 1071 accidit.
292 1037 451 1070 Proinde
469 1037 554 1083 quid
572 1038 752 1083 reliquum
776 1038 842 1077 sit,
869 1038 938 1071 nisi
962 1049 1101 1071 summa

107 1101 174 1133 ope
192 1095 226 1122 et
244 1101 397 1133 propere
417 1089 607 1133 opitulari,
636 1102 710 1122 non
726 1089 843 1122 video.
890 1089 982 1123 Nam
1001 1101 1102 1133 prae-

106 1146 271 1185 terquam
314 1141 410 1185 quod
442 1141 688 1184 turpissimum
721 1147 772 1174 est
802 1140 857 1187 37)
900 1141 1103 1186 relinquere

107 1191 283 1232 fabulam,
330 1204 437 1237 quam
465 1191 623 1236 coeperis
648 1191 716 1238 38),
743 1192 1009 1235 imperfectam,
1052 1191 1103 1223 vi-

106 1243 173 1275 deo
203 1243 331 1282 etiam,
368 1243 454 1288 quid
491 1243 577 1275 mali
612 1243 835 1287 impendeat,
871 1256 951 1276 cum
979 1244 1028 1277 sic
1053 1243 1103 1275 af-

104 1293 183 1327 fecti
208 1294 280 1328 sint
303 1306 385 1338 erga
412 1306 475 1327 vos
500 1291 684 1334 Thebani,
720 1300 754 1327 et
778 1292 1019 1328 Phocensium
1048 1306 1103 1327 res

107 1345 240 1379 accisae
274 1345 363 1385 sint,
407 1357 524 1391 neque
557 1345 698 1379 obstare
716 1343 885 1390 Philippo
912 1346 1102 1390 quisquam

106 1403 292 1441 praeterea
328 1397 464 1440 possit,
507 1396 569 1429 ubi
604 1395 760 1428 Thracia
805 1396 939 1440 potitus
977 1396 1102 1434 suerit;

107 1454 158 1481 est
183 1447 279 1480 enim
306 1447 526 1491 periculum,
563 1459 607 1480 ne
635 1448 679 1479 ad
707 1447 806 1480 illum
831 1447 1004 1480 inclinent
1034 1459 1101 1481 res.

103 1499 215 1545 Atqui
237 1499 267 1533 si
293 1499 372 1544 quis
397 1498 459 1531 tali
484 1510 605 1531 rerum
635 1504 729 1532 statu
756 1505 921 1532 contatur
945 1499 1099 1532 officium

105 1551 243 1591 facere,
290 1550 320 1583 is
361 1548 500 1583 hostem
542 1550 679 1582 mavult
721 1550 868 1583 domum
910 1562 1101 1590 accersere,

106 1615 213 1648 quam
248 1601 335 1634 foris
371 1601 514 1640 audire,
550 1608 585 1634 et
619 1600 734 1635 socios
769 1613 853 1634 suae
888 1601 1100 1636 calamitatis

104 1666 208 1688 causa
229 1664 400 1698 quaerere
414 1679 422 1693 ,
451 1664 530 1685 cum
547 1652 625 1686 aliis
641 1664 745 1697 opem
764 1653 856 1685 serre
873 1653 960 1686 foris
977 1653 1100 1697 possit.

102 1705 194 1740 Nam
222 1705 319 1750 quod
344 1717 386 1737 eo
410 1710 543 1748 spectet
567 1716 642 1744 res,
672 1703 754 1737 siin
771 1704 970 1748 praesentia
989 1716 1100 1738 cessa-

103 1763 178 1790 tum
204 1756 332 1796 fuerit,
364 1755 502 1788 nemini
527 1756 716 1788 obscurum
741 1761 802 1789 est.
855 1756 902 1788 At
919 1755 1098 1801 plerisque

102 1810 251 1842 fortasse
285 1808 460 1852 probatur
496 1807 684 1840 consilium
721 1807 764 1839 de
793 1807 958 1840 iuvandis
986 1807 1099 1852 Olyn-

103 1858 205 1900 thiis,
234 1866 285 1893 est
305 1859 410 1898 enim}
432 1859 613 1891 decretum
637 1871 677 1891 ea
702 1859 744 1891 de
769 1870 807 1891 re
834 1858 978 1893 factum.
1031 1858 1099 1891 Ve-

103 1924 182 1946 rum
217 1910 404 1957 requirent
438 1922 456 1942 a
495 1922 569 1950 me,
607 1910 791 1955 quomodo
827 1909 863 1942 id
900 1910 1097 1944 existimem

102 1963 178 1998 fleri
203 1963 332 1996 debere
355 1961 414 2009 ³⁹).
476 1962 603 2007 Aequo
640 1961 761 1994 animo
790 1962 959 2006 accipite,
993 1961 1098 2002 cives,

102 2016 132 2050 si
155 2015 241 2060 quid
257 2014 381 2047 dixero
407 2013 550 2052 durius,
578 2013 830 2056 legumlatores
858 2019 995 2053 create,
1023 2025 1098 2046 non

103 2079 218 2100 novae
245 2065 331 2110 legis
359 2064 507 2099 alicuius
534 2065 700 2098 serendae
729 2065 859 2109 gratia;
891 2064 976 2098 satis
1001 2064 1095 2098 enim

102 2119 219 2164 legum
245 2115 354 2150 habet
380 2116 520 2155 civitas;
552 2117 612 2150 sed
639 2123 678 2150 ut
702 2116 880 2160 abrogetis
896 2129 976 2157 eas,
1005 2129 1096 2162 quae

104 2171 140 2203 in
165 2168 366 2214 praesentia
393 2168 553 2202 officiunt
577 2168 817 2213 reipublicae,
868 2180 996 2213 nempe
1026 2180 1096 2208 eas,

103 2234 194 2268 quae
219 2223 261 2255 de
287 2219 454 2254 theatrali
476 2220 625 2264 pecunia
650 2220 813 2253 conditae
847 2225 949 2259 sunt,
991 2226 1025 2252 et
1052 2220 1095 2253 de

102 2275 240 2308 delectu
254 2273 422 2305 militum.
476 2271 569 2306 Nam
588 2272 697 2304 altera
714 2272 770 2305 lex
796 2284 837 2304 ex
861 2271 1092 2315 stipendiaria

101 2325 251 2372 pecunia
271 2322 483 2357 theatralem
501 2322 600 2363 fecit,
628 2323 738 2356 altera
763 2323 1013 2368 impunitatem
1032 2323 1095 2355 do-

135 2461 184 2490 35)
212 2461 246 2485 Η.
267 2460 285 2483 1.
305 2459 331 2483 in
350 2458 400 2483 Ed.
420 2459 527 2490 nagan.
546 2464 569 2483 s.
587 2463 612 2483 a.
633 2459 699 2483 nota
716 2458 896 2490 marginalis:
922 2458 1094 2491 propositio,

171 2503 206 2520 ne
225 2495 390 2519 deserantur
410 2492 544 2523 Olynthii.

133 2540 183 2568 36)
202 2537 361 2565 invaderet]
382 2535 466 2560 Editt.
486 2537 590 2567 Ragau.
609 2542 631 2561 S.
652 2542 693 2568 a.,
716 2537 789 2561 1562.
809 2537 951 2562 invadere.

134 2583 182 2611 37)
203 2581 235 2606 Η.
255 2582 273 2606 1.
292 2580 319 2603 in
339 2579 388 2603 Ed.
409 2580 515 2609 Ragau.
535 2585 558 2601 s.
577 2585 602 2603 a.
623 2581 687 2603 nota
706 2580 841 2611 margum
874 2581 1054 2605 Confirmatio
1077 2587 1094 2605 a

169 2616 244 2646 turpi
262 2617 289 2639 et
307 2613 494 2638 incommodis,

137 2672 185 2700 38)
205 2669 346 2700 coeperis]
367 2668 408 2692 sic
426 2667 474 2691 Ed.
491 2667 582 2698 1562,
602 2668 650 2692 Ed.
670 2669 776 2699 nagan.
796 2677 820 2694 s.
839 2675 864 2693 a.
883 2669 1000 2700 ceperis.

135 2724 183 2751 39)
203 2723 235 2746 Η.
255 2723 273 2746 1.
294 2721 319 2744 ἰη
338 2720 387 2744 Ed.
408 2720 514 2750 flagan-
534 2726 557 2743 s.
577 2724 601 2743 a.
623 2721 687 2744 nota
706 2721 841 2752 margia:
871 2722 1010 2751 Quomodo
1036 2721 1091 2745 sint

169 2757 295 2787 iuvandi,
315 2755 386 2778 unde
406 2753 520 2784 pecunia
539 2754 664 2783 petenda.

2082 136 2157 175 746

1163 222 1227 249 nat
1244 216 1285 250 iis
1297 244 1306 257 ‚
1335 216 1396 262 qui
1412 216 1549 250 delectu
1565 214 1690 250 habito
1707 218 1871 252 militiam
1889 221 2104 264 detrectant,
2121 231 2155 258 et

1163 267 1298 301 civibus
1316 268 1593 314 obsequentibus
1616 269 1847 303 formidinem
1869 271 2067 314 incutiunt,
2089 272 2154 309 has

1162 319 1255 363 leges
1266 319 1327 352 ubi
1337 319 1607 363 abrogaveritis‚
1625 326 1659 353 et
1674 320 1769 353 viam
1787 321 1877 355 bene
1892 325 2158 361 consulentibus

1162 370 1383 410 munieritis,
1408 377 1484 403 tum
1502 372 1645 404 demum
1664 373 1890 417 quaerendus
1909 381 1976 415 est,
2005 376 2068 421 qui
2094 389 2159 410 no·

1162 433 1244 454 vam
1264 421 1489 466 rogationem
1506 423 1548 455 de
1558 423 1709 466 pecunia
1726 424 1829 464 serat,
1849 436 1939 470 quae
1957 426 2001 459 sit
2019 439 2036 459 e
2053 439 2158 472 repu-

1161 472 1266 507 blica,
1320 472 1458 506 Interea
1483 474 1567 507 dum
1593 474 1729 518 integra
1747 481 1799 508 est
1813 473 1942 509 harum
1960 477 2078 521 legum
2097 491 2159 512 au-

1162 524 1306 564 toritas,
1334 530 1369 556 et
1387 525 1472 556 dum
1492 524 1677 559 minantur
1694 538 1846 570 poenam
1871 527 2049 562 diversum
2073 542 2157 562 con-

1160 575 1309 615 sulenti,
1341 587 1416 608 non
1442 582 1493 608 est
1522 578 1780 620 expectandum
1813 579 1890 611 fore
1921 592 2154 625 quemquam,

1161 628 1222 671 qui
1248 626 1394 660 liberius
1422 626 1517 659 dicat
1543 628 1778 668 sententiam,
1821 642 1928 675 seque
1955 630 1993 663 iu
2018 638 2154 666 certum

1160 677 1305 710 exitium
1326 677 1555 722 praecipitet,
1584 679 1738 712 maxime
1764 693 1843 713 cum
1867 693 1931 714 suo
1950 683 2045 714 malo
2065 681 2155 716 nihil

1159 735 1392 772 promoveat,
1420 735 1540 761 tamen
1564 729 1676 762 immo
1703 731 1739 762 in
1761 738 1944 774 posterum
1971 733 2077 767 etiam
2096 736 2155 768 de-

1160 786 1293 812 terreat
1307 792 1369 813 sua
1390 792 1506 824 poena
1525 781 1635 821 alios,
1663 794 1707 813 ne
1726 782 1804 826 quis
1824 782 1969 816 liberius
1992 787 2156 826 consulat,

1159 831 1272 865 vobis.
1325 831 1442 864 Porro
1461 833 1602 865 eosdem
1626 833 1799 876 abrogare
1820 834 1932 877 legem
1953 838 2154 879 oportebat,

1159 883 1221 927 qui
1245 888 1349 915 antea
1374 883 1503 920 tulere;
1532 896 1648 929 neque
1675 884 1769 916 enim
1798 897 1951 930 aequum
1975 894 2045 928 est,
2074 901 2153 922 cum

1158 933 1310 976 gratiam
1335 933 1593 975 lucrifecerint,
1634 941 1736 968 antea
1770 936 1886 980 legum
1917 942 2060 972 autores
2091 952 2156 983 pu-

1156 983 1249 1016 blico
1268 985 1364 1017 malo
1376 1011 1384 1025 ‚
1412 997 1507 1018 nunc
1524 986 1613 1019 alios
1631 986 1774 1030 publico
1791 988 1887 1020 bono
1912 987 2152 1024 infortunium

1157 1036 1261 1069 serre.
1330 1036 1545 1082 Priusquam
1579 1049 1664 1070 vero
1695 1038 1788 1082 leges
1813 1038 1894 1071 illae
1923 1039 2154 1085 abrogentur,

1157 1098 1265 1119 nemo
1290 1093 1360 1127 est,
1404 1088 1464 1133 qui
1488 1088 1634 1133 impune
1666 1089 1803 1123 laturus
1834 1089 1900 1130 sit,
1940 1091 1969 1123 si
1996 1092 2034 1124 in
2060 1093 2152 1137 leges

1158 1137 1396 1178 commiserit,
1426 1151 1542 1184 neque
1566 1152 1688 1173 rursus
1718 1141 1908 1186 quisquam
1933 1147 2004 1175 tam
2030 1156 2153 1178 amens

1156 1189 1284 1229 fuerit,
1326 1197 1366 1223 ut
1391 1190 1429 1222 in
1454 1198 1590 1224 certum
1621 1203 1656 1224 se
1685 1192 1878 1225 discrimen
1901 1194 2069 1228 coniiciat
2092 1195 2152 1241 ⁴⁰).

1156 1239 1230 1273 lam
1256 1238 1325 1273 hoc
1348 1241 1456 1274 etiam
1483 1243 1682 1287 expendere
1711 1243 1866 1283 debetis,
1893 1244 2034 1279 decreta
2060 1245 2151 1279 nihil

1157 1292 1325 1335 ponderis
1359 1291 1511 1334 habere,
1543 1294 1613 1327 nisi
1643 1294 1695 1327 rei
1724 1306 1871 1328 manum
1907 1297 2151 1332 admoveritis.

1156 1343 1247 1376 Nam
1274 1343 1303 1376 si
1327 1344 1468 1377 decreta
1496 1346 1553 1378 vel
1587 1352 1755 1389 cogerent
1786 1358 1848 1380 vos
1876 1347 1920 1378 ad
1946 1349 2150 1382 faciendum

1157 1394 1313 1426 officium
1338 1402 1513 1433 vestrum;
1540 1397 1594 1428 vel
1620 1409 1682 1439 per
1705 1409 1779 1430 sese
1802 1398 2003 1440 efficerent,
2038 1401 2150 1445 pluri-

1156 1456 1255 1476 mum
1275 1450 1368 1477 certe
1385 1445 1586 1480 effecissetis
1602 1444 1774 1481 hactenus
1793 1454 1847 1481 tot
1862 1449 2012 1485 decretis
2035 1452 2149 1493 factis,

1155 1507 1219 1527 nec
1236 1501 1309 1528 tam
1326 1496 1387 1529 diu
1405 1496 1594 1530 insultaret
1608 1498 1709 1532 vobis
1724 1496 1931 1543 Philippus;
1967 1502 2037 1535 iam
2063 1504 2149 1536 olim

1156 1546 1250 1579 enim
1267 1548 1416 1581 obrutus
1439 1555 1528 1582 esset
1545 1549 1705 1583 decretis.
1759 1549 1893 1583 Verum
1917 1553 2021 1598 longe
2047 1555 2150 1588 aliter

1154 1609 1210 1631 res
1225 1610 1261 1632 se
1279 1596 1405 1637 habet;
1443 1612 1664 1646 quamquam
1691 1600 1786 1634 enim
1805 1605 2007 1638 consultare
2028 1617 2068 1638 ac
2089 1608 2148 1639 de-

1154 1661 1298 1683 cernere
1325 1650 1460 1695 primas
1483 1649 1660 1692 habeant,
1690 1652 1719 1686 si
1745 1652 1824 1698 quis
1848 1654 2012 1689 ordinem
2033 1658 2148 1692 consi-

1153 1701 1275 1741 derat,
1303 1707 1424 1735 tamen
1448 1702 1554 1747 longe
1576 1703 1655 1747 plus
1679 1704 1854 1737 momenti
1877 1713 1928 1739 est
1943 1707 1980 1740 in
1996 1710 2148 1752 agendo,

1153 1752 1189 1784 id
1207 1764 1292 1785 vero
1309 1753 1546 1795 desideratur,
1563 1754 1700 1800 reliqua
1720 1756 1850 1789 adsunt
1866 1757 2020 1793 abunde.
2057 1760 2147 1794 Sunt

1153 1803 1248 1836 enim
1275 1806 1370 1849 apud
1396 1818 1479 1845 vos,
1508 1805 1570 1850 qui
1588 1806 1771 1839 consulere
1788 1807 1983 1842 rectissime
2003 1818 2149 1855 queant,

1151 1867 1268 1900 neque
1293 1857 1390 1889 deest
1411 1856 1513 1890 vobis
1538 1857 1575 1889 in
1603 1857 1741 1890 delectu
1767 1858 1963 1893 acrimonia
1994 1868 2028 1894 et
2056 1863 2149 1896 iudi-

1153 1906 1259 1940 cium.
1327 1906 1400 1940 Iam
1426 1908 1533 1940 etiam
1563 1909 1681 1941 oblata
1707 1915 1759 1942 est
1782 1910 1873 1942 bene
1896 1914 2071 1956 gerendae
2095 1914 2148 1948 rei

1153 1958 1307 1992 occassio
1320 1958 1386 2005 ῃ),
1414 1959 1483 1993 nisi
1500 1959 1568 2004 ipsi
1586 1959 1687 1993 vobis
1706 1960 1900 1997 defueritis.
1937 1964 2044 2009 Quod
2061 1967 2146 1999 cedo

1151 2015 1311 2054 tempus,
1346 2022 1455 2056 quam
1481 2011 1704 2044 occasionem
1728 2012 1914 2047 meliorem
1938 2016 2148 2061 requiritis?

1151 2066 1213 2094 aut
1249 2063 1394 2107 quando
1428 2074 1507 2106 spes
1543 2069 1595 2096 est
1627 2063 1695 2096 rite
1720 2063 1857 2109 aliquid
1883 2066 2065 2101 facturos?
2110 2069 2147 2102 Si

1150 2112 1259 2145 modo
1277 2119 1450 2147 cessatum
1468 2114 1588 2154 suerit,
1604 2126 1727 2148 nonne
1746 2115 1878 2159 oppida
1892 2119 2144 2165 praesidiaque

1151 2170 1267 2198 vestra
1293 2164 1482 2209 intercepit
1513 2165 1635 2198 omnia
1659 2163 1869 2211 Philippus,
1912 2171 2009 2215 quod
2033 2171 2061 2205 si
2089 2183 2146 2204 ex—

1148 2221 1351 2259 pectamus,
1378 2217 1463 2250 dum
1490 2216 1527 2249 in
1554 2216 1709 2250 Atticam
1737 2220 1953 2262 perrexerit,
1989 2228 2145 2255 extrema

1149 2267 1317 2311 patienda
1355 2274 1470 2302 erunt.
1531 2268 1660 2303 Nonne
1695 2269 1801 2302 fidem
1834 2271 1996 2306 dedimus
2032 2273 2144 2318 Olyn-

1148 2316 1231 2352 thiis
1248 2319 1315 2365 ⁴2),
1343 2318 1372 2352 si
1386 2320 1520 2353 bellum
1538 2319 1730 2361 inferrent,
1758 2333 1823 2355 nos
1849 2322 1981 2356 auxilio
2004 2324 2146 2359 futuros

1149 2382 1240 2408 esse;
1268 2377 1306 2403 at
1321 2368 1376 2404 his
1391 2371 1524 2404 bellum
1545 2371 1615 2404 iam
1641 2372 1781 2405 illatum
1805 2379 1867 2406 est.
1920 2373 2050 2408 Nonne
2076 2374 2141 2409 ho-

1148 2421 1210 2455 stis
1235 2428 1287 2456 est
1310 2420 1516 2467 Philippus,
1542 2435 1663 2455 nonne
1687 2429 1807 2456 vestra
1828 2425 1937 2459 armis
1963 2433 2064 2471 capta
2092 2433 2140 2460 te-

1147 2472 1232 2506 net?
1274 2473 1423 2514 Nonne,
1466 2474 1496 2507 si
1522 2474 1608 2520 quid
1632 2472 1795 2508 hostilius
1821 2481 1883 2508 aut
1904 2476 2038 2512 tristius
2073 2478 2142 2511 dici

1181 2600 1282 2656 40).st
1301 2600 1326 2657 ἑ
1339 2600 1366 2623 in
1386 2600 1435 2624 Ed.
1453 2600 1559 2629 Ragau.
1581 2606 1604 2624 s,
1623 2605 1648 2623 a.
1668 2602 1734 2625 nota
1752 2602 1932 2632 marginalis:
1952 2603 2086 2634 Epilogus
2106 2605 2141 2628 ab

1215 2640 1299 2657 amur
1320 2641 1352 2659 lS.

1181 2678 1229 2704 41)
1250 2678 1281 2702 Η.
1302 2678 1320 2702 1.
1342 2677 1368 2700 in
1388 2677 1437 2702 Ed.
1454 2677 1560 2707 Ragau,
1581 2684 1604 2702 s,
1621 2683 1647 2703 a.
1666 2678 1731 2702 nota
1750 2680 1882 2711 margum
1906 2682 1946 2704 Ab
1967 2682 2120 2706 occasione.

1195 2721 1242 2748 42)
1274 2721 1307 2744 Β.
1333 2721 1351 2745 l.
1376 2720 1403 2743 in
1432 2720 1481 2743 Ed.
1502 2721 1607 2751 nagan.
1636 2729 1660 2745 s.
1689 2728 1714 2746 a.
1740 2724 1805 2747 ncta
1836 2725 1952 2756 margin.
1978 2725 2139 2756 Exaggerat

1214 2754 1338 2778 collectis
1362 2754 1487 2778 omnibus
1507 2757 1687 2786 argumentis,
