2351 2990
138 97 209 133 621

134 183 333 216 Homerum
351 181 397 229 19)
425 188 508 217 sunt
531 184 681 217 Paeones
695 182 762 229 ¹²⁰),
797 182 867 216 orti
897 183 942 216 ab
968 183 1131 217 Herculis

134 234 232 269 socio
259 235 421 274 Paeone,
455 233 517 279 qui
545 246 564 267 a
598 232 790 279 triumphis
826 246 961 268 nomen
992 233 1129 269 habuit.

135 287 227 320 Nam
248 298 357 330 paean
375 285 594 329 significabat
610 284 826 330 triumphale
844 298 999 321 carmen.
1032 287 1129 320 Haec

136 338 235 371 natio
259 337 366 370 etiam
392 334 446 371 his
470 337 729 371 recentioribus
754 338 976 382 temporibus
998 338 1128 371 virtute

135 389 261 422 merita
286 394 337 422 est
361 389 466 422 decus
486 388 614 422 veteris
639 389 909 433 appellationis,
937 402 1029 436 quae
1055 401 1126 423 una

135 441 231 474 velut
249 440 285 472 in
301 440 453 474 statione
475 439 541 473 fuit
564 452 630 485 pro
653 440 790 486 reliqua
809 440 953 486 Europa
966 468 975 482 ‚
1003 442 1128 475 adver-

134 505 193 526 sus
209 491 344 524 Turcas
354 491 398 536 21)
410 517 419 531 ,
447 504 537 537 quos
554 504 658 536 saepe
676 492 868 526 fortissime
884 498 1129 538 represserunt

134 556 175 576 ae
198 542 437 587 profligarunt
460 543 622 587 Hungari
638 543 697 589 2²).

235 596 345 634 Daci,
378 595 550 635 Wahcchi,
577 601 610 628 et
625 593 719 629 haud
738 595 843 629 dubie
868 594 975 629 vicini
995 598 1127 629 Trans-

131 645 265 689 sylvanz'
280 645 317 678 in
337 644 535 689 Hungaria,
559 647 620 692 qui
639 653 813 681 vocantur
829 645 1127 692 &ibetlbutget²3)s

131 696 346 729 Germanica
378 696 499 741 lingua
532 704 684 732 utentes.
742 698 1001 733 Existimantur
1031 697 1126 731 enim

132 759 175 780 eo
193 760 211 780 a
230 747 361 781 Carolo
380 748 523 782 deducti
540 749 677 789 coloni,
704 751 764 783 sed
781 762 845 794 ego
864 750 1041 789 arbitror,
1069 760 1127 781 ve—

132 805 224 832 teres
243 799 413 845 reliquias
429 813 501 834 esse
520 799 694 834 Gothicae
709 801 755 846 ⁸²¹²)
773 801 898 846 gentis,
926 813 1017 847 quae
1034 812 1070 834 se
1089 799 1126 832 in

130 849 281 883 Daciam
301 857 334 883 et
348 851 556 885 Pannonias
573 852 764 885 infuderat.

234 904 415 936 Danubius
440 902 477 935 in
500 903 598 948 sylva
625 903 827 943 Martiana,
864 915 972 949 quam
996 909 1126 936 vocant

133 953 387 996 &camaranum
404 954 450 998 25)
480 954 516 986 in
542 954 692 994 Suevia,
729 961 769 988 ut
793 967 888 988 nunc
912 955 1125 999 appellatur,

130 1004 257 1047 exiguo
281 1006 378 1037 sonte
402 1005 528 1038 oritur.
582 1007 757 1040 Abnobam
777 1013 881 1039 vocat
905 1006 1021 1039 locum
1046 1007 1125 1039 fon-

129 1055 173 1088 tis
190 1054 256 1100 26),
293 1057 391 1100 quod
414 1068 548 1089 nomen
573 1057 716 1090 videtur
741 1070 814 1092 esse
841 1058 974 1091 sactum
1000 1058 1044 1091 ab
1070 1069 1124 1097 ρο,

128 1106 226 1152 quod
250 1106 423 1139 Germani
447 1109 498 1143 eiu
521 1109 583 1144 ἳίὶῖ)
610 1108 755 1149 dicunt,
793 1106 862 1142 hoc
889 1115 959 1149 est,
994 1110 1123 1142 vallem

128 1158 260 1190 cultam
281 1157 374 1191 iuter
393 1166 533 1193 montes
552 1166 614 1192 aut
631 1160 753 1194 saltus.
805 1160 857 1196 ‘Kb
884 1162 938 1196 bct
960 1161 1034 1196 ἳίῐυ.
1085 1158 1124 1192 In

129 1209 307 1243 veteribus
344 1210 523 1244 codicibus
549 1211 718 1244 scribitur
744 1213 903 1245 Arnobae
916 1211 984 1256 27),
1027 1212 1125 1257 quod

127 1260 240 1304 magis
274 1261 408 1305 probO,
444 1268 478 1295 et
512 1262 631 1294 iudico
667 1263 799 1295 factum
829 1275 848 1295 a
878 1265 1043 1296 Burnowc
1065 1262 1123 1307 ²⁸).

126 1311 220 1345 Nam
243 1311 300 1345 ille
329 1313 427 1346 locus
449 1313 557 1346 saltus
581 1320 729 1346 vocatur
747 1314 781 1349 in
798 1317 850 1349 bct
868 1314 943 1350 §Beu-
959 1313 1027 1360 ²⁹)J
1055 1313 1124 1346 He-

126 1363 190 1396 rod
198 1369 276 1396 otus
294 1363 343 1396 ait
358 1362 486 1397 Istrum
507 1364 595 1397 oriri
616 1377 657 1398 ex
673 1365 814 1410 Pyrene
830 1366 918 1399 urbe
934 1364 992 1412 3⁰).
1038 1364 1124 1398 Eius

126 1414 284 1447 nominis
301 1415 488 1459 vestigium
505 1416 533 1449 si
551 1416 630 1461 quis
646 1423 749 1460 putat
766 1429 838 1451 esse
854 1417 1067 1450 vocabulum
1076 1416 1123 1464 31)

127 1467 221 1506 Bar,
248 1466 389 1499 fruatur
406 1479 492 1500 sane
522 1464 587 1500 hac
611 1467 796 1512 opinione.
849 1467 1063 1501 Reverentia
1090 1474 1124 1500 et

162 1600 208 1627 19)
239 1600 374 1623 Homerus
397 1598 520 1623 Paeones
545 1602 679 1624 memorat
697 1600 728 1624 11.
747 1599 782 1632 ΙΙ,
795 1600 854 1625 848.
888 1601 925 1629 Χ,
939 1602 998 1626 428.

197 1634 258 1659 257.
277 1634 335 1658 291.
363 1634 440 1663 XXI,
459 1636 516 1660 155.
535 1635 595 1659 205.
615 1635 675 1658 211.

164 1678 214 1704 20)
243 1678 387 1706 Paeones]
414 1677 455 1701 sic
479 1678 565 1701 Editt.
587 1678 797 1709 1572-1673.;
828 1679 911 1703 Editt.
936 1679 1028 1710 1538„
1049 1680 1124 1704 ¹557.

196 1712 329 1735 Poeones.

161 1754 211 1779 21)
233 1754 353 1782 Tureas]
374 1752 415 1776 sie
433 1753 516 1777 Editt.
539 1753 749 1784 1557-1673.;
769 1755 819 1780 Ed.
838 1755 913 1780 1538.
952 1755 1064 1781 anCOS.

159 1797 209 1825 22)
229 1796 258 1819 ln
278 1796 325 1820 Ed.
350 1796 424 1819 ¹538.
443 1797 513 1820 hane
532 1802 625 1820 vocem
646 1798 797 1826 sequuntur
816 1798 916 1821 verba:

263 1831 417 1854 Sarmatia.
437 1837 509 1854 nune
528 1831 644 1855 Polonia
662 1832 714 1855 est.

193 1866 268 1890 Haec
289 1865 378 1888 inEd.
396 1865 467 1889 1557.
494 1867 521 1889 et
543 1872 619 1895 seqq.
640 1865 723 1889 Editt.
740 1866 806 1888 sunt
827 1865 947 1898 omissa,
974 1867 1121 1891 secundum

193 1901 295 1924 hancce
321 1899 539 1923 emendationem
567 1901 601 1923 ab
627 1900 686 1930 ipso
711 1902 827 1923 auctore
853 1901 879 1923 in
898 1901 951 1924 fine
970 1902 1020 1926 Ed.
1045 1903 1120 1926 1533.

193 1934 376 1963 adscriptam:
403 1934 500 1963 „Dete
528 1935 594 1958 haec
621 1935 721 1963 verba,
747 1935 885 1959 Sarmatia
910 1942 981 1959 nune
1006 1936 1121 1960 Paionia

198 1970 251 1993 est.
288 1969 356 1992 Nam
383 1969 492 1991 Tacitus
520 1969 655 1999 inteiligit
681 1969 864 1997 sarmatiam,
891 1976 944 1993 non
970 1970 1045 2000 ripas
1069 1971 1121 1994 Vi-

196 2004 288 2027 stuiae
301 2019 309 2035 ,
337 2003 386 2026 sed
406 2003 515 2026 ultimas
536 2004 683 2034 regiones,
703 2004 807 2027 seilicet
827 2004 955 2028 Russiain
976 2007 1003 2028 et
1021 2006 1120 2028 Tarta-

194 2038 274 2062 riam.
310 2038 350 2060 Eo
370 2037 441 2060 enim
459 2039 584 2067 tempore
603 2038 679 2067 ripae
695 2038 841 2066 Vistuiae.
864 2044 933 2067 quae
952 2046 1023 2063 nune
1035 2040 1120 2063 Polo-

191 2072 255 2096 niae
275 2077 372 2095 nomen
393 2072 548 2102 possident,
568 2073 602 2096 ad
619 2073 794 2096 Germaniam
815 2073 999 2102 pertinebant.
1036 2074 1119 2097 Post-

194 2112 228 2130 ea
252 2105 350 2129 Potoni
375 2111 408 2129 ea
431 2107 492 2130 loca
510 2108 694 2137 occuparunt,
722 2107 766 2137 qui
786 2108 866 2138 sunt,
900 2109 930 2131 ut
949 2108 1020 2140 dixi,
1052 2114 1119 2139 pars

194 2141 373 2165 uenetorum.

156 2183 205 2211 23)
229 2181 423 2212 &ibent-urget]
457 2182 498 2207 sic
523 2189 618 2207 omnes
652 2184 752 2215 Editt.‚
784 2184 905 2215 exceptis
924 2185 1008 2209 Editt.
1032 2185 1119 2215 1581„

195 2218 288 2244 1594„
309 2222 378 2246 quae
399 2217 515 2243 habent:
534 2217 738 2250 &ichcnbfitgcn

158 2258 207 2286 24)
226 2257 372 2286 Gothicae]
390 2257 457 2281 iliae
474 2258 559 2283 Editt.
580 2260 731 2285 Gotthieae.

157 2301 206 2329 25)
233 2299 444 2331 &ebmarssmuth
478 2300 518 2324 sic
545 2302 629 2325 Editt.
657 2303 750 2334 1572„
785 2303 992 2334 1579—1673.;
1027 2303 1111 2328 Editt.

195 2335 287 2362 ¹535..
313 2334 402 2365 ¹552,
425 2335 498 2358 1574.
537 2338 724 2361 suartzwaid.

156 2378 206 2406 26)
226 2376 329 2405 fontis]
350 2377 400 2401 Ed.
422 2377 497 2402 1538.
517 2384 614 2402 errore
633 2380 763 2411 typogn:
783 2381 885 2406 fontes.

156 2421 204 2450 27]
224 2420 287 2443 Vid.
301 2419 480 2448 massmanni,
499 2420 635 2444 Passowii
653 2423 680 2445 et
688 2423 831 2447 XValtheri
848 2425 904 2448 not.
920 2424 980 2448 erit.
996 2424 1030 2448 ad
1042 2424 1068 2450 h.
1080 2425 1097 2449 1.

154 2463 203 2491 28)
228 2462 386 2491 Barnouu]
419 2462 461 2485 sic
489 2467 584 2486 omnes
611 2463 714 2497 Editt.,
740 2467 856 2497 excepta
880 2466 931 2490 Ed.
952 2467 1043 2496 167³„
1071 2466 1115 2490 uhi

192 2497 294 2528 legitur
312 2497 446 2521 Barnun.

156 2548 205 2576 29)
227 2547 301 2575 ξὸιιτ]
322 2546 406 2572 Editt.
430 2546 526 2578 1574.‚
548 2547 621 2572 1673.
641 2548 666 2572 11.
685 2549 702 2574 1.
723 2551 751 2574 et
769 2549 795 2574 in
815 2557 891 2582 seqq.
912 2551 996 2578 θοῦν.

155 2599 202 2623 30]
222 2599 353 2623 Herodot.
374 2598 408 2628 11,
428 2599 471 2624 33.
508 2595 614 2631 Ἴστρος
638 2607 665 2624 τε
684 2599 738 2634 γιὶρ
763 2600 891 2635 ποταμός
908 2599 1063 2636 ἀρξάμενος
1082 2601 1113 2628 ἐκ

188 2632 299 2658 Κελτῶν
317 2633 363 2656 καὶ
382 2631 510 2665 Πυρήνης
528 2630 631 2662 πόλιος.

154 2676 202 2703 31)
227 2677 403 2705 vocabulum]
430 2676 470 2701 sie
494 2677 579 2701 Editt.
601 2677 808 2709 15:38—-1574,‚
841 2679 1056 2710 1581-1673.;
1083 2679 1110 2704 in

188 2711 238 2734 Ed.
257 2711 334 2737 1579.
353 2711 438 2736 deest.

1043 1602 1122 1632 XVI,

594 95 716 132 XXIX.
757 95 1146 132 COMMENTARIUS
1173 95 1222 132 IN
1250 96 1412 133 TACITI
1439 99 1735 137 GERMANIAM

2105 109 2178 146 622

1185 183 1313 218 caritas
1348 185 1510 220 locorum
1546 189 1668 233 augeri
1704 189 1864 232 videtur,
1900 204 1979 226 cum
2016 200 2177 228 veterum

1182 236 1448 280 praedicatione
1475 240 1712 275 celebrantur.
1764 240 1847 275 Ideo
1874 256 1930 277 me
1955 257 2097 291 quoque
2117 247 2176 280 de-

1182 287 1313 321 lectant
1335 286 1402 322 hae
1429 291 1673 333 coniecturae,
1700 292 1737 326 in
1752 294 1880 339 quibus
1896 301 2055 330 veterum
2075 305 2176 331 auto-

1181 339 1267 373 ritas
1284 341 1328 372 ad
1348 342 1548 375 ornandam
1567 344 1721 388 patriam
1738 357 1812 378 non
1828 345 1958 380 insulse
1976 347 2116 383 citatur.

1283 389 1389 438 (Cap.
1414 391 1471 440 II.)
1528 397 1660 430 Tuisco.
1713 395 1851 430 Omitto
1886 398 2042 439 fabulas,
2084 413 2175 446 quae

1181 447 1264 474 sunt
1283 444 1378 487 apud
1394 443 1438 489 3‘·’')
1462 445 1638 479 Berosum
1661 447 1704 480 de
1726 454 1808 481 ortu
1826 448 2015 483 Tuisconis
2038 457 2072 483 et
2088 452 2175 484 alio-

1181 504 1273 529 rum.
1325 493 1416 527 Illud
1442 497 1637 531 admodum
1661 499 1827 533 credibile
1854 506 1924 541 est,
1960 504 2100 544 Gomer,
2136 503 2175 535 fi-

1180 543 1268 577 lium
1298 543 1441 590 Iaphet,
1480 547 1585 582 fuisse
1617 556 1779 584 autorem
1811 552 1923 595 gentis
1950 552 2176 594 Cimmeriae,

1181 607 1272 639 quae
1299 603 1350 630 est
1375 597 1573 640 Cimbrica,
1612 612 1702 646 quae
1734 603 1867 636 bonam
1895 610 2032 648 partem
2056 605 2176 639 lateris

1180 648 1468 690 septentrionalis
1496 651 1699 696 complevit.
1749 654 1795 687 Et
1822 655 1865 688 ab
1892 653 1959 688 hoc
1984 662 2080 690 ortos
2102 669 2176 690 esse

1181 697 1381 733 Germanos
1406 700 1549 745 opinor.
1600 702 1684 736 Fuit
1709 703 1739 736 ei
1764 705 1855 739 filius
1872 709 2024 741 Aseanes
2037 707 2102 753 33),
2131 709 2174 741 ad

1180 746 1275 781 hunc
1305 751 1465 784 referunt
1493 751 1614 786 Iudaei
1639 761 1799 789 nostram
1828 756 2023 800 originem,
2065 759 2175 793 secuti

1180 800 1389 835 affinitatem
1414 804 1582 838 nominis.
1636 805 1727 839 Nam
1754 808 1869 852 prima
1887 809 2022 853 syllaba
2046 810 2175 843 articu-

1179 851 1253 884 lum
1278 853 1456 895 continet‚
1487 858 1688 898 Tuiscmaes,
1716 860 1770 892 die
1786 862 1948 894 Ascanes.
2003 861 2175 907 Reliquas

1181 904 1414 948 etymologias
1434 907 1573 943 omitto.
1608 907 1795 943 Caeterum
1815 918 1907 944 recte
1925 912 2064 945 divinat
2080 911 2175 946 Rhe-

1179 967 1294 989 nanus
1310 956 1376 1003 3Ἄ),
1404 960 1588 1002 Inyevones
1612 959 1724 995 dictos
1749 974 1766 994 a
1794 963 1933 999 {Senem
1988 967 2173 1000 Germanos

1179 1006 1291 1041 dictos
1318 1008 1475 1042 arbitror
1501 1011 1545 1043 ab
1573 1013 1725 1046 Herman
1745 1012 1812 1060 33),
1844 1015 1880 1047 id
1908 1021 1976 1055 est,
2006 1028 2024 1049 a
2052 1017 2174 1049 militi-

1179 1059 1264 1098 bus,
1300 1061 1397 1104 quod
1419 1060 1464 1106 36)
1501 1061 1659 1095 Romani
1688 1064 1736 1098 sie
1772 1066 1966 1100 audiebant
2001 1068 2174 1112 appellari

1179 1109 1321 1144 milites.
1384 1111 1457 1146 Nee
1484 1114 1585 1146 valde
1611 1117 1838 1159 repugnabo,
1867 1118 1895 1152 si
1923 1118 2001 1163 quis
2026 1132 2173 1163 prorsus

1179 1160 1346 1194 Latinam
1369 1176 1491 1196 vocem
1512 1177 1584 1198 esse
1602 1169 1812 1208 contendet,
1839 1182 1907 1215 qua
1925 1169 2083 1203 Romani
2108 1183 2173 1204 nos

1178 1213 1456 1257 appellaverint,
1491 1216 1631 1251 etiamsi
1658 1219 1761 1253 nobis
1792 1220 1953 1264 ignotum
1985 1228 2074 1255 esset
2105 1220 2173 1255 hoc

1178 1265 1404 1300 vocabulum.
1465 1265 1555 1300 Illud
1590 1270 1745 1313 optarim
1770 1284 1888 1306 mores
1915 1279 2057 1307 nostros
2092 1286 2172 1307 cum

1178 1313 1426 1350 honestissima
1446 1320 1685 1363 appellatione
1704 1324 1909 1365 convenire,
1936 1337 2073 1370 nosque
2091 1337 2172 1358 vere

1177 1368 1464 1411 germanitatem,
1490 1370 1728 1406 sinceritatem
1746 1380 1779 1407 et
1796 1376 2025 1409 concordiam
2043 1377 2147 1411 tueri.

1279 1421 1409 1454 DIarsi.
1469 1420 1508 1454 In
1527 1422 1750 1459 Germanicis
1768 1423 1924 1461 historiis
1951 1425 2047 1461 haud
2067 1428 2173 1462 dubie

1177 1467 1263 1503 haec
1288 1472 1480 1515 appellatio
1506 1474 1719 1509 Germanica
1746 1483 1816 1517 est,
1853 1477 2019 1512 nonnihil
2043 1480 2170 1513 inflexa

1177 1523 1221 1555 ad
1241 1521 1409 1555 Latinam
1436 1525 1726 1560 terminationem
1749 1540 1767 1560 a
1795 1528 1980 1564 Romanis.
2038 1531 2172 1577 Estque

1176 1585 1194 1605 a
1224 1575 1369 1614 Marcu,
1406 1577 1503 1620 quod
1531 1577 1706 1621 significat
1738 1579 1899 1614 limitem.
1960 1581 2006 1615 Et
2040 1583 2171 1627 passim

1177 1625 1328 1668 populos
1353 1625 1390 1658 in
1416 1627 1588 1662 limitibus
1615 1630 1791 1664 vocabant
1807 1634 1967 1667 Illerclser
1992 1646 2052 1667 seu
2070 1636 2172 1669 filar-

1175 1678 1308 1710 chiones
1331 1676 1396 1723 3⁷),
1441 1685 1479 1711 ut
1507 1677 1614 1713 hodie
1642 1682 1775 1715 multae
1806 1690 1889 1717 sunt
1916 1684 1953 1717 in
1977 1685 2170 1719 Germania

1176 1727 1370 1762 Mau-chiae.
1424 1729 1599 1764 Scribitur
1621 1738 1654 1765 et
1677 1733 1714 1766 in
1729 1733 1911 1768 Harminii
1935 1734 2082 1770 historia
2109 1750 2171 1782 pa-

1174 1779 1286 1813 ruisse
1301 1780 1333 1812 ei
1350 1780 1508 1819 Marsos,
1536 1796 1624 1828 qnos
1640 1784 1745 1818 fuisse
1765 1786 1921 1819 arbitror
1947 1787 2082 1822 vicinos
2107 1791 2170 1821 du-

1175 1837 1272 1865 catus
1288 1831 1476 1876 Bergensis
1496 1832 1555 1880 38).

1207 1966 1256 1995 32)
1278 1967 1380 1992 Omitto
1397 1969 1522 2000 fabulas,
1548 1977 1617 2001 quae
1636 1974 1701 1996 sunt
1719 1974 1789 2003 apud
1810 1975 1876 2004 ete]
1896 1974 1937 2000 sic
1954 1975 2040 2000 Editt.
2062 1977 2166 2002 1557-

1245 2002 1337 2033 1673.;
1356 2003 1406 2029 Ed.
1424 2004 1498 2030 1535,
1521 2006 1701 2031 Exibilandae
1718 2010 1783 2032 sunt
1802 2009 1910 2034 sabatae
1929 2012 2000 2040 apud
2020 2013 2070 2035 etc.

1207 2043 1255 2073 33)
1276 2045 1417 2075 Ast-anes]
1445 2047 1485 2071 sic
1513 2055 1607 2072 omnes
1626 2050 1692 2074 illae
1710 2051 1794 2075 Editt.
1816 2053 1844 2075 et
1861 2053 2016 2077 Chronicon
2036 2054 2164 2079 Carionis

1242 2080 1340 2110 (Coi-p.
1359 2081 1480 2106 Reform.
1507 2083 1570 2107 Vol.
1585 2085 1646 2108 ΧΠ.
1666 2092 1690 2114 p.
1708 2085 1799 2115 734.);
1826 2087 1914 2113 LXX.
1941 2089 1969 2111 et
1988 2089 2072 2120 Vuig.
2090 2090 2165 2114 hebr.

1241 2128 1340 2159 nomen
1360 2118 1459 2160 ΤΞ-ἳῖζριῖ
1479 2125 1675 2155 (Asclzkenas)
1702 2128 1804 2153 Genes.
1826 2129 1867 2159 10,
1886 2129 1910 2153 3.
1929 2130 2045 2154 reddunt
2066 2128 2166 2163 Ἀσχα-

1242 2156 1310 2187 νκζ,
1329 2157 1464 2184 Asce'nez.

1206 2197 1254 2227 34)
1281 2201 1382 2224 Beatus
1415 2202 1563 2226 Rhenanus
1598 2203 1724 2235 (proprie
1754 2204 1861 2237 Biide),
1898 2207 2112 2231 Selestadiensis
2138 2214 2164 2234 a.

1243 2234 1317 2257 1474.
1352 2236 1407 2259 nat.
1436 2238 1462 2259 et
1488 2243 1511 2260 a.
1540 2238 1614 2263 1547.
1639 2240 1820 2269 Argentorati
1846 2243 1942 2269 mort„
1974 2243 2084 2270 praeter
2109 2243 2166 2266 alia

1239 2268 1352 2297 scripsit
1372 2276 1462 2294 reruni
1490 2273 1707 2299 germanicarum
1728 2274 1813 2298 libros
1833 2275 1894 2305 111.‚
1922 2275 1966 2305 qui
1985 2276 2109 2301 Basiieae
2135 2277 2161 2300 in

1240 2302 1286 2327 off.
1306 2304 1424 2330 Froben.
1447 2305 1521 2331 1531.
1540 2307 1601 2332 Eoi.
1621 2308 1791 2337 1’rodierunn

1204 2344 1252 2373 35)
1273 2346 1418 2376 Herman]
1439 2348 1487 2372 Ed.
1510 2349 1585 2374 1538.
1604 2350 1653 2373 her
1673 2357 1743 2374 man.

1203 2389 1251 2417 36)
1272 2390 1357 2419 quod]
1377 2390 1416 2414 sic
1435 2392 1496 2415 sola
1515 2392 1564 2414 Ed.
1586 2393 1680 2419 1538.:
1700 2394 1811 2417 ceterae
1830 2394 1914 2419 Editt.
1934 2401 2011 2425 quos,

1202 2432 1478 2490 37)]111ιινοὴίοηεε]
1499 2435 1538 2458 sic
1556 2435 1640 2460 Editt.
1663 2436 1873 2467 1557—1673.;
1892 2437 1941 2461 Ed.
1962 2438 2038 2463 ¹538.

1236 2473 1251 2491 c
1261 2474 1342 2491 neos.

1200 2510 1250 2539 38)
1270 2510 1349 2535 Conf.
1369 2510 1450 2534 libri:
1476 2510 1537 2537 s‘Son
1563 2511 1617 2537 bem
1644 2510 1750 2541 theutin
1769 2512 1897 2546 teutschen
1918 2514 2022 2547 ffiitlicn
2041 2516 2160 2542 thtnio

1237 2545 1277 2570 ein
1306 2544 1392 2575 turget
1410 2545 1513 2576 211155119
1542 2549 1588 2571 αυῡ
1615 2547 1818 2579 gtaubmitbigen
1845 2549 2001 2582 [ureiniscben
2021 2549 2159 2581 bitini-ten,

1233 2578 1305 2607 burch
1338 2581 1385 2603 Ge.
1421 2580 1592 2608 &palatinum
1627 2581 1889 2614 gusummcngcttuqcn
1922 2584 1971 2609 unt>
2003 2584 2159 2616 bethcuxscbt.

1233 2613 1403 2643 Qittembcrg
1431 2613 1495 2642 (δὴ.
1515 2614 1607 2644 Dibon)
1642 2616 1717 2640 1536.
1744 2619 1769 2642 4.
1803 2620 1901 2648 postea
1926 2619 1953 2642 in
1981 2619 2029 2644 tat.
2049 2625 2157 2643 Sermo-

1233 2653 1295 2670 nem
1320 2653 1337 2670 a
1359 2648 1442 2671 Petro
1462 2648 1583 2673 Kenlero
1609 2651 1739 2675 translati
1758 2652 1800 2681 (in
1820 2652 1946 2676 sohar-dii
1971 2659 2053 2683 opere
2073 2659 2157 2683 supra

1233 2681 1345 2705 laudato
1365 2682 1437 2706 Tom.
1454 2682 1474 2707 l.
1494 2689 1518 2712 1).
1533 2684 1692 2710 501—518.
1727 2687 1776 2711 Ed.
1798 2687 1871 2712 1574.
1891 2687 1937 2712 vel
1956 2694 1980 2717 p.
1996 2687 2154 2712 259—268.

1233 2715 1283 2740 Ed.
1305 2716 1395 2745 1673.)
1420 2717 1486 2747 Cap.
1504 2717 1538 2742 X.

2074 2440 2107 2465 Μ
2108 2447 2124 2464 a
2128 2447 2158 2464 r-
