2351 2990
149 117 222 153 543

730 106 851 142 PHlL.
885 105 996 141 MEL.
1033 101 1234 138 SCRIPTA
1267 104 1604 142 PHILOLOGICA.

2114 105 2189 143 544

994 239 1053 268 LI
1076 238 1100 268 13
1122 238 1147 267 E
1169 239 1196 268 R
1240 241 1318 271 XVI.

182 347 504 389 Argumentum
534 345 573 372 et
604 334 817 371 scholion
851 333 896 366 in
933 332 1107 377 episto-

536 391 623 422 lam
650 386 731 432 l.¹).

253 469 364 503 Huius
383 465 462 499 libri
482 463 649 508 epistolae
665 461 854 506 pleraeque
872 471 995 492 omnes
1019 459 1064 491 ad
1080 456 1142 490 Ti—

155 535 278 556 ronem
296 516 474 553 Ciceronis
497 516 664 548 libertum
688 513 838 557 scriptae
865 516 965 550 sunt,
1000 522 1041 542 ex
1065 509 1142 555 qui-

152 576 216 608 bus
242 571 379 604 animus
399 566 580 601 Ciceronis
605 577 685 607 erga
712 566 835 598 doctos
859 562 941 595 satis
963 560 1143 605 cognosci-

152 633 219 658 tur.
273 621 397 654 Monet
414 624 531 651 autem
555 615 621 650 liae
639 614 788 660 epistola
805 613 1000 652 Tironem,
1028 618 1067 645 ut
1083 623 1143 644 va-

151 673 342 708 letudinem
360 682 459 704 suam
478 669 666 711 diligenter
684 673 793 700 curet.
845 663 891 697 lit
914 662 1018 697 liuius
1040 675 1143 707 argu-

151 724 260 759 menti
278 728 356 757 sunt
375 722 562 765 pleraeque
581 717 685 751 buius
702 718 782 751 libri
799 714 1020 761 epistolae‘2).

265 774 285 808 ”.
306 775 337 807 1.
371 774 469 812 Vide,
494 776 619 818 quanm
640 771 675 804 in
693 776 724 804 ie
741 765 853 815 si13)]
882 768 912 800 A
935 764 1142 799 narratione

155 827 304 861 orditur.

256 778 273 819 'll

371 899 509 932 Aliud
545 901 860 941 argumentum
877 893 920 940 ἰ).

255 969 368 1002 Huius
392 966 510 1001 ultimi
533 965 614 998 libri
643 963 813 1008 epistolae
844 973 966 994 omnes
994 959 1143 1004 scriptae

154 1028 236 1057 sunt
260 1022 304 1053 ad
329 1020 502 1052 Tironem
525 1018 690 1049 libertum
717 1013 909 1046 Ciceronis,
970 1011 1060 1044 Sunt
1083 1023 1144 1043 au-

155 1082 224 1107 tem
250 1073 375 1116 plenae
399 1069 582 1102 mitiorum
615 1073 648 1099 et
676 1064 906 1098 familiarium
941 1062 1143 1101 affectuum,

154 1137 242 1170 quos
266 1121 378 1168 51'2971'7')
398 1126 537 1152 vocant.
591 1115 867 1150 Perlnunaniter
886 1121 919 1147 et
938 1112 1143 1146 suavissime

155 1177 277 1209 Cicero
298 1174 339 1205 ad
358 1172 531 1205 Tironem
548 1169 668 1203 scribit
686 1173 831 1212 propter
853 1165 986 1209 ingenii
1006 1164 1144 1207 elegan-

152 1228 238 1260 tiam
259 1232 291 1258 et
313 1222 541 1267 multiplicem
560 1219 780 1257 doctrinam,
809 1230 961 1262 quorum
987 1215 1141 1247 admira-

154 1279 203 1311 tio
228 1275 408 1309 consociat
431 1273 536 1306 ctiam
563 1271 707 1315 imparis
733 1268 946 1302 conditionis
969 1264 1143 1299 homines.

155 1329 270 1362 Porro
290 1325 393 1359 liuius
412 1326 482 1357 fere
501 1329 583 1357 sunt
608 1320 819 1365 argumenti.
872 1318 1010 1352 Partim
1033 1316 1144 1349 conti-

156 1386 241 1413 nent
260 1376 533 1412 sollicitudinem
558 1375 600 1406 de
623 1371 826 1404 valetudine
845 1369 1011 1407 Tironis,
1038 1379 1142 1412 quem

156 1432 279 1464 Cicero
300 1428 470 1461 decedens
487 1438 529 1458 ex
547 1424 669 1457 Cilicia
694 1427 936 1466 aegrotantem
960 1420 996 1451 in
1011 1417 1143 1450 Achaia

155 1482 362 1527 reliquerat,
386 1478 518 1523 partim
539 1477 581 1508 de
599 1474 708 1506 initiis
724 1473 808 1506 belli
828 1471 939 1504 civilis
957 1469 1144 1502 interCae-

156 1545 270 1568 sarem
291 1538 325 1564 et
341 1528 553 1572 Pompeium
579 1531 698 1569 agunt.
760 1524 828 1557 Sed
852 1521 982 1566 pri0ris
1009 1520 1146 1564 generis

155 1584 330 1630 plurimae
355 1586 454 1620 sunt,
489 1578 578 1612 sicut
602 1583 634 1609 et
655 1576 790 1620 prima,
832 1585 921 1618 quae
945 1572 1144 1605 orationem

158 1635 265 1669 babet
296 1632 472 1665 concisam
500 1636 532 1662 et
561 1634 697 1661 tantum
731 1624 940 1669 significatio
970 1623 1146 1668 quaedam

160 1693 211 1720 est
234 1681 480 1719 sollicitudinis
499 1679 678 1713 Ciceronis
704 1678 745 1710 de
765 1675 910 1708 Tironis
933 1673 1147 1711 valetudine,

161 1749 265 1783 quem
285 1735 407 1768 Cicero
425 1733 595 1765 decedens
616 1742 656 1762 ex
671 1727 790 1762 Cilicia
812 1727 1005 1771 reliquerat
1025 1736 1147 1768 aegro-

158 1794 305 1822 tantem.
357 1784 525 1817 Eiusdem
545 1780 681 1826 generis
696 1785 777 1813 sunt
794 1779 984 1822 pleraeque
1001 1787 1148 1820 sequen-

159 1846 210 1873 tes
245 1836 411 1882 epistolae
446 1847 524 1867 cum
557 1832 693 1865 duabus
724 1830 915 1874 prioribus.
974 1827 1065 1861 Nam
1092 1824 1149 1859 hic

157 1902 300 1936 quoque
325 1892 474 1920 testatur
498 1897 599 1918 suum
627 1894 785 1915 amorem
804 1892 884 1923 erga
905 1878 1078 1912 Tironem
1097 1877 1148 1909 in-

158 1943 278 1975 dicans
298 1951 397 1972 suam
421 1938 463 1969 de
481 1936 554 1969 eius
572 1934 773 1967 x‘aletudine
793 1930 1066 1964 sollicitudinem
1080 1955 1089 1969 ,
1118 1934 1151 1960 et

159 1991 323 2026 bortatur
343 2002 423 2022 eum
439 1989 483 2020 ad
503 1999 623 2019 curam
644 1983 866 2016 valetudinis.
900 1978 1065 2015 3.4.et5.
1079 1979 1150 2023 epi-

158 2044 247 2078 stola
265 2047 344 2075 suut
363 2040 517 2073 eiusdem
539 2035 739 2081 argumenti
759 2047 837 2066 cum
855 2032 1109 2076 superioribus.

198 2165 227 2192 1)
247 2164 281 2191 1.]
304 2162 331 2185 iu
351 2160 434 2184 Editt.
460 2158 550 2184 1545..
574 2157 664 2185 1501„
696 2154 815 2178 minueris
842 2153 1018 2183 epistolarum
1039 2156 1152 2180 praece-

233 2197 322 2220 dentis
341 2196 402 2219 libri
421 2192 603 2221 continuatis,
638 2192 701 2213 haec
728 2189 846 2218 epistota
871 2193 982 2210 numero
998 2185 1074 2216 397„
1107 2192 1153 2207 se-

229 2238 314 2262 queus
341 2234 452 2252 numero
466 2227 524 2250 395.
546 2228 615 2253 etc..
654 2226 681 2247 ct
709 2224 733 2246 iu
761 2222 900 2245 1⁴:11.15i6.
926 2220 1019 2243 eadem
1047 2219 1153 2242 ratione

231 2268 298 2289 haee
319 2265 406 2294 prima
425 2267 537 2285 numero
552 2261 627 2287 395..
647 2264 764 2288 sequeus
785 2262 896 2279 numero
909 2255 968 2278 39⁹.
986 2256 1036 2277 eto.
1057 2253 1153 2283 sigua-

233 2304 276 2323 tae
301 2300 372 2322 suut.
391 2308 427 2314 —-
464 2297 536 2318 Haec
556 2293 675 2323 epistola
694 2299 709 2315 a
730 2292 821 2314 verbis
846 2291 927 2316 side.
949 2290 1057 2319 qumtta
1077 2288 1108 2311 in
1127 2289 1155 2311 ee

234 2335 288 2358 sit.
310 2335 360 2357 ete.
381 2330 511 2360 iucipiens
531 2328 556 2351 in
578 2328 660 2352 Editt.
680 2326 870 2350 1537-1601.
891 2323 969 2347 huius
989 2322 1050 2346 libri
1069 2322 1155 2352 prima

235 2371 294 2395 est,
313 2367 339 2389 iu
359 2366 408 2390 Ed.
423 2364 508 2389 orell.
528 2364 618 2386 autem
638 2361 741 2391 quinta.

199 2419 230 2447 2)
251 2418 306 2440 Hoc
330 2417 518 2443 amunientum
546 2414 643 2436 liabent
668 2412 706 2434 sic
731 2411 814 2434 Editt.
840 2407 1044 2435 1537-1515.,
1071 2407 1158 2433 1554„

240 2451 330 2477 1557..
354 2451 440 2474 1560,·.
469 2450 493 2471 ἰιι
517 2449 596 2471 aaut.
615 2447 704 2473 15⁴6..
728 2446 802 2468 1601.
821 2442 979 2473 praemissis
1000 2442 1158 2471 ‹mitiusdam

237 2484 362 2508 Asc-eusii
383 2483 474 2506 verbis
495 2484 543 2505 hoc
564 2480 747 2504 Melautlnmis
775 2479 965 2509 argumentum
983 2476 1022 2499 sic
1043 2478 1085 2498 est
1106 2481 1157 2498 an-

237 2524 349 2542 nexum:
375 2518 409 2540 Et
428 2517 505 2539 buius
526 2516 586 2539 libri
606 2515 741 2544 epistotae
760 2516 811 2537 etc.

205 2571 235 2598 3)
257 2570 287 2593 in
306 2570 333 2593 le
353 2568 406 2595 sit]
427 2567 465 2589 sic
484 2567 548 2589 illac
568 2565 650 2588 Editt.
671 2570 783 2591 onmem
810 2563 858 2587 Ed.
874 2561 959 2586 Orell.
978 2561 1016 2585 sit
1038 2561 1066 2583 ιἰι
1087 2561 1122 2584 te.

202 2622 234 2649 4)
254 2620 310 2643 uoc
329 2618 517 2648 argumentum
537 2617 563 2639 et
581 2621 697 2645 sequeus
718 2615 744 2638 in
757 2614 841 2638 Editt.
857 2613 948 2642 1556.‚
969 2612 1073 2636 1565-
1087 2611 1159 2634 1596.

236 2652 422 2678 inveniuntur.

203 2705 232 2737 5)
253 2702 319 2734 ἤθη]
339 2702 387 2727 Ed.
407 2700 480 2725 ¹571.
501 2705 598 2724 errore
617 2701 744 2730 typogr.:
771 2697 829 2727 ἔθη.

1441 336 1579 371 Aliud
1612 345 1938 383 argumentum.

1288 403 1409 438 Prima
1427 404 1574 449 epistola
1589 403 1698 439 habet
1714 407 1838 440 breves
1854 405 1991 451 aliquot
2006 404 2183 438 narratio-

1330 454 1394 488 Est
1418 462 1535 489 autem
1560 456 1617 489 illa
1644 458 1854 502 praecipua,
1896 456 2005 503 qua⁶)
2039 455 2184 500 exponit

1195 516 1296 537 suum
1315 506 1500 540 consilium
1517 508 1559 540 de
1584 508 1770 552 diligenter
1792 509 1947 542 curanda
1971 506 2184 541 valetudine.

1195 553 1235 587 ln
1266 557 1333 589 fme
1362 557 1508 601 ponitur
1538 556 1847 592 adhortatiuncula
1873 560 1914 592 ad
1937 558 2092 593 studium
2117 569 2184 602 pro

1196 607 1399 642 valetudine
1423 609 1602 649 curanda,
1630 622 1710 643 cum
1729 610 1829 643 brevi
1847 609 2103 655 pollicitatione
2129 608 2183 643 sui

1198 659 1315 693 officii.

1195 464 1268 487 UCS·

1420 736 1560 770 Aliud
1588 738 1962 784 argumentum7).

1293 802 1474 848 Epistolae
1488 803 1592 838 huius
1609 805 1726 837 ultimi
1742 805 1823 838 libri
1840 806 1883 838 ad
1893 805 2066 838 Tironem
2082 807 2185 840 liber-

1198 860 1272 887 tum
1292 867 1422 899 magna
1444 867 1485 889 ex
1508 862 1607 900 parte
1632 856 1755 889 eodem
1778 862 1941 890 constant
1963 864 2186 900 argumento,

1197 905 1359 939 videlicet
1376 908 1418 939 de
1439 907 1639 940 valetudine
1663 907 1851 951 diligenter
1872 908 2040 941 curanda.
2092 908 2185 943 Nam

1197 969 1277 990 eum
1308 969 1453 1001 aegrum
1477 958 1593 991 Patris
1618 958 1823 1004 reliquerat.
1888 958 2011 992 Prima
2038 960 2185 1005 epistola

1197 1008 1513 1042 constatbrevibus
1529 1009 1815 1050 narrationibus,
1843 1009 1880 1042 in
1905 1009 2033 1055 quibus
2053 1011 2184 1056 signifi-

1198 1066 1253 1092 cat
1268 1059 1541 1093 sollicitudinem
1561 1072 1660 1094 suam
1679 1061 1722 1093 de
1746 1061 1856 1094 salute
1883 1067 1917 1094 et
1941 1060 2185 1095 incolumitate

1196 1111 1314 1144 liberti
1339 1111 1405 1145 sui.
1458 1111 1522 1145 His
1548 1110 1647 1144 addit
1672 1112 1866 1145 clausulam
1889 1109 2187 1153 adhortatoriam,

1196 1168 1236 1196 ut
1251 1162 1492 1196 valetudinem
1512 1168 1622 1196 curet.

1336 1246 1660 1291 Argumentum
1697 1247 1928 1292 epistolae
1954 1246 2050 1294 ΠΒ),

1298 1315 1449 1348 Orditur
1469 1327 1487 1347 a
1511 1315 1610 1348 brevi
1638 1315 1846 1348 narratione
1867 1316 1910 1348 de
1931 1327 1991 1349 sua
2016 1314 2185 1349 sollicitu-

1198 1366 1279 1399 dine
1302 1379 1368 1410 pro
1392 1366 1595 1399 valetudine
1619 1365 1748 1400 liberti.
1808 1366 1937 1400 Postea
1962 1366 2103 1400 subiicit
2126 1367 2186 1399 ad-

1198 1415 1459 1456 hortationem,
1482 1423 1521 1450 ut
1545 1417 1784 1450 valetudinem
1804 1423 1921 1457 curet,
1956 1423 1990 1450 et
2013 1423 2187 1462 quantum

1198 1468 1274 1501 fieri
1289 1474 1425 1512 potest,
1452 1468 1497 1499 ad
1514 1479 1672 1501 summos
1692 1480 1773 1501 suos
1789 1467 1922 1500 amicos
1937 1474 2116 1512 properet.

1334 1552 1661 1596 Argumentum
1691 1551 1916 1596 epistolae
1943 1550 2056 1598 lll.⁹).

1300 1620 1470 1653 Amorem
1481 1619 1526 1666 ¹⁰)
1552 1632 1654 1654 suum
1679 1625 1713 1652 et
1736 1619 1951 1653 desiderium
1968 1618 2114 1653 Tironis
2133 1631 2189 1653 ex-

1201 1672 1304 1718 ponit
1319 1670 1385 1705 hac
1402 1671 1550 1716 epistola
1562 1671 1620 1717 ¹¹).

1414 1754 1550 1789 Aliud
1584 1754 1969 1802 argumentumffl).

1306 1822 1401 1857 Idem
1432 1830 1484 1857 est
1510 1823 1695 1856 exordium
1720 1828 1901 1867 sumptum
1926 1834 1944 1855 a
1971 1821 2190 1862 narratione,

1204 1874 1239 1907 in
1258 1887 1327 1920 qua
1343 1880 1602 1908 commemorat
1618 1887 1720 1908 suum
1747 1874 1789 1907 de
1813 1873 1940 1906 liberto
1965 1872 2190 1907 desiderium.

1237 1993 1268 2020 6]
1290 1993 1356 2022 qua]
1377 1992 1417 2016 sic
1441 1993 1516 2016 recte
1534 1992 1619 2017 Editt.
1638 1991 1729 2020 1556..
1759 1990 1849 2019 1565.;

1274 2033 1352 2057 quae.

1239 2069 1268 2097 7)
1290 2071 1346 2093 Hoc
1365 2071 1554 2097 argumentum
1574 2070 1672 2093 habent
1692 2068 1774 2092 Editt.
1796 2067 1986 2091 1555—15913.

1238 2114 1269 2141 8)
1289 2114 1363 2136 flacc
1383 2114 1499 2142 epistota
1519 2114 1675 2144 Septimum
1695 2113 1752 2135 inm
1771 2113 1845 2135 diem
1872 2112 1940 2140 etc..
1976 2112 2000 2135 iu
2022 2112 2105 2136 Editt.
2129 2112 2193 2136 1537

1273 2161 1307 2164 -
1323 2148 1395 2171 1601.
1421 2149 1540 2171 secundo
1566 2148 1626 2170 loco
1653 2146 1758 2175 posita.
1791 2146 1815 2168 in
1839 2145 1884 2169 Ed.
1907 2146 1993 2169 Orelt.
2019 2147 2061 2169 cst
2081 2146 2140 2170 VH.
2159 2159 2192 2163 -—

1275 2182 1331 2205 Hoc
1350 2183 1538 2209 argumentum
1558 2182 1639 2204 Eum.
1662 2181 1733 2203 1556.
1747 2196 1754 2204 .
1777 2180 1964 2203 1565—1596.
1990 2180 2131 2209 exhibeut3
2166 2180 2192 2203 in

1275 2216 1359 2240 Editt.
1383 2216 1447 2239 1537
1461 2229 1482 2232 -
1500 2217 1591 2245 1554„
1614 2214 1704 2243 1552,
1728 2214 1818 2241 1560..
1840 2214 1912 2238 1601.
1940 2221 2026 2244 neque
2044 2220 2193 2245 argumen-

1277 2252 1330 2273 tum
1359 2256 1446 2280 ueque
1471 2250 1575 2273 scholia
1600 2248 1782 2272 Melanthouis
1811 2249 1836 2271 iu
1862 2248 1931 2271 hanc
1955 2248 2099 2278 epistolam
2124 2248 2193 2272 affe-

1275 2285 1380 2307 runtur.

1240 2326 1270 2357 9)
1293 2328 1364 2350 naec
1384 2326 1520 2356 epistola,
1539 2331 1609 2355 quac
1629 2325 1655 2348 iu
1675 2325 1724 2350 Ed.
1742 2325 1815 2349 ¹537.
1843 2331 1859 2348 a
1885 2324 1978 2348 verbis
1998 2324 2098 2349 cicero
2117 2331 2196 2349 meus

1278 2364 1361 2390 (quae
1381 2361 1407 2383 in
1429 2361 1491 2384 cett.
1512 2361 1595 2384 Editt.
1616 2362 1643 2383 et
1662 2359 1688 2382 in
1709 2360 1756 2382 led.
1778 2360 1863 2383 Oretl.
1884 2359 1910 2382 iu
1931 2359 1989 2382 eins
2018 2359 2195 2390 inscriptione

1279 2395 1415 2418 collocata
1430 2395 1524 2421 suut),
1545 2394 1569 2416 iu
1586 2394 1668 2416 Editt.
1684 2394 1885 2423 1544—155⁴.,
1908 2393 1992 2423 1557.,
2013 2393 2100 2420 1560..
2121 2393 2192 2416 1601.

1279 2430 1369 2452 autem
1388 2430 1414 2451 et
1433 2428 1459 2451 iu
1479 2428 1525 2451 Ed.
1544 2429 1632 2453 oreu.
1652 2434 1668 2451 a
1687 2428 1778 2451 verbis
1798 2429 1887 2452 Paulo
1905 2428 2028 2459 facilins
2046 2426 2149 2457 incipit,
2168 2427 2195 2450 in

1278 2463 1327 2487 Ed.
1347 2462 1432 2487 orell.
1452 2462 1538 2491 primo
1558 2463 1616 2485 loco
1637 2463 1681 2485 est
1699 2462 1797 2492 posita.

1247 2506 1291 2533 10)
1311 2505 1378 2529 Huic
1395 2504 1455 2528 voci
1474 2504 1499 2528 in
1514 2505 1596 2528 Editt.
1613 2505 1703 2531 1545..
1726 2505 1797 2527 ¹560.
1820 2504 1943 2534 praefixa
1961 2504 2023 2527 sunt
2039 2502 2095 2527 Cic.
2115 2504 2199 2527 verba

1282 2540 1380 2564 Cir-ern
1399 2546 1495 2564 meus.
1521 2539 1546 2561 iu
1566 2539 1650 2562 Editt.
1672 2540 1762 2567 1540..
1786 2540 1877 2565 15⁴4..
1899 2538 1992 2569 1554„
2016 2536 2089 2561 1557.
2107 2539 2197 2561 autem

1280 2575 1364 2596 verba
1385 2574 1475 2598 vaula
1494 2573 1624 2603 facilius.

1247 2617 1293 2643 11)
1313 2617 1369 2639 noe
1388 2618 1576 2643 argumentum
1597 2617 1706 2644 praeter
1733 2615 1795 2638 inas
1816 2615 1832 2638 6
1851 2613 1935 2638 Editt.
1955 2612 2036 2636 etiam
2054 2613 2102 2637 Ed.
2125 2614 2198 2640 1537.

1281 2651 1306 2673 iu
1327 2650 1450 2679 margine
1470 2649 1524 2672 iuis
1544 2649 1636 2672 verbis
1656 2649 1810 2679 appositum
1830 2649 1944 2672 exhibet.

1249 2693 1294 2721 12)
1315 2693 1372 2716 floe
1391 2693 1580 2722 argumentum
1600 2691 1626 2714 in
1646 2691 1729 2715 Editt.
1749 2692 1839 2721 1556.‚
1861 2689 2050 2715 1565-1596.
2071 2691 2168 2714 exstat.

1885 1989 1970 2014 ndat.
1995 1989 2086 2021 ¹5⁷1„
2115 1990 2190 2014 1596.
