2351 2990
180 135 253 171 739

180 221 319 254 mittere
337 226 368 252 et
388 218 559 251 militares
573 222 734 259 sumptus
749 213 934 247 ostendere
952 211 1057 250 alios,
1082 222 1172 243 non-

181 284 224 305 ne
254 272 310 303 ille
344 270 484 315 (posset
508 268 636 313 aliquis
663 264 839 309 obiicere)
868 263 998 296 melior
1022 262 1067 296 sit
1089 273 1173 294 con-

182 320 318 356 sultor?
342 321 374 367 ⁹)
415 320 545 353 Fateor
567 329 650 351 sane
677 328 741 358 ego
770 326 933 360 quoque,
968 313 996 347 si
1027 311 1172 358 quidem

182 380 232 407 est
263 372 390 417 aliquis
413 371 539 406 modo,
567 368 635 400 viri
656 364 903 399 Athenienses.
955 364 1024 398 Sed
1049 363 1174 403 miror,

184 436 230 457 an
258 423 313 456 cui
339 434 497 467 unquam
522 418 710 452 hominum
738 423 800 450 aut
822 416 940 454 licuit,
967 421 1029 449 aut
1043 414 1174 453 licebit,

185 475 234 511 si,
261 486 350 519 quae
368 484 461 505 nunc
479 469 605 509 hahet,
635 467 894 512 consumpserit
918 467 963 499 ad
985 478 1077 511 quae
1100 477 1190 498 uon·

186 531 346 569 oportet,
374 529 467 556 recte
494 533 565 567 quo
591 525 734 564 oportet
757 519 819 558 iis,
847 529 939 564 quae
963 529 1038 550 non
1056 515 1176 556 habet,

184 577 248 609 uti.
301 574 432 606 Verum
446 599 455 612 ,
491 571 664 609 arbitror,
700 570 851 604 istorum
877 568 1078 602 rationibus
1100 578 1177 600 ma-

185 638 292 670 gnum
313 630 533 657 momentum
558 621 711 661 accedit,
743 621 965 664 singulorum
990 620 1175 656 voluntas;

185 681 404 721 quapropter
420 674 627 707 facillimum
645 678 696 706 est
713 672 894 712 omnium,
915 670 1076 715 decipere
1091 680 1176 703 sese.

185 728 291 772 Quod
319 726 412 759 enim
437 726 586 771 quisque
609 724 702 763 vult,
730 723 765 756 id
789 724 905 767 ipsum
922 722 1029 755 etiam
1046 720 1177 754 facien-

185 780 270 811 dum
290 790 362 811 esse
378 783 512 813 censet;
541 775 641 821 atqui
657 787 712 808 res
729 774 825 819 ipsae
842 772 976 807 habent
991 785 1095 817 saepe
1114 771 1177 804 ali-

186 836 249 863 ter.
303 828 534 862 Considerate
566 826 673 870 igitur
702 825 786 869 (viri
809 823 1061 870 Athenienses)
1089 821 1178 856 haec

188 881 254 919 ita,
284 879 586 925 quemadmodum
606 889 661 911 res
678 876 774 921 ipsae
795 877 913 910 serunt
927 902 936 916 ,
963 882 997 908 et
1018 882 1093 908 tum
1120 886 1177 906 ex-

186 932 236 964 ire
254 931 428 975 poteritis,
451 936 484 963 et
502 928 701 974 praemium
721 927 803 961 inde
822 927 1034 972 percipietis.
1067 924 1178 970 Equi-

187 983 268 1015 dem
300 994 374 1014 non
406 982 623 1025 prudentum
642 1005 652 1019 ,
694 991 810 1024 neque
843 989 1099 1022 generosorum
1126 981 1179 1009 est

187 1032 375 1066 hominum
392 1032 458 1078 ¹⁰),
493 1031 684 1077 quicquam
710 1029 1053 1074 praetermittentes,
1080 1026 1178 1073 quod

188 1086 231 1117 ad
251 1084 382 1117 bellum
399 1083 567 1121 attineat,
595 1087 743 1126 propter
765 1093 873 1124 opum
891 1079 1078 1124 penuriam
1091 1104 1100 1118 ‚
1127 1078 1178 1110 fa-

190 1136 253 1168 cile
278 1136 369 1167 serre
393 1134 479 1167 tales
497 1132 746 1170 contumelias;
775 1144 891 1177 neque
910 1137 1033 1164 contra
1051 1129 1178 1163 Corin—

186 1185 279 1219 thios
297 1185 441 1231 quidem
464 1191 497 1217 et
516 1184 743 1227 Megarenses
770 1182 942 1227 correptis
965 1181 1074 1215 armis
1095 1192 1178 1225 pro-

185 1237 291 1270 ficisci
303 1264 312 1276 ,
339 1234 547 1280 Philippum
566 1241 628 1268 aut
644 1234 758 1267 sinere
770 1234 940 1267 Graeciae
956 1234 1061 1266 urbes
1077 1244 1179 1265 man-

186 1289 324 1333 cipare,
359 1293 508 1332 propter
542 1286 716 1319 defectum
750 1291 956 1329 sumptuum
994 1283 1179 1317 militanti-

186 1341 250 1373 bus
267 1339 325 1384 ¹¹).
363 1338 410 1372 Et
426 1337 514 1371 haec
529 1337 627 1370 volui
643 1337 759 1370 dicere
780 1337 914 1375 obiter,
940 1348 1013 1368 non
1033 1334 1095 1380 qui
1111 1334 1177 1367 sim

188 1391 343 1423 infensus
366 1389 478 1423 vobis.
545 1388 670 1433 Neque
696 1387 790 1420 enim
824 1389 914 1419 adeo
939 1399 1017 1419 sum
1043 1386 1178 1427 impru-

187 1443 274 1475 dens
292 1447 352 1474 aut
368 1441 489 1474 infelix
505 1439 570 1484 ¹²),
605 1444 644 1471 ut
661 1437 801 1481 cupiam
820 1448 892 1469 esse
914 1435 1048 1468 invisus
1060 1460 1070 1473 ,
1097 1446 1177 1467 cum

186 1491 278 1526 nihil
301 1491 383 1524 inde
410 1488 642 1523 emolumenti
670 1487 824 1521 videam.
891 1486 960 1519 Sed
982 1485 1067 1519 boni
1093 1484 1178 1517 civis

188 1556 261 1577 esse
277 1542 408 1581 iudico,
431 1541 580 1574 salutem
598 1539 814 1583 reipublicae
833 1549 898 1581 pro
917 1537 1044 1581 gratia,
1068 1548 1177 1581 quam

188 1599 412 1637 aucupantur
429 1592 574 1637 quidam
595 1590 765 1628 dicendo,
793 1588 905 1634 sequi.
947 1588 1088 1620 Etenim
1106 1598 1178 1626 eos,

188 1646 249 1691 qui
272 1645 344 1676 iam
370 1643 455 1676 olim
471 1649 614 1686 patrum
632 1647 832 1674 vestrorum
855 1646 1016 1684 tempore
1040 1639 1077 1671 in
1096 1649 1179 1670 con-

188 1696 349 1729 cionibus
379 1693 591 1727 sententiam
625 1692 807 1732 dicebant,
848 1691 974 1730 audio,
1009 1690 1179 1736 quemad-

187 1749 334 1780 modum
370 1746 518 1778 fortasse
555 1750 589 1776 et
616 1756 678 1776 vos
713 1743 781 1787 ipsi
816 1741 949 1787 (quod,
991 1742 1053 1787 qui
1083 1752 1179 1774 nunc

188 1799 332 1837 vimnt,
373 1796 522 1828 laudant
558 1806 701 1833 omnes,
742 1793 930 1826 imitantur
958 1799 1076 1826 autem
1104 1804 1179 1825 non

188 1846 401 1892 admodum)
426 1844 481 1881 his
508 1846 669 1879 moribus
684 1845 749 1890 l³),
786 1851 820 1878 et
846 1842 911 1877 hac
940 1843 1179 1877 concionandi

188 1908 221 1934 et
247 1901 283 1932 in
308 1898 489 1943 republica
514 1897 682 1930 versandi
706 1895 961 1930 consuetudine
984 1907 1066 1929 usos
1088 1907 1177 1928 esse:

188 1951 404 1989 Aristidem,
427 1949 575 1994 inquam
588 1975 597 1988 ,
630 1947 768 1982 Niciam
781 1974 790 1988 ,
823 1947 1073 1991 cognominem
1089 1944 1180 1979 mihi

188 1999 467 2037 Demosthenem
493 1999 574 2046 ¹³³),
600 1999 787 2033 Periclem.
839 1998 892 2031 Ex
921 2011 992 2044 quo
1016 2005 1178 2042 tempore

189 2061 308 2088 autem
328 2051 559 2097 prodIerunt,
587 2050 650 2095 qui
668 2051 892 2094 interrogant
908 2062 991 2090 vos,
1018 2047 1180 2083 rhetores

191 2106 276 2152 quid
301 2101 431 2137 vultis?
460 2101 546 2147 quid
569 2101 706 2133 feram?
742 2113 812 2146 qua
838 2101 875 2133 in
897 2113 935 2134 re
961 2107 1099 2144 gratum
1118 2113 1180 2133 vo-

188 2159 243 2191 bis
257 2153 411 2189 faciam?
439 2153 628 2196 absorptae
647 2158 730 2185 sunt
748 2164 804 2185 res
820 2151 919 2185 urbis
936 2159 1075 2185 vestrae
1097 2164 1180 2196 pro—

190 2209 284 2242 tinus
319 2211 467 2251 propter
497 2203 621 2242 istam,
665 2214 735 2248 qua
759 2202 929 2236 continuo
960 2203 1032 2236 srui
1062 2203 1181 2244 vultis,

223 2320 254 2346 9)
273 2317 323 2340 uis
341 2314 433 2339 verbis
452 2313 479 2337 in
499 2311 583 2336 Editt.
606 2311 698 2341 1559.,
725 2312 817 2343 1⁵64„
845 2311 936 2342 1570.,
958 2312 1032 2337 1587.
1053 2313 1182 2343 apposita

260 2353 304 2375 est
322 2352 387 2374 nota
405 2347 538 2378 margum
559 2347 667 2376 optima
686 2352 735 2376 pro
755 2346 886 2369 suavibus
906 2347 1074 2375 accipienda.

228 2395 273 2421 10]
294 2394 325 2417 Η.
346 2393 363 2415 l.
383 2391 409 2415 in
428 2391 477 2414 Ed.
496 2390 579 2415 nasu.
599 2390 664 2413 uota
682 2388 815 2419 margin.:
847 2390 887 2412 Ah
907 2390 1030 2419 exemplo
1049 2389 1181 2415 maiorum

261 2427 423 2458 ἐπιτίμησις.

230 2472 275 2497 11)
297 2470 327 2493 Η.
348 2469 367 2494 l.
384 2468 411 2492 in
429 2468 478 2491 Ed.
498 2467 584 2491 Basil.
603 2468 670 2490 nota
687 2466 820 2496 margin.:
845 2466 967 2496 Elegans
987 2466 1139 2492 antithesis

230 2513 278 2539 12)
299 2513 330 2535 H.
342 2512 365 2569 ll.
380 2511 406 2549 ih
419 2511 467 2534 Ed.
483 2510 566 2534 Basil.
581 2511 646 2534 nota
660 2509 792 2540 margin:
813 2509 1059 2538 Deprecatiuncula
1072 2509 1181 2543 παῤῥη-

260 2548 325 2571 σιάν
355 2547 419 2569 enlt.

229 2590 275 2618 13)
295 2589 344 2612 His
363 2586 456 2610 verbis
476 2586 503 2609 in
522 2586 715 2617 Editt.1559.,
735 2586 826 2615 1564„
848 2587 920 2611 1570.
934 2603 941 2616 ‚
972 2586 1044 2611 158⁷.
1071 2587 1180 2612 adscri-

263 2627 309 2654 pta
327 2624 371 2645 est
390 2623 455 2644 nota
474 2620 606 2650 margin.:
631 2622 724 2644 Mores
743 2620 856 2650 antiqui.

231 2667 298 2692 13⁴]
324 2664 365 2688 De
391 2663 441 2686 hoc
460 2662 657 2691 Demosthene,
681 2661 848 2685 Alcisthenis
874 2662 947 2688 filio.
974 2662 1179 2688 Atheniensium

265 2701 330 2723 duce
351 2698 377 2721 in
396 2697 467 2720 bello
487 2695 735 2727 Peloponnesiaco,
754 2697 823 2721 conf.
845 2696 948 2727 Pauly:
969 2697 1179 2729 Real-Encycl.
1203 2697 1207 2726 ξ

266 2736 337 2759 Tom.
354 2732 384 2757 u.
404 2739 430 2762 p.
444 2730 603 2755 955—958.

762 128 884 163 PfflL.
921 126 1034 160 MEL.
1066 123 1269 159 SCRIPTA
1301 123 1640 161 PHILOLOGICA.

2141 125 2216 162 740

1225 210 1445 255 voluptatem
1463 217 1497 244 et
1513 211 1676 255 gratiam.
1725 209 1770 243 Et
1787 210 1871 243 talia
1888 216 1980 244 certe
1997 211 2216 254 acciderunt,

1226 267 1332 306 atque
1358 261 1502 295 illorum
1533 261 1678 295 interim
1709 273 1766 294 res
1800 273 1924 295 omnes
1948 263 2136 296 commode
2149 261 2212 296 ha-

1225 313 1329 352 bent,
1366 318 1503 346 vestrae
1533 324 1618 346 vero
1646 312 1809 357 turpiter.
1875 312 2052 358 Equidem
2087 325 2216 358 expen-

1227 363 1299 396 dite
1315 362 1379 410 ¹⁴),
1401 363 1469 396 viri
1486 362 1739 404 Athenienses,
1767 374 1857 409 qnae
1883 363 1962 409 quis
1984 364 2100 409 capita
2120 377 2216 398 com-

1227 426 1429 447 memorare
1446 415 1578 459 possit,
1611 427 1732 448 rerum
1759 427 1778 447 a
1803 415 1928 448 vestris
1946 415 2141 450 maioribus
2156 428 2215 460 ge-

1227 472 1377 505 starum,
1393 471 1428 498 et
1445 477 1589 506 earum,
1607 477 1697 511 quae
1716 471 1831 509 gestae
1850 471 1932 499 sunt
1948 479 1967 499 a
1986 467 2098 502 vobis.
2136 466 2217 501 Erit

1230 523 1349 550 autem
1365 516 1482 550 brevis
1505 522 1540 549 et
1555 522 1640 549 nota
1665 517 1765 550 vobis
1779 517 1958 556 narratio;
1985 529 2101 563 neque
2120 517 2217 551 enim

1228 567 1425 612 peregrinis
1451 566 1552 601 vobis
1579 567 1760 601 utentibus
1791 568 1978 612 exemplis,
2014 568 2083 602 viri
2109 567 2218 603 Athe-

1229 618 1388 659 nienses,
1429 630 1554 651 verum
1588 618 1790 652 domesticis
1824 631 1896 652 esse
1931 619 2090 654 felicibus
2123 620 2216 654 licet.

1229 668 1284 702 Illi
1304 669 1431 714 igitur,
1460 669 1588 715 quibus
1613 681 1687 702 non
1711 669 1758 702 ita
1782 670 2020 704 adulabantur
2045 677 2218 711 oratores,

1229 733 1346 766 neque
1376 720 1425 753 ita
1455 721 1671 765 palpabant,
1712 721 2016 766 quemadmodum
2046 734 2143 755 nunc
2166 722 2219 755 illi

1229 785 1312 813 vos,
1339 771 1497 818 quinque
1516 777 1551 805 et
1570 771 1806 817 quadraginta
1823 772 1926 806 annis
1945 772 2090 806 Graecis
2107 774 2219 818 impe-

1230 829 1357 857 rarunt
1373 822 1593 862 volentibus,
1618 823 1720 867 plura
1739 828 1858 856 autem
1880 835 1987 869 quam
2005 824 2127 857 decem
2141 824 2221 857 mil-

1230 874 1277 907 lia
1296 875 1429 908 talenta
1446 874 1484 907 in
1501 886 1618 907 arcem
1638 873 1920 909 accumularunt.
1973 874 2142 909 subditus
2159 887 2221 909 au-

1231 932 1302 959 tem
1320 931 1396 959 erat
1411 925 1496 970 ipsis
1513 925 1619 958 etiam
1631 951 1640 964 ‚
1668 924 1730 970 qui
1748 922 1839 958 hanc
1856 931 1932 958 tum
1949 926 2134 970 regionem
2157 924 2221 959 ha-

1230 977 1357 1017 bebat,
1383 988 1464 1016 rex,
1496 977 1800 1022 quemadmodum
1828 988 1894 1020 par
1921 982 1993 1017 est,
2027 978 2222 1011 barbarum

1231 1027 1397 1068 Graecis,
1424 1027 1536 1060 multa
1554 1033 1673 1060 autem
1695 1026 1957 1061 constituerunt
1978 1033 2012 1061 et
2036 1028 2222 1073 praeclara

1231 1076 1424 1123 trophaea,
1452 1084 1545 1111 terra
1570 1078 1705 1122 pariter
1725 1084 1760 1111 et
1783 1078 1895 1118 mari,
1923 1090 2003 1112 cum
2025 1079 2222 1112 militarent

1231 1130 1310 1175 ipsi.
1363 1129 1438 1163 Soli
1455 1141 1540 1163 vero
1559 1127 1746 1162 hominum
1759 1155 1768 1169 ,
1796 1129 1971 1163 maiorem
1988 1129 2124 1164 invidia
2140 1136 2221 1175 post

1231 1194 1267 1216 se
1285 1193 1405 1214 rerum
1420 1187 1598 1225 gestarum
1618 1180 1770 1224 gloriam
1787 1180 2021 1227 reliquerunt.
2060 1180 2101 1215 In
2115 1181 2221 1215 rebus

1232 1232 1340 1277 igitur
1356 1233 1577 1266 Graecorum
1603 1238 1705 1264 erant
1729 1231 1827 1266 tales.
1882 1232 2072 1266 Caeterum
2093 1233 2132 1266 in
2153 1232 2223 1265 rei-

1232 1283 1394 1328 publicae
1417 1282 1569 1327 negotiis
1593 1282 1726 1322 videte,
1751 1283 1873 1327 quales
1900 1289 1934 1315 et
1948 1283 2088 1327 publice
2109 1283 2156 1330 ¹5)
2184 1295 2220 1317 se

1231 1334 1402 1379 gesserint
1430 1340 1464 1367 et
1488 1333 1669 1378 privatim.
1727 1332 1820 1366 Nam
1846 1333 1984 1377 publice
2010 1340 2104 1368 certe
2127 1333 2223 1367 aedi-

1231 1385 1308 1416 ficia
1333 1384 1400 1428 ¹⁶),
1441 1390 1475 1416 et
1502 1384 1607 1415 talem
1635 1384 1815 1427 quandam
1838 1385 2051 1428 elegantiam
2079 1397 2120 1418 ac
2144 1391 2222 1417 tan-

1231 1441 1304 1467 tam
1330 1439 1505 1478 pararunt
1525 1433 1626 1472 urbi,
1662 1433 1878 1476 templorum
1905 1435 2088 1475 videlicet,
2123 1440 2158 1467 et
2184 1434 2223 1468 in

1232 1485 1357 1519 iisdem
1400 1489 1747 1523 monumentorum,
1797 1489 1837 1517 ut
1870 1484 1960 1517 nulli
1994 1491 2224 1529 posterorum

1232 1535 1425 1569 excellendi
1462 1535 1507 1568 sit
1544 1535 1687 1567 relictus
1719 1534 1828 1568 locus.
1893 1535 1941 1569 At
1978 1535 2149 1580 privatim
2174 1535 2221 1583 ¹⁷)

1231 1589 1278 1620 ita
1304 1586 1457 1620 modesti
1480 1592 1600 1626 erant,
1632 1591 1802 1631 tantaque
1828 1585 2012 1631 diligentia
2039 1587 2077 1620 in
2101 1587 2222 1632 reipu-

1231 1638 1344 1672 blicae
1368 1639 1485 1671 forma
1507 1643 1541 1670 et
1564 1637 1784 1681 proprietate
1811 1638 2056 1672 conservanda
2081 1651 2223 1683 perma-

1231 1695 1375 1729 nentes,
1408 1695 1448 1723 ut
1470 1688 1653 1728 Aristidis,
1681 1688 1874 1730 Miltiadis,
1901 1696 1936 1722 et
1959 1689 2133 1730 aliorum,
2160 1690 2223 1735 qui

1231 1747 1307 1775 tum
1335 1740 1551 1774 excellebant
1572 1740 1609 1772 in
1636 1739 1838 1784 republica,
1879 1741 2047 1782 domum,
2089 1741 2119 1775 si
2142 1741 2222 1787 quis

1232 1793 1341 1825 modo
1364 1791 1467 1825 novit
1497 1797 1673 1831 vestrum,
1701 1803 1879 1836 quaenam
1904 1792 2085 1837 quondam
2102 1792 2222 1833 fuerit,

1231 1843 1352 1876 videat
1373 1842 1481 1876 vicini
1506 1843 1614 1875 domo
1640 1839 1753 1874 nihilo
1770 1854 1842 1876 esse
1860 1843 2221 1887 magnificentioren¹;

1233 1906 1307 1928 non
1324 1894 1418 1927 enim
1437 1906 1508 1940 quo
1526 1894 1709 1927 facultates
1725 1893 1792 1927 sibi
1811 1900 2038 1939 quaererent,
2061 1893 2099 1926 in
2114 1906 2220 1939 repu-

1231 1945 1324 1991 plica
1357 1946 1610 1983 versabantur;
1649 1945 1709 1978 sed
1743 1945 1998 1989 rempublicam
2035 1957 2160 1979 curare
2185 1958 2221 1980 se

1233 1997 1477 2042 unusquisque
1502 1996 1547 2042 ¹⁸)
1573 1996 1700 2029 debere
1722 1996 1882 2040 putabat.
1946 1996 2000 2030 Ex
2025 2009 2066 2030 eo
2090 2003 2222 2038 autem,

1233 2049 1331 2094 quod
1351 2060 1556 2082 communes
1575 2047 1793 2081 Graecorum
1812 2059 1866 2082 res
1884 2048 2055 2089 fideliter,
2082 2048 2222 2082 divinas

1233 2106 1352 2133 autem
1378 2099 1456 2144 pie,
1482 2099 1640 2144 privatas
1664 2110 1748 2131 vero
1776 2099 1972 2144 aequaliter
1996 2099 2223 2134 administra-

1232 2151 1338 2191 bant,
1366 2163 1532 2196 magnam
1550 2162 1625 2182 non
1640 2149 1820 2182 immerito
1842 2151 2021 2184 consecuti
2041 2157 2124 2186 sunt
2145 2151 2220 2184 feli-

1234 2202 1388 2236 citatem.
1440 2202 1617 2247 Equidem
1642 2207 1725 2234 tunc
1748 2212 1789 2234 eo
1814 2214 1887 2235 sese
1910 2209 2014 2246 pacto
2036 2215 2091 2237 res
2112 2199 2221 2236 habe-

1271 2357 1316 2385 14)
1336 2356 1369 2379 Η.
1390 2354 1408 2379 l.
1428 2352 1454 2377 in
1474 2352 1523 2377 Ed.
1547 2351 1629 2376 Basil.
1649 2353 1715 2375 nota
1734 2352 1864 2383 margin.:
1884 2353 2032 2378 Exordiolo
2050 2354 2126 2378 velut
2146 2360 2218 2381 novo

1302 2390 1424 2414 attentos
1441 2393 1475 2411 ac
1493 2387 1641 2411 benevolos
1660 2387 1765 2418 reddit,
1788 2389 1815 2411 et
1833 2388 1896 2418 quia
1914 2387 2069 2412 domesticis
2090 2390 2222 2421 exemplis

1303 2424 1405 2453 utitur,
1424 2422 1546 2446 excusat.

1270 2475 1316 2501 15)
1336 2472 1405 2497 Huic
1422 2471 1483 2495 voci
1502 2471 1528 2494 in
1550 2472 1632 2496 Editt.
1651 2472 1742 2503 1559.,
1763 2473 1836 2497 1564.
1849 2488 1857 2503 ,
1878 2473 1968 2504 1570„
1989 2472 2063 2497 1587.
2080 2473 2109 2498 in
2129 2479 2216 2506 marg.

1301 2507 1442 2537 adscripta
1460 2507 1503 2529 est
1524 2507 1604 2531 nota:
1625 2506 1744 2532 Publica.

1270 2559 1316 2622 16}
1337 2559 1370 2615 ΙΙΙ.
1389 2558 1406 2581 l.
1426 2557 1520 2620 ipzflid.
1541 2557 1624 2583 Basil.
1645 2560 1709 2582 nota
1725 2557 1856 2589 margin:
1875 2558 2036 2582 Plutarchus
2054 2557 2082 2582 in
2097 2558 2213 2586 Pericle.

1318 2599 1357 2616 sci
1372 2609 1378 2617 .
1398 2599 1419 2616 c.
1469 2611 1473 2616 .
1493 2609 1499 2615 .

1269 2644 1316 2673 17)
1335 2643 1402 2667 uuio
1420 2644 1481 2667 voci
1501 2643 1527 2667 in
1547 2643 1629 2668 Editt.
1651 2644 1743 2674 1559.,
1765 2644 1856 2673 1564„
1877 2642 1967 2670 ¹570.,
1989 2642 2063 2668 1587.
2088 2645 2217 2675 apposita

1301 2680 1345 2702 est
1363 2679 1428 2701 nota
1446 2678 1576 2709 margia:
1596 2678 1717 2702 Privata.
1753 2678 1816 2707 (Ed.
1834 2677 1907 2701 ¹587.
1927 2677 2078 2706 Privatas).

1267 2730 1312 2758 18)
1331 2729 1532 2760 unnsquisque]
1555 2730 1603 2755 Ed.
1624 2730 1707 2754 Basil.
1727 2735 1823 2754 errore
1842 2730 1970 2760 typogr.:
1990 2728 2190 2763 uniusquisque.
