2351 2990
154 122 226 157 547

258 206 286 250 ξ.
305 208 338 241 3.
367 211 467 242 Nunc
489 210 619 254 quidem
643 220 699 251 090
722 212 752 240 ie
776 202 972 251 lim-ior‘²¹)]
1002 204 1139 243 Monet,

155 264 192 290 ut
210 259 447 292 xaletndinem
467 266 582 297 curet,
615 265 647 291 et
670 259 704 289 in
728 257 928 299 navigando
945 262 1067 289 cautus
1085 254 1141 288 sit.

448 344 478 376 A
491 355 507 374 r
518 354 612 385 gum
626 353 642 373 e
652 347 775 373 ntum
788 339 847 384 Ὦ).

258 408 358 442 Duae
375 416 452 442 sunt
472 407 575 441 liuius
592 407 760 451 epistolae
779 414 906 451 partes.
956 406 1076 440 Altera
1094 412 1144 438 est

157 459 388 497 nuntiatoria,
406 472 472 504 qna
489 465 745 491 commemorat
761 458 975 491 celeritatem
995 464 1028 489 et
1043 469 1141 490 suam

156 510 334 541 fortunam
354 509 543 551 navigandi
563 510 596 541 in
617 509 794 542 Calabria.
847 509 968 542 Altera
995 514 1045 541 est
1061 506 1144 540 hor-

157 560 304 599 tatoria,
333 572 376 592 ne
397 560 504 598 Tiro,
531 560 739 606 priusquam
762 560 932 604 pristinae
951 558 1144 592 valetudini

155 610 335 643 restitutus
352 610 414 649 sit,
443 610 477 642 in
496 609 632 644 ltaliam
652 611 819 655 navigare
837 617 1026 656 properet,
1055 616 1088 643 et
1108 616 1146 642 ut.

158 667 251 691 curet
276 661 515 694 valetudinem
528 688 536 702 ‚
571 675 634 695 nec
652 675 687 696 se
704 662 770 695 nisi
791 675 869 695 cum
888 663 984 695 bono
1002 661 1145 694 nautico

155 711 374 753 navigationi
400 713 610 747 committat.
678 712 804 747 Inserit
831 714 937 746 etiam
962 724 1074 757 pauca
1104 713 1146 744 de

158 761 259 793 initio
281 762 392 796 civilis
417 770 553 803 motus,
587 765 630 797 de
656 776 727 810 quo
751 764 787 796 in
813 764 962 809 epistola
985 763 1145 808 sequenti

157 812 259 855 plura
279 815 586 849 commemorabit.

396 899 539 933 Aliud
567 905 894 944 argumentum.

257 965 484 1000 Nuntiatoria
503 974 553 1001 est
569 974 603 1000 et
621 965 879 1000 adhortatoria.
921 966 1042 999 Prima
1062 977 1145 1010 pars

158 1013 264 1049 habet
295 1019 436 1061 longam
470 1019 744 1062 descriptionem
769 1018 823 1051 sui
848 1017 984 1051 itineris
1010 1023 1043 1050 et
1068 1018 1145 1049 lire-

156 1079 234 1099 vem
259 1068 549 1110 significationem
574 1071 616 1102 de
641 1069 767 1102 litteris
792 1069 954 1112 acceptis.
1022 1068 1143 1101 Altera

157 1130 238 1159 pars
257 1126 392 1153 constat
416 1118 686 1161 adhortatione,
720 1126 760 1153 ut
782 1119 1021 1152 valetudinem
1048 1125 1146 1151 curet

157 1174 187 1199 et
205 1169 249 1201 sit
267 1177 388 1204 cautus
406 1171 441 1203 in
459 1171 673 1216 navigando.

401 1255 541 1288 Aliud
570 1261 896 1299 argumentum.

257 1320 426 1355 Narratio
443 1329 511 1362 est,
539 1322 576 1355 in
595 1335 663 1368 qua
681 1322 837 1367 primum
853 1322 979 1355 recitat
1001 1320 1144 1354 univer-

156 1382 228 1403 sam
256 1373 430 1406 rationem
457 1386 540 1406 suae
563 1373 802 1417 navigationis
820 1372 1063 1405 Brundusium
1088 1385 1145 1404 us-

157 1434 235 1465 que.
303 1423 440 1456 Deinde
464 1424 580 1464 addit,
617 1425 714 1469 quod
740 1421 907 1456 nonnihil
929 1421 1145 1456 exhilaratus

154 1472 260 1505 fuerit
282 1474 364 1508 visis
387 1474 512 1508 litteris
531 1475 688 1508 Tironis.
749 1474 916 1519 Sequitur
940 1471 1143 1506 adhortatio

155 1524 197 1555 de
226 1526 381 1557 curanda
404 1525 626 1566 valetudine,
661 1531 694 1558 et
717 1531 756 1558 ut
779 1525 933 1558 maxime
954 1524 998 1558 sit
1021 1529 1144 1557 cautus

156 1572 192 1605 in
209 1576 424 1619 navigando,

289 1667 615 1713 Argumentum
643 1667 869 1712 epistolae
897 1665 1007 1712 X.‘·’³).

258 1735 403 1769 Initium
426 1735 530 1771 huius
557 1736 725 1781 epistolae
751 1748 826 1768 non
852 1735 1007 1768 alienum
1040 1740 1091 1767 est
1122 1745 1140 1766 a

156 1788 408 1829 superioribus.
461 1788 577 1821 Habet
593 1788 687 1821 enim
703 1785 945 1820 hortationem
957 1812 967 1826 ‚
991 1797 1037 1818 ne
1052 1785 1141 1818 Tiro

156 1838 301 1871 domum
337 1846 525 1883 properet,
562 1845 753 1884 antequam
767 1837 814 1883 Ἦ)
842 1837 982 1881 penitus
1013 1848 1142 1870 conva-

155 1889 276 1929 luerit,
304 1889 338 1921 id
358 1891 454 1935 quod
469 1890 592 1923 Cicero
609 1902 714 1934 supra
733 1888 920 1933 aliquoties
934 1887 1026 1921 fecit.
1074 1887 1141 1920 Ve-

154 1951 232 1972 rum
251 1939 388 1985 reliqua
404 1947 486 1974 sunt
505 1940 724 1974 nuntiatoria
744 1940 786 1972 de
811 1939 966 1972 motibus
988 1938 1072 1971 belli
1095 1938 1141 1971 ci-

154 1990 243 2024 vilis.
295 1990 429 2024 Indicat
451 1991 565 2032 enirn,
593 1992 689 2037 quod
712 1990 853 2023 rediens
868 1989 1022 2023 Romam
1043 1989 1140 2022 inve-

152 2041 245 2074 nerit
260 2043 380 2075 omnia
398 2043 538 2075 turbata
561 2048 707 2086 propter
730 2041 987 2074 inflammatam
1008 2040 1140 2074 discor-

154 2092 247 2124 diam
280 2093 417 2126 civilem
450 2093 542 2126 inter
566 2093 751 2126 Caesarem
780 2098 813 2125 et
835 2091 1069 2135 Pompeium,
1106 2097 1139 2123 et

155 2144 307 2178 ostendit
324 2156 463 2185 causas,
491 2156 600 2190 quare
619 2155 693 2176 non
713 2142 871 2188 potuerit
886 2143 931 2175 ad
950 2142 1062 2176 otium
1078 2142 1138 2175 de-

187 2280 235 2307 21)
256 2279 339 2304 Nunc
357 2280 469 2310 quidem
488 2285 537 2310 eqo
554 2280 582 2304 te
599 2279 715 2308 hortor]
734 2278 773 2301 sic
797 2277 861 2301 inae
878 2277 962 2301 Editt.
989 2282 1083 2301 omnes
1109 2279 1135 2302 et

221 2315 273 2339 at:
302 2315 349 2338 Ed.
371 2315 456 2338 oren.
478 2314 562 2338 Nunc
578 2315 648 2344 quid
665 2320 714 2344 eqo
734 2315 761 2337 te
780 2313 888 2336 horter.
913 2324 947 2328 —
1001 2312 1028 2335 ln
1051 2312 1134 2336 Editt.

223 2349 312 2376 1545..
340 2349 412 2372 1560.
440 2348 499 2371 huic
517 2350 597 2371 notae
616 2354 664 2377 pro
683 2348 724 2370 his
746 2347 802 2371 Cic.
822 2346 913 2369 verbis
934 2347 1054 2376 praefixa
1071 2348 1134 2370 sunt

222 2383 375 2411 sequentia:
402 2384 456 2406 Set!
475 2385 580 2406 tamen.

186 2423 233 2452 22)
259 2423 314 2446 Hoc
332 2427 520 2453 argumentum
541 2426 568 2448 et
586 2424 638 2448 duo
657 2423 801 2454 sequeutia
819 2423 846 2446 in
861 2423 945 2447 Editt.
960 2423 1046 2455 ¹556„
1067 2424 1133 2449 1565

218 2458 334 2482 -1596,
356 2460 474 2483 exstant.

189 2500 236 2528 2³)
256 2500 329 2522 naec
353 2500 467 2528 epistota
488 2501 553 2524 Etsi
580 2501 828 2531 opportunitatem
846 2500 898 2524 etc.
924 2499 950 2522 in
975 2499 1025 2524 Ed.
1045 2500 1130 2525 Orelt.

224 2536 266 2557 est
286 2534 331 2557 Xt.
350 2545 384 2550 —
415 2534 499 2556 Euius
515 2535 643 2563 epistotae
663 2535 716 2557 tria
731 2535 893 2564 argumenta
911 2534 937 2558 h.
957 2534 973 2556 1.
992 2535 1130 2563 proposita

222 2569 247 2592 in
267 2568 348 2590 Editt.
372 2568 456 2593 ¹556..
479 2569 665 2591 maa—1596.
684 2569 877 2597 reperiuntur:
915 2568 999 2590 Editt.
1023 2568 1130 2591 1537—

219 2603 305 2627 ¹554.,
325 2601 409 2624 1552..
432 2602 514 2625 1580..
535 2603 606 2625 1601.
625 2604 714 2625 antem
733 2608 819 2631 neque
836 2603 1025 2629 argumentum
1043 2608 1129 2633 neque

221 2636 323 2660 scholia
341 2635 522 2658 Melanthonis
542 2635 567 2658 in
586 2636 653 2658 hanc
672 2636 814 2665 epistotam
833 2636 967 2665 exhibent.

183 2680 231 2705 24)
250 2678 406 2707 antequam]
432 2677 472 2700 sic
491 2677 573 2700 Editt.
594 2678 685 2709 1556„
706 2679 797 2709 1565.;
833 2678 916 2703 Editt.
939 2677 1030 2704 1571..
1053 2679 1126 2702 1596.

214 2717 295 2737 antea
314 2717 401 2743 quam.

728 119 850 156 PHIL.
887 118 999 155 MEL.
1032 116 1234 153 SCRIPTA
1259 119 1596 156 PHILOLOGICA.

2109 124 2183 160 548

1194 206 1286 240 duci.
1352 206 1391 239 In
1418 207 1485 240 fme
1509 208 1552 240 de
1578 205 1765 252 triumpho
1792 207 1895 249 dicit,
1933 221 2045 255 quare
2071 210 2099 244 is
2123 211 2190 245 sibi

1194 259 1353 291 nondum
1372 258 1416 292 sit
1433 259 1606 292 decretus.

1442 334 1577 368 Aliud
1606 341 1938 378 argumentum.

1298 400 1404 434 Prior
1425 413 1506 445 pars
1530 400 1698 445 epistolae
1731 402 1774 434 de
1798 402 2001 435 valetudine
2031 405 2189 437 curanda

1198 451 1301 495 plane
1320 452 1485 484 convenit
1504 464 1583 485 cum
1606 453 1898 496 praecedentibus
1920 453 2088 497 epistolis.
2129 455 2190 488 Al-

1198 508 1272 534 tera
1291 515 1376 535 vero
1396 509 1447 536 est
1463 503 1567 546 plane
1583 515 1677 536 nova
1694 504 1735 536 de
1752 504 1927 537 discordia
1951 505 2044 538 inter
2062 505 2189 539 Caesa-

1198 565 1273 586 rem
1302 560 1336 586 et
1357 553 1570 597 Pompeium
1598 555 1697 587 etde
1728 567 1791 588 suo
1822 554 2018 599 triumphO.
2076 555 2190 590 Exor-

1199 604 1296 637 dium
1324 605 1476 638 sumitur
1499 617 1517 637 a
1545 605 1807 649 praedicatione
1835 618 1918 640 snae
1943 606 2191 641 sollicitudinis

1201 667 1264 699 pro
1297 655 1424 688 liberto
1455 655 1736 695 valetudinario,
1777 657 1894 690 addita
1926 656 2192 699 adhortatione,

1199 713 1237 739 nt
1255 706 1442 750 diligenter
1462 712 1559 738 curet
1576 706 1827 741 valetudinem.
1880 708 2047 753 Sequitur
2064 721 2190 742 narra-

1201 757 1249 789 tio
1276 758 1317 789 de
1342 769 1406 791 suo
1433 757 1587 789 adventu
1613 758 1656 789 ad
1682 757 1828 797 urbem,
1859 764 1892 791 et
1917 761 1959 791 de
1982 759 2083 792 initio
2107 760 2191 792 belli

1200 807 1323 842 civilis.
1375 808 1502 841 Postea
1521 807 1677 841 breviter
1692 814 1813 840 monet
1836 809 1879 841 de
1905 821 1969 842 suo
1994 809 2191 854 triumpho,

1200 865 1233 891 et
1252 860 1294 891 de
1312 859 1518 903 regionibus
1534 858 1654 891 Italiae
1672 859 1855 903 descriptis
1874 872 1892 891 a
1909 859 2096 905 Pompeio.
2149 859 2189 893 In

1199 911 1266 943 tine
1286 916 1337 944 est
1353 910 1469 944 brevis
1488 909 1652 954 repetitio
1671 908 1945 945 adhortationis.

1440 994 1579 1027 Aliud
1608 1001 1944 1038 argumentum.

1300 1061 1482 1106 Principio
1504 1062 1650 1106 ponitur
1676 1062 1793 1096 brevis
1816 1063 1978 1095 narratio
2000 1064 2042 1096 de
2060 1063 2190 1096 sollici-

1200 1112 1321 1145 tudine
1337 1125 1402 1157 pro
1421 1113 1621 1146 valetudine
1632 1113 1788 1146 Tironis.
1841 1114 1995 1147 Additur
2011 1121 2045 1147 et
2061 1112 2191 1147 adhor-

1199 1164 1308 1204 tatio,
1341 1170 1381 1197 ut
1405 1164 1644 1197 valetudinem
1670 1163 1858 1207 diligenter
1878 1170 1986 1198 curet.
2049 1164 2188 1198 Deinde

1199 1221 1250 1248 est
1266 1227 1358 1247 nova
1378 1215 1536 1248 narratio
1555 1216 1596 1248 de
1617 1228 1680 1249 suo
1709 1217 1863 1248 adventu
1882 1215 2054 1256 Romam,
2089 1222 2122 1248 et
2145 1217 2189 1249 de

1198 1266 1493 1304 dissensionibus;
1521 1267 1606 1299 item
1625 1268 1667 1299 de
1683 1278 1747 1299 suo
1765 1264 1961 1310 triumpho,
1989 1279 2094 1312 quem
2113 1278 2190 1299 mo-

1197 1317 1392 1350 destissime
1408 1323 1515 1361 petat.

1350 1415 1529 1450 Scholia
1559 1416 1601 1448 in
1629 1415 1877 1460 epistolam
1906 1413 2034 1461 XL25).

1301 1491 1331 1537 §-
1351 1494 1383 1526 1.
1412 1494 1482 1533 Quo
1505 1494 1541 1525 in
1564 1489 1780 1537 discrimine]
1808 1490 1977 1525 Narratio
1996 1491 2038 1523 de
2055 1490 2188 1524 dissen-

1197 1544 1295 1579 sione
1314 1543 1428 1583 civili,
1459 1549 1493 1575 et
1508 1543 1551 1575 de
1571 1542 1738 1586 periculis
1763 1553 1804 1574 ex
1827 1541 1889 1575 illa
1912 1541 2087 1575 discordia
2114 1554 2186 1575 me-

1198 1595 1349 1630 tuendis.

1300 1644 1330 1689 §.
1345 1645 1378 1679 6.
1411 1646 1478 1684 Tu,
1505 1645 1661 1690 quonium
1678 1655 1714 1677 eo
1728 1640 1893 1689 tempore]
1911 1641 2041 1675 Petitio
2061 1641 2098 1675 in
2115 1642 2184 1676 fine

1196 1697 1336 1737 addita,
1367 1702 1406 1730 ut
1425 1695 1665 1728 valetudinem
1685 1699 1794 1728 curet.

1492 1780 1654 1823 Argum
1669 1776 1886 1822 entumffi).

1296 1846 1449 1891 Elegans
1474 1852 1524 1880 est
1542 1845 1689 1889 epistola
1716 1851 1750 1877 et
1772 1843 2074 1887 magnifacienda‚
2099 1855 2183 1887 pro-

1194 1906 1314 1944 pterea
1347 1899 1443 1943 qnod
1475 1897 1679 1940 diligentem
1715 1894 1986 1938 descriptionem
2020 1894 2181 1927 omnium

1194 1961 1378 1984 causarum
1404 1956 1437 1982 et
1452 1948 1677 1981 occasionum
1689 1946 1759 1991 2⁶³)
1776 1945 1859 1978 belli
1876 1944 1986 1977 civilis
2011 1944 2180 1980 continet.

1191 2000 1347 2046 Ideoque
1366 2000 1471 2043 digna
1490 2005 1558 2039 est,
1593 2010 1683 2043 quae
1703 1997 1775 2029 vice
1794 1995 1994 2040 compendii
2014 1996 2051 2028 in
2066 2002 2178 2029 totam

1193 2050 1378 2085 historiam
1394 2052 1437 2083 de
1454 2049 1564 2083 causis
1582 2049 1663 2081 belli
1685 2047 1796 2080 civilis
1820 2047 2008 2091 diligenter
2029 2047 2177 2091 legatur.

1191 2103 1283 2137 7Nam
1310 2102 1432 2135 Cicero
1459 2100 1644 2134 exordiens
1677 2111 1695 2131 a
1723 2098 1864 2143 querela
1898 2097 2062 2142 exponit,
2105 2110 2175 2142 qua

1192 2153 1419 2188 contentione
1442 2152 1502 2184 alii
1528 2151 1620 2183 cives
1642 2149 1798 2182 Romani
1820 2149 1951 2182 bellum
1974 2148 2075 2181 civile
2099 2161 2177 2181 mo-

1190 2217 1292 2245 vere,
1321 2204 1381 2237 alii
1397 2213 1610 2246 componere
1628 2206 1818 2240 conentur,
1844 2206 1878 2233 et
1899 2199 2081 2245 quomodo
2102 2199 2176 2243 ipse

1188 2258 1231 2290 de
1254 2255 1443 2289 concordia
1467 2265 1606 2287 summo
1629 2251 1745 2284 studio
1768 2251 1888 2294 egerit.
1939 2250 2035 2283 Haec
2052 2262 2178 2294 perpe-

1188 2316 1246 2342 tua
1264 2305 1470 2340 narratione
1487 2308 1814 2337 commemorantur
1826 2300 1896 2348 261>)
1912 2301 1984 2335 sere
2001 2313 2112 2346 usque
2129 2301 2174 2333 ad

1217 2423 1267 2451 25)
1285 2422 1369 2478 Baetlzl
1390 2419 1508 2450 epistola
1533 2419 1595 2449 Quo
1621 2418 1652 2443 in
1679 2417 1847 2443 discrimine
1873 2419 1926 2442 etc.
1958 2417 1986 2441 in
2010 2416 2059 2441 Ed.
2085 2416 2170 2441 oren.

1254 2458 1298 2480 est
1317 2456 1344 2479 X
1371 2471 1377 2478 .

1217 2505 1264 2536 26)
1284 2506 1341 2529 Hoc
1358 2504 1546 2535 argumentum
1565 2504 1592 2526 et
1611 2503 1662 2527 duo
1688 2501 1832 2533 sequentia
1858 2501 1885 2526 in
1903 2501 1986 2528 mitt.
1997 2501 2081 2532 1556„
2101 2500 2168 2525 ¹565

1250 2539 1368 2564 -1596.
1389 2537 1573 2562 inveniuntur.

1215 2591 1283 2618 26³)
1302 2589 1492 2628 occasionum]
1513 2588 1552 2612 sic
1566 2587 1750 2618 Editt.1556.‚
1770 2587 1863 2619 1565.;
1886 2587 1970 2612 Editt.
1985 2586 2072 2617 ¹5⁷1„
2093 2586 2169 2611 ¹596.

1249 2629 1428 2649 occasionem.

1212 2674 1280 2705 26¹³)
1299 2674 1559 2702 commemorantur]
1592 2673 1674 2697 Editt.
1698 2672 1789 2704 1571„
1814 2671 1888 2697 1596.
1912 2677 2008 2697 errore
2034 2673 2161 2702 tspogr.:

1247 2711 1482 2735 commemoratur.
