2351 2990
163 134 236 170 375

160 229 218 255 tur
247 231 265 252 a
289 217 498 252 narratione
525 215 568 248 de
585 213 678 247 bello
696 214 862 247 adversus
878 208 1090 248 Antonium,
1119 207 1157 240 in

168 283 237 316 quo
268 271 421 302 affirmat
445 278 480 300 se
505 276 690 309 nunquam
725 261 915 305 neglexisse
947 272 1051 293 suum
1082 259 1158 291 offi-

169 323 275 354 cium.
329 316 538 354 Narrationi
563 315 705 347 additur
730 311 947 356 praedicatio
973 310 1084 343 animi
1101 309 1158 343 Ci-

172 371 328 409 ceronis,
365 369 425 414 qui
457 365 674 401 delatoribus
710 361 800 396 nibil
830 362 911 395 fidei
937 359 1069 395 habere
1098 373 1161 393 vo-

174 422 299 459 luerit,
335 420 454 453 addita
482 414 821 450 commemoratione
838 419 982 446 mutuae
1007 413 1162 445 benevo-

175 473 315 506 lentiae.
377 470 416 502 ln
441 470 507 501 sme
540 472 590 499 est
613 465 756 509 petitio,
789 470 829 497 ut
855 463 1025 508 depositis
1051 462 1164 506 suspi-

177 523 336 556 cionibus
365 519 497 563 optima
532 528 694 561 quaeque
733 521 850 560 speret
864 515 911 562 90)
944 515 986 547 de
1014 513 1165 558 Lepido,

177 575 320 618 eiusque
349 570 557 613 dignitatem
577 567 757 601 defendat.

430 641 565 674 Aliud
593 646 919 685 argumentum.

278 702 400 736 Primo
435 708 486 735 est
516 700 676 733 narratio
703 701 745 733 de
773 701 929 733 adventu
952 698 1102 732 Antonii
1129 697 1166 730 in

181 754 333 788 Galliam
355 753 449 785 etde
477 752 587 796 copiis
615 752 706 791 eius,
734 751 822 797 et⁹¹)
847 752 1029 796 quomodo
1047 749 1169 782 Venti-

182 806 259 838 dius
287 817 320 837 se
339 816 417 836 cum
438 815 479 836 eo
504 802 745 842 coniunxerit,
774 808 807 834 et
834 801 920 847 quid
949 801 1021 845 ipse
1048 799 1168 845 egerit.

183 857 311 889 Postea
337 854 408 898 agit
436 853 489 886 illi
518 853 669 897 gratias,
704 853 799 898 quod
818 864 891 885 non
909 859 1040 885 temere
1057 851 1170 884 credi-

184 906 275 939 derit
294 904 590 938 obtrectatoribus
606 905 688 938 suis.
741 904 929 937 Postremo
947 903 1035 947 petit
1052 903 1095 935 ab
1115 913 1170 941 eo,

185 964 223 991 ut
238 958 326 990 bene
343 957 385 989 de
410 968 445 989 se
471 961 606 999 speret,
633 961 739 1000 atque
763 961 803 987 ut
829 960 970 987 tueatur
992 953 1083 1000 se9‘2)
1110 953 1170 985 ad-

187 1020 306 1040 versus
341 1006 613 1039 obtrectationes
647 1005 882 1038 aemulorum.
950 1004 1086 1048 Scripta
1121 1009 1172 1036 est

188 1059 251 1092 sub
271 1058 423 1101 primum
444 1058 632 1088 adventum
643 1055 793 1088 Antonii
816 1055 852 1087 in
868 1055 1021 1087 Galliam
1039 1055 1171 1087 Trans-

190 1109 345 1152 alpinam
366 1107 563 1140 citeriorem
582 1106 638 1139 die
655 1105 715 1139 35.
744 1112 823 1150 post
839 1106 1016 1150 proelium
1034 1106 1078 1138 ad
1093 1104 1172 1137 Mu-

190 1160 312 1193 tinam.
366 1158 515 1191 Orditur
538 1169 557 1190 a
579 1156 798 1190 narratione.

338 1239 523 1275 Scholia
554 1241 596 1273 in
625 1239 870 1284 epistolam
898 1238 1036 1272 XXXV.

292 1300 321 1345 ἓ.
340 1302 371 1335 1.
413 1303 455 1335 Si
476 1313 529 1335 vos
554 1297 735 1346 liberique]
763 1297 1068 1333 Commemoratio
1091 1307 1173 1331 suae

192 1352 394 1386 voluntatis.

292 1401 321 1446 §-
337 1405 372 1437 2.
400 1404 440 1435 In
458 1414 522 1447 qna
540 1413 576 1434 re
585 1398 653 1447 ⁹3)]
672 1399 814 1433 Petitio.

483 1475 879 1522 Argumentumffl).

293 1536 449 1580 Lepidus
476 1535 514 1567 in
540 1535 633 1568 bello
651 1536 818 1568 adversus
839 1532 1034 1566 Antonium
1052 1542 1175 1575 geren—

194 1589 239 1621 do
264 1587 460 1631 praefectus
476 1591 551 1619 erat
566 1585 702 1618 Galliae
716 1583 953 1622 Narbonensi,
978 1589 1017 1616 ut
1033 1588 1174 1616 strenue

194 1650 258 1682 pro
277 1638 436 1669 libertate
454 1636 667 1680 reipublicae
685 1641 870 1680 pugnaret.
921 1634 1055 1666 Verum
1075 1644 1174 1665 caeso

193 1690 237 1721 ad
259 1687 435 1720 Mutinam
457 1687 615 1719 Antonio
634 1686 778 1720 descivit
794 1686 840 1731 9⁵)
869 1697 888 1717 a
914 1684 1114 1729 republica,
1143 1689 1176 1715 et

192 1739 384 1782 fugientem
413 1739 456 1770 ad
482 1750 516 1771 se
541 1738 737 1770 Antonium
761 1736 959 1780 benigniter
994 1735 1031 1767 in
1063 1740 1175 1767 castra

193 1789 342 1833 recepit,
371 1801 410 1821 ex
427 1801 497 1834 quo
517 1789 685 1832 perfidiae
707 1800 746 1820 ac
770 1787 908 1820 sceleris
934 1786 1052 1830 palam
1077 1797 1176 1817 accu-

194 1847 301 1874 satur.
357 1838 475 1884 ltaque
503 1839 539 1871 in
563 1837 628 1872 hac
645 1839 791 1884 epistola
810 1838 903 1872 istud
925 1850 1027 1870 suum
1044 1837 1176 1868 factum

195 1903 314 1924 coram
331 1897 455 1924 senatu
479 1896 681 1923 excusatum
702 1889 816 1933 cupit,
845 1890 1020 1922 adducens
1043 1898 1177 1926 causas,

197 1954 257 1976 cur
275 1942 310 1973 id
328 1942 441 1974 facere
459 1947 598 1974 coactus
614 1940 669 1974 sit.
703 1940 826 1972 Primo
844 1940 922 1972 loco
944 1939 1090 1983 ponitur
1108 1937 1177 1971 usi-

195 1999 266 2025 tata
292 1992 469 2025 salutatio.
528 1990 666 2024 Deinde
699 1997 749 2024 est
778 1990 963 2024 translatio
990 1989 1112 2033 culpae
1140 1988 1178 2020 in

195 2042 437 2076 necessitatem
462 2054 502 2074 ac
517 2042 681 2075 fortunae
700 2042 926 2082 violentiam,
955 2041 1011 2074 cui
1035 2039 1177 2072 additur

195 2093 409 2138 deprecatio.
467 2092 530 2126 Est
546 2099 663 2126 autem
688 2090 773 2126 haec
798 2105 934 2126 summa
960 2090 1178 2135 deprecatio-

196 2144 250 2178 nis
278 2151 311 2177 et
336 2145 408 2177 fere
431 2141 498 2176 hoc
522 2150 732 2187 argumento
759 2150 911 2177 constat:
941 2143 1088 2186 Semper
1110 2141 1177 2174 rei-

196 2195 356 2239 publicae
387 2194 534 2228 salutem
570 2206 609 2227 ac
639 2195 839 2227 libertatem
872 2194 1037 2230 desendi3
1082 2205 1176 2226 nunc

196 2258 280 2278 vero
318 2245 355 2277 in
380 2257 420 2277 eo
446 2244 634 2289 impeditus
659 2258 756 2285 sum,
790 2257 872 2288 ergo
897 2257 1003 2289 rogo,
1038 2256 1081 2277 ne
1110 2242 1177 2277 hoc

197 2309 314 2329 meum
332 2295 516 2329 consilium
536 2296 571 2328 in
595 2296 725 2328 malam
743 2302 881 2340 partem
897 2296 1059 2339 accipias.

230 2395 278 2422 90)
298 2396 403 2424 speret]
423 2395 470 2419 Ed.
493 2394 566 2418 15⁷1.
587 2399 682 2418 errore
700 2395 826 2425 typogr.:
844 2400 933 2424 spere.

231 2429 279 2456 91)
299 2430 339 2456 et]
358 2429 396 2451 sic
415 2429 496 2452 Editt.
513 2429 604 2458 1556.‚
626 2428 715 2457 ¹565.;
736 2429 761 2451 in
782 2428 864 2452 Editt.
888 2428 972 2458 1571.,
993 2429 1065 2452 ¹596.
1083 2428 1177 2452 omiss.

231 2462 279 2491 92)
299 2464 407 2485 tueatur
425 2464 469 2490 se]
490 2463 530 2486 sic
547 2463 630 2486 Editt.
658 2463 743 2493 1565,
763 2462 847 2493 1571.‚
870 2463 961 2493 1596.;
980 2463 1030 2486 Ed.
1054 2464 1127 2487 1556.
1146 2470 1177 2486 se

233 2498 474 2556 933ui’aiitiutiiscic.
487 2529 580 2553 verbis
598 2530 625 2553 in
636 2530 815 2561 Editt.1545.‚
836 2531 910 2554 ¹560.
924 2530 984 2555 huie
1002 2532 1083 2555 notae
1095 2536 1177 2561 prae-

268 2562 322 2585 fixa
340 2565 403 2584 suut
421 2564 577 2592 sequentia:
603 2564 680 2594 Royo
700 2566 787 2596 atque
809 2565 933 2589 obsecro.

231 2595 278 2625 94)
299 2596 357 2618 Hoc
373 2598 558 2625 argumentum
578 2600 604 2620 et
622 2599 673 2622 duo
692 2599 835 2629 sequentia
852 2600 877 2622 in
897 2599 979 2623 Editt.
1000 2599 1084 2631 1556„
1111 2599 1177 2623 1565

267 2629 384 2653 -1596,
400 2629 579 2654 inveniuntur.

235 2663 282 2690 95)
301 2662 430 2691 descivit]
456 2663 494 2686 sic
510 2663 558 2687 Ed.
581 2664 669 2695 1556.;
705 2666 788 2692 editt.
810 2668 902 2700 1565.‚
923 2668 1014 2700 1571.‚
1036 2667 1107 2691 1596.
1127 2667 1191 2701 ‹ie-⁴

269 2696 365 2720 stituit.

747 123 869 160 PHIL.
903 121 1016 158 MEL.
1049 119 1252 156 SCRIPTA
1287 119 1625 157 PHILOLOGICA.

2126 120 2202 156 376

1452 206 1589 241 Aliud
1622 206 1956 252 argumentum.

1312 274 1466 320 Lepidus
1484 276 1670 310 accersitus
1695 288 1713 309 a
1738 282 1862 309 senatu
1887 288 1927 308 ex
1949 274 2133 319 provincia
2163 275 2204 309 in

1212 324 1372 367 Italiam,
1408 334 1555 371 propter
1587 333 1749 360 exortum
1771 327 1922 366 bellum,
1957 333 1996 359 ut
2021 338 2092 359 una
2121 339 2203 360 cum

1213 377 1348 410 Planco
1378 384 1412 410 et
1433 377 1583 411 Octavio
1609 378 1827 422 opprimeret
1849 377 2067 417 Antonium,
2100 377 2204 410 intel—

1216 428 1302 460 lecta
1321 428 1502 461 voluntate
1520 429 1690 463 exercitus
1706 427 1797 462 nihil
1814 435 1944 462 temere
1962 428 1998 460 in
2016 440 2056 461 ea
2073 440 2110 460 re
2128 434 2204 461 ten-

1216 485 1292 511 tare
1316 479 1446 519 voluit,
1472 485 1618 524 propter
1641 493 1746 525 quam
1773 492 1913 513 causam
1936 479 2002 512 fuit
2018 478 2055 511 in
2073 490 2204 523 magna

1218 529 1415 573 suspicione
1431 531 1686 574 apud-multos,
1714 532 1809 576 quod
1830 543 1864 563 se
1883 529 2204 564 coniunxissetAn—

1220 580 1333 614 tonio.
1387 581 1505 625 Quare
1524 579 1577 614 his
1605 582 1753 625 publicis
1777 582 1903 614 litteris
1928 587 2071 614 excusat
2095 592 2130 614 se
2152 592 2207 614 se-

1220 632 1338 671 natui,
1372 632 1582 671 ostendens,
1615 644 1684 678 qua
1718 644 1856 676 semper
1881 631 1988 665 fuerit
2021 631 2205 664 voluntate

1221 694 1300 726 erga
1329 682 1598 727 rempublicam.
1659 683 1817 728 Suntque
1845 684 1934 716 duae
1957 689 2075 727 partes
2100 680 2206 716 huius

1221 734 1401 777 epistolae.
1453 733 1637 777 Principio
1654 734 1800 778 ponitur
1814 733 1988 774 narratio,
2016 745 2105 778 quae
2123 744 2208 766 con-

1221 784 1310 817 tinet
1334 784 1616 825 excusationem,
1653 796 1763 829 quare
1787 796 1861 817 non
1890 783 2079 828 sumpserit
2107 795 2207 816 arma

1222 841 1344 868 contra
1368 835 1586 875 Antonium,
1613 835 1674 880 qui
1700 841 1775 868 erat
1806 834 1979 868 iudicatus
2008 832 2118 868 hostis
2143 846 2209 878 pu-

1221 886 1332 919 blicus
1341 885 1400 932 96).
1453 886 1591 918 Deinde
1615 892 1665 919 est
1683 886 1807 930 petitio
1820 913 1829 926 ‚
1856 891 1896 918 ut
1912 884 2081 929 depositis
2099 885 2210 917 offen-

1222 937 1380 970 sionibus
1401 937 1550 981 privatis
1575 936 1762 980 diligenter
1777 942 1885 980 agant
1904 937 1946 969 de
1966 935 2210 980 pacificatione

1222 987 1386 1020 facienda
1412 994 1447 1020 et
1466 989 1508 1020 de
1524 987 1637 1021 salute
1655 987 1882 1031 reipublicae.

1468 1070 1602 1103 Aliud
1630 1077 1958 1114 argumentum.

1325 1136 1485 1181 Epistola
1509 1143 1560 1170 est
1586 1137 1755 1171 insidiosa
1785 1144 1819 1170 et
1849 1137 2038 1170 insincera.
2105 1133 2212 1168 Prior

1226 1199 1307 1232 pars
1330 1194 1381 1222 est
1403 1188 1696 1222 commemoratio
1713 1200 1795 1222 suae
1813 1187 2005 1221 voluntatis
2020 1197 2102 1230 erga
2119 1197 2211 1218 rem-

1227 1239 1426 1283 publicam,
1458 1245 1493 1271 et
1520 1239 1702 1286 quomodo
1736 1239 1907 1272 exercitus
1931 1250 2013 1271 suus
2039 1249 2074 1270 se
2098 1236 2212 1269 invito

1227 1290 1271 1321 ad
1288 1290 1485 1322 Antonium
1510 1289 1686 1323 defecerit.
1746 1289 1884 1322 Deinde
1911 1288 2050 1322 subiicit
2072 1288 2214 1331 petitio-

1227 1352 1328 1379 nem,
1359 1346 1398 1372 ut
1423 1346 1565 1373 senatus
1588 1339 1802 1383 reipublicae
1827 1340 1987 1373 consulat
2020 1345 2053 1372 et
2084 1338 2151 1372 sibi
2180 1343 2214 1370 et

1227 1390 1392 1423 exercitui
1420 1390 1670 1437 ignoscat⁹⁶a).

1445 1474 1583 1507 Aliud
1617 1474 1998 1519 argumentumffl).

1327 1532 1415 1565 Erat
1435 1532 1589 1577 Lepidus
1624 1533 1930 1566 senatusconsulto
1959 1531 2146 1565 accersitus
2171 1543 2213 1564 ex

1227 1583 1410 1627 provincia
1429 1584 1466 1616 in
1482 1583 1618 1616 ltaliam
1631 1610 1639 1623 ‚
1667 1590 1705 1616 ut
1722 1596 1793 1616 una
1810 1596 1888 1616 cum
1906 1583 2038 1616 Planco
2057 1588 2091 1614 et
2107 1582 2213 1615 Octa-

1228 1634 1284 1665 vio
1304 1634 1522 1677 opprimeret
1537 1635 1747 1667 Antonium.
1789 1634 1857 1667 Sed
1874 1633 2044 1666 exercitus
2061 1632 2135 1666 eius
2149 1644 2215 1666 no-

1228 1684 1293 1717 luit
1310 1691 1433 1717 contra
1453 1685 1544 1717 cives
1560 1697 1730 1728 pugnare.
1766 1684 1920 1728 LepIdus
1937 1684 2045 1728 igitur
2059 1684 2102 1716 de
2117 1683 2214 1728 paci-

1228 1735 1390 1768 ficatione
1417 1736 1595 1779 cogitavit.
1656 1735 1776 1780 Quare
1800 1735 1836 1767 in
1869 1733 1934 1768 hac
1965 1735 2113 1778 epistola
2140 1734 2214 1778 pri-

1229 1798 1325 1818 mum
1350 1793 1470 1829 rogat,
1502 1792 1542 1818 ut
1566 1786 1698 1819 bellum
1725 1787 1938 1819 concitatum
1963 1792 2211 1829 componatur.

1228 1836 1379 1869 Videbat
1404 1837 1498 1870 enim
1521 1848 1594 1869 non
1619 1843 1692 1869 tam
1709 1837 1923 1881 reipublicae
1946 1848 2067 1875 causa,
2102 1847 2210 1880 quam

1229 1894 1375 1932 propter
1405 1888 1562 1932 privatas
1600 1888 1750 1921 offensas
1780 1887 1975 1920 Antonium
2015 1886 2213 1920 iudicatum

1230 1951 1302 1972 esse
1334 1937 1471 1972 hostem
1507 1938 1708 1982 impellente
1749 1951 1820 1971 uno
1857 1938 2026 1971 Cicerone
2057 1937 2095 1970 in
2132 1949 2211 1970 eam

1228 1990 1438 2023 sententiam
1473 1995 1633 2023 senatum
1675 1990 1720 2022 ob
1748 1989 1870 2033 ingens
1898 1987 2048 2022 Antonii
2077 1988 2212 2023 odium.

1229 2041 1366 2073 Deinde
1383 2053 1485 2074 suum
1510 2046 1544 2073 et
1559 2040 1729 2074 exercitus
1755 2040 1911 2074 studium
1932 2039 2021 2083 petit
2043 2050 2062 2071 a
2087 2045 2212 2073 senatu

1231 2092 1469 2136 comprobari.
1521 2091 1589 2124 Sed
1614 2091 1786 2125 iudicatus
1803 2097 1854 2124 est
1877 2090 1950 2134 ipse
1976 2102 2118 2135 quoque
2139 2101 2211 2124 una

1230 2155 1308 2176 cum
1334 2143 1487 2176 exercitu
1513 2139 1642 2182 hostis,
1670 2154 1759 2187 quae
1786 2154 1840 2175 res
1863 2141 1895 2174 ei
1919 2140 2078 2174 animum
2094 2141 2213 2174 attulit

1229 2193 1467 2237 coniungendi
1491 2205 1525 2225 se
1550 2205 1627 2225 cum
1649 2193 1828 2233 Antonio,
1856 2198 1889 2225 et
1911 2192 1947 2224 vi
1971 2192 2213 2225 defendendae

1229 2245 1371 2283 salutis,
1405 2257 1483 2277 cum
1507 2243 1581 2276 sine
1612 2245 1719 2276 modo
1752 2249 1929 2277 exerceret
1950 2243 2147 2287 potentiam
2174 2242 2212 2275 in

1229 2296 1316 2329 urbe
1340 2295 1483 2335 Cicero,
1517 2294 1578 2339 qui
1601 2300 1635 2326 et
1668 2293 1797 2328 horum
1822 2301 1856 2328 et
1888 2293 2111 2339 sequentium
2134 2306 2211 2327 mo-

1231 2353 1329 2380 tuum
1368 2358 1469 2380 causa
1505 2344 1629 2378 extitit.
1695 2345 1758 2379 Est
1791 2353 1907 2379 autem
1946 2343 2031 2378 haec
2063 2345 2209 2389 epistola

1231 2398 1309 2437 illa,
1337 2397 1378 2429 de
1405 2409 1472 2442 qua
1500 2395 1620 2429 scribit
1638 2396 1760 2430 Cicero
1789 2407 1896 2441 supra
1922 2396 2067 2440 epistola
2085 2396 2146 2431 27.
2173 2394 2209 2427 in

1230 2446 1296 2481 hoc
1320 2448 1411 2480 libro
1440 2449 1482 2480 ad
1507 2446 1694 2491 Lepidum.

1263 2581 1311 2608 96)
1331 2579 1416 2603 hostis
1437 2578 1572 2609 publicus]
1587 2578 1627 2602 sic
1640 2577 1824 2609 Editt.1565.‚
1846 2577 1931 2608 1571„
1952 2576 2043 2607 1596.;
2062 2577 2111 2602 Ed.
2133 2577 2208 2603 ¹556.

1298 2614 1423 2643 publicus
1443 2613 1540 2637 hostis.

1263 2657 1330 2683 962)
1350 2656 1489 2686 ignoscat]
1509 2655 1573 2678 illae
1591 2656 1607 2678 4
1626 2654 1726 2679 Editt.:
1747 2653 1899 2683 ignoscant.

1262 2699 1310 2727 97)
1325 2700 1382 2723 Hoc
1395 2699 1585 2730 argumentum
1600 2698 1698 2722 habent
1714 2696 1797 2720 Editt.
1813 2694 2005 2721 1565-1596.
