2351 2990
71 112 144 148 469
197 111 317 148 XXIII.
359 110 672 147 ARGUMENTA
690 111 756 146 ET
783 111 988 147 SCHOLIA
1014 112 1062 149 IN
1090 112 1238 150 EPIST.
1264 114 1377 151 FAM.
1408 116 1491 153 CIC.
1519 117 1607 155 LIB.
1627 119 1715 157 XIII.
1741 122 1813 159 ΕΡ.
1834 125 1994 163 13-17.
2047 130 2121 165 470

247 197 434 233 Scholia
462 198 505 232 in
534 198 783 243 epistolam
813 197 903 234 XVI.

176 273 206 318 ἓ.
229 275 262 309 1.
288 277 372 309 Pub.
404 273 584 322 Crassum]
610 275 795 310 Narratio.

179 332 209 378 §-
229 335 263 368 3.
287 337 358 369 Sed
381 347 485 381 neque
503 335 587 368 mihi
603 347 698 378 eyere
712 333 793 382 7⁵³)].
847 334 1074 380 Propositio:

76 384 158 418 Non
175 386 537 425 commendationem,
552 386 614 419 sed
631 386 877 420 testimonium
894 388 953 426 do,
976 383 1072 421 κατὰ

75 434 374 483 προκατάληψιν.

178 493 257 539 §.AE
285 498 376 530 IVccm
403 498 496 530 domi
524 494 636 543 meae]
664 495 772 529 Ratio
805 495 1075 540 propositionis.

73 547 143 579 Sed
156 551 193 580 iu
209 547 269 580 leoc
282 547 425 590 fiet-ilius
441 545 518 594 S⁰)]
548 547 732 581 Correctio
749 547 1022 592 propositionis.

373 633 704 676 Argumentum
721 632 780 679 S¹).

176 699 298 733 Alium
331 701 511 745 quendam
541 700 687 734 Caesari
711 700 938 734 commendat
968 699 1072 731 liber-

73 757 149 783 tum
177 750 312 791 Crassi,
341 763 412 797 qua
440 764 496 785 res
523 758 638 795 gestas
659 751 820 785 Caesaris
837 751 972 784 Graeca
993 762 1072 782 ora—

73 802 169 834 tione
194 802 473 846 conscripserat,
500 803 607 848 idque
642 816 746 836 suum
769 802 926 836 studium
954 800 1071 844 cupie—

72 853 134 885 bat
157 853 301 886 Caesari
329 854 570 898 comprobari.
623 853 823 886 Exordium
848 850 956 885 habet
972 863 1070 884 occa-

73 905 211 937 sionem
237 910 271 937 et
295 916 438 938 causam
457 904 746 938 commendandi.
801 903 970 948 Sequitur
986 914 1070 947 pro-

72 955 202 998 positio
222 956 371 999 figurata
389 955 656 1000 praeteritione‚
681 954 779 1000 quod
795 967 870 987 non
888 966 1069 987 commen-

71 1007 177 1045 dare,
217 1007 279 1039 sed
310 1012 450 1040 tantum
476 1007 722 1040 testimonium
747 1006 802 1040 sui
835 1006 957 1039 iudicii
983 1006 1068 1038 dare

71 1057 237 1090 voluerit.
276 1055 396 1102 Itaque
415 1058 522 1090 etiam
541 1057 682 1091 subiicit
698 1070 734 1091 se
751 1057 970 1101 cognovisse,
987 1069 1067 1090 eum

69 1108 174 1140 bonis
207 1107 332 1140 studiis
359 1120 506 1151 operam
539 1120 674 1140 navare
706 1114 739 1141 et
766 1106 898 1140 habere
923 1109 1068 1141 faculta-

70 1164 141 1191 tem
170 1158 348 1192 scribendi
381 1156 548 1193 historias
581 1171 702 1192 rerum
735 1171 754 1191 a
779 1158 929 1192 Caesare
955 1165 1066 1203 gesta-

70 1221 163 1243 rum.
189 1209 362 1254 Epilogus
380 1210 539 1243 continet
555 1210 918 1243 communicationem
938 1217 972 1243 et
990 1222 1066 1243 cor-

70 1261 266 1294 rectionem
292 1261 557 1305 praeteritionis
582 1261 619 1293 in
644 1261 903 1305 propositione.

320 1347 458 1381 Aliud
486 1353 816 1391 argumentum.

173 1414 325 1461 Haecffl)
355 1416 503 1460 epistola
529 1422 668 1449 constat
689 1428 763 1448 non
787 1422 859 1448 tam
886 1426 1066 1448 commen-

69 1465 214 1499 datione
244 1479 351 1511 quam
376 1467 581 1500 testimonio
606 1467 760 1511 ingenii,
800 1479 840 1499 ac
865 1467 1065 1500 studiorum

68 1516 307 1563 Apolloniiffi)
336 1517 405 1550 viri
428 1518 642 1559 doctissimi,
679 1531 786 1564 quem
812 1518 960 1562 dignum
992 1529 1064 1551 esse

71 1568 227 1601 ostendit
249 1568 406 1602 amicitia
437 1576 471 1603 et
492 1569 742 1603 benevolentia
771 1569 943 1604 Caesaris.
996 1568 1065 1602 Or-

70 1619 166 1652 ditur
184 1630 203 1652 a
223 1619 443 1660 narratione,
470 1621 508 1653 in
526 1633 595 1666 qua
615 1633 737 1655 causas
754 1627 951 1659 enumerat,
978 1633 1065 1666 qua—

72 1682 109 1702 re
138 1675 325 1714 tantopere
348 1670 583 1714 Apollonium
602 1672 738 1715 diligat.
791 1672 960 1717 Sequitur
982 1684 1065 1716 pro-

68 1720 219 1764 positio,
255 1733 345 1765 quae
372 1719 479 1754 habet
505 1722 747 1755 testimonium
778 1722 914 1766 ingenii
941 1723 1064 1766 ipsius,

68 1773 124 1805 cui
146 1772 343 1816 praemittit
360 1773 622 1806 excusationem
639 1773 862 1807 intermissae
883 1786 1064 1806 commen-

69 1823 236 1856 dationis.
289 1822 329 1855 In
356 1824 425 1856 fine
452 1836 516 1868 per
533 1824 793 1857 correctionem
820 1825 967 1868 ponitur
984 1825 1063 1857 bre-

70 1874 122 1908 vis
146 1875 423 1909 commendatio.

312 1958 445 1993 Aliud
473 1965 804 2004 argumentum.

169 2025 339 2060 Narratio
368 2033 439 2067 est,
466 2027 504 2060 in
527 2039 597 2072 qua
622 2027 740 2071 primo
768 2027 846 2059 loco
875 2033 1062 2059 enumerat

71 2089 214 2117 causas,
249 2078 377 2123 quihus
400 2085 518 2112 motus
536 2078 654 2112 Crassi
679 2078 844 2111 libertum
871 2089 957 2121 prae
983 2077 1061 2111 aliis

70 2128 244 2163 dilexerit.
298 2129 436 2163 Deinde
460 2130 560 2163 addit
576 2129 709 2169 officia,
737 2140 827 2174 quae
845 2129 1062 2173 praestiterit

73 2179 238 2212 Ciceroni
262 2186 296 2213 et
313 2180 466 2215 Caesari.
518 2181 776 2216 Narrationem
800 2180 962 2226 sequitur
978 2193 1061 2225 pro-

71 2231 222 2274 positio,
264 2244 354 2276 quae
395 2238 447 2266 est
476 2233 626 2277 figurata
661 2244 726 2277 per
761 2229 1059 2277 προκατάληψινε

107 2348 158 2376 79)
176 2348 248 2373 mihi
273 2349 370 2380 eyere]
394 2348 435 2373 sic
459 2348 524 2372 illae
549 2348 635 2373 Editt.
655 2350 682 2372 et
707 2349 765 2379 a1.;
798 2349 848 2373 Ed.
868 2349 956 2373 orell.
982 2355 1062 2380 eyere

143 2383 223 2407 mihi.
248 2395 283 2400 ——
319 2383 349 2405 In
368 2383 450 2407 Editt.
472 2383 564 2411 1545..
588 2383 663 2407 1560.
687 2383 749 2407 huie
773 2386 855 2407 notae
882 2390 931 2413 pro
950 2383 992 2406 his
1012 2384 1062 2407 ad-

144 2418 250 2447 scripta
269 2419 333 2440 sunt
350 2418 541 2442 antecedentia
559 2417 615 2441 Cic.
641 2419 741 2442 verba:
780 2419 834 2443 Cui
853 2425 903 2450 eqo
922 2424 1062 2443 commen-

142 2452 298 2476 dati-onem.

107 2494 156 2523 80)
176 2495 205 2518 In
222 2494 320 2518 iisdem
338 2494 355 2518 2
373 2493 457 2518 Editt.
475 2494 536 2518 huic
554 2496 637 2518 notae
654 2495 778 2525 praefixa
795 2496 858 2519 sunt
876 2501 925 2525 [iro
944 2495 986 2519 his
1011 2501 1063 2519 an-

144 2529 296 2553 tecedentia
317 2529 372 2553 Cic.
391 2530 490 2552 verba:
509 2529 604 2553 Habes
623 2530 768 2560 opinionis
787 2536 874 2554 meae.

108 2570 156 2598 61]
182 2570 240 2593 Hoc
258 2571 448 2600 argumentum
469 2572 495 2594 et
514 2570 566 2595 duo
586 2571 729 2601 sequentia
748 2571 775 2594 in
790 2571 874 2596 Editt.
892 2571 977 2600 1556.‚
1000 2571 1066 2595 1565

143 2605 260 2629 -1596.
283 2606 404 2630 exstant.

110 2646 158 2678 82)
177 2648 267 2676 Haec]
287 2647 328 2670 sic
348 2647 430 2670 Editt.
448 2647 536 2673 1565..
556 2646 643 2677 ¹571„
662 2647 754 2671 1596.:
772 2648 800 2671 in
820 2648 958 2673 Ea.1556.
978 2648 1066 2673 deest.

111 2688 158 2720 83)
178 2690 316 2719 Apollonii
335 2691 401 2719 etc]
420 2690 461 2715 sic
478 2690 563 2715 Editt.
584 2690 676 2720 1565.‚
698 2690 789 2720 1571„
812 2691 904 2721 ¹596.;
921 2691 969 2714 Ed.
991 2691 1066 2715 1556.

149 2724 304 2754 Appollonii
325 2727 375 2749 etc.

1133 199 1215 235 Non
1235 204 1597 246 commendationem,
1621 219 1690 253 qua
1707 206 1797 242 nihil
1816 223 1904 256 opus
1924 210 2043 255 habet,
2062 219 2120 250 scd

1132 259 1269 287 tantuin
1295 255 1537 290 testimonium
1567 258 1632 296 do;
1668 265 1702 292 et
1729 261 1872 295 additur
1901 264 2043 309 longior
2068 280 2123 301 ex-

1131 304 1262 348 positio
1281 306 1335 338 sui
1351 307 1545 340 testimonii
1563 309 1606 342 de
1624 308 1819 354 Apollonio
1832 339 1841 353 ,
1867 313 2031 358 inprimis
2049 318 2123 352 lau-

1131 356 1219 389 ‹lans
1252 368 1333 389 eum
1369 358 1413 390 ab
1444 358 1586 403 ingenio
1613 367 1646 393 et
1678 363 1891 398 eruditione.
1950 366 2122 413 Epilogus

1129 404 1237 439 habet
1261 409 1518 443 correctionem
1545 412 1821 456 propositionis,
1859 418 1953 461 quod
1981 427 2122 462 praeter

1133 458 1378 492 testimonium
1408 460 1514 494 ctiam
1541 465 1891 500 commendationem
1915 468 2063 504 dederit.

1292 549 1477 585 Scholia
1506 553 1548 586 in
1578 555 1823 599 epistolam
1851 558 1958 595 XVII.

1231 616 1261 661 ἓ.
1283 619 1314 652 1.
1343 621 1486 653 Murcus
1497 619 1542 665 S³)
1566 621 1706 669 Curius]
1729 624 1912 660 Narratio.

1231 667 1260 711 ξ.
1279 672 1313 704 2.
1343 671 1435 710 Quod
1449 676 1561 704 tamen
1580 675 1611 706 si
1628 672 1696 720 ita]
1725 675 1930 720 Propositio
1945 705 1952 718 ,
1981 692 2041 713 seu
2059 693 2119 725 pe-

1126 718 1205 751 titio
1228 719 1457 753 ‹lisiunctivaz
1486 722 1558 755 sive
1578 730 1628 756 est
1645 731 1770 765 notus,
1795 727 1869 760 sive
1887 728 2040 772 ignotus.

1228 768 1258 813 ξ.
1278 771 1312 804 3.
1340 773 1516 814 Spomleho
1526 772 1635 821 enim]
1654 774 1760 809 Ratio
1781 779 1975 821 petitionis.

1419 855 1746 900 Argumentum
1767 860 1825 907 ⁵⁵).

1228 921 1503 957 Commendatio
1530 924 1629 958 Curii
1661 929 1894 971 negotiatoris
1926 933 1971 965 ad
2004 934 2119 978 Sulpi-

1125 971 1216 1005 cium
1231 973 1401 1007 Graeciae
1417 976 1634 1019 praesectum
1654 980 1796 1023 scripta.
1834 981 2018 1028 Principio
2036 997 2119 1018 nar-

1122 1029 1250 1057 rantur
1282 1036 1408 1058 causae
1446 1038 1465 1058 a
1498 1027 1742 1063 familiaritate
1776 1038 1809 1065 et
1837 1033 1993 1075 meritis,
2029 1048 2118 1080 quae

1124 1074 1348 1120 aliquantum
1359 1076 1405 1123 S3)
1425 1078 1660 1122 amplificatae
1678 1088 1770 1115 sunt.
1823 1083 2017 1119 Subiicitnr
2036 1099 2119 1130 pro-

1122 1126 1252 1169 positio
1283 1139 1348 1171 per
1380 1128 1561 1169 (Blenina,
1603 1137 1643 1164 ut
1675 1131 1748 1165 sive
1779 1133 1850 1167 iam
1882 1143 1988 1171 notus
2018 1138 2062 1170 sit
2086 1139 2117 1171 ei

1094 1176 1270 1217 'Curius,
1311 1179 1384 1212 sive
1416 1192 1507 1220 non,
1550 1181 1617 1225 ipsi
1655 1194 1797 1217 omnem
1835 1198 1982 1230 operam
2014 1201 2116 1232 prae-

1121 1234 1212 1260 stare
1238 1229 1334 1263 velit.
1400 1229 1531 1264 Addita
1559 1239 1610 1266 est
1637 1235 1860 1270 confirmatio
1897 1250 1916 1270 a
1943 1239 2114 1284 dignitate

1120 1290 1184 1323 pcr
1212 1280 1510 1315 asseverationem
1533 1289 1565 1316 et
1583 1284 1787 1321 utilitatem.

1372 1365 1510 1400 Aliud
1538 1377 1864 1412 argumentum.

1223 1431 1459 1467 Commendat
1483 1435 1606 1469 Servio
1626 1437 1784 1482 Sulpicio
1802 1440 1982 1484 praesecto
2002 1442 2112 1477 Grae-

1119 1481 1192 1515 ciae
1210 1482 1373 1517 Marcum
1385 1486 1531 1520 Curium
1550 1500 1729 1521 summum
1748 1491 1915 1531 amicum,
1944 1494 1987 1525 ad
2005 1506 2111 1538 quem

1118 1533 1239 1567 scribit
1257 1535 1405 1579 epistola
1421 1537 1483 1572 29.
1510 1539 1593 1571 libri
1612 1539 1646 1572 7.
1686 1539 1805 1584 Rogat
1822 1548 1953 1583 autem,
1976 1551 2014 1577 ut
2031 1557 2112 1578 euni

1118 1591 1282 1619 amanter
1298 1588 1554 1632 complectatur
1573 1597 1606 1623 et
1623 1591 1659 1623 in
1679 1592 1844 1626 omnibus
1861 1594 2015 1629 adiuvet.
2045 1596 2114 1629 Or-

1119 1636 1215 1670 ditur
1237 1649 1257 1670 a
1278 1639 1506 1681 narratione,
1551 1654 1641 1687 quae
1674 1650 1812 1677 constat
1843 1646 2111 1688 praedicatione

1118 1687 1294 1722 amicitiae
1320 1696 1354 1723 et
1369 1691 1582 1727 officiorum.
1634 1693 1804 1739 Sequitur
1819 1697 2018 1740 propositio
2044 1699 2113 1732 dis-

1119 1738 1298 1780 iunctim,
1326 1743 1424 1786 quod
1447 1756 1528 1776 eum
1555 1746 1800 1785 commendet,
1828 1747 1902 1780 sive
1927 1748 1971 1781 sit
1994 1756 2112 1787 notus,

1117 1789 1189 1822 sive
1212 1791 1366 1834 ignotus.
1418 1793 1590 1828 Rationes
1619 1797 1877 1839 propositionis
1902 1799 1992 1832 duae
2018 1807 2111 1834 sunt.

1115 1840 1237 1873 Altera
1260 1842 1414 1875 sumitur
1446 1856 1466 1876 a
1494 1845 1654 1879 moribus
1676 1853 1709 1879 et
1740 1845 1964 1882 humanitate
1989 1850 2110 1894 ipsius,

1116 1903 1221 1936 quem
1240 1895 1546 1942 commendat⁸⁷)‚
1573 1897 1682 1929 altera
1709 1909 1729 1930 a
1756 1911 1818 1932 sua
1838 1900 2066 1943 gratitudine.

1358 1967 1496 2003 Aliud
1531 1979 1854 2016 argumentum.

1217 2035 1410 2077 Narratio,
1446 2049 1537 2083 quae
1560 2039 1719 2073 continet
1742 2053 1882 2082 causas,
1919 2054 2028 2088 quare
2057 2045 2109 2077 di-

1116 2085 1203 2129 ligat
1225 2086 1386 2122 Curium.
1446 2087 1614 2133 Inprimis
1639 2098 1758 2125 autem
1781 2093 2010 2137 praedicatur
2035 2095 2109 2129 eius

1113 2137 1361 2171 benevolentia
1385 2150 1426 2172 ac
1444 2137 1662 2176 humanitas.
1715 2143 1884 2189 Sequitur
1904 2145 2105 2189 propositio

1112 2188 1321 2233 petitionis,
1366 2196 1487 2236 estque
1521 2193 1721 2237 propositio
1755 2195 1983 2229 disiunctiva:
2026 2196 2107 2230 Sive

1112 2245 1237 2280 notus,
1273 2240 1346 2274 sive
1369 2241 1511 2285 ignotus
1537 2250 1607 2284 est,
1643 2251 1746 2288 peto,
1781 2253 1820 2279 nt
1844 2259 1924 2280 eum
1949 2247 2106 2282 adiuves.

1113 2290 1222 2324 Ratio
1246 2292 1429 2336 petitionis
1453 2305 1472 2326 a
1499 2306 1650 2337 persona
1675 2302 1814 2340 sumpta
1843 2304 1904 2331 est.
1972 2296 2014 2330 In
2037 2299 2106 2332 fine

1115 2342 1261 2386 ponitur
1286 2343 1454 2377 clausula.

1149 2461 1198 2489 8⁴)
1210 2461 1356 2500 *MarcusJ
1381 2461 1422 2485 sic
1447 2461 1511 2486 illae
1528 2462 1613 2487 Editt.
1641 2464 1667 2485 et
1686 2463 1740 2493 a1.;

1184 2502 1252 2520 ntus
1271 2513 1277 2519 .

1150 2537 1199 2566 85)
1220 2497 1278 2561 Hdc
1295 2539 1486 2569 argumentum
1505 2540 1532 2562 et
1550 2539 1601 2563 duo
1621 2540 1764 2570 sequentia
1781 2540 1808 2565 in
1822 2541 1907 2566 Editt.
1923 2542 1997 2566 1556.
2010 2560 2018 2573 ‚
2040 2544 2106 2568 1565

1188 2572 1305 2596 -1596,
1322 2572 1505 2602 reperiuntur.

1150 2615 1199 2644 86)
1217 2615 1401 2672 aliqulantum]
1421 2615 1462 2639 sic
1475 2615 1525 2641 Ed.
1537 2616 1629 2646 1556.;
1647 2616 1830 2649 Editt.1565.‚
1851 2618 1937 2648 1571..
1957 2621 2030 2646 1596.
2051 2622 2105 2645 ali-

1187 2652 1288 2680 quantu
1302 2655 1354 2674 um.

1152 2692 1201 2720 87)
1221 2698 1298 2722 quem
1328 2692 1516 2721 commendat]
1540 2692 1581 2717 sic
1599 2693 1684 2721 Editt.
1714 2695 1805 2727 1565.‚
1832 2696 1924 2727 1571.⁷
1951 2698 2041 2729 1596.3
2078 2699 2106 2723 tu

1189 2726 1239 2751 Ed.
1260 2727 1334 2751 1556.
1354 2728 1420 2750 haec
1439 2727 1547 2752 desunt.

1409 2760 1494 2795 30*

1776 2463 1825 2488 Ed.
1845 2464 1931 2490 oren,
1950 2464 2002 2490 Μ’.
2022 2467 2105 2495 (Ma-
