2351 2990
164 106 238 141 961
341 101 495 138 XXXIX.
538 97 938 137 INTERPRETATIO
965 94 1235 132 ORATIONIS
1261 93 1479 130 LYCURG1
1505 93 1705 130 CONTRA
1730 92 2045 130 LEOCRATEM.
2146 95 2222 133 962

161 192 254 227 Nam
282 204 346 226 sua
369 189 571 224 desertione
593 187 785 231 religiones
809 185 919 219 deleri
945 196 1068 229 passus
1102 190 1165 223 est,
1191 209 1195 237 ὸ.

162 249 338 290 quantum
356 243 394 276 in
414 242 492 287 ipso
510 246 581 280 est,
609 244 775 284 parentes
791 250 875 271 vero
901 236 1031 270 obiecit
1055 234 1166 269 hosti·
1191 239 1194 285 i

161 297 247 336 bus,
288 307 353 328 nec
381 299 610 327 mortuorum
645 289 801 323 honores
835 289 980 322 defendi
1013 287 1164 321 curavit.
1191 290 1193 294 ’

161 347 333 383 Nondum
356 358 443 379 vero
470 342 631 377 desinam
656 347 779 375 vetera
811 340 973 385 exempla
997 339 1165 378 recitare;

163 411 248 433 nam
269 410 361 444 quae
378 396 535 430 maiores
555 394 623 428 sibi
648 393 805 438 gloriosa
831 405 903 427 esse
925 392 1105 426 ducebant
1128 391 1166 424 in

162 450 347 490 faciendo,
389 460 430 482 ea
461 459 525 480 vos
545 446 699 491 'quoque
724 446 825 478 decet
850 445 1005 478 libenter
1027 443 1167 485 audire,

162 509 337 548 tanquam
363 500 509 533 illorum
532 497 657 531 virtuti
678 497 850 531 faventes.
910 496 1000 530 Cum
1017 494 1166 529 Eumol-

163 566 230 599 pus
246 551 449 586 adduxisset
459 547 702 583 Thracensem
720 549 910 582 exercitum
923 575 932 588 ,
959 554 999 581 ut
1015 559 1166 592 occupa-

161 611 217 638 ret
232 604 388 639 Atticam
400 629 410 643 ,
437 602 476 634 in
492 613 561 648 qua
581 607 665 634 tunc
685 601 859 644 regnabat
874 597 1096 633 Erechtheus
1105 598 1166 645 ⁶⁸),

162 656 220 690 cui
234 667 325 690 uxor
342 660 420 688 erat
435 650 627 687 Praxithea
642 650 787 697 Cephisi
803 652 892 689 filim
921 663 1073 696 cumque
1091 662 1167 683 ma-

162 720 252 753 gnus
266 706 507 740 barbarorum
533 704 705 738 exercitus
730 704 768 737 in
794 709 954 737 nostram
981 702 1165 747 regionem

161 760 367 804 irrupturus
384 763 492 797 esset,
526 755 706 790 consuluit
720 752 943 791 Erechtheus
967 755 1167 794 oraculum,

164 811 250 858 quid
274 812 428 850 faceret,
469 815 509 842 ut
534 808 684 841 victoria
710 807 900 852 potiretur.
968 806 1166 840 oraculum

163 862 350 908 respondit
368 862 541 895 victorem
559 861 655 900 fore,
682 859 711 893 si
726 859 837 892 filiam
864 864 945 892 ante
971 859 1165 892 exercitum

163 915 405 954 immolasset,
432 912 531 959 quod
554 924 634 945 cum
657 910 796 945 fecisset
817 909 935 945 hostes
958 910 1167 956 profligatos

162 973 248 1001 tunc
266 965 410 1011 repulit.
462 965 515 997 Ac
531 964 636 997 laude
653 963 781 1007 dignus
798 970 848 996 est
857 962 1065 1008 Euripides,
1093 963 1168 1009 qui,

165 1031 245 1052 cum
268 1019 386 1052 bonus
412 1022 518 1061 poeta
544 1022 654 1056 esset,
691 1015 797 1049 etiam
822 1013 890 1048 hoc
916 1021 1167 1059 argumentum

164 1070 372 1115 descripsit,
401 1068 608 1102 existimans
626 1067 752 1112 patriis
770 1068 940 1112 exemplis
956 1068 1069 1113 magis
1091 1080 1168 1100 mo-

165 1122 243 1156 veri
265 1122 377 1162 cives,
413 1132 544 1166 eosque
570 1120 607 1153 in
631 1120 690 1153 illa
714 1119 892 1154 intuentes
918 1132 1000 1154 suos
1028 1120 1168 1153 animos

165 1175 210 1207 ad
227 1186 388 1207 amorem
405 1172 545 1217 patriae
563 1172 800 1206 adsuefacere.
855 1172 950 1205 Utile
975 1178 1025 1206 est
1049 1179 1167 1206 autem

166 1232 200 1259 et
230 1237 377 1259 carmen
408 1224 582 1270 ipsumffl)
615 1223 760 1264 audire,
804 1224 841 1256 in
873 1237 944 1270 quo
969 1225 1096 1259 matris
1118 1230 1169 1258 est

167 1277 302 1317 oratio,
330 1277 575 1322 promittentis
590 1275 700 1308 filiam
726 1275 882 1315 civitati,
920 1282 959 1308 ut
984 1277 1045 1309 fiat
1069 1276 1169 1309 victi-

165 1341 242 1368 ma;
283 1328 434 1362 cernetis
467 1328 564 1361 enim
597 1327 634 1360 in
667 1340 707 1360 ea
740 1327 1026 1371 magnitudinem
1058 1327 1170 1361 animi

166 1381 311 1426 dignam
332 1387 366 1415 et
382 1386 506 1414 nostra
526 1379 668 1413 civitate
686 1386 720 1413 et
734 1385 884 1424 paterna
904 1379 1055 1423 origine.

271 1457 307 1491 si
328 1457 407 1503 quis
421 1456 634 1490 heneficium
653 1456 802 1489 daturus
819 1462 871 1490 est
890 1456 1046 1497 civibus,

216 1508 256 1542 Id
272 1509 409 1554 gratius
427 1509 466 1542 fit
482 1508 622 1541 liberali
639 1514 783 1552 pectore

217 1561 264 1594 Et
279 1567 407 1606 sponte
426 1573 507 1594 cum
526 1561 651 1599 datur,
679 1560 803 1592 datum
825 1559 1004 1593 morosius

218 1613 404 1658 Lenteque
422 1624 497 1644 non
515 1609 662 1644 habebit
678 1611 789 1644 ullam
807 1611 972 1654 gratiam.

218 1664 315 1709 Ergo
333 1664 456 1698 volens
473 1669 617 1707 gnatam
638 1661 812 1695 exhibebo
830 1662 968 1706 patriae
980 1689 989 1702 ,

221 1717 268 1750 Ut
284 1717 346 1749 fiat
361 1714 477 1749 hostia
499 1727 565 1760 pro
583 1715 697 1748 salute
713 1714 868 1759 publica.

217 1768 450 1814 Mentemque
470 1779 596 1800 causac
616 1773 828 1810 permovent
843 1778 968 1810 graves
991 1778 1122 1800 meam.

218 1820 314 1855 Urbs
334 1827 456 1854 nostra
477 1818 597 1852 multis
614 1818 793 1851 antecellit
814 1817 979 1855 caeteri53

220 1873 459 1918 Nequaquam
479 1871 572 1904 enim
592 1870 763 1903 confluxit
783 1868 851 1903 huc
869 1882 909 1902 ex
926 1868 1079 1904 dissonis

221 1925 377 1959 Confusa
395 1923 587 1956 multitudo
606 1922 788 1967 gentibus,
815 1933 941 1965 gerens

221 1977 415 2022 Moresque
434 1982 653 2020 naturasque
671 1973 858 2008 dissimiles
874 1972 960 2011 sibi;

222 2028 292 2062 Sed
308 2034 424 2061 mater
440 2026 528 2061 haec
545 2033 596 2060 est
614 2039 683 2059 una
703 2026 806 2059 tellus
823 2025 939 2058 Attica
953 2051 962 2064 ‚

222 2080 351 2124 Stirpis
370 2086 529 2113 vetustae
549 2078 678 2112 civium
692 2105 700 2118 ,
730 2090 771 2111 ex
790 2075 858 2110 hoc
877 2088 984 2122 quam
1002 2074 1078 2109 solo

224 2131 354 2165 Mundi
373 2129 640 2164 architectatrix
657 2130 791 2164 creavit
809 2141 908 2162 mens
928 2127 1017 2168 Dei,

224 2183 376 2217 Virtutis
395 2195 493 2216 acres
510 2183 669 2216 inserens
688 2182 852 2217 stimulos
869 2187 978 2215 satae.

226 2236 296 2270 Sed
317 2235 508 2269 condidere
527 2235 632 2269 urbes
651 2234 770 2268 coloni
788 2239 944 2266 caeteras
956 2258 966 2272 ,

226 2288 366 2322 Passim
385 2286 536 2332 profecti
550 2287 680 2321 dissitis
697 2286 905 2331 regionibus
916 2311 924 2325 ,

207 2411 256 2438 68)
275 2409 462 2437 Erechtheus]
496 2408 536 2431 sic
567 2407 744 2432 scribendum
773 2409 815 2431 est
842 2416 874 2428 =
898 2403 1058 2438 Ἐρεχθεὺς;
1094 2405 1177 2429 Editt.

244 2444 340 2471 1548.,
362 2444 456 2475 ¹554„
479 2443 553 2467 ¹562.
574 2444 597 2466 h.
613 2443 630 2466 l.
652 2444 679 2466 et
699 2443 726 2466 in
747 2450 823 2473 seqq.
845 2443 1002 2466 Erec-liteus.

209 2496 256 2529 69)
270 2496 303 2520 ui
314 2501 414 2519 versus
424 2502 457 2519 ex
466 2495 605 2525 Euripidis
619 2495 764 2526 tragoedia
773 2495 918 2519 Erechthei
930 2495 1036 2518 nomine
1049 2494 1179 2523 insignita

244 2530 362 2555 desuinti
376 2531 450 2553 sunt.
478 2530 556 2559 Apud
567 2531 745 2554 Matthiaeum
759 2532 785 2554 et
795 2530 964 2554 Dindortium
978 2532 1021 2553 est
1035 2530 1178 2560 fragmen-

244 2568 301 2590 tum
316 2565 460 2588 Erechthei
472 2565 571 2589 xvu..
593 2565 618 2588 in
632 2565 812 2589 Witzscheiii
826 2566 875 2589 Ed.
895 2567 1058 2595 stereotypa
1076 2564 1179 2594 (inps,

245 2607 287 2631 ap.
298 2600 440 2624 Tauchnit.
458 2600 532 2623 1841.
555 2600 609 2626 12.)
629 2599 717 2625 T.1V.
738 2600 930 2630 p.214—216.
953 2600 1049 2624 eodem
1064 2605 1179 2623 numero

244 2636 295 2659 hoc
314 2635 499 2665 fragmentum
524 2634 685 2664 insignitum
711 2637 762 2659 est.
807 2637 882 2660 Haec
908 2636 967 2659 eius
986 2634 1179 2664 interpretatio

246 2669 430 2694 Melanthonis
446 2669 584 2699 reperitur
600 2669 683 2692 etiam
697 2669 768 2693 inter
783 2671 905 2694 eiusdem
926 2671 1131 2701 Epigrammata
1153 2669 1180 2692 in

251 2704 396 2728 Grattiusii
415 2704 581 2728 collectione
600 2704 647 2727 soi.
662 2704 690 2726 M
702 2704 811 2733 2—3.,
843 2706 869 2729 in
889 2705 1029 2729 vincentii
1047 2705 1109 2729 coil.
1131 2704 1179 2728 fol.

244 2739 385 2769 L5—6.,
411 2740 438 2762 et
458 2739 485 2763 iu
504 2739 582 2762 huius
598 2738 679 2768 corp.
699 2739 821 2764 Reform.
842 2740 906 2765 Vol.
922 2740 956 2765 X.
978 2747 1001 2770 p.
1019 2739 1179 2765 592—594.

185 2781 369 2813 MELANTH.
393 2782 500 2813 Orza.
524 2782 608 2813 Vox„
635 2781 739 2811 xvu.

1276 180 1361 216 Non
1378 187 1613 227 congruentes
1632 180 1811 214 mentibus
1822 207 1831 221 ‚
1858 181 1956 215 lusor
1970 182 2067 216 velut

1275 233 1313 267 Si
1330 233 1523 267 discolores
1543 233 1580 266 in
1596 233 1721 266 fritillo
1737 233 1886 266 misceat

1274 283 1397 318 Talos.
1450 285 1498 318 At
1513 285 1638 318 urbem
1657 284 1818 330 quisquis
1837 291 2018 318 externam
2038 286 2179 327 incolIt,

1273 335 1324 369 Ut
1339 336 1377 369 in
1394 335 1508 381 tigillo
1527 337 1644 370 nodus
1661 348 1764 381 asper
1782 336 1963 376 eminens,

1272 386 1347 421 Ceu
1364 388 1503 432 tignum
1525 389 1569 421 ad
1586 388 1751 422 ordinem
1769 388 1920 422 aedificii
1936 401 2011 422 non
2029 393 2209 437 quadrans

1270 438 1356 474 Non
1373 439 1432 472 ille
1450 446 1567 473 mente
1586 440 1671 474 civis
1687 446 1758 481 est,
1785 441 1846 474 sed
1862 441 2022 476 nomine.

1269 490 1401 525 Nostra
1420 503 1504 535 ergo
1522 504 1588 536 pro
1609 492 1724 536 patria
1737 518 1746 531 ‚
1775 493 1939 526 verendis
1957 493 2111 537 legibus,

1271 540 1319 575 Et
1335 543 1526 576 constituta
1546 543 1707 577 moribus
1725 543 1829 577 bonis
1845 545 1946 577 decet

1271 593 1411 627 Pericla
1428 594 1526 627 adire
1546 601 1579 627 et
1595 594 1734 639 perpeti
1751 606 1941 629 aerumnas
1963 609 2109 640 graves,

1274 644 1498 691 Causamque
1516 658 1627 691 quare
1644 658 1875 690 procreamus
1891 647 2022 682 liberos

1272 696 1375 729 Hanc
1392 708 1465 730 esse
1485 697 1716 742 praecipuam
1734 700 1934 741 putandum
1950 706 2020 740 est,
2048 706 2088 734 ut
2101 699 2170 734 Dei

1271 747 1408 782 Notitia
1426 749 1544 782 luceat
1560 749 1689 783 futuris
1706 749 1830 783 seculis
1841 776 1850 790 ,

1273 800 1493 846 Semperque
1512 801 1675 834 custodes
1691 801 1784 835 sient
1803 801 2009 845 superstites

1273 851 1491 885 Coelestium
1508 852 1626 896 legum
1645 859 1752 899 atque
1768 853 1984 897 templorum
2003 853 2092 895 Dei,

1274 903 1348 948 Qui
1362 903 1399 936 in
1417 903 1534 948 patria
1552 911 1721 938 tueantur
1737 901 1800 938 has
1818 917 1874 938 res
1894 906 2048 950 optimas
2067 935 2077 950 ‚

1272 955 1319 989 Et
1336 955 1562 1000 disciplinam
1583 956 1711 989 civium
1731 962 1765 989 et
1782 969 1900 990 mores
1918 958 2053 999 bonos,

1273 1007 1357 1043 Non
1374 1007 1484 1052 impia
1501 1008 1641 1041 feritate
1659 1007 1770 1041 deleri
1787 1008 1919 1043 sinant.

1274 1060 1348 1094 Nec
1363 1060 1504 1104 franget
1520 1060 1611 1094 ullus
1629 1057 1697 1093 hoc
1713 1066 1876 1093 nostrum
1894 1067 2016 1105 pectus
2035 1061 2155 1098 timor.

1274 1111 1419 1145 Violare
1436 1111 1530 1156 leges
1547 1119 1586 1146 ut
1603 1112 1709 1145 velim
1726 1112 1966 1146 sanctissimas
1977 1139 1987 1153 ,

1276 1164 1379 1209 Quae
1397 1164 1556 1208 singulos
1572 1165 1740 1209 prodesse
1758 1163 1897 1208 patriae
1915 1164 2049 1200 iubent.

1277 1216 1365 1250 Cum
1386 1223 1502 1249 morte
1517 1216 1610 1249 filiae
1624 1216 1729 1251 unius
1747 1216 1906 1261 periculo

1276 1268 1380 1303 Nunc
1398 1268 1544 1301 liberari
1563 1275 1636 1302 tota
1655 1269 1767 1314 possit
1783 1269 1917 1303 civitas.

1276 1320 1371 1354 Nam
1388 1333 1446 1353 me
1463 1321 1567 1353 docet
1584 1321 1788 1354 numeratio
1800 1348 1810 1361 ,
1838 1327 1877 1354 ut
1893 1332 2031 1355 servem
2052 1321 2166 1366 magis

1277 1371 1386 1416 Quod
1405 1372 1485 1416 plus
1500 1372 1662 1407 videmus
1679 1385 1764 1413 esse,
1789 1385 1897 1418 quam
1916 1374 2014 1419 quod
2030 1379 2082 1406 est
2098 1373 2227 1410 minus*

1277 1423 1399 1456 Unam
1417 1425 1565 1457 domum
1585 1425 1656 1457 labi
1669 1452 1677 1465 ‚
1705 1426 1824 1458 minus
1842 1431 1935 1458 certe
1953 1432 2004 1459 est
2018 1425 2124 1466 mali,

1279 1475 1398 1519 Quam
1417 1476 1596 1509 civitatem
1614 1489 1718 1509 ruere
1740 1483 1853 1509 totam
1867 1478 2039 1513 funditus.

1279 1527 1317 1559 Si
1334 1539 1400 1571 pro
1419 1528 1537 1572 puella
1555 1540 1701 1572 germen
1721 1535 1810 1563 esset
1829 1530 2026 1564 masculum

1278 1578 1413 1613 Natum
1430 1578 1540 1621 mihi,
1567 1581 1774 1626 bellumque
1793 1582 1884 1614 forte
1902 1590 2082 1626 posceret,

1280 1630 1384 1664 Cives
1402 1638 1441 1664 ut
1458 1629 1597 1666 hostem
1616 1633 1829 1668 dimicantes
1842 1634 1981 1678 proelio

1280 1682 1530 1727 Depellerent,
1559 1697 1645 1717 num
1663 1685 1775 1718 filium
1793 1685 1921 1719 mortis
1940 1695 2037 1722 metu

1281 1734 1456 1768 Recusem
1474 1736 1511 1769 in
1528 1736 1640 1769 aciem
1660 1737 1828 1770 mittere?
1880 1737 1927 1770 At
1946 1752 2032 1774 vero
2050 1741 2139 1776 mihi

1281 1786 1389 1820 Tales
1407 1799 1470 1831 ego
1490 1794 1575 1831 opto
1591 1787 1703 1828 filios,
1730 1788 1791 1833 qui
1806 1788 1949 1822 fortiter

1281 1837 1328 1870 Et
1345 1839 1568 1882 proelientur
1588 1846 1621 1872 et
1635 1840 1746 1873 velint
1764 1840 1933 1874 excellere

1281 1888 1378 1922 Inter
1395 1891 1492 1925 viros
1509 1891 1641 1924 virtute
1658 1892 1743 1925 clari
1762 1900 1935 1926 caeteros:

1281 1942 1355 1976 Nec
1372 1942 1443 1975 sint
1463 1943 1500 1975 in
1522 1944 1610 1977 urbe
1630 1956 1692 1977 ceu
1710 1945 1843 1987 figurae
1862 1944 2025 1985 inutiles,

1280 1993 1353 2026 Aut
1370 1994 1462 2039 picta
1481 2007 1545 2028 ceu
1562 1993 1777 2029 simulachra
1797 1996 1950 2041 parietes
1966 2004 2099 2034 tenent.

1282 2045 1351 2079 Sed
1366 2058 1471 2091 saepe
1487 2054 1643 2080 matrum
1661 2045 1867 2093 lachrymae
1888 2061 1966 2082 cum
1988 2050 2052 2082 filii

1281 2097 1392 2130 Arma
1413 2098 1587 2140 induunt,
1615 2099 1753 2133 animos
1773 2112 1897 2134 eorum
1918 2101 2161 2139 effoeminant.

1282 2149 1421 2183 Harum
1444 2150 1595 2185 eiulatus
1615 2158 1721 2197 atque
1740 2152 1861 2185 mollia
1881 2159 2026 2197 pectora

1282 2201 1364 2235 Non
1380 2202 1489 2236 laudo
1501 2230 1510 2243 ,
1540 2203 1668 2250 quibus
1686 2203 1813 2247 ignava
1833 2204 1902 2237 vita
1920 2202 2064 2239 charior

1283 2252 1347 2287 Est
1363 2254 1519 2288 filiorum
1532 2282 1541 2296 ,
1568 2267 1677 2301 quam
1696 2257 1802 2290 decus
1821 2254 2114 2301 pulcherrimum.

1282 2304 1329 2338 Et
1347 2318 1439 2351 quae
1455 2306 1526 2341 suis
1541 2308 1690 2341 suadere
1708 2307 1967 2352 turpitudinem

1283 2356 1447 2398 Audent,
1474 2356 1613 2392 honore
1630 2372 1694 2393 nec
1711 2358 1891 2404 sepulchri
1908 2366 1941 2393 et
1956 2362 2093 2406 posteri

1285 2408 1481 2444 Moventur
1497 2411 1758 2455 adprobatione
1775 2412 1902 2452 seculi,

1286 2461 1393 2506 Quod
1410 2462 1593 2506 praedicat
1608 2463 1777 2496 virtutem
1797 2476 1922 2497 eorum
1939 2464 2105 2502 laudibus

1284 2512 1388 2548 Veris
1405 2521 1439 2547 et
1453 2515 1736 2555 immortalibus,
1765 2515 1827 2561 qui
1845 2515 2000 2560 patriam

1285 2564 1331 2598 Et
1346 2567 1477 2610 templa
1494 2573 1680 2611 protexere
1692 2594 1700 2606 ,
1728 2579 1792 2600 nec
1808 2567 1934 2602 mortis
1951 2575 2049 2603 metu

1285 2616 1429 2651 Cessere
1449 2618 1580 2652 nostris
1599 2616 1780 2659 hostibus,
1808 2631 1871 2652 nec
1887 2621 2098 2664 sanguinem

1284 2668 1479 2716 Vitamque
1497 2670 1708 2704 dubitarunt
1724 2684 1826 2705 suam
1845 2673 2074 2716 profundere.

1286 2720 1332 2754 Et
1349 2722 1442 2755 filiae
1459 2729 1604 2756 nostrae
1623 2724 1744 2756 sutura
1764 2729 1815 2757 est
1831 2724 1944 2768 gloria

1673 2775 1719 2809 61
