2351 2990
149 123 249 161 1065
391 123 497 160 XLII.

145 211 394 256 magnitudine
412 223 548 256 poenae
570 217 741 256 tanquam
760 211 967 247 fideiussore
991 214 1148 249 deterius

147 264 336 297 consilium
353 275 565 308 sequamur,
592 274 657 295 nec
678 263 723 296 ad
746 264 1031 309 desperationem
1054 266 1148 299 redi-

148 328 273 360 gamus
298 314 518 354 deficientes,
546 319 603 353 ut,
635 314 663 347 si
690 314 835 348 videant
857 317 992 350 nullam
1021 318 1148 351 veniae

147 379 246 412 spem
267 378 353 406 esse,
372 365 499 399 malint
515 377 551 398 se
568 365 798 409 pertinaciter
816 368 1019 410 defendere,
1038 381 1145 415 quam

147 431 272 452 rursus
290 418 405 451 facere
423 416 655 451 deditionem.

252 469 484 504 Considerate
511 468 606 501 enim
632 481 748 510 nunc,
784 469 813 504 si
840 483 908 516 qua
935 470 1059 504 civitas
1087 471 1157 504 de·-

147 521 290 561 fecerit,
318 520 478 565 cogitans
492 532 528 554 se
546 532 619 553 non
642 533 746 565 posse
772 521 933 563 vincere,
969 522 1039 555 cito
1063 534 1147 555 con-

148 573 302 606 ditiones
318 572 414 617 pacis
439 572 608 616 accipiet,
644 570 760 606 adhuc
785 571 921 607 habens
944 574 1147 619 pecuniam,

145 625 240 658 unde
264 630 298 657 et
316 623 417 657 vobis
439 624 523 657 belli
546 631 728 669 sumptus,
763 631 797 658 et
818 626 946 659 deinde
971 625 1146 659 tributum

144 676 289 720 pendat.
344 675 412 708 Sed
428 675 457 709 si
472 676 628 708 viderint
644 676 778 709 nullam
801 677 927 711 veniae
942 672 1039 721 spem
1060 689 1147 718 esse,

145 739 236 773 quae
254 727 377 761 civitas
397 739 432 761 se
452 739 526 760 non
546 727 672 761 melius
691 728 734 760 ad
760 728 891 762 bellum
916 729 1147 769 instruet‚.et

145 779 369 812 obsidionem
389 780 434 812 ad
450 786 646 812 extremum
663 780 841 824 perferet?
868 780 1010 814 idemne
1028 781 1147 813 valent

145 831 246 863 tarde
281 837 315 863 et
346 831 415 863 cito
446 832 561 864 facere
590 831 834 864 deditionem?
879 845 919 865 ac
944 832 1048 866 nobis
1072 844 1147 864 non

143 883 358 916 damnosum
383 882 449 915 erit
473 882 534 915 diu
556 883 672 916 facere
695 889 858 926 sumptus
881 884 917 916 in
946 883 1147 924 obsidione,

143 940 177 967 et
194 940 275 978 post
293 933 594 978 expugnationem
616 934 773 978 recipere
798 931 986 969 exhaustas
1015 934 1146 968 urbes?

141 997 206 1018 nec
228 985 394 1029 deinceps
413 983 546 1018 habere
570 997 611 1018 ex
636 985 684 1019 eis
710 985 864 1026 reditus,
904 986 1033 1032 quibus
1059 987 1148 1019 tole-

141 1048 222 1069 rare
240 1037 374 1069 bellurn
393 1038 562 1070 adversus
579 1034 698 1070 hostes
718 1036 920 1081 possimus?
974 1038 1057 1072 Non
1080 1038 1146 1082 igi-

140 1094 199 1121 tur
222 1095 261 1121 ut
286 1088 417 1122 iudices
441 1094 565 1121 nostro
591 1089 724 1121 damno
750 1089 874 1121 acerba
893 1089 1066 1133 supplicia
1088 1102 1145 1123 su-

139 1152 280 1173 mamus
297 1141 340 1172 de
356 1140 531 1180 sontibus,
558 1141 619 1173 sed
639 1140 834 1180 videamus,
864 1142 1048 1185 quomodo
1067 1153 1144 1173 mo-

139 1192 261 1225 derate
291 1191 470 1225 mulctatis
504 1191 706 1226 civitatibus
737 1191 904 1236 deinceps
934 1192 1005 1225 frui
1032 1192 1144 1236 possi-

139 1256 238 1282 mus,
266 1255 330 1275 nec
354 1242 596 1276 custodiamus
622 1256 682 1276 eos
708 1249 846 1276 tantum
869 1243 987 1287 legum
1014 1244 1144 1277 severi-

138 1301 229 1334 tate,
254 1295 315 1327 sed
331 1294 538 1328 assiduitate
556 1294 722 1334 militiae,
752 1294 850 1328 cuius
873 1295 924 1327 rei
940 1308 1036 1328 nunc
1059 1307 1142 1327 con-

138 1345 290 1379 trarium
309 1346 499 1385 faciemus,
534 1345 563 1379 si
578 1346 711 1379 liberos
731 1343 915 1386 homines,
943 1346 1004 1392 qui
1024 1346 1059 1379 vi
1077 1348 1140 1379 do-

137 1397 217 1431 miti
252 1397 497 1441 repetiverunt
534 1397 756 1437 libertatem,
796 1410 920 1431 rursus
953 1410 1142 1442 oppressos

137 1449 328 1482 crudeliter
346 1449 547 1493 puniemus.
602 1448 804 1493 Oportebat
821 1456 938 1482 autem
963 1462 1037 1483 non
1061 1456 1143 1494 post

138 1501 373 1534 defectionem
404 1500 441 1533 in
466 1498 631 1534 homines
661 1501 793 1534 liberos
824 1501 1010 1534 saevitiam
1045 1513 1142 1534 exer-

136 1566 234 1593 cere,
262 1553 423 1585 sedante
443 1565 502 1586 eos
527 1552 630 1585 valde
655 1552 832 1586 custodire
856 1558 890 1585 et
916 1565 1061 1592 cavere,
1097 1565 1141 1585 ne

136 1603 283 1638 consilia
304 1604 387 1636 talia
406 1604 606 1643 instituant,
631 1610 711 1648 post
726 1604 1035 1648 recuperationem
1054 1616 1139 1637 vero

137 1668 245 1703 quam
264 1655 412 1688 minime
431 1656 480 1689 eis
498 1653 566 1688 hoc
584 1655 750 1688 delictum
771 1656 1002 1699 exprobrare.

240 1707 473 1741 Considerate
499 1713 638 1746 autem,
681 1720 771 1753 quae
796 1707 840 1740 sit
866 1707 986 1740 futura
1012 1707 1140 1740 volun-

133 1766 247 1793 tatum
272 1759 462 1799 alienatio,
497 1758 526 1792 si
550 1758 737 1792 consilium
758 1758 900 1792 Cleonis
927 1759 1138 1805 sequemini.

132 1812 237 1846 Nunc
261 1811 299 1843 in
324 1810 471 1854 singulis
499 1809 648 1844 urbibus
673 1811 770 1854 plebs
799 1810 985 1844 nobiscum
1018 1811 1137 1850 sentit,

133 1870 167 1896 et
186 1870 248 1897 aut
265 1874 340 1895 non
359 1863 475 1895 deficit
493 1874 572 1895 cum
591 1863 868 1906 potentioribus,
897 1869 957 1895 aut
977 1875 1056 1895 cum
1077 1864 1137 1896 de-

132 1916 236 1948 ficere
262 1914 421 1958 cogitur,
464 1913 583 1948 statim
615 1914 823 1947 desectionis
853 1914 1038 1948 autoribus
1076 1916 1136 1947 ad-

131 1966 267 2000 versari
296 1966 434 2010 incipit.
505 1964 595 1999 Cum
626 1965 734 2009 igitur
767 1966 927 2010 recipere
955 1966 1133 1999 civitatem

132 2019 289 2064 aliquam
313 2019 406 2051 bello
427 2017 627 2057 conamini,
657 2018 755 2061 plebs
773 2030 839 2051 nos
858 2019 1045 2051 admittere
1063 2024 1135 2052 stu-

130 2072 200 2105 det.
261 2069 323 2102 Sin
350 2077 468 2103 autem
495 2068 714 2103 interficietis
743 2070 881 2113 plebem
898 2070 1133 2114 Mitylenaeo—

130 2135 210 2156 rum
223 2149 232 2162 ‚
261 2133 352 2167 quae
369 2128 403 2155 et
420 2127 504 2155 tunc
521 2121 728 2154 defectionis
746 2133 869 2166 expers
886 2122 972 2162 suit,
1002 2128 1036 2155 et
1052 2135 1131 2155 cum

131 2186 230 2207 arma
249 2173 402 2218 recepit,
430 2173 531 2207 vobis
550 2174 673 2207 volens
690 2174 814 2207 urbem
841 2174 1000 2208 tradidit.
1054 2174 1133 2207 Pri-

130 2239 229 2259 mum
249 2225 379 2258 iniuste
398 2225 616 2259 interficietis
633 2238 711 2266 eos,
741 2226 802 2271 qui
831 2238 912 2269 erga
940 2238 1003 2258 vos
1025 2226 1131 2259 bene-

128 2278 185 2311 fici
200 2279 356 2311 fuerunt.
409 2276 548 2310 Deinde
563 2277 616 2317 id,
644 2278 741 2323 quod
760 2278 981 2322 potentiores
1000 2277 1037 2310 in
1054 2278 1131 2312 aliis

127 2329 331 2363 civitatibus
355 2328 510 2362 maxime
537 2335 682 2373 optant,
724 2329 931 2373 perficietis,
966 2329 1131 2363 videlicet

128 2388 187 2422 ut,
214 2393 293 2414 cum
320 2381 496 2414 traxerint
519 2380 611 2414 cives
629 2381 674 2413 ad
691 2381 946 2421 desectionem,
974 2379 1131 2415 habeant

126 2434 267 2478 plebem
284 2433 351 2466 sibi
369 2432 481 2477 magis
499 2432 699 2466 devinctam
711 2460 720 2473 ,
749 2446 828 2466 cum
856 2433 1028 2477 intelliget
1043 2460 1052 2473 ,
1085 2434 1129 2467 si-

124 2485 246 2518 milem
266 2496 419 2529 poenam
439 2496 456 2516 a
474 2485 576 2518 vobis
594 2485 816 2529 propositam
842 2497 914 2519 esse
942 2485 1129 2519 autoribus

126 2537 335 2570 desectionis
353 2542 387 2569 et
402 2536 518 2580 plebi,
546 2548 638 2581 quae
656 2537 794 2571 etiamsi
814 2537 1031 2583 deliquisset,
1059 2537 1129 2571 dis-

124 2589 366 2623 simulandum
385 2587 421 2621 id
437 2594 508 2628 est,
533 2600 578 2621 ne
597 2600 637 2621 ea
655 2600 750 2632 pars,
778 2602 871 2636 quae
890 2587 1006 2623 adhuc
1023 2589 1128 2623 nobis

123 2642 239 2682 favet,
266 2641 329 2674 fiat
351 2638 502 2674 hostilis.

227 2692 305 2726 Hoc
321 2692 435 2725 multo
453 2691 577 2725 utilius
593 2704 666 2726 esse
683 2692 801 2726 iudico
825 2694 872 2726 ad
896 2692 1124 2726 retinendum

120 2744 334 2790 imperium,
377 2756 442 2778 nos
474 2743 583 2776 malle
611 2743 761 2778 iniurias
792 2747 971 2791 accipere,
1016 2756 1124 2790 quam

551 123 953 160 INTERPRETATIO
979 126 1279 164 ORATIONUM
1307 129 1370 165 EX
1398 131 1693 168 THUCYDIDIS
1719 135 1867 171 LIBRO
1890 137 1947 173 111.

2099 143 2199 178 1066

1202 215 1292 250 alios
1314 215 1443 252 iniuste
1469 219 1677 255 interficere.
1741 222 1814 256 Nec
1838 236 1961 258 verum
1990 233 2061 267 est,
2103 230 2200 274 quod

1202 266 1313 301 Cleon
1342 270 1516 311 affirmat,
1559 285 1659 306 suam
1688 275 1901 308 sententiam
1928 278 2063 320 pariter
2090 286 2125 312 et
2147 280 2201 313 iu-

1201 325 1291 353 stam
1309 327 1344 353 et
1360 322 1483 355 utilem
1504 335 1589 358 esse.
1642 324 1717 360 Vos
1743 332 1861 359 autem
1888 339 1967 361 cum
1994 329 2202 375 intelligatis

1200 368 1288 404 haec
1306 372 1455 406 meliora
1476 386 1568 415 esse,
1593 388 1666 409 non
1684 378 1950 412 misericordiae
1975 388 2037 414 aut
2060 382 2199 416 lenitati

1200 422 1434 467 indulgeatis,
1479 427 1608 471 quibus
1635 441 1701 462 nec
1734 442 1798 474 ego
1832 443 1896 464 vos
1920 432 2057 464 moveri
2081 434 2201 475 velim,

1199 476 1260 507 sed
1279 477 1500 519 argumentis
1517 480 1757 520 moveamini,
1786 488 1825 514 ut
1841 479 1909 515 hoc
1927 483 2115 517 consilium
2140 497 2202 518 an-

1200 527 1369 561 teferatis.

1300 594 1354 628 De
1371 593 1438 636 his,
1468 609 1557 642 quos
1571 597 1668 631 misit
1685 597 1833 641 Paches‚
1861 613 1898 634 re
1916 602 2042 636 ordine
2060 603 2200 647 cognita

1201 651 1235 678 et
1253 645 1407 680 iudicata
1427 648 1591 689 statuite,
1625 650 1719 693 plebi
1736 664 1821 685 vero
1839 654 2021 687 concedite
2038 655 2149 687 vitam
2168 662 2203 688 et

1199 698 1367 741 patriam.
1434 699 1530 733 Haec
1556 706 1590 733 et
1613 701 1649 734 in
1672 709 1856 746 posterum
1881 705 1982 738 utilia
2010 712 2133 747 erunt,
2168 713 2202 740 et

1200 746 1362 784 hostibus
1376 756 1553 784 terrorem
1570 752 1754 788 incutient.
1815 755 1945 790 Melius
1963 763 2014 790 est
2030 758 2124 790 enim
2141 760 2202 790 ad-

1200 813 1322 835 versus
1340 799 1459 837 hostes
1474 803 1578 837 bonis
1603 805 1760 840 consiliis
1784 806 1858 848 uti,
1893 821 2000 853 quam
2023 810 2128 842 stulta
2153 816 2202 843 te-

1200 853 1364 887 meritate
1379 866 1439 889 eos
1455 855 1637 890 invadere.

1225 956 1392 991 Oratio
1424 958 1794 999 Plataeensium,
1834 961 2101 1007 Astymachi
2137 972 2177 998 et

1561 1009 1843 1059 Laconisw).

1302 1085 1532 1120 Deditionem
1565 1088 1664 1121 urbis
1697 1088 1846 1123 fecimus
1880 1090 1991 1123 secuti
2013 1091 2117 1124 fidem
2143 1105 2201 1125 ve-

1198 1143 1308 1170 stram
1321 1164 1330 1177 ,
1356 1150 1431 1171 non
1449 1138 1690 1173 existimantes
1707 1140 1776 1173 tale
1796 1153 1862 1174 nos
1879 1141 2049 1176 iudicium
2066 1143 2202 1177 subitu-

1197 1200 1256 1222 ros
1269 1201 1341 1222 esse
1357 1190 1399 1222 de
1416 1202 1530 1234 poena
1545 1217 1554 1230 ,
1587 1192 1648 1224 sed
1667 1193 1835 1237 aequius,
1863 1205 1928 1226 nec
1946 1195 2039 1238 apud
2060 1193 2202 1228 Theba-

1197 1252 1263 1273 nos
1286 1240 1438 1282 iudices,
1471 1242 1530 1275 sed
1558 1243 1653 1286 apud
1677 1255 1759 1283 vos,
1800 1250 1839 1276 ut
1861 1256 1957 1278 nunc
1984 1258 2125 1287 sumus,
2160 1259 2201 1280 ac

1197 1292 1411 1335 putabamus
1448 1305 1599 1338 aequam
1632 1295 1676 1327 de
1705 1295 1781 1328 iure
1807 1295 2087 1340 disputationem
2111 1299 2200 1334 fore.

1196 1342 1300 1375 Nunc
1330 1356 1415 1376 vero
1449 1344 1641 1380 metuimus
1673 1352 1865 1392 utramque
1900 1348 2109 1392 opinionem
2134 1363 2200 1384 nos

1196 1394 1370 1428 fefellisse.
1429 1395 1661 1440 Suspicamur
1681 1398 1775 1430 enim
1802 1400 1845 1432 de
1870 1399 1997 1433 ultimo
2021 1402 2197 1446 supplicio

1196 1444 1366 1479 iudicium
1387 1447 1483 1487 fore,
1511 1454 1545 1480 et
1562 1461 1624 1482 vos
1638 1461 1712 1482 non
1727 1451 1867 1484 futuros
1891 1463 1964 1485 esse
1989 1464 2122 1498 aequos
2146 1454 2199 1487 iu-

1195 1497 1308 1537 dices,
1343 1498 1441 1531 cuius
1458 1498 1509 1531 rei
1528 1499 1668 1543 siguum
1691 1507 1761 1541 est,
1793 1502 1875 1547 quia
1903 1515 2009 1536 nemo
2035 1506 2199 1549 procedit

1195 1549 1239 1581 ad
1258 1561 1324 1582 nos
1342 1552 1579 1590 accusandos,
1604 1552 1659 1585 cui
1676 1554 1892 1597 respondere
1909 1555 2098 1599 possimus.
2129 1557 2199 1590 Sed

1194 1612 1260 1633 nos
1278 1600 1344 1644 ipsi
1363 1602 1576 1645 petivimus,
1609 1610 1648 1637 ut
1673 1603 1790 1637 dicere
1816 1605 1942 1646 liceat,
1978 1619 2057 1640 cum
2081 1608 2199 1643 brevis

1194 1651 1430 1696 interrogatio
1450 1654 1633 1698 proposita
1652 1655 1719 1695 sit,
1745 1657 1790 1689 ad
1808 1669 1917 1702 quam
1942 1670 2026 1691 vera
2049 1671 2198 1705 respon-

1193 1702 1245 1736 sio
1265 1704 1368 1737 nobis
1384 1711 1508 1745 nocet,
1535 1706 1622 1739 salsa
1639 1708 1809 1752 redargui
1829 1715 1957 1753 potest.

1294 1772 1464 1818 Undique
1489 1773 1598 1817 igitur
1622 1775 1810 1819 angimur,
1849 1778 1911 1810 sed
1937 1784 2057 1811 tamen
2086 1780 2197 1814 tutius

1191 1822 1333 1857 videtur
1350 1825 1485 1870 aliquid
1502 1825 1654 1858 dicendo
1677 1827 1884 1870 periclitari.
1945 1828 2037 1863 Nam
2057 1830 2085 1863 si
2104 1837 2196 1865 tace-

1190 1887 1311 1908 remus
1342 1875 1379 1908 in
1408 1882 1505 1908 tanta
1534 1877 1754 1918 calamitate,
1797 1877 2146 1924 reprehenderemur
2174 1897 2193 1917 a

1190 1927 1292 1960 vobis
1308 1927 1406 1972 ipsis,
1434 1929 1530 1973 quod
1548 1929 1653 1962 saluti
1671 1937 1816 1964 nostrae
1833 1931 2077 1967 defuissemus.
2117 1934 2194 1968 Dif-

1188 1978 1278 2011 ficile
1307 1985 1359 2013 est
1386 1986 1505 2012 autern
1535 1993 1599 2014 vos
1634 1981 1786 2015 dicendo
1821 1984 1865 2016 ad
1897 1996 1963 2017 nos
2000 1984 2193 2028 inflectere,

1189 2030 1292 2075 quia,
1320 2031 1348 2064 si
1367 2031 1481 2075 ignoti
1503 2044 1675 2073 essemus,
1711 2035 1862 2078 prolatis
1885 2035 2100 2072 testimoniis
2129 2039 2192 2071 ali-

1188 2082 1274 2127 quid
1293 2083 1559 2127 proficeremus.
1603 2084 1706 2118 Nunc
1725 2087 1819 2130 apud
1838 2099 1901 2120 vos
1921 2087 2085 2129 dicimus,
2114 2091 2192 2136 qui-

1186 2133 1251 2168 bus
1269 2134 1389 2167 omnia
1406 2142 1529 2169 nostra
1547 2142 1631 2169 nota
1650 2144 1744 2171 sunt.
1801 2138 1875 2172 Nec
1896 2139 2110 2181 metuimus,
2145 2154 2190 2176 ne

1186 2187 1313 2219 merita
1341 2193 1462 2220 nostra
1486 2188 1629 2220 minora
1657 2188 1810 2222 aliorum
1838 2190 1970 2224 virtute
2007 2204 2080 2225 esse
2111 2206 2190 2226 cen-

1185 2238 1290 2271 seatis
1303 2265 1311 2278 ‚
1346 2240 1407 2272 sed
1426 2252 1470 2271 ne
1490 2239 1526 2272 in
1543 2240 1696 2273 aliorum
1717 2241 1868 2285 gratiam
1887 2254 1925 2274 re
1945 2242 2015 2275 iam
2034 2243 2188 2278 iudicata

1185 2301 1326 2323 causam
1351 2291 1523 2325 dicamus.
1582 2291 1773 2336 Exponere
1798 2299 1919 2326 tamen
1943 2295 2108 2330 volumus
2134 2296 2188 2330 ius

1184 2348 1347 2375 nostrum
1385 2349 1509 2375 contra
1543 2341 1737 2378 Thebanos
1779 2345 1874 2389 apud
1918 2357 1980 2379 vos
2022 2352 2057 2380 et
2099 2348 2188 2383 alios

1183 2392 1358 2434 Graecos,
1386 2400 1420 2427 et
1436 2394 1563 2427 merita
1587 2402 1708 2429 nostra
1733 2396 2016 2438 recensebimus,
2051 2410 2090 2431 ac
2113 2400 2187 2444 pri-

1183 2458 1280 2478 mum
1297 2446 1340 2478 de
1356 2446 1457 2479 brevi
1478 2446 1773 2492 interrogatione.

1286 2513 1380 2547 Num
1397 2513 1433 2547 in
1449 2512 1517 2548 hoc
1534 2515 1628 2548 bello
1647 2515 1783 2561 aliquid
1803 2516 1891 2549 boni
1913 2517 2101 2552 fecerimus
2117 2518 2185 2552 La-

1182 2565 1423 2599 cedaemoniis
1447 2573 1480 2599 et
1502 2567 1606 2600 sociis
1625 2567 1777 2601 eorum?
1830 2567 1866 2601 Si
1883 2568 2092 2603 existimatis
2119 2583 2185 2605 nos

1180 2614 1299 2651 hostes
1325 2630 1416 2657 esse,
1458 2618 1670 2652 heneficium
1696 2620 1879 2664 postulare
1909 2633 1982 2653 non
2018 2623 2184 2665 potestis;

1215 2758 1264 2785 ³6]
1284 2758 1407 2790 Thucyd.
1425 2758 1472 2784 111.
1491 2759 1614 2784 53—59.
