2351 2990
103 106 178 142 465
241 106 360 142 XXIII.
401 106 711 142 ARGUMENTA
737 104 802 139 ET
829 104 1032 140 SCHOLIA
1059 105 1107 141 IN
1134 106 1281 144 EPIST.
1304 107 1417 144 FAM.
1441 108 1525 146 CIC.
1550 110 1639 147 LIB.
1659 112 1748 149 XIII.
1775 114 1848 151 ΕΡ.
1865 115 2019 154 9-13,

93 200 220 227 torem.
291 191 529 238 Occupationi
563 192 707 225 additur
730 192 903 226 correctio
926 193 968 225 de
993 205 1091 226 occa-

91 244 190 278 sione
209 245 399 279 scribendi.
452 243 621 289 Sequitur
647 243 827 283 narratio,
863 256 953 289 quae
978 245 1090 277 conti-

91 303 151 329 net
170 308 291 330 causas
309 296 418 329 initae
445 295 641 335 amicitiae,
680 301 714 328 et
738 295 1086 329 commendationem

86 359 281 390 personae,
308 347 365 381 cui
381 346 524 380 additur
543 347 728 390 occupatio
757 359 836 379 cum
863 347 1086 381 correctione

87 410 127 431 ex
142 398 314 433 sententia
333 398 501 443 generali.
530 398 720 431 Conclusio
739 395 846 431 habet
861 398 1084 442 petitionem.

271 498 454 534 Scholia
490 499 534 532 in
562 499 807 544 epistolam
837 498 894 534 XI.

187 574 217 619 ἓ.
247 576 279 610 1.

83 626 242 672 ratioffi).

184 676 214 721 ἓ.
231 680 266 713 2.
294 680 376 712 Peto
393 691 413 712 a
430 684 462 713 te
485 680 647 712 maiorem
672 680 706 711 in
733 681 865 712 modum
874 678 964 724 ⁰⁵³),
993 677 1078 726 etc.]

81 728 225 762 Petitio.

184 778 214 823 ᾗ.
230 780 264 814 3.
306 782 418 814 Bonos
440 782 530 814 viros
554 782 599 814 ad
619 785 711 814 tuam
735 781 1013 814 necessitudinem
1034 782 1078 813 ad

80 828 165 878 eta]
194 831 302 864 Ratio
321 831 515 875 petitionis.

326 578 413 618 Qm‘a
435 588 566 619 semper
591 578 837 617 animadverti,
872 574 956 624 etc.]
991 577 1081 611 Nar-

372 905 771 952 Argumentumffl).

181 975 419 1009 Commendat
450 986 593 1008 causam
627 981 661 1007 et
686 974 821 1020 legatos
843 973 1074 1018 Arpinatum,

78 1026 139 1071 qui
160 1027 196 1058 in
214 1027 367 1060 Galliam
386 1027 430 1059 ad
452 1027 621 1070 exigenda
641 1026 826 1070 vectigalia
843 1025 941 1058 missi
961 1032 1073 1060 erant.

74 1076 168 1111 Nam
193 1077 338 1111 Gallicis
361 1077 484 1121 Alpini
515 1076 695 1110 tributarii
720 1083 821 1109 erant
844 1076 1072 1120 Arpinatum.

74 1127 272 1161 Exordium
306 1135 487 1172 sumptum
521 1133 571 1161 est
603 1140 621 1160 a
654 1127 803 1167 fiducia,
848 1127 904 1160 cui
927 1128 1074 1161 subiecit

75 1180 343 1220 narrationem,
377 1191 446 1225 qua
465 1179 637 1219 ostendit,
675 1185 849 1223 quantum
874 1179 1004 1212 reserat
1032 1191 1071 1212 ea

77 1231 261 1276 vectigalia
279 1230 468 1276 consequi,
495 1237 529 1263 et
551 1230 750 1273 legatorum
779 1229 926 1262 nomine
951 1242 1072 1263 recen-

74 1289 137 1316 set.
203 1281 340 1315 Deinde
366 1288 416 1315 est
440 1281 662 1326 propositio,
697 1287 736 1313 ut
760 1281 843 1313 velit
866 1281 989 1314 iuvare
1015 1294 1071 1314 ex-

76 1334 251 1366 actionem
276 1333 525 1377 vectigalium,
568 1339 601 1366 et
626 1332 761 1375 legatos
784 1331 987 1375 benigniter
1015 1345 1070 1365 ex-

76 1385 204 1429 cipere,
273 1384 507 1417 Confirmatio
540 1396 559 1416 a
593 1383 792 1416 commodis
825 1390 857 1416 et
882 1383 1069 1428 multiplici

72 1436 189 1469 fructu
208 1436 310 1469 ducta
333 1443 394 1470 est.
446 1434 487 1468 In
504 1436 572 1468 fine
590 1434 707 1468 brevis
726 1434 891 1479 repetitio
916 1441 966 1468 est
987 1447 1070 1479 pro-

72 1487 273 1531 positionis.

316 1562 456 1596 Aliud
496 1569 825 1607 argumentum.

175 1631 368 1676 Sequentes
388 1631 478 1663 duae
497 1630 667 1674 epistolae
686 1631 811 1663 eodem
830 1636 992 1664 constant
1015 1642 1069 1663 ar-

73 1689 263 1727 gumento,
299 1693 452 1726 quarum
477 1681 588 1713 altera
614 1679 719 1713 habet
746 1682 946 1724 generalem
975 1694 1069 1715 com—

72 1733 340 1766 mendationem
359 1744 424 1776 pro
444 1731 567 1774 legatis
581 1730 796 1775 Arpinatum
821 1745 966 1766 suorum
992 1746 1070 1766 mu-

72 1784 231 1828 nicipum
251 1784 315 1829 G⁷),
365 1783 426 1828 qui
458 1783 495 1814 in
526 1782 709 1826 provincia
744 1783 859 1816 Gallia
892 1785 1067 1829 quaedam

73 1836 255 1880 vectigalia
273 1833 472 1874 habebant,
501 1833 628 1879 quibus
647 1834 840 1867 utebantur
858 1836 903 1867 ad
928 1835 1066 1879 publica

73 1887 244 1921 aedificia.
298 1886 336 1919 In
356 1887 465 1919 altera
492 1891 630 1918 tantum
655 1897 765 1918 unum
791 1886 945 1929 legatum
974 1898 1069 1918 com-

71 1940 229 1972 mendat.
281 1938 400 1982 Rogat
418 1939 538 1982 itaque
555 1937 591 1968 in
608 1948 753 1980 genere,
780 1942 819 1969 ut
835 1949 958 1970 omnes
974 1937 1067 1980 lega-

74 1998 128 2025 tos
145 1989 401 2023 humanissime
425 1994 552 2022 tractet
577 1993 611 2020 et
635 1988 796 2027 adiuvet,
831 2000 902 2032 quo
930 1988 1067 2021 facilius

75 2054 135 2077 sua
159 2041 300 2086 negotia
328 2041 499 2073 conficere
523 2039 671 2084 possint.
715 2038 912 2082 Dispositio
930 2039 1067 2082 primae

72 2093 242 2138 epistolae
260 2098 322 2126 est.
361 2091 458 2125 Loco
478 2090 614 2124 exordii
628 2090 775 2134 ponitur
795 2090 969 2130 narratio,
997 2102 1065 2135 qua

73 2150 259 2178 enumerat
273 2143 428 2176 breviter
453 2154 575 2176 causas
598 2139 704 2175 huius
728 2154 812 2174 suae
840 2143 1068 2174 commenda-

72 2196 191 2230 tionis.
244 2195 345 2228 Hanc
361 2195 521 2240 sequitur
542 2193 687 2238 petitio,
717 2193 846 2226 additis
868 2193 1067 2226 rationibus

71 2261 90 2281 a
107 2247 328 2290 municipum
343 2273 352 2286 ,
379 2246 463 2279 item
480 2245 604 2285 Bruti,
631 2251 664 2277 et
683 2257 700 2277 a
718 2257 779 2279 sua
800 2257 964 2289 persona.
1027 2244 1066 2276 In

71 2301 139 2332 fine
158 2299 304 2343 ponitur
318 2298 436 2331 brevis
459 2297 626 2330 clausula.

107 2419 158 2445 55)
177 2419 251 2442 Haec
275 2418 341 2440 nota
365 2418 392 2439 et
410 2416 427 2440 2
445 2416 591 2445 sequentes
614 2413 640 2437 iu
667 2413 736 2437 sons
754 2413 839 2438 Editt.
861 2412 953 2440 1537..
981 2412 1065 2436 ¹5⁴0..

148 2454 238 2478 1545..
266 2452 339 2475 1560.
366 2451 559 2478 inveniuntur;
595 2449 623 2472 in
641 2449 724 2473 Editt.
748 2449 841 2479 1544.,
872 2448 963 2471 1554..
990 2447 1065 2470 1557.

141 2489 250 2512 desunt.

107 2533 176 2559 65³)
195 2531 333 2555 maiorem
352 2528 381 2551 in
402 2527 530 2555 modum]
550 2525 590 2549 sie
608 2525 673 2549 illae
691 2524 774 2548 Editt.
797 2526 824 2548 et
841 2525 894 2553 aL:

143 2567 173 2589 in
193 2566 331 2589 maiorem
350 2563 470 2586 modum.

107 2609 154 2635 66)
176 2609 231 2632 Hoc
249 2608 439 2633 armunentu1u
459 2606 485 2628 et
505 2604 556 2627 duo
578 2603 719 2633 sequentia
737 2604 770 2626 ab
791 2603 874 2627 Editt.
894 2602 978 2632 1556,
1000 2601 1066 2624 1565

141 2642 257 2665 -1596,
280 2642 451 2670 praebentur.

109 2685 157 2713 67)
176 2684 353 2714 manleipum]
370 2684 409 2706 sie
425 2681 509 2705 Editt.
527 2681 612 2711 1565„
633 2680 720 2711 1571.,
741 2680 830 2708 1596.;
850 2680 898 2703 Ed.
910 2679 983 2703 1556.
1006 2684 1065 2701 mu-

141 2719 276 2748 nieipium.

72 2762 253 2793 MELANTH.
277 2760 382 2798 ΟΡΕΒ.
406 2759 490 2790 Vox..
513 2757 619 2788 XVII.

915 2525 963 2548 Ed.
981 2524 1065 2548 orell.

2073 119 2146 156 466

1394 195 1533 231 Aliud
1566 207 1896 243 argumentum.

1245 262 1413 297 Narratio
1439 271 1490 299 est
1512 266 1554 298 de
1579 266 1703 309 legatis
1720 268 1937 312 Arpinatum
1961 272 2077 307 missis
2101 274 2137 307 in

1141 311 1295 346 Galliam
1326 322 1473 359 propter
1507 316 1679 361 exigenda
1709 320 1907 364 vectigalia.
1968 323 2136 368 Sequitur

1140 364 1264 406 petitio
1277 391 1285 405 ,
1313 372 1352 398 ut
1369 379 1427 400 eos
1446 368 1601 401 studiose
1619 369 1774 404 adiuvet.
1827 371 1935 406 Ratio
1952 374 2134 417 petitionis

1138 422 1277 459 sumpta
1305 423 1356 450 est
1380 430 1398 450 a
1421 419 1657 462 gratitudine,
1699 422 1796 467 quod
1826 421 1895 457 hoc
1919 436 1992 457 uno
2018 426 2133 458 officio

1137 465 1311 509 plurimos
1327 468 1395 502 sihi
1412 470 1598 506 devinciet.

1312 567 1496 604 Scholia
1534 571 1577 604 in
1613 572 1856 616 epistolam
1884 574 1958 611 XII.

1238 642 1267 687 ἓ.
1287 646 1318 679 1.
1346 648 1428 680 Alia
1452 646 1610 695 epistola]
1645 649 1851 694 Propositio
1880 665 1922 686 ex
1944 666 2130 700 compara-

1133 693 1229 728 tione
1238 694 1296 741 68).
1372 700 1462 731 Nam
1478 704 1509 732 e!
1522 699 1720 748 pria-fynus]
1748 701 1932 738 Rationes.

1236 744 1265 790 ἓ.
1289 749 1324 782 2.
1367 749 1479 790 Quare
1502 749 1618 797 velim]
1655 751 1834 796 Repetitio
1859 756 2128 800 propositIOnis,

1131 808 1191 830 seu
1208 798 1344 841 petitio.
1436 801 1512 834 Vult
1527 800 1638 849 enim]
1666 802 1787 838 Ratio.

1426 884 1753 929 Argumentum
1770 888 1829 937 69).

1191 1000 1198 1007 .
1231 949 1346 995 Quem
1373 958 1476 985 antea
1501 953 1606 988 simul
1632 968 1711 989 cum
1738 958 1816 992 aliis
1838 957 2053 1003 Arpinatum
2078 961 2126 994 le-

1128 1007 1217 1043 gatis
1242 1002 1279 1034 in
1305 1014 1433 1046 genere
1460 1008 1746 1048 commendavit,
1790 1022 1870 1043 eum
1894 1008 1951 1044 hic
1976 1012 2125 1046 seorsim

1128 1052 1331 1096 diligentius
1349 1053 1463 1088 Bruto
1491 1059 1730 1093 commendat.
1794 1061 2018 1106 Principium
2042 1075 2125 1096 con·-

1127 1110 1195 1137 stat
1208 1105 1416 1139 narratione
1431 1119 1617 1142 causarum
1632 1113 1953 1146 commendationis
1968 1120 2000 1146 et
2015 1114 2125 1158 ipsius

1126 1155 1272 1199 negotii.
1338 1157 1506 1202 Sequitur
1530 1161 1729 1204 propositio
1756 1164 1878 1198 multis
1907 1165 2024 1198 verbis
2050 1178 2123 1199 am-

1128 1207 1277 1250 plificata
1290 1233 1298 1247 ‚
1329 1214 1362 1240 et
1379 1209 1536 1243 breviter
1555 1213 1762 1246 confirmata
1784 1226 1802 1247 a
1821 1215 2049 1259 gratitudine.

1366 1292 1506 1326 Aliud
1542 1305 1875 1339 argumentum.

1228 1359 1322 1392 Haec
1339 1360 1486 1404 epistola
1504 1362 1681 1409 principio
1700 1363 1807 1399 habet
1824 1367 2121 1411 propositionem,

1125 1411 1221 1455 quod
1255 1411 1372 1455 cupiat
1406 1410 1500 1446 hunc
1530 1414 1685 1459 legatum
1718 1418 1866 1451 seorsim
1893 1421 2122 1453 commenda-

1126 1468 1198 1494 tum
1212 1488 1220 1501 ,
1248 1463 1377 1496 additis
1394 1464 1605 1500 rationibus.
1650 1467 1789 1502 Deinde
1807 1469 1967 1516 sequitur
1983 1470 2121 1514 petitio,

1124 1519 1162 1545 ut
1179 1513 1272 1547 illius
1291 1515 1514 1559 dignitatem,
1542 1525 1716 1563 quantum
1735 1527 1870 1564 potest,
1897 1528 2121 1566 promoveat.

1370 1600 1507 1634 Aliud
1537 1610 1863 1646 argumentum.

1225 1667 1431 1712 Propositio
1457 1671 1779 1706 commendationis
1803 1673 1951 1717 figurata
1977 1680 2027 1707 est
2051 1675 2121 1707 col-

1123 1718 1267 1752 latione.
1320 1720 1527 1766 Sequuntur
1551 1722 1708 1757 rationes
1732 1724 1841 1764 duae,
1879 1725 1988 1758 altera
2016 1737 2033 1757 a
2060 1727 2118 1758 de-

1124 1769 1218 1808 bito,
1257 1770 1366 1803 altera
1395 1784 1413 1804 a
1439 1773 1672 1807 similitudine
1696 1775 1909 1809 studiorum.
1982 1775 2119 1810 Deinde

1124 1820 1270 1863 ponitur
1288 1822 1447 1865 epilogus
1463 1824 1648 1858 continens
1667 1826 1889 1869 petitionem.

1291 1912 1479 1947 Scholia
1510 1915 1554 1948 in
1583 1918 1830 1960 epistolam
1860 1917 1948 1952 XIII.

1224 1993 1352 2024 Lucius
1372 1989 1587 2038 Castronius]
1605 1991 1880 2026 Narratiuncula
1892 1993 1949 2039 ⁷⁰).

1122 2039 1176 2088 ut]
1204 2041 1335 2075 Petitio
1347 2041 1404 2087 ⁷¹).

1421 2118 1745 2162 Argumentum
1756 2118 1814 2165 ⁷²).

2005 1996 2117 2036 Quare

1221 2185 1346 2220 Brevis
1376 2193 1427 2220 est
1456 2187 1739 2227 commendatio,
1784 2199 1892 2232 quam
1923 2189 2062 2222 orditur
2096 2202 2115 2223 a

1119 2237 1386 2271 narratiuncula
1400 2265 1408 2278 ,
1438 2250 1529 2284 quae
1548 2244 1686 2272 constat
1702 2239 1908 2272 laudatione
1929 2252 2113 2283 personae.

1153 2361 1202 2389 68)
1223 2362 1298 2384 Haec
1317 2362 1382 2384 nota
1402 2360 1428 2383 et
1447 2360 1463 2383 3
1483 2360 1630 2389 sequentes
1656 2358 1682 2381 in
1708 2358 1776 2380 solis
1796 2358 1879 2380 Editt.
1906 2357 1996 2382 ¹537..
2027 2360 2112 2387 1540„

1191 2396 1275 2426 1545„
1297 2395 1372 2419 1560.
1393 2395 1538 2424 legunturg
1559 2393 1585 2416 in
1599 2393 1683 2417 Editt.
1699 2393 1783 2421 1544„
1806 2393 1889 2417 1554..
1912 2393 1985 2416 1557.
2006 2394 2112 2418 desunt.

1152 2440 1200 2467 69)
1220 2440 1278 2463 Hoc
1295 2438 1487 2468 argumentum
1506 2437 1533 2459 et
1552 2436 1603 2459 duo
1623 2434 1768 2464 sequentia
1786 2434 1813 2457 in
1832 2434 1916 2459 Editt.
1934 2435 2027 2463 1556..
2049 2438 2114 2461 1565

1189 2474 1306 2497 -1596,
1325 2472 1488 2495 afferuntur.

1152 2517 1199 2544 70)
1220 2517 1293 2540 liaeo
1312 2516 1377 2538 nota
1396 2516 1422 2537 et
1442 2519 1559 2542 sequeus
1577 2511 1796 2537 inEditt.1537..
1819 2512 1905 2539 1510..
1929 2513 2015 2544 1545„
2039 2515 2112 2538 1560.

1188 2552 1369 2581 praebentur:
1394 2549 1420 2571 iu
1441 2548 1523 2571 Editt.
1546 2547 1634 2570 1544..
1658 2547 1749 2571 1554..
1774 2547 1845 2570 1557.
1867 2547 1975 2570 desunt.

1152 2595 1200 2623 71)
1223 2595 1294 2617 naec
1314 2596 1377 2616 nota
1397 2592 1423 2614 in
1444 2591 1525 2613 Editt.
1545 2589 1629 2616 1545..
1652 2589 1725 2614 1561).
1745 2591 1788 2612 est
1808 2589 1928 2618 omissa,
1949 2591 1975 2612 et
1995 2589 2021 2613 iu
2042 2592 2110 2615 solis

1189 2629 1272 2652 Editt.
1293 2627 1383 2654 1537..
1404 2626 1478 2649 1510.
1499 2624 1646 2647 invenitur,

1152 2672 1199 2699 72)
1220 2671 1277 2694 Hoc
1291 2670 1481 2701 argumentum
1501 2668 1526 2690 et
1547 2672 1664 2695 sequens
1685 2666 1711 2689 in
1727 2666 1809 2691 Editt.
1828 2666 1912 2697 1556,
1934 2667 2111 2691 1565—1596,

1191 2707 1311 2729 exstant.
1556 2736 1604 2770 30
