2351 2990
89 107 165 144 757
229 106 367 142 xxxn.
395 109 431 143 3.
472 106 873 143 INTERPRETATIO
899 109 1162 148 ORATloMs
1189 113 1534 152 OLYNTHIACAE
1556 118 1615 154 111.
1642 119 1995 161 DEMOSTHEMS.
2050 129 2123 163 758

89 203 209 231 autem
226 195 412 228 manifeste
428 194 498 235 sic,
525 207 605 236 eas,
634 207 725 240 quae
740 202 823 229 sunt
839 198 882 229 de
901 195 1080 239 theoricis,
1133 201 1383 244 praestantius.
1436 202 1513 237 Hoc
1537 204 1646 249 igitur
1667 207 1787 242 adesse
1812 217 1954 254 oportet
1968 213 1998 259 ι)
2011 239 2020 253 ,
2046 226 2124 248 eae-

86 255 122 284 et
145 249 188 281 de
219 246 456 280 militantibus
487 247 682 292 quasdam,
724 260 877 292 quarum
902 249 994 282 aliae
1019 250 1080 284 sti-

84 300 215 345 pendia
239 298 384 344 quidem
410 299 598 331 conferunt
614 297 677 338 iis,
705 299 767 344 qui
791 300 890 333 domi
906 300 1079 342 desident,

82 358 118 385 et
141 349 301 384 theorica
331 349 600 388 administrant;
642 349 732 383 aliae
769 363 874 392 vero,
913 350 1077 387 homines

83 402 274 437 dissolutos
298 407 332 434 et
354 402 486 447 absque
508 401 581 435 ullo
600 401 725 435 ordine
746 401 784 436 in
800 403 980 447 republica
1001 416 1078 437 ver-

82 461 213 495 santes,
240 453 462 488 constituunt
477 453 672 492 immunes;
699 454 843 488 demum
860 461 895 488 et
911 467 983 496 eos,
1001 456 1076 501 qui,

84 507 181 552 quod
197 512 248 540 est
263 511 397 538 rectum
409 531 418 544 ,
441 505 558 538 facere
577 504 745 548 cupiunt,
770 505 978 541 abiectiores
996 508 1076 540 red-

82 558 184 592 dunt.
237 557 334 590 Haec
353 556 414 589 ubi
429 556 630 601 solveritis,
656 563 691 590 et
705 557 800 590 viam
817 558 951 602 optime
973 559 1075 592 vobis

82 608 291 643 consulendi
320 607 475 642 feceritis
506 614 642 646 tutam,
685 615 760 641 tum
796 610 956 655 quaerite
980 622 1073 650 eum,

80 661 142 706 qui
158 666 272 705 roget,
289 671 380 706 quae
396 659 509 693 nostis
525 672 648 692 omnes
666 661 826 693 conferre
845 661 1073 705 reipublicae.

78 711 193 745 Antea
226 723 313 745 vero
349 724 459 757 quam
490 708 578 744 haec
604 711 759 751 faciatis,
795 724 870 744 non
898 718 968 752 est,
1010 724 1073 745 cur

78 775 296 809 quemquam
313 762 521 807 expectetis,
550 762 611 808 qui
628 774 694 807 pro
713 763 814 797 vobis
830 763 964 807 optima
989 776 1072 796 con-

76 815 215 855 sulens,
247 814 364 859 perire
389 827 409 847 a
432 814 534 848 vobis
556 814 658 852 velit;
695 826 770 847 non
792 814 888 848 enim
913 814 1071 848 invenie-

75 867 121 900 tis
134 866 187 913 ¹),
211 866 422 911 praesertim
440 878 520 899 cum
539 871 573 898 et
590 863 658 898 hoc
675 866 790 899 solum
815 866 994 912 reliquum
1017 867 1071 900 fu-

75 923 197 951 turum
225 918 289 958 sit,
319 924 360 951 ut
385 917 431 957 is,
467 917 528 962 qui
551 923 653 960 roget
682 922 715 949 et
738 917 850 958 serat,
884 930 991 962 super
1014 930 1069 958 eo,

73 970 170 1014 quod
187 968 316 1002 iniuste
333 968 493 1013 patiatur
509 967 655 1013 aliquod
672 968 805 1001 malum
818 995 827 1009 ‚
853 966 944 1002 nihil
964 969 1069 1003 rebus

70 1026 112 1053 ut
134 1021 356 1058 commodet;
384 1020 445 1053 sed
470 1025 504 1052 et
528 1019 564 1051 in
589 1025 771 1063 posterum
796 1020 930 1064 magis,
959 1033 1067 1066 quam

70 1083 167 1105 nunc
181 1098 191 1112 ‚
233 1071 427 1105 rectissime
462 1071 646 1104 consulere
688 1071 904 1116 reipublicae
940 1073 1067 1105 reddat

69 1123 354 1163 formidabilius,
382 1122 572 1168 minusque
587 1122 753 1157 liberum.
804 1122 850 1156 Et
872 1135 956 1156 sane
974 1124 1066 1168 leges

70 1174 155 1209 istas
175 1181 216 1208 ut
235 1175 396 1215 solvant,
431 1174 500 1207 viri
523 1171 778 1214 Athenienses,
805 1186 933 1218 rogare
958 1187 1064 1220 opor-

69 1231 119 1259 tet
143 1226 224 1260 illos
247 1226 362 1270 ipsos,
390 1225 453 1271 qui
478 1231 675 1270 posuerunt
691 1225 735 1271 2).
788 1225 871 1260 Non
897 1226 992 1259 enim
1014 1232 1066 1260 est

68 1289 223 1323 aequum
250 1277 320 1312 illis
345 1277 489 1323 quidem
507 1303 515 1317 ‚
545 1276 606 1322 qui
631 1283 706 1310 tum
734 1277 828 1321 leges
855 1284 1064 1322 posuerunt,

66 1341 140 1364 esse
162 1328 335 1374 gratiam,
371 1340 462 1375 quae
487 1340 630 1361 omnem
656 1328 759 1362 laesit
784 1329 1062 1373 rempublicam;

66 1380 190 1415 odium
214 1387 333 1414 autem
357 1386 392 1414 et
414 1380 608 1418 offensam,
643 1380 773 1423 quibus
795 1380 924 1411 rectius
948 1380 985 1411 in
1008 1390 1062 1412 re-

59 1431 203 1477 publica
223 1442 452 1465 versaremur
469 1441 593 1463 omnes
605 1456 614 1469 ,
642 1429 718 1462 fieri
735 1429 904 1463 mulctam
926 1436 959 1463 et
977 1442 1061 1474 poe-

62 1495 149 1516 nam
167 1481 221 1522 ei,
249 1482 312 1528 qui
328 1481 523 1516 rectissime
541 1481 715 1515 consulat.
762 1480 832 1514 Sed
849 1481 1059 1527 priusquam

61 1532 152 1568 haec
176 1533 421 1574 constituatis,
450 1534 549 1566 nullo
574 1539 678 1577 pacto
701 1532 786 1578 (viri
805 1531 1058 1580 Athenienses)

61 1597 280 1632 quemquam
303 1585 397 1618 inter
420 1597 484 1619 vos
509 1590 648 1618 tantum
669 1596 741 1618 esse
760 1584 957 1618 existimate
972 1612 981 1625 ,
1007 1591 1059 1625 ut,

58 1637 89 1672 si
106 1637 391 1681 transgrediatur
407 1637 501 1680 leges
516 1634 592 1676 has,
618 1648 693 1669 non
712 1637 772 1669 det
790 1648 963 1681 poenam,
990 1649 1056 1669 nec

59 1701 280 1735 quemquam
316 1695 390 1722 tam
419 1693 620 1728 amentem,
655 1687 717 1733 qui
744 1687 782 1719 in
807 1700 975 1732 praesens
1004 1687 1056 1720 in-

56 1742 288 1775 commodum
305 1752 379 1774 sese
396 1739 574 1772 coniiciat.
628 1739 858 1784 Quamquam
880 1751 996 1784 neque
1016 1738 1056 1771 il-

56 1792 118 1826 lud
137 1792 304 1837 ignorare
323 1804 386 1825 vos
405 1796 564 1835 oportet,
592 1789 662 1822 viri
676 1787 932 1830 Athenienses,
955 1791 1053 1836 quod

56 1844 197 1878 nullum
218 1844 401 1877 decretum
419 1841 567 1876 alicuius
585 1847 636 1874 est
661 1841 768 1886 pretii
783 1841 835 1888 ³),
862 1841 931 1875 nisi
958 1854 1055 1874 acce-

57 1897 138 1937 dat,
166 1902 202 1930 et
222 1896 359 1929 efficere
380 1906 443 1928 vos
466 1894 577 1934 velle,
603 1905 694 1938 quae
719 1894 860 1925 decreta
880 1892 963 1927 sint.
1016 1893 1052 1926 Si

56 1948 202 1994 quidem
227 1946 323 1981 enim
349 1958 413 1991 per
440 1958 514 1979 sese
535 1946 675 1978 decreta
700 1943 895 1984 sufficiant,
932 1950 967 1977 et
995 1956 1053 1977 co-

55 2011 137 2044 gere
159 2011 223 2033 vos
247 2004 412 2044 possent,
440 2009 531 2043 quae
560 2008 715 2042 aequum
743 2002 795 2029 est
821 1996 956 2036 facere,
991 2002 1053 2029 aut

56 2051 186 2097 quibus
203 2052 247 2084 de
267 2051 373 2084 rebus
389 2055 551 2083 statuunt
574 2048 764 2087 conficere,
792 2059 978 2092 nunquam
1002 2048 1051 2080 fe-

56 2102 188 2137 cissetis
203 2115 266 2136 vos
282 2101 362 2148 (qui
379 2107 452 2134 tam
467 2101 579 2134 multa
597 2099 815 2145 decernitis,)
833 2105 905 2131 tam
922 2110 1050 2142 pauca,

54 2155 168 2188 immo
184 2166 270 2188 vero
286 2152 376 2187 nihil
391 2151 538 2191 horum;
567 2163 684 2197 neque
699 2151 902 2184 insultasset
913 2148 1048 2194 Philip-

53 2219 121 2253 pus
143 2212 244 2240 tanto
278 2206 349 2238 iarn
376 2211 554 2249 tempore;
597 2204 732 2236 dudum
769 2202 864 2236 enim
892 2201 1046 2235 dedisset

55 2270 210 2304 poenam
233 2258 311 2298 ille,
339 2257 396 2290 vel
422 2262 569 2301 propter
592 2255 657 2288 ista
684 2261 737 2288 tot
758 2256 898 2287 decreta
917 2259 1047 2288 vestra.

53 2313 189 2345 Verum
208 2308 305 2343 haud
323 2309 369 2341 ita
388 2306 523 2341 hahent
539 2307 657 2341 istaec.
697 2306 788 2340 Nam
805 2306 920 2338 facere
932 2331 940 2344 ,
969 2304 1046 2349 ipso

53 2363 171 2397 dicere
193 2367 228 2395 et
251 2359 440 2404 suffragari
463 2358 640 2403 posterius
658 2370 737 2391 cum
754 2357 799 2391 sit
815 2356 940 2390 ordine
959 2363 1047 2389 tem-

50 2414 169 2461 poris,
204 2418 379 2457 potestate
413 2410 558 2456 quidem
587 2416 622 2443 et
655 2409 691 2443 vi
720 2409 818 2455 prius
854 2414 905 2442 est
939 2414 1045 2454 atque

89 2559 118 2587 1)
137 2558 170 2581 Η.
189 2557 208 2583 Ι,
227 2556 255 2580 in
273 2555 323 2579 Ed.
343 2554 427 2578 Basil.
445 2554 510 2577 nota
528 2551 661 2582 margin.:
681 2548 837 2583 παῤῥησία,
864 2556 943 2581 quam
962 2551 1044 2581 paulo

121 2594 186 2616 ante
204 2590 355 2615 excusavit.

89 2635 120 2664 2)
140 2636 172 2660 H.
193 2635 211 2660 1.
231 2634 258 2658 in
278 2634 327 2657 Ed.
348 2632 431 2657 Basil.
450 2633 516 2655 nota
534 2628 667 2661 margin.:
686 2629 790 2659 Legum
809 2629 926 2659 urgente
944 2634 1044 2652 neces-

121 2670 204 2693 sitate
222 2668 418 2692 solvendarum
437 2666 562 2690 formula.

89 2712 120 2740 3)
140 2712 172 2736 u.
192 2712 210 2734 1.
229 2712 257 2734 in
276 2711 359 2736 Editt.
377 2711 468 2739 1559.,
498 2710 589 2738 1564.,
620 2705 711 2735 1570„
733 2704 806 2730 1587.
826 2706 893 2729 uota
911 2704 1043 2736 margin.:

124 2746 242 2769 Decreta
261 2746 362 2769 nullius
381 2744 471 2775 pretii.

56 2779 237 2811 Mamm.
261 2780 368 2810 Ormi.
394 2779 478 2810 Von.
502 2779 610 2809 xvn.

1069 2554 1072 2662 ,Ξ

1068 2674 1072 2765 ἰ

1132 257 1207 285 tera
1233 264 1319 286 vero
1341 253 1500 289 existere.
1560 255 1701 290 Etenim
1730 259 1846 294 dicere
1871 276 1961 308 quae
1987 266 2124 304 decent.

1130 304 1237 347 Apud
1260 317 1322 339 vos
1351 312 1434 339 sunt
1465 306 1550 352 (viri
1572 306 1823 358 Athenienses)
1855 314 1916 358 qui
1941 319 2122 359 praeclare

1130 361 1299 398 possunt,
1327 363 1362 389 et
1380 357 1600 401 discernere,
1622 372 1712 406 quae
1729 361 1767 395 in
1782 365 2012 402 concionibus
2029 369 2124 403 dicta

1129 412 1231 447 sunt,
1265 407 1427 442 omnium
1454 422 1518 444 vos
1543 411 1625 445 estis
1655 413 1867 454 acutissimi3
1910 419 1971 452 sed
1993 425 2027 452 et
2050 421 2123 454 effi-

1130 469 1207 491 cere
1240 459 1403 503 poteritis
1432 474 1547 502 nunc,
1589 463 1617 496 si
1647 464 1791 509 quidem
1826 474 1920 501 recte
1956 470 2122 507 feceritis.

1129 508 1237 553 Quod
1261 511 1357 542 enim
1383 517 1542 556 ternpus,
1570 520 1632 547 aut
1655 528 1762 560 quam
1783 518 2025 561 occasionem,
2052 522 2123 556 viri

1127 558 1382 603 Athenienses,
1417 564 1587 608 quaeritis
1612 574 1798 609 praesente
1822 567 1887 602 hac
1908 572 2122 608 meliorem?

1127 618 1189 644 aut
1215 614 1360 656 quando
1387 626 1546 659 unquam
1577 629 1669 661 quae
1692 626 1835 662 oportet
1860 621 2015 664 facietis,
2050 625 2120 659 nisi

1126 662 1246 695 nunc?
1280 675 1326 696 an
1348 676 1423 697 non
1450 677 1574 700 omnes
1590 675 1724 702 vestras
1750 671 1912 714 regiones
1930 676 2119 720 occupavit

1126 712 1197 745 iam
1223 713 1307 747 ille?
1324 715 1355 761 ⁵)
1399 716 1505 761 Quod
1530 717 1559 751 si
1586 725 1620 751 et
1637 717 1742 754 huius
1768 723 1934 758 dominus
1961 727 2118 771 regionis

1125 764 1203 804 fiet,
1239 767 1402 800 omniurn
1426 768 1631 813 turpissima
1655 771 1820 807 feremus.
1873 775 2003 811 Nonne
2027 791 2118 823 quos

1123 816 1354 860 promisimus
1377 819 1472 852 tueri
1495 820 1679 863 alacriter,
1712 823 1741 856 si
1763 824 1895 859 bellum
1922 827 1979 861 ille
2010 829 2119 863 inser-

1124 873 1196 907 ret,
1231 868 1339 902 iidem
1369 870 1421 902 illi
1447 883 1542 905 nunc
1563 873 1656 906 bello
1683 878 1922 918 premuntur?
1966 892 2040 913 non
2066 887 2118 915 est

1123 918 1180 952 ille
1198 917 1335 955 hostis?
1364 934 1438 955 non
1456 929 1570 957 vestra
1589 924 1647 957 ille
1665 923 1798 960 habet?
1825 941 1900 962 non
1917 930 2116 966 barbarus?

1123 982 1168 1003 an
1186 983 1283 1011 non,
1318 973 1489 1019 quicquid
1513 976 1657 1009 tandem
1683 989 1812 1012 vocare
1835 980 1963 1026 aliquis
1980 983 2115 1027 possit?

1120 1021 1231 1068 Atqui
1254 1035 1318 1067 per
1342 1024 1437 1059 Deos
1453 1025 1506 1071 ⁶),
1541 1024 1629 1061 haec
1654 1029 1774 1062 onmia
1804 1032 2041 1077 negligentes,
2079 1041 2115 1068 et

1121 1078 1260 1107 tantum
1279 1087 1354 1108 non
1377 1077 1497 1121 copias
1522 1077 1573 1111 illi
1597 1086 1736 1114 nostras
1760 1081 1965 1127 iungentes,
1991 1097 2114 1119 rerum

1120 1130 1193 1158 tam
1212 1126 1305 1159 male
1323 1134 1503 1171 gestarum
1521 1129 1669 1175 quinam
1691 1138 1834 1167 autores
1850 1135 1939 1176 sint,
1967 1149 2117 1182 quaere-

1118 1176 1222 1211 mus?
1263 1177 1388 1225 Neque
1414 1180 1509 1214 enim
1526 1194 1686 1228 unquam
1705 1192 1845 1218 nosmet
1859 1186 1954 1231 ipsos
1973 1200 2116 1223 accusa-

1117 1227 1254 1270 bimus,
1283 1232 1380 1265 velut
1403 1232 1581 1266 malorum
1607 1241 1769 1276 autores,
1804 1237 1889 1272 satis
1907 1238 1995 1273 istuc
2014 1240 2114 1286 equi-

1117 1280 1197 1312 dem
1221 1281 1320 1316 novi.
1379 1282 1504 1329 Neque
1529 1285 1624 1319 enim
1648 1299 1772 1321 eorum
1802 1288 2013 1335 quisquam,
2050 1292 2114 1338 qui

1116 1330 1153 1363 in
1169 1332 1252 1365 belli
1277 1333 1543 1370 discriminibus
1567 1337 1727 1382 fugiunt,
1754 1351 1790 1373 se
1814 1340 1932 1385 ipsum
1954 1349 2113 1383 accusat;

1115 1383 1176 1415 sed
1194 1391 1336 1418 accusat
1351 1386 1456 1419 etiam
1473 1388 1620 1429 ducem,
1643 1396 1678 1423 et
1695 1391 1899 1434 proximum
1912 1419 1922 1433 ,
1948 1394 2111 1440 adeoque

1115 1444 1240 1468 omnes
1263 1434 1382 1478 potius
1408 1448 1514 1481 quam
1541 1450 1628 1473 sese,
1695 1441 1967 1478 succubuerunt
1991 1452 2112 1480 tamen

1114 1484 1277 1517 omnium
1304 1486 1453 1520 fortasse
1480 1489 1603 1533 culpa,
1647 1491 1709 1536 qui
1737 1492 1922 1536 fugerunt;
1964 1510 2111 1533 manere

1112 1535 1207 1568 enim
1226 1536 1382 1571 licuisset
1407 1538 1459 1579 ei,
1495 1540 1557 1585 qui
1583 1549 1725 1576 accusat
1749 1544 1855 1584 alios3
1889 1544 1957 1581 hoc
1975 1562 2060 1584 vero
2080 1551 2112 1586 si

1112 1587 1263 1633 quisque
1293 1589 1449 1631 fecisset,
1476 1591 1642 1627 vicissent
1663 1594 1798 1641 utique.
1858 1597 1905 1632 Et
1926 1612 2043 1643 nunc,
2085 1603 2116 1637 si

1111 1639 1191 1684 quis
1213 1639 1299 1673 dicit
1323 1653 1398 1674 non
1423 1643 1582 1687 optima,
1618 1658 1766 1691 surgens
1790 1648 1880 1685 alius
1904 1651 2000 1686 dicat
2023 1654 2110 1699 ipse,

1111 1702 1226 1737 neque
1243 1699 1384 1726 accuset
1398 1693 1512 1729 illum.
1566 1696 1663 1731 Dicit
1680 1699 1770 1733 alius
1787 1701 1965 1747 quispiam
1984 1706 2110 1740 melio-

1110 1753 1172 1782 ra,
1208 1743 1312 1776 facite
1334 1744 1461 1785 istaec,
1496 1747 1592 1781 bona
1623 1749 1767 1784 fortuna
1793 1752 1836 1798 ⁷).
1898 1755 2010 1802 Atqui
2032 1771 2108 1795 non

1108 1800 1191 1827 sunt
1208 1792 1294 1828 haec
1312 1797 1447 1831 suavia.
1501 1798 1578 1832 Hoc
1596 1801 1657 1845 qui
1674 1801 1777 1843 dicit,
1806 1811 1899 1839 certe
1924 1808 2009 1843 dicit
2031 1823 2107 1846 non

1108 1845 1220 1885 male,
1248 1847 1379 1885 fateor;
1416 1850 1477 1882 sed
1503 1847 1571 1883 hoc
1596 1852 1749 1894 omittit,
1785 1867 1873 1889 num
1896 1858 1933 1892 id
1957 1861 2003 1894 sit
2018 1869 2104 1898 voto

1107 1898 1325 1940 precandum
1342 1899 1489 1934 civibus.
1532 1901 1708 1948 Equidem
1727 1908 1886 1949 precari,
1912 1911 1981 1944 viri
1995 1912 2105 1949 Athe-

1106 1948 1265 1989 nienses,
1298 1950 1400 1984 facile
1426 1952 1464 1985 in
1494 1965 1626 1995 unum,
1655 1968 1889 2005 quaecunque
1913 1964 1993 2008 quis
2016 1967 2103 2001 velit

1106 2000 1345 2044 colligentem,
1362 2011 1548 2038 momento
1564 2005 1663 2045 licet;
1689 2020 1815 2053 capere
1835 2019 1954 2047 autem
1979 2022 2013 2049 et
2031 2030 2098 2062 po-

1104 2050 1177 2108 tiri,
1206 2054 1351 2097 quando
1370 2055 1413 2087 de
1430 2057 1535 2090 rebus
1554 2059 1829 2094 consultandum
1846 2063 1903 2104 sit,
1929 2078 2003 2100 non
2020 2081 2100 2113 per-

1104 2103 1186 2136 inde
1200 2111 1408 2149 promptum
1427 2119 1467 2139 ac
1485 2108 1587 2141 facile
1606 2116 1674 2148 est;
1709 2113 1771 2144 sed
1794 2122 1938 2158 oportet
1961 2120 2098 2163 optima

1103 2166 1168 2198 pro
1183 2155 1371 2197 suavibus,
1399 2157 1427 2191 si
1450 2170 1523 2191 non
1545 2159 1647 2193 liceat
1667 2169 1818 2209 utraque
1835 2166 2007 2212 accipere.
2060 2173 2100 2206 Si

1102 2205 1181 2251 quis
1203 2218 1288 2240 vero
1305 2206 1337 2255 ⁸)
1362 2209 1464 2244 vobis
1482 2211 1593 2255 possit
1617 2210 1775 2248 theorica
1800 2216 1859 2250 illa
1882 2218 1993 2254 libera
2017 2234 2098 2267 per-

1134 2326 1165 2353 4)
1185 2325 1217 2351 Η,
1237 2326 1255 2349 1.
1274 2326 1302 2350 in
1321 2327 1370 2352 Ed.
1390 2327 1475 2351 Basil.
1494 2329 1561 2352 nota
1579 2329 1711 2360 margin:
1732 2331 1863 2361 Populum
1881 2334 2040 2366 alloquitur,

1133 2378 1165 2406 5)
1191 2379 1223 2403 Η.
1243 2378 1261 2403 1.
1288 2378 1314 2402 in
1335 2379 1381 2404 Ed.
1402 2380 1486 2405 Basil.
1507 2382 1572 2404 nota
1592 2382 1723 2412 margin:
1750 2383 1855 2409 Crebra
1872 2385 2092 2419 interrogatione

1170 2413 1246 2436 velut
1263 2414 1360 2437 aculeo
1380 2417 1460 2445 urget
1477 2421 1512 2438 ac
1532 2416 1626 2446 pungit
1645 2417 1781 2446 populum.

1131 2464 1162 2492 6)
1190 2464 1222 2487 Η.
1241 2464 1259 2487 l.
1286 2464 1312 2487 in
1333 2465 1403 2488 Edit.
1425 2465 1507 2488 nasu.
1534 2467 1599 2489 nota
1623 2467 1756 2497 margin.:
1780 2468 1925 2499 Digressio
1949 2473 1984 2497 ad
2011 2476 2091 2500 theo-

1168 2498 1242 2527 rica,
1269 2500 1360 2522 monet
1381 2501 1472 2522 autem
1499 2499 1632 2523 sinendas
1659 2502 1767 2525 tandem
1792 2505 1985 2530 contentiones
2011 2510 2080 2534 istas

1167 2533 1264 2563 quihus
1284 2534 1356 2556 atter
1375 2535 1493 2557 alterum
1513 2534 1628 2558 subinde
1654 2537 1838 2568 accusabant,
1865 2545 1898 2563 ac
1922 2540 1974 2570 ipsi
1998 2528 2090 2573 potius’

1167 2568 1208 2590 rei
1234 2567 1429 2599 incubendum,
1455 2569 1647 2600 cavendusque
1677 2576 1742 2600 eos,
1774 2572 1817 2602 qui
1842 2574 1877 2597 ad
1902 2576 2020 2605 gratiam
2045 2580 2088 2603 di-

1167 2603 1232 2625 cunt
1250 2603 1350 2626 omnia.

1130 2652 1163 2681 7)
1190 2653 1301 2676 Duabus
1325 2652 1366 2676 his
1395 2652 1510 2693 vpcihus
1535 2654 1561 2694 i'n
1586 2655 1634 2679 Ed.
1660 2656 1743 2681 Basil.
1769 2656 1797 2681 in
1820 2664 1907 2691 marg.
1931 2662 2087 2693 adscriptae

1166 2689 1230 2711 sunt
1246 2693 1381 2718 graecae:
1401 2690 1496 2722 “7¹¹³{1
1516 2696 1592 2723 ιυχῃ.

1131 2739 1162 2767 8)
1182 2739 1215 2764 u.
1235 2739 1253 2764 1.
1272 2738 1300 2762 iu
1318 2739 1367 2764 Ed.
1389 2740 1474 2763 Basii.
1494 2742 1560 2764 nota
1578 2741 1709 2772 margin.:
1730 2743 1903 2769 obiectiones
1922 2746 2009 2772 diluit.

1453 2775 1501 2810 47
