2351 2990
148 120 224 156 975

755 116 877 152 PHIL.
905 114 1018 149 MEL.
1046 111 1249 147 SCRIPTA
1275 110 1611 146 PHILOLOGICA.

2111 109 2188 144 976

150 209 250 253 Quae
285 217 368 238 vero
403 211 498 238 aetas
529 203 772 238 misericordia
806 201 916 246 ipsius
943 197 1140 233 afficietur?
1194 197 1301 235 didit;
1332 203 1454 230 contra
1474 198 1608 231 crimen
1625 197 1740 230 laesae
1758 195 1969 236 maiestatis,
2004 195 2084 241 quia
2114 207 2186 229 non

148 259 242 294 Num
268 255 392 291 senes?
451 255 496 289 At
520 262 692 300 quantum
718 254 753 286 in
780 253 855 297 ipso
874 251 958 290 snit,
999 250 1141 285 senibus

149 309 282 343 ademit
298 307 416 341 omnia
435 313 594 340 senectae
613 304 756 343 solatia,
785 304 845 349 qui
863 315 927 336 nec
943 302 989 334 ali
1008 302 1142 346 potuis-

147 367 224 395 sent
251 373 268 392 ει
296 358 515 394 iunioribus,
558 369 621 389 nec
647 357 683 388 in
710 355 823 388 libero
849 354 925 388 solo
951 353 1075 392 condi,
1114 352 1143 386 si

148 413 232 446 urbs
252 423 325 444 non
342 410 480 443 defensa
503 408 635 441 suisset.
687 406 780 441 Num
804 404 974 439 iuvenes?
1028 403 1141 437 Immo

148 475 233 496 vero
252 462 275 494 ii
291 459 539 494 recordatione
557 458 759 504 aequalium
772 484 782 497 ,
809 457 871 503 qui
890 457 927 489 in
944 456 1017 488 acie
1035 455 1143 488 inter-

148 514 228 548 fecti
258 519 357 548 sunt,
393 512 420 544 si
445 508 537 543 bunc
563 510 777 549 liberarent,
821 509 946 541 eodem
971 506 1142 549 suffragio

149 571 309 599 mortuos
328 562 405 595 illos
423 562 654 594 damnarent:
689 572 763 593 non
789 559 897 603 igitur
912 556 1007 592 bunc
1027 558 1143 591 deser-

148 624 261 650 torem
286 621 455 658 tanquam
474 612 699 646 innocentem
722 611 919 644 absolvent.

250 682 343 716 Num
379 680 539 724 exemplo
573 680 784 712 confirmare
809 678 992 722 improbos
1025 675 1144 711 vultis,

149 741 187 768 ut
210 732 325 766 verbis
351 737 383 764 ct
407 731 506 764 factis
531 730 810 775 rempublicam,
852 729 1056 775 quicunqne
1083 739 1144 759 vo-

148 787 239 825 lent,
267 782 502 817 labefactent?
555 782 646 816 Nam
666 794 744 814 cum
762 781 799 813 in
818 778 884 813 bac
901 780 986 813 urbe
1005 778 1144 823 conspi-

150 838 263 870 ciatur
286 834 494 873 Leocrates,
531 833 590 878 qni
617 839 719 865 antea
745 832 920 876 Megaris,
956 830 1016 864 ubi
1040 842 1076 863 se
1100 830 1144 862 ad

149 895 342 934 patronum
359 892 531 931 tanquam
556 884 752 929 inquilinus
769 883 959 928 applicuit,
987 881 1145 927 quinque

150 946 212 973 aut
229 951 287 972 sex
302 937 404 971 annis
422 934 618 976 habitavit,
644 935 812 968 redibunt
828 946 902 967 non
923 934 1038 967 solum
1063 945 1145 965 exu—

149 991 220 1030 les,
246 990 306 1023 sed
326 988 431 1021 etiam
450 985 587 1026 hostes,
624 986 686 1032 qui
709 986 866 1019 tulerunt
893 984 1079 1028 suffragia,
1107 989 1146 1017 ut

151 1041 288 1077 Atticae
305 1040 410 1073 urbes
429 1044 652 1071 verterentur
670 1037 707 1070 in
728 1050 870 1081 pascua.

254 1108 339 1141 Mox
356 1114 472 1141 autem
492 1107 702 1140 descendam
722 1118 762 1139 ex
781 1103 846 1138 hac
864 1106 965 1144 sede,
1001 1103 1062 1137 ubi
1088 1104 1146 1136 de-

152 1167 286 1194 cretum
320 1160 362 1192 de
397 1158 568 1202 religione
602 1158 759 1191 iudicum
788 1158 1006 1195 recitavero,
1049 1156 1146 1200 quod

153 1218 233 1244 ante
251 1210 542 1254 suffragationem
561 1208 743 1242 recordari
760 1208 845 1241 utile
865 1214 926 1242 est.

583 1293 718 1327 Recita.

256 1364 331 1408 Ego
358 1375 462 1403 vero,
498 1369 537 1395 ut
564 1367 767 1400 accusator,
807 1372 907 1393 reum
932 1360 976 1392 ad
1003 1371 1065 1392 vos
1089 1359 1149 1391 ad-

154 1416 256 1454 duxi,
286 1422 318 1448 et
335 1421 416 1459 peto
429 1441 437 1453 ‚
466 1420 504 1447 ut
521 1426 601 1446 eum
619 1411 794 1457 puniatis,
820 1410 991 1456 quoniam
1008 1410 1081 1443 eius
1098 1410 1148 1442 rei

155 1473 309 1513 potestas
327 1478 433 1510 penes
451 1478 513 1498 vos
531 1470 593 1498 est.
634 1463 768 1497 Iustum
788 1469 838 1496 est
855 1469 971 1495 autem
989 1474 1051 1495 vos
1068 1474 1149 1505 pro-

154 1526 233 1565 pter
250 1518 365 1551 Deum
383 1524 416 1550 et
434 1523 582 1561 propter
598 1521 751 1549 vestram
770 1514 1049 1546 incolumitatem
1068 1525 1149 1546 eum

155 1569 330 1614 supplicio
357 1570 508 1601 afficere.
567 1567 658 1601 Nam
683 1565 822 1599 sceleris
846 1577 926 1598 reus
953 1571 1033 1597 ante
1060 1564 1150 1597 iudi-

158 1622 250 1655 cium
269 1626 319 1653 est
339 1620 386 1659 is,
415 1619 476 1664 qui
496 1619 527 1650 id
546 1618 655 1651 scelus
675 1616 904 1662 perpetravit.
958 1616 1044 1649 Post
1061 1615 1151 1648 iudi-

157 1673 250 1706 cium
268 1683 351 1704 vero
364 1697 372 1710 ‚
401 1670 428 1703 si
446 1682 519 1702 non
538 1669 643 1702 suerit
662 1680 781 1702 severe
799 1667 1017 1700 vindicatum
1031 1693 1040 1707 ,
1068 1664 1150 1699 hae-

157 1730 211 1757 ret
230 1723 266 1755 in
284 1722 469 1755 iudicibus.

261 1788 363 1822 Scitis
387 1794 524 1827 autem,
561 1787 625 1820 etsi
651 1787 740 1820 clam
770 1786 941 1819 calculum
966 1787 1002 1818 in
1022 1797 1151 1818 urnam

158 1841 351 1879 coniicitis,
392 1846 511 1872 tamen
537 1838 653 1871 Deum
681 1837 958 1882 uniuscuiusque
982 1837 1152 1880 suffraga-

159 1892 267 1925 tionis
282 1897 516 1935 spectatorem
533 1897 567 1923 et
586 1890 737 1923 iudicem
758 1901 842 1923 esse.
872 1888 922 1921 Ac
937 1888 1043 1921 simul
1059 1900 1153 1921 nunc

158 1944 195 1976 in
212 1955 282 1977 una
299 1942 473 1976 sententia
493 1948 645 1975 vestram
665 1941 884 1974 voluntatem
902 1946 1025 1973 contra
1040 1940 1151 1973 multa

160 1995 310 2034 scelera,
339 2006 450 2039 eaque
474 1993 665 2038 praecipua
687 1991 912 2025 declarabitis
923 1991 986 2036 18);
1021 1998 1152 2030 ,contra

161 2045 415 2091 proditionem,
445 2045 526 2090 quia
544 2045 718 2078 desertam
734 2043 888 2089 patriam
905 2041 1065 2076 hostibus
1083 2049 1154 2075 tra-

199 2179 242 2206 18)
263 2179 294 2202 Η.
314 2178 331 2202 1.
352 2177 378 2201 in
400 2177 483 2203 Editt.
503 2178 593 2208 1548,
624 2176 698 2201 1554.
724 2177 790 2200 uota
808 2175 943 2207 margia:
974 2175 1155 2206 Amplificatio
1180 2149 1184 2206 l

233 2214 259 2236 et
276 2213 429 2243 congeries.

1194 248 1361 282 sustinuit
1378 249 1573 292 periculum
1593 261 1658 293 pro
1684 248 1889 282 defensione
1914 247 2095 280 communi
2121 244 2187 280 hu-

1196 299 1248 333 ius
1267 299 1426 343 imperii;
1462 306 1584 332 contra
1610 300 1848 344 impietatem,
1881 298 1983 344 quia,
2015 303 2189 343 quantum

1195 350 1231 382 in
1249 350 1325 394 ipso
1342 351 1428 390 suit,
1461 350 1654 384 eversionis
1669 351 1883 395 templorum
1904 355 1938 382 et
1955 349 2190 383 delendarum

1195 401 1406 445 religionum
1427 413 1529 434 causa
1546 401 1628 439 suit3
1654 409 1774 434 contra
1799 408 1987 446 parentum
2007 406 2189 434 contume-

1194 452 1278 492 lias,
1317 452 1401 498 quia
1433 450 1619 496 sepulchra
1648 458 1682 485 et
1716 453 1804 486 iusta
1841 451 2003 485 funebria
2039 452 2188 489 delevit;

1196 510 1319 536 contra
1336 504 1456 547 sugam
1474 516 1515 536 ex
1532 503 1605 536 acie
1623 509 1657 536 et
1675 503 1911 537 desertionem
1929 502 2089 543 militiae,
2105 502 2191 548 quia

1196 554 1374 595 discessit,
1416 566 1460 587 ne
1489 555 1595 588 duces
1625 566 1703 587 eum
1729 559 1824 587 certo
1847 554 1884 587 in
1910 555 1989 587 loco
2013 554 2189 587 collocare

1197 612 1352 650 possent.

1299 656 1425 689 Talem
1447 668 1547 689 reum
1576 655 1655 701 quis
1679 654 1859 688 absolvet?
1920 655 2008 700 Quis
2032 655 2190 699 ignoscet

1197 714 1250 741 tot
1265 707 1455 741 sceleribus
1472 707 1633 741 consulto
1650 713 1684 739 et
1698 707 1781 739 dolo
1803 704 1927 738 factis?
1988 706 2075 751 Quis
2100 707 2189 739 adeo

1196 759 1322 793 stultus
1339 765 1408 799 est,
1433 765 1473 792 ut
1496 756 1564 791 hoc
1587 763 1727 791 servato
1754 757 1863 790 vitam
1887 768 1986 789 suam
2011 757 2048 789 in
2071 757 2192 791 discri-

1197 823 1280 843 men
1297 811 1471 844 adducere
1490 810 1586 849 velit‚
1615 808 1859 853 proditoribus
1874 820 1972 852 spem
1991 808 2123 840 faciens
2139 807 2190 841 in-

1198 861 1438 895 columitatis?
1492 861 1581 906 Quis
1604 858 1709 894 huius
1733 859 1975 893 misericordia
1998 858 2194 900 adficietur,

1197 913 1226 947 si
1242 914 1371 956 cogitet
1390 911 1508 946 hostes
1525 913 1600 946 sine
1619 911 1862 945 misericordia
1877 937 1885 950 ,
1918 910 1955 942 in
1982 916 2083 954 capta
2109 909 2193 942 civi-

1198 970 1290 1003 tate,
1320 976 1470 1008 pueros,
1504 964 1690 1003 mulieres,
1727 975 1826 997 senes
1848 960 2051 995 trucidare?
2104 961 2194 1006 Quis

1199 1015 1376 1060 proditori
1418 1015 1628 1048 beneficium
1667 1021 1848 1058 praestare
1884 1013 1998 1053 volet,
2046 1018 2193 1057 propter

1199 1067 1296 1112 quod
1312 1066 1388 1099 Deo
1406 1066 1500 1099 irato
1520 1078 1653 1110 poenas
1668 1078 1703 1098 se
1724 1067 1891 1099 daturum
1908 1076 1980 1098 esse
1999 1063 2110 1097 sciat?

1299 1117 1376 1161 Ego
1399 1117 1507 1161 igitur
1519 1117 1584 1164 ¹²³),
1626 1123 1665 1150 ut
1695 1117 1834 1161 patriae
1863 1115 1998 1160 legibus
2030 1122 2064 1149 et
2085 1115 2194 1149 sacris

1201 1182 1306 1213 opem
1322 1170 1451 1202 serrem
1463 1195 1472 1209 ,
1506 1175 1599 1202 recte
1618 1174 1651 1201 et
1669 1167 1757 1201 iuste
1775 1166 1870 1201 hunc
1888 1179 2037 1211 agonem
2061 1166 2195 1211 peregi,

1200 1233 1315 1266 neque
1340 1221 1382 1253 de
1405 1220 1543 1266 reliqua
1568 1219 1749 1252 Leocratis
1778 1219 1851 1252 vita
1885 1218 2080 1264 quidquam
2111 1217 2196 1258 dixi,

1201 1284 1265 1305 nec
1283 1278 1379 1304 extra
1400 1283 1540 1304 causam
1561 1276 1728 1314 evagatus
1744 1283 1834 1304 sum.
1889 1269 1962 1303 Vos
1988 1282 2074 1303 vero
2101 1269 2195 1313 cogi-

1202 1329 1290 1363 tate,
1318 1322 1347 1356 si
1363 1321 1572 1355 Leocratem
1592 1321 1802 1362 absolvetis,
1831 1321 2064 1354 condemnari
2091 1333 2109 1353 a
2134 1333 2194 1354 vo-

1201 1375 1254 1407 bis
1272 1374 1445 1417 patriam,
1470 1374 1561 1407 cives
1581 1380 1614 1406 et
1630 1373 1771 1407 liberos.
1825 1373 1987 1418 Cumque
2011 1373 2101 1406 duae
2125 1372 2196 1405 sint

1202 1437 1331 1465 urnae,
1359 1425 1467 1457 altera
1495 1425 1702 1469 proditura,
1734 1425 1844 1457 altera
1868 1430 2052 1457 servatura
2076 1423 2198 1456 civita-

1203 1483 1296 1515 tem,
1333 1482 1367 1509 et
1390 1476 1513 1509 calculi
1539 1477 1699 1509 ferantur
1724 1482 1784 1509 aut
1810 1476 1852 1508 de
1879 1475 2035 1517 excidio,
2071 1481 2133 1509 aut
2155 1476 2198 1508 de

1203 1528 1314 1560 salute
1333 1527 1487 1571 patriae:
1516 1528 1546 1561 si
1563 1527 1751 1561 absolvetis
1768 1526 1998 1567 Leocratem,
2026 1525 2196 1560 docebitis

1203 1585 1237 1611 et
1254 1578 1361 1618 alios,
1390 1579 1563 1623 patriam,
1592 1591 1689 1613 sacra
1714 1585 1747 1611 et
1768 1579 1911 1613 classem
1935 1579 2105 1623 prodere;
2141 1578 2197 1612 sin

1204 1636 1321 1662 autem
1340 1630 1552 1674 supplicium
1572 1631 1614 1664 de
1632 1642 1673 1663 eo
1693 1630 1855 1670 sumetis,
1883 1630 1980 1664 eritis
1996 1628 2198 1664 hortatores

1205 1681 1282 1714 aliis
1312 1682 1555 1714 defendendae
1590 1689 1624 1715 ct
1653 1682 1848 1716 servandae
1873 1682 2009 1726 patriae
2034 1688 2068 1715 et
2091 1679 2197 1716 huius

1205 1733 1358 1777 imperii.
1411 1731 1604 1766 Intuemini
1622 1740 1740 1767 autem
1757 1733 1952 1777 supplices,
1988 1733 2102 1778 ipsam
2130 1740 2198 1766 ter-

1205 1796 1303 1824 ram,
1330 1785 1494 1825 arbores,
1519 1791 1662 1829 portus,
1691 1785 1855 1824 navalia,
1883 1785 2039 1825 moenia,
2064 1785 2197 1829 templa

1206 1842 1239 1868 et
1262 1848 1374 1869 sacra.
1444 1836 1539 1869 Haec
1561 1837 1681 1869 omnia
1707 1842 1832 1881 petunt
1855 1849 1890 1870 se
1915 1837 2055 1870 defendi
2080 1842 2195 1869 vestra

1205 1887 1392 1921 sententia.
1444 1887 1628 1921 Ostendite
1647 1888 1754 1932 igitur
1778 1888 1998 1932 exemplum,
2032 1894 2072 1922 ut
2095 1887 2197 1920 intel-

1204 1938 1317 1982 ligant
1343 1951 1485 1978 omnes,
1517 1940 1613 1984 apud
1635 1952 1697 1974 vos
1721 1952 1795 1973 non
1816 1940 1893 1984 plus
1918 1940 2036 1972 valere
2061 1938 2198 1973 miseri-

1207 1990 1365 2022 cordiam
1386 1997 1419 2023 et
1436 1988 1655 2036 lachrymas,
1667 2004 1780 2037 ¹quam
1798 1992 1914 2035 legum
1930 1997 1963 2024 et
1982 1990 2198 2036 reipublicae

1208 2042 1464 2076 defensionem.

1668 2094 1760 2127 Dixi.

1245 2211 1290 2240 19)
1310 2212 1342 2236 fl.
1363 2212 1381 2235 1.
1400 2211 1428 2235 in
1447 2211 1543 2235 iisdem
1564 2210 1645 2234 Editt.
1665 2213 1730 2236 nota
1749 2212 1880 2243 margin:
1906 2212 2062 2237 Conclusio.
