2351 2990
116 126 216 162 1069
358 125 465 161 XLII.

220 211 294 246 Nec
309 225 373 246 vos
397 212 545 245 infamia
571 212 744 252 oneretis,
782 213 866 246 dum
893 213 1029 246 alienae
1054 224 1117 245 vo-

116 263 246 308 luptati
264 264 525 308 gratificamini.
583 263 708 297 Brevis
726 263 821 297 enim
837 265 940 298 labor
956 271 1026 304 est,
1053 276 1118 297 no-

117 321 190 350 stra
223 327 376 360 corpora
407 315 622 355 interficere,
664 317 723 348 sed
757 316 943 349 infamiam
975 316 1117 349 abolere

118 366 260 400 difficile
283 366 360 401 erit.
423 367 507 401 Non
530 366 624 399 enim
652 364 774 401 hostili
801 380 882 412 erga
907 381 970 402 vos
995 367 1117 400 animo

116 418 270 459 fuimus,
295 419 355 452 sed
374 418 502 452 amico.
555 418 658 452 Nunc
675 425 793 452 autem
811 420 923 453 coacti
943 432 1043 453 arma
1061 431 1118 463 ge-

118 469 232 503 rimus
267 482 333 514 pro
367 470 572 503 defensione
604 476 748 504 nostrae
770 471 934 505 civitatis.
994 469 1118 516 ltaque

118 533 284 555 concessa
310 521 414 555 nobis
437 521 531 562 vita,
574 528 695 566 postea
727 523 769 556 de
794 535 908 568 poena
935 522 1024 556 iuste
1051 528 1120 556 sta-

119 572 228 613 tuite,
263 584 341 606 cum
368 572 512 618 quidem
539 574 695 607 dediticii
720 581 754 607 et
777 575 952 619 supplices
979 586 1119 612 sumus;

118 624 207 658 tales
234 629 352 657 autem
382 625 543 658 occidere
566 625 623 658 lex
646 626 817 660 Graeciae
841 632 948 660 vetat.
1012 626 1121 659 Prae-

119 681 215 708 terea
247 675 414 709 omnibus
440 677 664 721 temporibus
692 678 932 712 benefecimus
962 677 1120 710 Graecis.

118 726 302 771 Adspicite
332 724 389 760 hic
420 735 455 761 et
484 726 671 773 sepulchra
702 730 881 763 maiorum
906 735 1121 767 vestrorum,

120 778 250 824 quibus
281 779 475 813 interfectis
505 792 524 812 a
550 780 689 821 Persis,
728 782 856 815 vestitu
889 787 923 814 et
953 780 1122 825 primitiis

117 830 320 871 fructuum,
364 844 453 876 quos
479 838 602 866 nostra
631 839 725 865 terra
757 833 889 877 gignit,
928 831 1122 878 quotannis

118 882 265 916 inferias
286 882 455 923 facimus,
490 890 663 929 tanquam
691 885 797 917 amici
827 884 864 917 in
894 890 990 916 terra
1021 883 1123 917 vobis

121 934 256 974 amica,
284 940 318 966 et
332 931 419 967 socIi
441 935 765 975 commilitonibus,
795 936 924 982 quibus
950 948 1014 969 vos
1040 947 1123 968 con-

119 985 231 1019 traria
254 986 370 1018 facere
396 985 569 1020 iniustum
594 994 694 1021 esset.
757 987 990 1022 Considerate
1015 987 1124 1027 enim,

117 1036 317 1071 Pausanias
348 1038 522 1082 sepeliens
554 1051 614 1072 eos
638 1039 810 1072 iudicavit
834 1052 869 1073 se
895 1051 1020 1073 eorum
1048 1050 1124 1072 cor-

117 1100 209 1133 pora
230 1088 268 1121 in
286 1095 380 1122 terra
398 1089 512 1122 amica
531 1091 685 1123 condere
705 1097 739 1124 et
756 1092 851 1135 apud
871 1090 1017 1124 amicos.
1050 1089 1125 1122 Vos

120 1147 261 1181 autem,
289 1140 398 1174 sinos
414 1140 601 1182 occidetis,
631 1148 665 1175 et
690 1143 838 1176 tradetis
862 1148 1024 1176 nostram
1055 1148 1125 1175 ter-

120 1204 198 1226 ram
234 1190 438 1233 Thebanis,
485 1193 696 1239 relinquetis
725 1194 881 1228 maiores
917 1199 1054 1227 vestros
1087 1193 1125 1225 in

120 1251 216 1278 terra
240 1241 381 1284 hostili,
423 1250 457 1277 et
489 1246 585 1288 apud
617 1245 863 1279 interfectores
886 1244 961 1278 sine
985 1242 1124 1277 honore

119 1295 275 1329 funebri.
338 1295 531 1328 Praeterea
557 1302 591 1328 et
617 1302 769 1336 terram,
814 1297 850 1329 in
877 1308 945 1341 qua
972 1295 1124 1329 Graecia

119 1347 291 1382 servitute
311 1346 460 1380 liberata
487 1353 556 1386 est,
583 1347 750 1391 redigetis
774 1347 811 1380 in
836 1347 1065 1387 servitutem,
1093 1353 1126 1379 et

119 1399 254 1443 templa
279 1397 462 1438 Deorum,
498 1398 628 1443 quibus
650 1399 825 1433 invocatis
845 1398 944 1432 Medi
967 1397 1126 1443 superati

119 1456 224 1491 sunt,
251 1450 390 1484 deserta
408 1449 631 1495 relinquetis,
659 1451 776 1494 patria
796 1450 966 1484 sacrificia
987 1462 1126 1489 eorum,

120 1503 183 1549 qui
215 1500 308 1535 hanc
336 1501 463 1535 urbem
493 1502 738 1535 fundaverunt
769 1509 803 1536 et
834 1502 1127 1542 aedificaverunt,

120 1553 265 1588 tolletis.

227 1605 325 1638 Haec
355 1616 431 1638 non
463 1611 667 1648 congruunt
692 1604 827 1649 gloriae
855 1611 994 1639 vestrae
1017 1602 1128 1636 Lace-

123 1657 329 1698 daemonii,
376 1656 513 1689 violare
545 1657 751 1690 communia
784 1657 862 1689 iura
891 1657 1128 1695 Graecorum,

122 1715 359 1743 monumenta
376 1708 570 1747 maiorum,
587 1707 786 1741 interficere
803 1720 869 1742 nos
884 1708 1128 1741 benefactores

126 1768 162 1795 et
182 1761 411 1800 innocentes,
439 1766 589 1804 propter
607 1760 761 1794 alienam
784 1759 1031 1798 inimicitiam;
1067 1759 1127 1792 sed

122 1825 271 1859 parcere
289 1818 324 1846 et
340 1811 458 1856 frangi
477 1811 621 1852 animo,
658 1818 693 1844 et
717 1824 782 1845 nos
805 1812 945 1845 deditos
969 1811 1128 1855 recipere

122 1866 286 1899 modesta
310 1863 561 1903 miseratione,
603 1875 679 1896 non
709 1864 824 1897 solum
851 1863 1129 1902 considerantes,

125 1929 234 1963 quam
270 1915 384 1950 tristia
414 1914 554 1960 passuri
589 1914 720 1955 simus,
763 1916 824 1949 sed
859 1915 967 1948 etiam
1007 1914 1129 1960 quales

124 1969 256 2009 simus,
282 1975 317 2001 et
337 1968 433 2014 quod
450 1967 585 2000 incerta
609 1966 793 2001 calamitas
808 1967 1004 2013 aliquando
1021 1966 1128 1999 etiam

126 2032 203 2054 non
219 2019 357 2053 meritis
375 2018 514 2053 accidit.

230 2071 304 2105 Vos
323 2071 432 2115 igitur
449 2082 615 2110 oramus,
643 2076 682 2104 ut
701 2070 820 2111 decet,
857 2076 891 2103 et
916 2076 956 2104 ut
980 2069 1131 2103 necessi-

126 2131 181 2159 tas
196 2130 318 2158 nostra
338 2129 482 2163 monet,
508 2129 542 2156 et
560 2122 797 2166 imploramus
814 2134 1022 2156 communes
1034 2121 1131 2156 Deos

127 2177 372 2214 Graecorum,
412 2181 452 2208 ut
484 2174 585 2208 vobis
621 2171 708 2207 haec
739 2175 1038 2219 persuadeamus,
1085 2185 1131 2206 ne

126 2225 391 2263 obliviscamini
408 2226 621 2267 iuramenti,
649 2227 747 2272 quod
765 2232 885 2271 patres
905 2225 1013 2260 vestri
1036 2225 1132 2259 iura-

127 2285 232 2320 runt,
267 2284 301 2312 et
323 2290 446 2312 sumus
469 2277 645 2323 supplices
670 2279 715 2311 ad
740 2275 926 2323 sepulchra
949 2277 1130 2310 maiorum

128 2338 352 2370 vestrorum,
379 2342 419 2363 ac
436 2329 509 2363 vita
527 2331 713 2364 defunctos
731 2329 953 2370 invocamus,
980 2341 1025 2363 ne
1036 2326 1131 2362 The-

127 2383 232 2418 banis
254 2381 507 2423 subiiciamur‚
534 2394 625 2415 neve
647 2381 854 2416 amicissimi
879 2381 987 2415 vestri
1012 2381 1131 2414 trada-

127 2447 212 2470 mur
230 2433 496 2468 inimicissimis.
530 2433 788 2467 Recordarnini
805 2434 905 2467 illum
923 2432 1031 2474 diem,
1059 2445 1131 2478 quo

128 2485 435 2533 splendidissimas
451 2497 507 2519 res
526 2485 710 2520 vobiscum
729 2485 917 2531 gessimus,
954 2484 1015 2531 qui
1036 2496 1132 2518 nunc

129 2540 169 2573 in
186 2545 288 2573 tanto
304 2537 464 2582 periculo
480 2549 678 2572 versamur.

232 2590 344 2636 Quod
361 2596 481 2623 autem
498 2589 737 2623 necessarium
756 2595 791 2623 et
814 2587 1057 2622 tristissimum
1081 2593 1132 2620 est

129 2642 218 2683 illis,
247 2642 309 2688 qui
327 2641 364 2674 in
383 2640 446 2674 tali
463 2647 547 2674 sunt
569 2641 750 2685 periculo,
785 2641 888 2674 finire
915 2639 1131 2679 orationem,

129 2694 213 2740 quia
234 2694 340 2727 simul
355 2693 428 2726 vita
447 2692 604 2726 finienda
623 2700 686 2734 est,
714 2692 910 2727 desinimus
925 2704 1034 2732 nunc,
1063 2688 1131 2724 hoc

126 2751 347 2791 repetentes,
371 2757 438 2779 nos
455 2744 594 2779 deditos
619 2757 691 2780 esse
712 2757 785 2778 non
803 2742 998 2778 Thebanis.
1051 2742 1131 2776 Ma-

521 124 920 161 INTERPRETATIO
948 124 1245 161 ORATIONUM
1270 125 1333 160 EX
1361 126 1654 162 THUCYDIDIS
1682 127 1830 163 LIBRO
1853 129 1912 165 ΙΙΙ.

2068 134 2168 169 1070

1170 212 1356 247 luissemus
1371 213 1465 246 enim
1484 214 1689 259 turpissima
1706 221 1833 256 morte,
1856 216 1949 250 fame
1966 219 2078 258 mori;
2108 221 2170 254 sed

1170 263 1272 298 vobis
1297 265 1419 298 confisi
1442 265 1626 301 exivimus.
1695 265 1836 311 Quare,
1876 268 1905 301 si
1930 282 1993 303 vos
2015 283 2090 305 non
2114 284 2173 305 ex-

1172 327 1339 357 oramus,
1374 317 1505 351 iustum
1530 324 1600 358 est,
1635 329 1700 351 nos
1726 317 1763 350 in
1789 319 1914 352 urbem
1939 322 2093 364 remitti,
2130 335 2171 357 ac

1171 367 1331 408 concedi,
1355 374 1396 402 ut
1413 370 1652 415 quodcunque
1667 369 1867 414 periculum
1885 371 2067 416 eligamus.
2101 374 2174 408 De·

1172 418 1281 464 nique
1306 420 1527 454 obtestamur
1550 433 1633 461 vos,
1670 433 1716 454 ne
1740 433 1806 455 nos
1829 422 2076 466 Plataeenses,
2112 426 2175 471 qui

1171 470 1304 505 suimus
1321 472 1581 516 promptissimi
1598 472 1635 505 in
1652 473 1858 507 defensione
1869 474 2053 517 Graeciae,
2079 476 2175 510 The-

1171 522 1295 563 banis,
1337 523 1399 569 qui
1430 524 1533 558 nobis
1564 524 1801 558 inimicissimi
1825 533 1928 567 sunt,
1972 527 2110 562 dedatis
2134 541 2177 562 ex

1174 574 1300 608 vestris
1316 575 1483 608 manibus
1495 602 1504 615 ,
1541 588 1621 609 cum
1640 576 1742 609 vobis
1758 577 1934 621 supplices
1952 579 2036 612 facti
2055 580 2178 614 simus.

1174 626 1242 659 Sed
1261 625 1335 659 sitis
1354 633 1554 660 servatores
1570 627 1697 667 nostri,
1715 640 1792 669 nec,
1810 641 1888 662 cum
1901 630 2055 664 aliorum
2067 631 2178 665 Grae-

1175 689 1299 711 corum
1316 677 1527 711 liberatores
1544 678 1619 712 sitis
1631 705 1640 719 ,
1667 691 1733 712 nos
1750 681 1920 724 perdatis.

1373 762 1540 797 Oratio
1571 761 1975 814 Thebanorumffl).

1279 830 1363 865 Non
1387 831 1686 875 postulassemus,
1721 839 1761 866 ut
1785 833 1889 867 nobis
1914 834 2031 868 dicere
2055 847 2180 868 conce-

1176 883 1340 923 deretur,
1368 883 1397 916 si
1413 883 1472 916 isti
1488 889 1521 916 et
1536 883 1693 916 breviter
1719 885 1764 917 ad
1788 885 2008 930 interrogata
2033 898 2180 931 respon-

1178 935 1331 975 dissent,
1365 941 1400 967 et
1419 947 1493 967 non
1519 935 1682 968 conversi
1707 942 1831 968 contra
1857 949 1943 977 nos,
1979 938 2084 982 longa
2114 938 2181 971 cri-

1178 986 1377 1019 minatione
1402 998 1468 1019 nos
1497 993 1738 1027 accusassent,
1774 994 1808 1020 et
1830 995 1927 1021 extra
1953 990 2181 1034 propositum

1178 1038 1321 1071 nemine
1338 1043 1526 1071 accusante
1542 1050 1615 1071 sese
1633 1046 1875 1079 excusassem,
1905 1046 1938 1073 et
1959 1041 2103 1074 nemine
2130 1041 2182 1074 vi-

1178 1095 1367 1134 tuperante
1393 1101 1467 1123 sese
1485 1090 1702 1124 laudassent.
1766 1090 1870 1125 Nunc
1894 1104 1980 1125 vero
2007 1094 2184 1138 quaedam

1180 1141 1365 1174 infitianda
1391 1147 1493 1181 sunt,
1529 1142 1703 1186 quaedam
1723 1142 1874 1186 prolatis
1889 1145 2110 1187 argumentis
2128 1156 2185 1177 re-

1179 1194 1346 1232 futanda,
1373 1204 1418 1225 ne
1437 1192 1486 1225 eis
1507 1198 1568 1225 aut
1585 1199 1705 1225 nostra
1730 1194 1965 1237 negligentia,
2000 1202 2062 1229 aut
2088 1196 2184 1241 ipso-

1179 1257 1259 1278 rum
1279 1244 1393 1288 prosit
1412 1243 1594 1278 iactantia.
1646 1243 1719 1278 Vos
1739 1251 1858 1278 autem
1875 1246 2015 1291 cognita
2033 1248 2184 1281 veritate

1179 1298 1222 1329 de
1238 1295 1400 1340 utrisque
1418 1295 1593 1329 iudicetis.

1284 1346 1396 1379 Causa
1416 1359 1523 1386 vero,
1551 1359 1613 1379 cur
1627 1344 1683 1381 his
1702 1347 1839 1381 inimici
1853 1349 1937 1382 facti
1952 1362 2086 1390 sumus,
2114 1350 2187 1395 pri-

1181 1410 1238 1430 ma
1253 1395 1342 1430 haec
1360 1403 1422 1430 est.
1462 1398 1552 1431 Cum
1563 1398 1747 1432 Plataeam
1766 1400 2033 1436 condiderimus
2050 1408 2187 1446 postre-

1181 1461 1277 1482 mam
1295 1449 1331 1481 in
1348 1448 1520 1487 Boeotia,
1549 1456 1582 1482 et
1602 1462 1680 1483 cum
1701 1463 1739 1483 ea
1756 1451 1822 1484 alia
1843 1454 2018 1498 quaedam
2039 1453 2187 1498 oppida,

1181 1513 1222 1534 ex
1256 1500 1385 1545 quibus
1417 1500 1644 1544 peregrinam
1677 1502 1866 1536 colluviem
1901 1504 2087 1545 eiecimus,
2129 1505 2187 1539 isti

1181 1552 1300 1586 statim
1337 1558 1463 1585 nostro
1499 1551 1651 1596 imperio
1688 1566 1815 1598 parere
1851 1556 2070 1597 noluerunt,
2120 1556 2188 1590 soli

1182 1603 1345 1637 omnium
1378 1603 1615 1637 Boeotiorum
1650 1605 1766 1649 patria
1801 1606 1963 1640 instituta
1998 1608 2189 1648 violantes,

1182 1667 1335 1700 cumque
1369 1655 1414 1687 ad
1450 1655 1606 1688 officium
1642 1669 1701 1690 eos
1733 1658 1892 1691 coacturi
1925 1670 2099 1700 essemus,
2143 1660 2189 1692 ad

1181 1705 1417 1740 Athenienses
1441 1707 1668 1747 defecerunt,
1709 1714 1744 1740 et
1776 1721 1857 1743 cum
1890 1710 1939 1744 eis
1968 1723 2034 1745 nos
2066 1711 2190 1745 multis

1183 1758 1324 1792 damnis
1359 1758 1573 1798 affecerunt,
1618 1771 1684 1803 pro
1720 1759 1849 1805 quibus
1884 1761 2039 1795 vicissim
2075 1763 2188 1796 multa

1183 1812 1314 1844 damna
1340 1816 1566 1854 acceperunt.

1286 1861 1484 1907 Postquam
1503 1867 1622 1894 autem
1641 1862 1816 1896 barbarus
1835 1863 2025 1897 Graeciam
2045 1863 2190 1904 invasit,

1184 1913 1285 1947 aiunt
1299 1925 1335 1947 se
1354 1913 1448 1946 solos
1467 1925 1507 1945 ex
1522 1912 1683 1946 Boeotiis
1699 1925 1772 1946 non
1789 1915 1937 1949 sensisse
1963 1928 2044 1949 cum
2061 1916 2190 1956 Medis,

1184 1977 1296 2011 eaque
1321 1977 1358 1998 re
1383 1965 1574 2009 praecipue
1607 1965 1809 2009 gloriantur
1841 1973 1875 1999 et
1905 1967 2010 2001 nobis
2040 1968 2190 2001 maledi-

1185 2023 1280 2051 cunt.
1348 2015 1542 2049 Fateamur
1574 2028 1634 2049 eos
1668 2028 1743 2049 non
1775 2018 1923 2052 sensisse
1954 2031 2034 2053 cum
2059 2019 2189 2060 Medis,

1185 2068 1268 2115 quia
1287 2080 1352 2101 nec
1368 2066 1604 2102 Athenienses
1627 2080 1707 2101 cum
1732 2068 1780 2102 eis
1801 2077 2010 2111 senserunt,
2044 2072 2105 2104 sed
2132 2083 2191 2104 eo-

1185 2122 1265 2154 dem
1284 2120 1394 2153 modo
1406 2146 1415 2160 ,
1443 2132 1522 2153 cum
1539 2117 1776 2154 Athenienses
1792 2121 1965 2155 Graeciae
1983 2122 2187 2156 libertatem

1186 2172 1393 2217 oppressuri
1411 2177 1546 2211 essent,
1581 2171 1733 2205 dicimus
1758 2185 1822 2206 vos
1847 2173 1942 2208 solos
1970 2186 2012 2207 ex
2028 2173 2190 2208 Boeotiis

1185 2225 1372 2257 adiunctos
1389 2223 1495 2256 fuisse
1513 2220 1804 2258 Atheniensibus.

1267 2275 1319 2308 Ac
1336 2275 1485 2308 modum
1502 2275 1690 2321 utriusque
1707 2275 1791 2309 facti
1807 2275 2042 2310 considerate.
2086 2275 2191 2310 Tunc

1185 2326 1281 2360 enim
1323 2326 1447 2360 civitas
1488 2338 1605 2372 neque
1646 2339 1710 2371 per
1748 2327 1945 2371 legitimum
1989 2340 2190 2373 paucorum

1185 2378 1449 2423 principatum,
1475 2390 1593 2423 neque
1609 2390 1674 2422 per
1696 2379 1908 2423 popularem
1934 2385 2066 2414 statum
2091 2391 2190 2424 rege-

1184 2431 1311 2471 batur,
1338 2430 1399 2464 sed
1416 2430 1514 2475 quod
1532 2436 1583 2463 est
1600 2429 1737 2473 legibus
1758 2437 1791 2463 et
1814 2430 2010 2465 modestiae
2034 2431 2190 2464 maxime

1185 2482 1406 2516 contrarium
1436 2487 1470 2514 et
1494 2481 1699 2526 proximum
1733 2482 1939 2527 tyrannidi,
1977 2483 2083 2527 pauci
2107 2483 2188 2528 qui-

1185 2535 1268 2567 dam
1295 2534 1331 2566 vi
1358 2533 1661 2573 dominabantur,
1707 2534 1789 2579 qui,
1831 2534 1861 2568 si
1882 2533 1981 2567 Medi
2007 2534 2189 2575 vicissent,

1184 2585 1378 2630 sperabant
1396 2597 1496 2619 suam
1514 2584 1713 2630 potentiam
1729 2585 1806 2619 fore
1823 2586 2000 2619 maiorem
2012 2613 2021 2626 ‚
2050 2592 2188 2626 contra,

1184 2638 1406 2671 voluntatem
1424 2636 1550 2682 populi
1570 2637 1744 2671 barbaros
1767 2637 1805 2670 in
1829 2638 1954 2671 urbem
1984 2638 2191 2671 introduxe-

1218 2757 1266 2785 ³8)
1286 2756 1407 2787 Thucyd.
1428 2756 1472 2785 111,
1491 2754 1619 2782 61—67.
