2351 2990
163 125 233 160 547
738 117 861 154 pun„
897 116 1010 152 MEL.
1042 113 1243 151 SCRIPTA
1268 117 1603 155 PHILOLooch.
2114 123 2187 159 348

407 207 544 240 Aliud
572 211 896 250 argumentum.

266 275 421 320 Simplex
448 281 497 308 est
524 274 682 307 narratio
706 274 749 304 de
769 269 950 313 diligentia
968 280 1051 308 sua,
1078 280 1148 314 qua

162 329 197 360 in
215 333 338 360 senatu
355 339 436 360 usus
455 333 504 359 est
522 326 555 357 in
574 324 708 367 agendo
732 334 797 365 pro
824 320 994 364 dignitate
1013 319 1147 353 Planci.

161 377 412 413 Narrationem
443 376 602 421 sequitur
641 373 783 417 obliqua
822 370 1147 409 adhortatiuncula,

160 436 197 462 ut
222 429 359 462 studeat
381 428 510 459 bellum
537 425 682 457 feliciter
707 428 871 467 coeptum
898 428 1019 455 contra
1036 420 1147 453 Anto-

159 480 258 513 nium
277 491 414 512 summo
433 476 547 510 studio
567 476 748 507 conticere.
800 473 907 506 Ratio
932 478 1072 516 sumpta
1096 478 1146 505 cst

161 544 178 564 a
197 541 345 574 persona
364 527 515 571 Ulyssis‚
544 525 605 570 qui
627 525 751 558 finiens
776 524 907 557 bellum
935 536 1009 556 non
1031 523 1146 556 mino-

161 594 234 614 rem
270 579 439 612 meruerit
475 577 633 614 laudem,
682 588 788 620 quam
822 575 1005 608 fortissimi
1042 575 1146 607 duces

161 632 378 664 Graecorum
404 628 495 660 Aiax
518 633 551 660 et
574 625 738 660 Achilles.

370 712 507 746 Aliud
536 718 852 755 argumentum
867 710 926 756 84).

257 781 379 815 Primo
396 786 446 814 cst
460 780 578 813 brevis
594 778 753 811 narratio
779 779 820 811 de
839 777 1144 812 senatusconsulto

155 837 246 867 sacto
274 833 310 865 in
336 830 510 865 honorem
537 830 680 870 Planci,
722 830 759 862 in
790 842 857 874 qua
888 834 1146 861 commemorat

157 897 258 920 suum
277 884 314 916 in
330 882 454 916 Planci
470 882 641 925 dignitate
666 881 826 924 augenda
850 880 1005 913 studium
1018 905 1026 919 ‚
1055 884 1088 911 et
1109 878 1145 910 in

156 938 222 969 fine
241 934 424 968 subiicitur
440 933 555 965 brevis
573 930 774 964 adhortatio
787 958 795 971 ‚
823 937 862 963 ut
879 930 928 964 M.
947 929 1143 963 Antonium

156 994 329 1032 tanquam
346 982 483 1018 hostem
501 983 715 1027 reipublicae
734 981 924 1026 opprimat.

206 1094 532 1138 Argumentum
562 1098 603 1125 et
630 1089 811 1125 scholia
842 1091 887 1124 in
915 1090 1094 1136 episto-

547 1143 585 1175 la
597 1156 631 1175 m
660 1141 749 1176 XIV.

255 1218 529 1253 Narratiuncula
549 1218 612 1264 S’⁵)‚
661 1219 756 1263 quod
790 1218 954 1252 omnibus
984 1224 1070 1250 nota
1101 1217 1146 1251 sit

155 1272 318 1305 voluntas
336 1269 460 1303 Planci
476 1281 557 1312 erga
575 1269 843 1312 rempublicam.
893 1268 938 1301 Et
956 1269 1073 1301 addita
1094 1274 1145 1301 est

154 1321 356 1355 adhortatio
368 1347 376 1360 ,
404 1326 443 1353 ut
462 1320 576 1363 ipsum
593 1319 790 1352 Antonium
812 1325 846 1351 et
864 1319 1030 1364 reliquias
1049 1330 1144 1351 exer-

156 1373 242 1406 citus
263 1370 562 1416 persequaturssfl).

258 1423 287 1467 {-
304 1425 339 1458 2.
367 1425 408 1456 In
427 1423 519 1455 illam
536 1418 660 1467 iyitur]
694 1417 921 1454 Adhortatio.

373 1506 509 1539 Aliud
538 1504 924 1549 argumentumffi).

257 1574 500 1609 Gratulatoria
524 1580 575 1606 est
599 1573 746 1617 epistola
770 1573 812 1604 de
837 1583 937 1605 caeso
964 1577 998 1604 et
1021 1571 1143 1614 fugato

156 1629 200 1660 ad
227 1626 402 1659 Mutinam
428 1624 599 1657 Antonio.
667 1623 817 1656 Orditur
846 1634 863 1654 a
896 1622 1142 1666 propositione

155 1679 303 1720 figurata
321 1673 497 1720 pathetica
516 1674 785 1707 exclamatione.
839 1673 1006 1718 Sequitur
1020 1684 1144 1705 narra-

158 1728 207 1761 tio
231 1729 272 1760 de
297 1728 376 1770 suga
394 1725 553 1758 Antonii.
612 1725 739 1758 Postea
761 1724 902 1757 subiicit
925 1721 1145 1756 adhortatio-

154 1791 234 1812 nem
246 1805 254 1818 ,
282 1784 321 1811 ut
337 1777 506 1821 reliquias
522 1775 606 1809 belli
624 1775 796 1808 conficiat.

406 1858 544 1891 Aliud
571 1864 896 1902 argumentum.

257 1926 501 1963 Gratulatoria
531 1932 581 1959 est
606 1932 639 1959 et
665 1924 922 1959 adhortatoria.
978 1925 1145 1959 Gratula—

154 1982 203 2014 tio
234 1987 303 2020 est,
353 1979 449 2024 quod
481 1989 586 2009 nemo
621 1977 691 2009 iam
724 1977 860 2009 dubitet
891 1977 932 2009 de
962 1977 1145 2010 voluntate

154 2031 291 2071 Planci,
318 2036 357 2063 ut
374 2029 434 2074 qui
450 2040 484 2061 se
503 2027 585 2060 totis
602 2027 736 2060 viribus
755 2026 962 2071 opposuerit
973 2026 1144 2061 Antonio.

156 2080 367 2115 Adhortatio
384 2086 454 2118 est,
480 2085 519 2111 ut
533 2078 731 2111 Antonium
752 2084 785 2110 et
803 2078 876 2111 eius
896 2079 1066 2111 exercitus
1091 2090 1145 2112 re-

158 2133 285 2178 liquias
300 2136 545 2176 persequatur.

397 2214 536 2248 Aliud
564 2220 890 2257 argumentum.

261 2283 383 2317 Brevis
409 2288 460 2316 est
481 2280 661 2320 narratio,
697 2292 785 2325 quae
811 2281 969 2313 continet
992 2281 1145 2323 gratula-

161 2335 293 2367 tionem
320 2336 362 2367 de
388 2339 489 2378 parta
516 2331 663 2364 victoria
682 2337 807 2363 contra
825 2330 1033 2365 Antonium.
1086 2331 1145 2364 Se-

195 2468 243 2494 84)
263 2467 320 2489 Hoc
338 2468 527 2497 argumentum
545 2466 647 2498 legitur
665 2466 691 2490 in
710 2465 793 2491 Editt.
817 2465 1007 2490 ¹565—1596.

195 2509 243 2535 85)
264 2507 330 2530 Huic
350 2508 408 2530 voci
428 2509 452 2530 in
472 2509 554 2532 Editt.
579 2508 669 2532 ¹540..
691 2508 782 2534 1544..
810 2508 901 2537 1554„
929 2507 1002 2531 1557.
1026 2508 1147 2537 praefixa

229 2544 292 2565 sunt
312 2541 367 2564 Cic.
389 2543 472 2564 verba
494 2542 533 2572 (S.
550 2541 601 2572 1.):
632 2543 653 2566 0
672 2543 789 2571 yratum
807 2541 924 2572 famam.

195 2585 242 2611 86)
262 2584 318 2606 Hoc
341 2585 529 2608 argumentum
554 2583 677 2606 exhibent
702 2583 785 2607 Editt.
808 2583 1025 2613 1537—1545.‚
1060 2584 1146 2615 1554.,

233 2617 324 2646 ι557.,
348 2617 426 2641 1560.

194 2660 242 2687 87)
265 2660 321 2682 Hoc
347 2660 535 2688 argumentum
560 2659 586 2681 et
613 2659 663 2682 duo
686 2660 828 2689 sequentia
846 2659 997 2684 afferuntur
1018 2660 1045 2684 in
1063 2659 1146 2683 Editt.

233 2693 324 2723 1556„
347 2692 534 2716 1565—1596.

1203 204 1324 249 quitur
1346 202 1655 239 adhortatiuncula
1668 231 1677 245 ‚
1704 211 1743 239 ut
1759 205 1899 240 sortiter
1915 213 2039 251 pergat
2054 207 2091 241 in
2109 221 2188 253 per-

1201 255 1388 301 sequendis
1403 254 1581 297 hostibus,
1608 263 1647 290 ut
1664 268 1707 290 ne
1724 257 1875 291 scintilla
1892 258 2035 304 quidem
2051 259 2188 304 reliqna

1202 318 1273 339 esse
1303 307 1484 347 videatur,
1525 319 1604 341 cum
1635 305 1723 340 haec
1754 309 1828 342 sola
1855 321 1911 343 res
1942 310 2036 354 apud
2067 322 2188 344 omnes

1200 369 1376 390 summam
1393 364 1572 392 mereatur
1590 359 1743 394 laudem.

1413 442 1549 478 Aliud
1585 445 1969 492 argumentumffi).

1300 509 1422 544 Primo
1455 518 1507 545 est
1536 512 1727 555 gratulatio
1758 513 1800 546 de
1834 514 1989 546 adventu
2016 512 2187 547 exercitus

1198 560 1341 601 Planci,
1373 568 1407 594 et
1432 563 1474 595 de
1498 563 1625 595 nuntio
1652 563 1836 597 victoriae.
1889 563 2026 596 Deinde
2045 564 2188 598 additur

1199 610 1402 645 adhortatio
1420 624 1437 644 a
1458 624 1595 645 summa
1616 614 1798 647 occasione
1813 626 1931 647 rerum
1948 615 2186 648 maximarum

1199 663 1473 696 efficiendarum.
1535 663 1708 696 Hortatur
1731 665 1824 697 enim
1849 665 2021 698 Plancum
2046 666 2090 698 ad
2113 666 2185 698 An-

1199 714 1336 747 tonium
1358 720 1391 746 et
1408 713 1576 759 reliquias
1593 716 1763 748 exercitus
1781 715 1854 748 eins
1870 717 2142 761 persequendas.

1247 823 1570 868 Argumentum
1604 829 1646 855 et
1679 820 1852 856 scholia
1887 823 1931 857 in
1965 825 2136 868 episto-

1594 874 1681 906 lam
1709 872 1784 907 XV.

1298 948 1521 994 Narratioffi)
1546 949 1588 981 de
1613 960 1675 982 sua
1702 948 1883 992 diligentia
1910 949 1946 982 in
1969 949 2104 994 Lepido
2121 950 2187 983 sihi

1199 1000 1442 1039 conciliando,
1471 1006 1505 1031 et
1521 1000 1563 1032 de
1581 999 1651 1032 suis
1668 999 1822 1033 consiliis
1842 1000 1878 1032 in
1903 1001 2185 1034 administrando

1199 1051 1291 1083 bello
1302 1050 1361 1096 ⁹⁰).

1300 1099 1330 1144 ἓ.
1356 1101 1390 1133 3.
1427 1102 1543 1145 ltaque
1567 1102 1603 1133 in
1627 1097 1747 1146 Isura]
1782 1099 1835 1132 De
1858 1100 2123 1141 IsaraJHumine
2138 1101 2184 1148 ⁹¹)

1198 1158 1248 1185 est
1264 1152 1359 1195 apud
1375 1151 1532 1183 Plinium
1556 1151 1616 1183 lib.
1636 1151 1669 1183 3.
1700 1162 1775 1193 cap.
1796 1148 1830 1183 5.

1301 1201 1330 1245 ᾗ.
1351 1201 1384 1235 4.
1422 1203 1513 1242 Quod
1535 1203 1565 1235 si
1588 1199 1693 1247 latro]
1731 1200 1919 1234 Concludit
1942 1201 2185 1235 narrationem

1198 1252 1467 1297 pollicitatione.

1417 1332 1554 1365 Aliud
1583 1333 1963 1380 argumentumffi).

1299 1399 1527 1434 Nuntiatoria
1548 1407 1598 1434 est
1618 1401 1777 1444 epistola.
1830 1400 2010 1444 Significat
2033 1401 2125 1434 enim
2150 1412 2185 1435 se

1198 1450 1305 1493 egisse
1323 1463 1402 1484 cum
1414 1450 1570 1495 Lepido,
1597 1457 1636 1484 nt
1654 1452 1849 1484 coniunctis
1866 1452 2074 1485 exercitibus
2092 1464 2187 1485 com—

1197 1501 1298 1534 muni
1315 1514 1397 1534 cura
1414 1502 1672 1545 rempublicam
1699 1503 1742 1534 ab
1759 1502 1916 1534 Antonio
1935 1503 2072 1536 liberet.
2124 1502 2187 1535 Est

1197 1552 1316 1597 itaque
1335 1558 1504 1596 perpetua
1531 1553 1705 1597 quaedam
1728 1552 1888 1585 narratio
1912 1553 1953 1585 de
1977 1565 2040 1586 suo
2068 1553 2184 1586 studio

1197 1603 1382 1636 resistendi
1399 1603 1557 1636 Antonio
1575 1610 1608 1635 et
1626 1603 1802 1636 iuvandae
1821 1603 2048 1647 reipublicae.

1439 1690 1575 1724 Aliud
1601 1697 1930 1736 argumentum.

1299 1758 1528 1792 Nuntiatoria
1561 1766 1612 1793 est
1640 1760 1808 1804 epistola,
1851 1759 1888 1792 in
1918 1770 1987 1805 qua
2019 1758 2183 1797 ostendit,

1199 1816 1331 1853 quanta
1348 1822 1430 1843 usus
1451 1810 1495 1843 sit
1519 1810 1699 1854 diligentia
1722 1811 1758 1843 in
1776 1810 1912 1854 Lepido
1936 1810 2002 1843 sibi
2027 1809 2182 1842 reconci-

1198 1860 1317 1893 liando
1343 1867 1376 1893 et
1398 1872 1488 1905 quae
1506 1862 1637 1894 suerint
1661 1862 1806 1895 consilia
1831 1861 2042 1904 suscipiendi
2068 1866 2101 1892 et
2123 1861 2184 1892 ad-

1198 1911 1425 1944 ministrandi
1453 1912 1537 1944 belli
1568 1919 1691 1945 contra
1715 1913 1922 1945 Antonium.
1986 1911 2183 1944 Exordium

1198 1963 1391 1995 admodum
1407 1963 1513 1995 breve
1533 1969 1583 1996 est
1598 1964 1639 1996 de
1657 1964 1840 1996 occasione
1858 1961 2045 1995 scribendi.
2092 1961 2182 1995 Nar-

1197 2013 1302 2053 ratio,
1330 2025 1420 2058 quae
1436 2013 1606 2058 sequitur,
1634 2014 1796 2058 inprimis
1814 2019 1865 2046 est
1881 2013 2019 2056 elegans
2036 2018 2183 2057 propter

1199 2064 1361 2096 ordinem
1377 2065 1419 2097 de
1437 2077 1499 2098 suo
1515 2064 1631 2097 studio
1650 2071 1682 2097 et
1698 2064 1864 2098 consiliis.
1916 2063 2078 2096 Primum
2097 2063 2183 2109 quid

1199 2115 1309 2158 egerit
1333 2127 1412 2148 cum
1435 2114 1572 2159 Lepido
1601 2121 1634 2148 et
1668 2115 1771 2160 quale
1797 2114 1971 2158 acceperit
1995 2115 2038 2147 ab
2063 2126 2104 2147 eo
2127 2125 2181 2146 re-

1198 2178 1379 2210 sponsum.
1437 2166 1574 2198 Deinde
1598 2166 1695 2198 addit
1718 2178 1819 2199 suum
1844 2165 2028 2199 consilium
2053 2166 2095 2197 de
2121 2166 2181 2197 ad-

1198 2218 1377 2250 monendo
1396 2216 1544 2261 Lepido.
1596 2217 1782 2250 Postremo
1801 2216 1966 2250 describit
1983 2222 2182 2260 susceptum

1231 2352 1279 2380 88)
1298 2352 1355 2375 Hoc
1373 2350 1561 2381 argumentum
1581 2348 1607 2372 in
1626 2348 1708 2374 Editt.
1733 2349 1915 2373 1565—1596.
1935 2349 2079 2373 invenitur.

1232 2394 1280 2422 89)
1300 2393 1367 2417 Huic
1385 2392 1445 2416 voci
1464 2392 1491 2415 in
1511 2391 1593 2415 Editt.
1616 2392 1706 2420 ¹540.,
1731 2392 1823 2421 ¹544„
1854 2393 1944 2423 1554„
1964 2392 2037 2416 1557.
2062 2391 2181 2422 praefixa

1268 2429 1331 2451 sunt
1356 2427 1411 2451 Cic.
1436 2427 1521 2449 verba
1544 2426 1653 2454 (§.1.):
1681 2427 1735 2450 His
1754 2427 1872 2451 litteris.

1232 2471 1280 2498 90)
1302 2471 1357 2493 Hoc
1371 2470 1558 2499 argumentum
1572 2468 1669 2491 habeut
1684 2468 1767 2492 Editt.
1784 2468 1972 2498 15³7—1545.,
1990 2467 2073 2497 ¹554„
2096 2466 2181 2497 1557.,

1270 2504 1342 2528 1560.

1233 2548 1279 2580 9¹)
1300 2548 1377 2571 Isara
1406 2546 1502 2569 flumen
1533 2544 1640 2568 Galliae
1668 2544 1872 2574 Narbonensis,
1904 2549 1974 2566 nunc
1998 2541 2089 2570 {serm
2126 2541 2179 2565 vid.

1270 2582 1338 2605 Ptin.
1357 2581 1418 2603 hist.
1440 2582 1495 2603 nat.
1514 2579 1559 2607 111,
1577 2579 1602 2603 5.
1623 2578 1670 2610 (al.
1684 2581 1742 2609 4.)‚
1777 2581 1803 2602 et
1823 2577 1964 2602 strabonis
1984 2581 2078 2606 geogr.
2097 2576 2113 2598 Ι.
2133 2575 2180 2598 lv.

1268 2624 1292 2646 p.
1312 2615 1369 2640 185.
1389 2615 1428 2638 ed.
1451 2613 1566 2638 casaub.

1232 2659 1281 2687 92)
1300 2659 1356 2681 Hoc
1374 2657 1563 2686 argumentum
1582 2656 1609 2678 et
1627 2655 1678 2680 duo
1698 2653 1841 2685 mquentia
1858 2653 1885 2677 in
1903 2651 1986 2676 Editt.
2005 2651 2077 2676 1556.
2089 2668 2095 2676 .
2118 2651 2182 2676 1565

1267 2691 1383 2715 -1596.
1402 2690 1563 2714 afferuntur.
