<?xml version="1.0" encoding="UTF-8"?>
<!DOCTYPE html PUBLIC "-//W3C//DTD XHTML 1.0 Transitional//EN"
    "http://www.w3.org/TR/xhtml1/DTD/xhtml1-transitional.dtd">
<html xmlns="http://www.w3.org/1999/xhtml" xml:lang="en" lang="en">
 <head>
  <title>
</title>
<meta http-equiv="Content-Type" content="text/html;charset=utf-8" />
  <meta name='ocr-system' content='tesseract 3.04.00' />
  <meta name='ocr-capabilities' content='ocr_page ocr_carea ocr_par ocr_line ocrx_word'/>
</head>
<body>
  <div class='ocr_page' id='page_1' title='image "./operaquaesupersu17melauoft/operaquaesupersu17melauoft_0069.png"; bbox 0 0 2294 2975; ppageno 0'>
   <div class='ocr_carea' id='block_1_1' title="bbox 79 119 351 156">
    <p class='ocr_par' dir='ltr' id='par_1_1' title="bbox 79 119 351 156">
     <span class='ocr_line' id='line_1_1' title="bbox 79 119 351 156; baseline 0.004 -1"><span class='ocrx_word' id='word_1_1' title='bbox 79 121 150 155; x_wconf 81' lang='lat'>113</span> <span class='ocrx_word' id='word_1_2' title='bbox 228 119 351 156; x_wconf 83' lang='lat' dir='ltr'><strong>XXIII.</strong></span> 
     </span>
    </p>
   </div>
   <div class='ocr_carea' id='block_1_2' title="bbox 296 203 844 250">
    <p class='ocr_par' dir='ltr' id='par_1_2' title="bbox 296 203 844 250">
     <span class='ocr_line' id='line_1_2' title="bbox 296 203 844 250; baseline -0.005 -10"><span class='ocrx_word' id='word_1_3' title='bbox 296 206 429 240; x_wconf 85' lang='lat' dir='ltr'>Aliud</span> <span class='ocrx_word' id='word_1_4' title='bbox 456 209 769 250; x_wconf 74' lang='lat' dir='ltr'>argumentum</span> <span class='ocrx_word' id='word_1_5' title='bbox 785 203 844 250; x_wconf 68' lang='grc'>21).</span> 
     </span>
    </p>
   </div>
   <div class='ocr_carea' id='block_1_3' title="bbox 70 272 1068 2150">
    <p class='ocr_par' dir='ltr' id='par_1_3' title="bbox 70 272 1068 2150">
     <span class='ocr_line' id='line_1_3' title="bbox 176 272 1068 322; baseline -0.006 -12"><span class='ocrx_word' id='word_1_6' title='bbox 176 276 371 322; x_wconf 85' lang='lat' dir='ltr'>Postquam</span> <span class='ocrx_word' id='word_1_7' title='bbox 389 274 542 308; x_wconf 88' lang='lat' dir='ltr'>venisset</span> <span class='ocrx_word' id='word_1_8' title='bbox 557 272 694 318; x_wconf 83' lang='lat' dir='ltr'>Appius</span> <span class='ocrx_word' id='word_1_9' title='bbox 714 273 758 306; x_wconf 87' lang='lat' dir='ltr'>ad</span> <span class='ocrx_word' id='word_1_10' title='bbox 782 273 907 306; x_wconf 84' lang='lat' dir='ltr'>urbem</span> <span class='ocrx_word' id='word_1_11' title='bbox 931 284 971 306; x_wconf 87' lang='lat' dir='ltr'>ea</span> <span class='ocrx_word' id='word_1_12' title='bbox 995 285 1068 317; x_wconf 86' lang='lat' dir='ltr'>spe,</span> 
     </span>
     <span class='ocr_line' id='line_1_4' title="bbox 74 322 1068 372; baseline -0.002 -13"><span class='ocrx_word' id='word_1_13' title='bbox 74 328 171 372; x_wconf 85' lang='lat' dir='ltr'>quod</span> <span class='ocrx_word' id='word_1_14' title='bbox 193 334 287 361; x_wconf 84' lang='lat' dir='ltr'>certo</span> <span class='ocrx_word' id='word_1_15' title='bbox 307 331 558 360; x_wconf 88' lang='lat' dir='ltr'>consecuturus</span> <span class='ocrx_word' id='word_1_16' title='bbox 578 331 666 358; x_wconf 91' lang='lat' dir='ltr'>esset</span> <span class='ocrx_word' id='word_1_17' title='bbox 688 322 908 368; x_wconf 88' lang='lat' dir='ltr'>triumphum</span> <span class='ocrx_word' id='word_1_18' title='bbox 921 351 930 364; x_wconf 96' lang='lat'>,</span> <span class='ocrx_word' id='word_1_19' title='bbox 958 323 1068 368; x_wconf 89' lang='lat' dir='ltr'>impe-</span> 
     </span>
     <span class='ocr_line' id='line_1_5' title="bbox 74 376 1067 420; baseline -0.003 -10"><span class='ocrx_word' id='word_1_20' title='bbox 74 378 168 412; x_wconf 87' lang='lat' dir='ltr'>ditus</span> <span class='ocrx_word' id='word_1_21' title='bbox 192 385 311 411; x_wconf 88' lang='lat' dir='ltr'>tamen</span> <span class='ocrx_word' id='word_1_22' title='bbox 338 384 388 411; x_wconf 86' lang='lat' dir='ltr'>est</span> <span class='ocrx_word' id='word_1_23' title='bbox 411 389 430 409; x_wconf 92' lang='lat' dir='ltr'>a</span> <span class='ocrx_word' id='word_1_24' title='bbox 455 376 660 415; x_wconf 74' lang='lat' dir='ltr'>Dolabella,</span> <span class='ocrx_word' id='word_1_25' title='bbox 699 376 761 420; x_wconf 87' lang='lat' dir='ltr'>qui</span> <span class='ocrx_word' id='word_1_26' title='bbox 787 388 866 408; x_wconf 88' lang='lat' dir='ltr'>eum</span> <span class='ocrx_word' id='word_1_27' title='bbox 890 376 1067 408; x_wconf 70' lang='lat' dir='ltr'>accusavit</span> 
     </span>
     <span class='ocr_line' id='line_1_6' title="bbox 73 426 1065 475; baseline -0.002 -13"><span class='ocrx_word' id='word_1_28' title='bbox 73 430 248 475; x_wconf 75' lang='lat' dir='ltr'>statim22)</span> <span class='ocrx_word' id='word_1_29' title='bbox 270 430 312 462; x_wconf 90' lang='lat' dir='ltr'>de</span> <span class='ocrx_word' id='word_1_30' title='bbox 338 428 493 466; x_wconf 79' lang='lat' dir='ltr'>ambitu,</span> <span class='ocrx_word' id='word_1_31' title='bbox 535 439 576 460; x_wconf 80' lang='lat' dir='ltr'>cx</span> <span class='ocrx_word' id='word_1_32' title='bbox 601 438 669 473; x_wconf 88' lang='lat' dir='ltr'>qua</span> <span class='ocrx_word' id='word_1_33' title='bbox 697 439 736 459; x_wconf 88' lang='lat' dir='ltr'>re</span> <span class='ocrx_word' id='word_1_34' title='bbox 766 439 843 459; x_wconf 91' lang='lat' dir='ltr'>cum</span> <span class='ocrx_word' id='word_1_35' title='bbox 870 426 1065 460; x_wconf 79' lang='lat' dir='ltr'>maximum</span> 
     </span>
     <span class='ocr_line' id='line_1_7' title="bbox 74 478 1063 526; baseline -0.003 -13"><span class='ocrx_word' id='word_1_36' title='bbox 74 481 236 513; x_wconf 89' lang='lat' dir='ltr'>dolorem</span> <span class='ocrx_word' id='word_1_37' title='bbox 261 479 460 526; x_wconf 59' lang='grc' dir='ltr'><strong>0011155οὶ23)</strong></span> <span class='ocrx_word' id='word_1_38' title='bbox 485 478 641 523; x_wconf 78' lang='lat' dir='ltr'>Appius,</span> <span class='ocrx_word' id='word_1_39' title='bbox 668 478 872 511; x_wconf 75' lang='lat' dir='ltr'>existimans</span> <span class='ocrx_word' id='word_1_40' title='bbox 896 489 1063 521; x_wconf 84' lang='lat' dir='ltr'>magnam</span> 
     </span>
     <span class='ocr_line' id='line_1_8' title="bbox 73 529 1063 576; baseline -0.003 -12"><span class='ocrx_word' id='word_1_41' title='bbox 73 543 146 565; x_wconf 86' lang='lat' dir='ltr'>esse</span> <span class='ocrx_word' id='word_1_42' title='bbox 180 531 415 576; x_wconf 76' lang='lat' dir='ltr'>ignominiam</span> <span class='ocrx_word' id='word_1_43' title='bbox 434 557 443 571; x_wconf 85' lang='lat'>,</span> <span class='ocrx_word' id='word_1_44' title='bbox 490 542 526 564; x_wconf 89' lang='lat' dir='ltr'>se</span> <span class='ocrx_word' id='word_1_45' title='bbox 561 542 633 562; x_wconf 90' lang='lat' dir='ltr'>non</span> <span class='ocrx_word' id='word_1_46' title='bbox 667 542 740 563; x_wconf 89' lang='grc'><strong>0550</strong></span> <span class='ocrx_word' id='word_1_47' title='bbox 775 536 1000 563; x_wconf 75' lang='lat' dir='ltr'>consecutum</span> <span class='ocrx_word' id='word_1_48' title='bbox 1019 529 1063 575; x_wconf 59' lang='grc' dir='ltr'>Ἃ)</span> 
     </span>
     <span class='ocr_line' id='line_1_9' title="bbox 72 581 1062 627; baseline -0.002 -12"><span class='ocrx_word' id='word_1_49' title='bbox 72 581 294 627; x_wconf 85' lang='lat' dir='ltr'>triumphum</span> <span class='ocrx_word' id='word_1_50' title='bbox 306 609 315 623; x_wconf 94' lang='lat'>,</span> <span class='ocrx_word' id='word_1_51' title='bbox 344 582 466 615; x_wconf 86' lang='lat' dir='ltr'>Cicero</span> <span class='ocrx_word' id='word_1_52' title='bbox 484 582 519 614; x_wconf 93' lang='lat' dir='ltr'>in</span> <span class='ocrx_word' id='word_1_53' title='bbox 538 581 652 625; x_wconf 91' lang='lat' dir='ltr'>prima</span> <span class='ocrx_word' id='word_1_54' title='bbox 670 587 771 624; x_wconf 84' lang='lat' dir='ltr'>parte</span> <span class='ocrx_word' id='word_1_55' title='bbox 789 581 957 625; x_wconf 83' lang='lat' dir='ltr'>epistolae</span> <span class='ocrx_word' id='word_1_56' title='bbox 984 593 1062 613; x_wconf 88' lang='lat' dir='ltr'>eum</span> 
     </span>
     <span class='ocr_line' id='line_1_10' title="bbox 73 631 1064 675; baseline -0.001 -10"><span class='ocrx_word' id='word_1_57' title='bbox 73 634 288 667; x_wconf 85' lang='lat' dir='ltr'>consolatur.</span> <span class='ocrx_word' id='word_1_58' title='bbox 342 632 381 666; x_wconf 92' lang='lat' dir='ltr'>In</span> <span class='ocrx_word' id='word_1_59' title='bbox 404 634 512 666; x_wconf 87' lang='lat' dir='ltr'>altera</span> <span class='ocrx_word' id='word_1_60' title='bbox 538 644 622 665; x_wconf 73' lang='lat' dir='ltr'>vero</span> <span class='ocrx_word' id='word_1_61' title='bbox 647 638 776 675; x_wconf 84' lang='lat' dir='ltr'>purgat</span> <span class='ocrx_word' id='word_1_62' title='bbox 799 632 872 665; x_wconf 85' lang='lat' dir='ltr'>eius</span> <span class='ocrx_word' id='word_1_63' title='bbox 896 631 1064 675; x_wconf 87' lang='lat' dir='ltr'>suspicio-</span> 
     </span>
     <span class='ocr_line' id='line_1_11' title="bbox 73 683 1063 730; baseline -0.003 -13"><span class='ocrx_word' id='word_1_64' title='bbox 73 697 146 718; x_wconf 83' lang='lat' dir='ltr'>nes.</span> <span class='ocrx_word' id='word_1_65' title='bbox 198 685 321 718; x_wconf 86' lang='lat' dir='ltr'>Primo</span> <span class='ocrx_word' id='word_1_66' title='bbox 343 685 462 730; x_wconf 85' lang='lat' dir='ltr'>itaque</span> <span class='ocrx_word' id='word_1_67' title='bbox 485 685 563 717; x_wconf 88' lang='lat' dir='ltr'>loco</span> <span class='ocrx_word' id='word_1_68' title='bbox 589 683 736 727; x_wconf 87' lang='lat' dir='ltr'>ponitur</span> <span class='ocrx_word' id='word_1_69' title='bbox 758 683 863 727; x_wconf 83' lang='lat' dir='ltr'>longa</span> <span class='ocrx_word' id='word_1_70' title='bbox 889 683 1063 722; x_wconf 85' lang='lat' dir='ltr'>narratio,</span> 
     </span>
     <span class='ocr_line' id='line_1_12' title="bbox 73 733 1063 781; baseline -0.003 -14"><span class='ocrx_word' id='word_1_71' title='bbox 73 735 110 768; x_wconf 86' lang='grc'>111</span> <span class='ocrx_word' id='word_1_72' title='bbox 128 748 197 781; x_wconf 83' lang='lat' dir='ltr'>qua</span> <span class='ocrx_word' id='word_1_73' title='bbox 215 736 368 769; x_wconf 81' lang='lat' dir='ltr'>ostendit</span> <span class='ocrx_word' id='word_1_74' title='bbox 384 748 418 769; x_wconf 92' lang='lat' dir='ltr'>se</span> <span class='ocrx_word' id='word_1_75' title='bbox 437 735 631 768; x_wconf 81' lang='lat' dir='ltr'>admodum</span> <span class='ocrx_word' id='word_1_76' title='bbox 657 735 797 773; x_wconf 77' lang='lat' dir='ltr'>dolere,</span> <span class='ocrx_word' id='word_1_77' title='bbox 831 735 924 779; x_wconf 85' lang='lat' dir='ltr'>quod</span> <span class='ocrx_word' id='word_1_78' title='bbox 949 733 1063 766; x_wconf 88' lang='lat' dir='ltr'>consi-</span> 
     </span>
     <span class='ocr_line' id='line_1_13' title="bbox 70 783 1063 831; baseline -0.002 -13"><span class='ocrx_word' id='word_1_79' title='bbox 70 787 119 819; x_wconf 92' lang='lat' dir='ltr'>lio</span> <span class='ocrx_word' id='word_1_80' title='bbox 138 787 342 820; x_wconf 78' lang='lat' dir='ltr'>invidorum</span> <span class='ocrx_word' id='word_1_81' title='bbox 367 793 507 831; x_wconf 79' lang='lat' dir='ltr'>ereptus</span> <span class='ocrx_word' id='word_1_82' title='bbox 532 786 576 819; x_wconf 89' lang='lat' dir='ltr'>sit</span> <span class='ocrx_word' id='word_1_83' title='bbox 600 783 822 829; x_wconf 83' lang='lat' dir='ltr'>triumphus,</span> <span class='ocrx_word' id='word_1_84' title='bbox 857 784 985 817; x_wconf 85' lang='lat' dir='ltr'>additis</span> <span class='ocrx_word' id='word_1_85' title='bbox 1009 796 1063 816; x_wconf 84' lang='lat' dir='ltr'>ar-</span> 
     </span>
     <span class='ocr_line' id='line_1_14' title="bbox 73 834 1063 882; baseline -0.004 -12"><span class='ocrx_word' id='word_1_86' title='bbox 73 839 249 882; x_wconf 78' lang='lat' dir='ltr'>gumentis</span> <span class='ocrx_word' id='word_1_87' title='bbox 267 838 538 877; x_wconf 76' lang='lat' dir='ltr'>consolationis,</span> <span class='ocrx_word' id='word_1_88' title='bbox 567 837 661 882; x_wconf 90' lang='lat' dir='ltr'>quod</span> <span class='ocrx_word' id='word_1_89' title='bbox 680 834 769 868; x_wconf 83' lang='grc'><strong>1111111</strong></span> <span class='ocrx_word' id='word_1_90' title='bbox 788 835 981 867; x_wconf 75' lang='lat' dir='ltr'>admodum</span> <span class='ocrx_word' id='word_1_91' title='bbox 1001 835 1063 867; x_wconf 87' lang='lat' dir='ltr'>‹lo-</span> 
     </span>
     <span class='ocr_line' id='line_1_15' title="bbox 70 884 1063 934; baseline -0.005 -12"><span class='ocrx_word' id='word_1_92' title='bbox 70 889 143 922; x_wconf 86' lang='lat' dir='ltr'>lere</span> <span class='ocrx_word' id='word_1_93' title='bbox 166 890 269 922; x_wconf 84' lang='lat' dir='ltr'>debet</span> <span class='ocrx_word' id='word_1_94' title='bbox 292 896 440 934; x_wconf 84' lang='lat' dir='ltr'>propter</span> <span class='ocrx_word' id='word_1_95' title='bbox 467 895 626 932; x_wconf 86' lang='lat' dir='ltr'>ereptum</span> <span class='ocrx_word' id='word_1_96' title='bbox 652 884 886 930; x_wconf 79' lang='lat' dir='ltr'>triumphum.</span> <span class='ocrx_word' id='word_1_97' title='bbox 953 886 1063 918; x_wconf 82' lang='lat' dir='ltr'>Addit</span> 
     </span>
     <span class='ocr_line' id='line_1_16' title="bbox 73 938 1063 985; baseline -0.003 -13"><span class='ocrx_word' id='word_1_98' title='bbox 73 946 258 984; x_wconf 84' lang='lat' dir='ltr'>praeterea</span> <span class='ocrx_word' id='word_1_99' title='bbox 289 940 583 985; x_wconf 76' lang='lat' dir='ltr'>pollicitationem</span> <span class='ocrx_word' id='word_1_100' title='bbox 606 938 661 972; x_wconf 92' lang='lat' dir='ltr'>sui</span> <span class='ocrx_word' id='word_1_101' title='bbox 685 938 810 977; x_wconf 82' lang='lat' dir='ltr'>officii,</span> <span class='ocrx_word' id='word_1_102' title='bbox 853 943 885 970; x_wconf 88' lang='grc'>01</span> <span class='ocrx_word' id='word_1_103' title='bbox 909 938 1063 981; x_wconf 81' lang='lat' dir='ltr'>gratula-</span> 
     </span>
     <span class='ocr_line' id='line_1_17' title="bbox 71 987 1063 1024; baseline -0.004 0"><span class='ocrx_word' id='word_1_104' title='bbox 71 991 205 1024; x_wconf 82' lang='lat' dir='ltr'>tionem</span> <span class='ocrx_word' id='word_1_105' title='bbox 240 992 282 1023; x_wconf 92' lang='lat' dir='ltr'>de</span> <span class='ocrx_word' id='word_1_106' title='bbox 311 992 490 1023; x_wconf 87' lang='lat' dir='ltr'>bonorum</span> <span class='ocrx_word' id='word_1_107' title='bbox 520 988 709 1023; x_wconf 88' lang='lat' dir='ltr'>hominum</span> <span class='ocrx_word' id='word_1_108' title='bbox 744 988 893 1022; x_wconf 80' lang='lat' dir='ltr'>auxiliis.</span> <span class='ocrx_word' id='word_1_109' title='bbox 952 987 1063 1021; x_wconf 73' lang='lat' dir='ltr'>Inter-</span> 
     </span>
     <span class='ocr_line' id='line_1_18' title="bbox 71 1040 1062 1086; baseline -0.003 -11"><span class='ocrx_word' id='word_1_110' title='bbox 71 1048 163 1076; x_wconf 83' lang='lat' dir='ltr'>serta</span> <span class='ocrx_word' id='word_1_111' title='bbox 180 1048 230 1075; x_wconf 89' lang='lat' dir='ltr'>est</span> <span class='ocrx_word' id='word_1_112' title='bbox 247 1041 364 1075; x_wconf 84' lang='lat' dir='ltr'>brevis</span> <span class='ocrx_word' id='word_1_113' title='bbox 382 1041 506 1086; x_wconf 89' lang='lat' dir='ltr'>petitio</span> <span class='ocrx_word' id='word_1_114' title='bbox 518 1068 526 1081; x_wconf 87' lang='lat'>,</span> <span class='ocrx_word' id='word_1_115' title='bbox 563 1052 631 1086; x_wconf 90' lang='lat' dir='ltr'>qua</span> <span class='ocrx_word' id='word_1_116' title='bbox 649 1052 756 1084; x_wconf 86' lang='lat' dir='ltr'>supra</span> <span class='ocrx_word' id='word_1_117' title='bbox 775 1040 880 1073; x_wconf 87' lang='lat' dir='ltr'>etiam</span> <span class='ocrx_word' id='word_1_118' title='bbox 898 1052 981 1073; x_wconf 89' lang='lat' dir='ltr'>usus</span> <span class='ocrx_word' id='word_1_119' title='bbox 1000 1046 1062 1079; x_wconf 86' lang='lat' dir='ltr'>est,</span> 
     </span>
     <span class='ocr_line' id='line_1_19' title="bbox 70 1091 1062 1138; baseline -0.003 -13"><span class='ocrx_word' id='word_1_120' title='bbox 70 1099 111 1126; x_wconf 88' lang='lat' dir='ltr'>ut</span> <span class='ocrx_word' id='word_1_121' title='bbox 127 1105 171 1125; x_wconf 90' lang='lat' dir='ltr'>ne</span> <span class='ocrx_word' id='word_1_122' title='bbox 192 1092 278 1138; x_wconf 90' lang='lat' dir='ltr'>quid</span> <span class='ocrx_word' id='word_1_123' title='bbox 294 1092 465 1136; x_wconf 87' lang='lat' dir='ltr'>temporis</span> <span class='ocrx_word' id='word_1_124' title='bbox 485 1091 654 1124; x_wconf 86' lang='lat' dir='ltr'>manendi</span> <span class='ocrx_word' id='word_1_125' title='bbox 672 1092 708 1124; x_wconf 92' lang='lat' dir='ltr'>in</span> <span class='ocrx_word' id='word_1_126' title='bbox 727 1091 909 1135; x_wconf 77' lang='lat' dir='ltr'>provincia</span> <span class='ocrx_word' id='word_1_127' title='bbox 936 1103 1062 1135; x_wconf 88' lang='lat' dir='ltr'>proro-</span> 
     </span>
     <span class='ocr_line' id='line_1_20' title="bbox 71 1140 1063 1188; baseline -0.002 -12"><span class='ocrx_word' id='word_1_128' title='bbox 71 1150 184 1188; x_wconf 85' lang='lat' dir='ltr'>getur.</span> <span class='ocrx_word' id='word_1_129' title='bbox 237 1144 337 1176; x_wconf 85' lang='lat' dir='ltr'>Hanc</span> <span class='ocrx_word' id='word_1_130' title='bbox 353 1143 505 1188; x_wconf 78' lang='lat' dir='ltr'>primam</span> <span class='ocrx_word' id='word_1_131' title='bbox 521 1149 658 1187; x_wconf 85' lang='lat' dir='ltr'>partem</span> <span class='ocrx_word' id='word_1_132' title='bbox 678 1142 856 1175; x_wconf 82' lang='lat' dir='ltr'>concludit</span> <span class='ocrx_word' id='word_1_133' title='bbox 872 1140 1063 1186; x_wconf 85' lang='lat' dir='ltr'>reprehen-</span> 
     </span>
     <span class='ocr_line' id='line_1_21' title="bbox 71 1192 1062 1239; baseline -0.002 -12"><span class='ocrx_word' id='word_1_134' title='bbox 71 1195 171 1228; x_wconf 84' lang='lat' dir='ltr'>sione</span> <span class='ocrx_word' id='word_1_135' title='bbox 188 1194 414 1234; x_wconf 84' lang='lat' dir='ltr'>Dolabellae,</span> <span class='ocrx_word' id='word_1_136' title='bbox 449 1206 467 1226; x_wconf 92' lang='lat' dir='ltr'>a</span> <span class='ocrx_word' id='word_1_137' title='bbox 493 1206 563 1239; x_wconf 91' lang='lat' dir='ltr'>quo</span> <span class='ocrx_word' id='word_1_138' title='bbox 588 1193 715 1227; x_wconf 88' lang='lat' dir='ltr'>iniuste</span> <span class='ocrx_word' id='word_1_139' title='bbox 740 1199 921 1226; x_wconf 83' lang='lat' dir='ltr'>accusatus</span> <span class='ocrx_word' id='word_1_140' title='bbox 945 1192 1062 1232; x_wconf 83' lang='lat' dir='ltr'>suerit,</span> 
     </span>
     <span class='ocr_line' id='line_1_22' title="bbox 72 1242 1059 1279; baseline -0.003 -1"><span class='ocrx_word' id='word_1_141' title='bbox 72 1246 192 1278; x_wconf 88' lang='lat' dir='ltr'>addita</span> <span class='ocrx_word' id='word_1_142' title='bbox 227 1245 476 1279; x_wconf 76' lang='lat' dir='ltr'>extenuatione</span> <span class='ocrx_word' id='word_1_143' title='bbox 512 1243 616 1278; x_wconf 84' lang='grc'><strong>11111115</strong></span> <span class='ocrx_word' id='word_1_144' title='bbox 652 1244 897 1277; x_wconf 66' lang='lat' dir='ltr'>accusationis.</span> <span class='ocrx_word' id='word_1_145' title='bbox 973 1242 1059 1276; x_wconf 83' lang='lat' dir='ltr'>Item</span> 
     </span>
     <span class='ocr_line' id='line_1_23' title="bbox 72 1286 1062 1341; baseline -0.004 -12"><span class='ocrx_word' id='word_1_146' title='bbox 72 1297 365 1341; x_wconf 83' lang='lat' dir='ltr'>significationem</span> <span class='ocrx_word' id='word_1_147' title='bbox 381 1297 435 1329; x_wconf 88' lang='grc'><strong>5111</strong></span> <span class='ocrx_word' id='word_1_148' title='bbox 453 1296 584 1335; x_wconf 82' lang='lat' dir='ltr'>animi,</span> <span class='ocrx_word' id='word_1_149' title='bbox 613 1307 683 1340; x_wconf 90' lang='lat' dir='ltr'>quo</span> <span class='ocrx_word' id='word_1_150' title='bbox 699 1286 870 1339; x_wconf 81' lang='lat' dir='ltr'>iniquam&#39;</span> <span class='ocrx_word' id='word_1_151' title='bbox 885 1295 987 1327; x_wconf 87' lang='lat' dir='ltr'>istam</span> <span class='ocrx_word' id='word_1_152' title='bbox 1006 1306 1062 1326; x_wconf 80' lang='lat' dir='ltr'>ac-</span> 
     </span>
     <span class='ocr_line' id='line_1_24' title="bbox 72 1345 1062 1392; baseline -0.005 -10"><span class='ocrx_word' id='word_1_153' title='bbox 72 1348 290 1382; x_wconf 85' lang='lat' dir='ltr'>cusationem</span> <span class='ocrx_word' id='word_1_154' title='bbox 330 1347 461 1381; x_wconf 87' lang='lat' dir='ltr'>tulerit.</span> <span class='ocrx_word' id='word_1_155' title='bbox 534 1347 703 1392; x_wconf 85' lang='lat' dir='ltr'>Sequitur</span> <span class='ocrx_word' id='word_1_156' title='bbox 745 1347 853 1379; x_wconf 87' lang='lat' dir='ltr'>altera</span> <span class='ocrx_word' id='word_1_157' title='bbox 893 1345 1062 1389; x_wconf 84' lang='lat' dir='ltr'>epistolae</span> 
     </span>
     <span class='ocr_line' id='line_1_25' title="bbox 72 1397 1063 1445; baseline -0.004 -13"><span class='ocrx_word' id='word_1_158' title='bbox 72 1411 175 1444; x_wconf 79' lang='lat' dir='ltr'>pars,</span> <span class='ocrx_word' id='word_1_159' title='bbox 210 1411 300 1445; x_wconf 88' lang='lat' dir='ltr'>quae</span> <span class='ocrx_word' id='word_1_160' title='bbox 323 1397 430 1432; x_wconf 87' lang='lat' dir='ltr'>habet</span> <span class='ocrx_word' id='word_1_161' title='bbox 446 1398 718 1442; x_wconf 82' lang='lat' dir='ltr'>purgationem,</span> <span class='ocrx_word' id='word_1_162' title='bbox 754 1397 852 1430; x_wconf 91' lang='lat' dir='ltr'>cuius</span> <span class='ocrx_word' id='word_1_163' title='bbox 870 1398 960 1430; x_wconf 85' lang='lat' dir='ltr'>(luae</span> <span class='ocrx_word' id='word_1_164' title='bbox 981 1403 1063 1430; x_wconf 89' lang='lat' dir='ltr'>suut</span> 
     </span>
     <span class='ocr_line' id='line_1_26' title="bbox 73 1448 1064 1494; baseline -0.002 -12"><span class='ocrx_word' id='word_1_165' title='bbox 73 1457 203 1494; x_wconf 87' lang='lat' dir='ltr'>partes.</span> <span class='ocrx_word' id='word_1_166' title='bbox 255 1449 417 1483; x_wconf 86' lang='lat' dir='ltr'>Primum</span> <span class='ocrx_word' id='word_1_167' title='bbox 433 1450 624 1493; x_wconf 86' lang='lat' dir='ltr'>respondet</span> <span class='ocrx_word' id='word_1_168' title='bbox 641 1448 848 1493; x_wconf 88' lang='lat' dir='ltr'>simpliciter</span> <span class='ocrx_word' id='word_1_169' title='bbox 869 1449 913 1480; x_wconf 89' lang='lat' dir='ltr'>ad</span> <span class='ocrx_word' id='word_1_170' title='bbox 938 1459 1064 1493; x_wconf 87' lang='lat' dir='ltr'>quere-</span> 
     </span>
     <span class='ocr_line' id='line_1_27' title="bbox 73 1499 1063 1545; baseline -0.003 -11"><span class='ocrx_word' id='word_1_171' title='bbox 73 1502 144 1534; x_wconf 85' lang='lat' dir='ltr'>lam</span> <span class='ocrx_word' id='word_1_172' title='bbox 161 1501 269 1545; x_wconf 90' lang='lat' dir='ltr'>Appii</span> <span class='ocrx_word' id='word_1_173' title='bbox 285 1503 327 1534; x_wconf 86' lang='lat' dir='ltr'>de</span> <span class='ocrx_word' id='word_1_174' title='bbox 343 1501 519 1545; x_wconf 85' lang='lat' dir='ltr'>legatione</span> <span class='ocrx_word' id='word_1_175' title='bbox 534 1500 703 1545; x_wconf 87' lang='lat' dir='ltr'>impedita</span> <span class='ocrx_word' id='word_1_176' title='bbox 721 1511 784 1544; x_wconf 90' lang='lat' dir='ltr'>per</span> <span class='ocrx_word' id='word_1_177' title='bbox 800 1499 1063 1538; x_wconf 86' lang='lat' dir='ltr'>infitiationem,</span> 
     </span>
     <span class='ocr_line' id='line_1_28' title="bbox 75 1550 1062 1598; baseline -0.004 -13"><span class='ocrx_word' id='word_1_178' title='bbox 75 1565 183 1598; x_wconf 87' lang='lat' dir='ltr'>quam</span> <span class='ocrx_word' id='word_1_179' title='bbox 217 1558 250 1584; x_wconf 91' lang='lat' dir='ltr'>et</span> <span class='ocrx_word' id='word_1_180' title='bbox 278 1564 383 1596; x_wconf 87' lang='lat' dir='ltr'>supra</span> <span class='ocrx_word' id='word_1_181' title='bbox 418 1552 583 1584; x_wconf 80' lang='lat' dir='ltr'>tractavit</span> <span class='ocrx_word' id='word_1_182' title='bbox 613 1552 646 1585; x_wconf 89' lang='grc'>8.</span> <span class='ocrx_word' id='word_1_183' title='bbox 673 1551 833 1595; x_wconf 86' lang='lat' dir='ltr'>epistola.</span> <span class='ocrx_word' id='word_1_184' title='bbox 900 1550 1062 1584; x_wconf 83' lang='lat' dir='ltr'>Secundo</span> 
     </span>
     <span class='ocr_line' id='line_1_29' title="bbox 72 1599 1063 1648; baseline -0.004 -11"><span class='ocrx_word' id='word_1_185' title='bbox 72 1604 204 1648; x_wconf 87' lang='lat' dir='ltr'>probat</span> <span class='ocrx_word' id='word_1_186' title='bbox 225 1604 345 1637; x_wconf 87' lang='lat' dir='ltr'>multis</span> <span class='ocrx_word' id='word_1_187' title='bbox 371 1603 607 1647; x_wconf 81' lang='lat' dir='ltr'>argumentis,</span> <span class='ocrx_word' id='word_1_188' title='bbox 642 1602 756 1648; x_wconf 85' lang='lat' dir='ltr'>iisque</span> <span class='ocrx_word' id='word_1_189' title='bbox 780 1602 886 1646; x_wconf 90' lang='lat' dir='ltr'>plane</span> <span class='ocrx_word' id='word_1_190' title='bbox 912 1599 1063 1634; x_wconf 87' lang='lat' dir='ltr'>rhetori-</span> 
     </span>
     <span class='ocr_line' id='line_1_30' title="bbox 75 1653 1063 1699; baseline -0.003 -12"><span class='ocrx_word' id='word_1_191' title='bbox 75 1655 136 1695; x_wconf 87' lang='lat' dir='ltr'>cis,</span> <span class='ocrx_word' id='word_1_192' title='bbox 164 1667 199 1688; x_wconf 92' lang='lat' dir='ltr'>se</span> <span class='ocrx_word' id='word_1_193' title='bbox 216 1666 290 1687; x_wconf 91' lang='lat' dir='ltr'>non</span> <span class='ocrx_word' id='word_1_194' title='bbox 307 1667 379 1688; x_wconf 86' lang='lat' dir='ltr'>esse</span> <span class='ocrx_word' id='word_1_195' title='bbox 398 1654 522 1699; x_wconf 89' lang='lat' dir='ltr'>iniquo</span> <span class='ocrx_word' id='word_1_196' title='bbox 540 1654 661 1687; x_wconf 91' lang='lat' dir='ltr'>animo</span> <span class='ocrx_word' id='word_1_197' title='bbox 680 1665 762 1697; x_wconf 85' lang='lat' dir='ltr'>erga</span> <span class='ocrx_word' id='word_1_198' title='bbox 773 1653 944 1697; x_wconf 87' lang='lat' dir='ltr'>Appium,</span> <span class='ocrx_word' id='word_1_199' title='bbox 966 1658 1063 1686; x_wconf 86' lang='lat' dir='ltr'>sunt-</span> 
     </span>
     <span class='ocr_line' id='line_1_31' title="bbox 75 1704 1064 1751; baseline -0.003 -12"><span class='ocrx_word' id='word_1_200' title='bbox 75 1718 143 1751; x_wconf 85' lang='lat' dir='ltr'>que</span> <span class='ocrx_word' id='word_1_201' title='bbox 169 1711 309 1750; x_wconf 88' lang='lat' dir='ltr'>sumpta</span> <span class='ocrx_word' id='word_1_202' title='bbox 328 1718 346 1738; x_wconf 90' lang='lat' dir='ltr'>a</span> <span class='ocrx_word' id='word_1_203' title='bbox 365 1717 427 1739; x_wconf 91' lang='lat' dir='ltr'>sua</span> <span class='ocrx_word' id='word_1_204' title='bbox 448 1717 621 1749; x_wconf 89' lang='lat' dir='ltr'>persona,</span> <span class='ocrx_word' id='word_1_205' title='bbox 654 1716 673 1737; x_wconf 90' lang='lat' dir='ltr'>a</span> <span class='ocrx_word' id='word_1_206' title='bbox 699 1704 856 1745; x_wconf 85' lang='lat' dir='ltr'>meritis,</span> <span class='ocrx_word' id='word_1_207' title='bbox 891 1710 925 1737; x_wconf 85' lang='lat' dir='ltr'>et</span> <span class='ocrx_word' id='word_1_208' title='bbox 946 1716 963 1736; x_wconf 91' lang='lat' dir='ltr'>a</span> <span class='ocrx_word' id='word_1_209' title='bbox 986 1716 1064 1747; x_wconf 83' lang='lat' dir='ltr'>per-</span> 
     </span>
     <span class='ocr_line' id='line_1_32' title="bbox 73 1755 1064 1801; baseline -0.003 -11"><span class='ocrx_word' id='word_1_210' title='bbox 73 1769 161 1790; x_wconf 84' lang='lat' dir='ltr'>sona</span> <span class='ocrx_word' id='word_1_211' title='bbox 185 1757 312 1801; x_wconf 87' lang='lat' dir='ltr'>Appii,</span> <span class='ocrx_word' id='word_1_212' title='bbox 356 1769 374 1789; x_wconf 86' lang='lat' dir='ltr'>a</span> <span class='ocrx_word' id='word_1_213' title='bbox 401 1756 580 1800; x_wconf 83' lang='lat' dir='ltr'>prioribus</span> <span class='ocrx_word' id='word_1_214' title='bbox 605 1755 746 1795; x_wconf 86' lang='lat' dir='ltr'>officiis,</span> <span class='ocrx_word' id='word_1_215' title='bbox 788 1768 829 1788; x_wconf 87' lang='lat' dir='ltr'>ex</span> <span class='ocrx_word' id='word_1_216' title='bbox 851 1755 1064 1799; x_wconf 85' lang='lat' dir='ltr'>impulsione</span> 
     </span>
     <span class='ocr_line' id='line_1_33' title="bbox 72 1805 1065 1850; baseline -0.003 -9"><span class='ocrx_word' id='word_1_217' title='bbox 72 1820 134 1842; x_wconf 86' lang='lat' dir='ltr'>seu</span> <span class='ocrx_word' id='word_1_218' title='bbox 158 1808 330 1847; x_wconf 87' lang='lat' dir='ltr'>utilitate,</span> <span class='ocrx_word' id='word_1_219' title='bbox 375 1820 394 1840; x_wconf 89' lang='lat' dir='ltr'>a</span> <span class='ocrx_word' id='word_1_220' title='bbox 417 1806 648 1840; x_wconf 74' lang='lat' dir='ltr'>similitudine</span> <span class='ocrx_word' id='word_1_221' title='bbox 672 1805 891 1846; x_wconf 88' lang='lat' dir='ltr'>studiorum,</span> <span class='ocrx_word' id='word_1_222' title='bbox 936 1812 970 1838; x_wconf 86' lang='lat' dir='ltr'>et</span> <span class='ocrx_word' id='word_1_223' title='bbox 1001 1818 1065 1850; x_wconf 91' lang='lat' dir='ltr'>pu-</span> 
     </span>
     <span class='ocr_line' id='line_1_34' title="bbox 72 1857 1066 1900; baseline -0.003 -8"><span class='ocrx_word' id='word_1_224' title='bbox 72 1859 163 1892; x_wconf 86' lang='lat' dir='ltr'>blica</span> <span class='ocrx_word' id='word_1_225' title='bbox 189 1858 499 1898; x_wconf 83' lang='lat' dir='ltr'>reconciliatione,</span> <span class='ocrx_word' id='word_1_226' title='bbox 542 1870 559 1890; x_wconf 89' lang='lat' dir='ltr'>a</span> <span class='ocrx_word' id='word_1_227' title='bbox 587 1857 835 1890; x_wconf 85' lang='lat' dir='ltr'>coniunctione</span> <span class='ocrx_word' id='word_1_228' title='bbox 862 1863 1066 1900; x_wconf 73' lang='lat' dir='ltr'>auguratus,</span> 
     </span>
     <span class='ocr_line' id='line_1_35' title="bbox 75 1907 1065 1956; baseline -0.004 -12"><span class='ocrx_word' id='word_1_229' title='bbox 75 1917 109 1944; x_wconf 91' lang='lat' dir='ltr'>et</span> <span class='ocrx_word' id='word_1_230' title='bbox 128 1917 310 1956; x_wconf 89' lang='lat' dir='ltr'>postremo</span> <span class='ocrx_word' id='word_1_231' title='bbox 337 1910 379 1942; x_wconf 83' lang='lat' dir='ltr'>ab</span> <span class='ocrx_word' id='word_1_232' title='bbox 408 1909 562 1942; x_wconf 84' lang='lat' dir='ltr'>amicitia</span> <span class='ocrx_word' id='word_1_233' title='bbox 579 1908 761 1952; x_wconf 86' lang='lat' dir='ltr'>Pompeii,</span> <span class='ocrx_word' id='word_1_234' title='bbox 790 1915 823 1941; x_wconf 86' lang='lat' dir='ltr'>et</span> <span class='ocrx_word' id='word_1_235' title='bbox 840 1908 912 1941; x_wconf 87' lang='lat' dir='ltr'>eius</span> <span class='ocrx_word' id='word_1_236' title='bbox 933 1907 1065 1940; x_wconf 82' lang='grc'><strong>01110115.</strong></span> 
     </span>
     <span class='ocr_line' id='line_1_36' title="bbox 76 1959 1066 2005; baseline -0.005 -10"><span class='ocrx_word' id='word_1_237' title='bbox 76 1962 265 1996; x_wconf 86' lang='lat' dir='ltr'>Conclusio</span> <span class='ocrx_word' id='word_1_238' title='bbox 300 1959 407 1994; x_wconf 86' lang='lat' dir='ltr'>habet</span> <span class='ocrx_word' id='word_1_239' title='bbox 447 1960 702 2005; x_wconf 87' lang='lat' dir='ltr'>praecisionem</span> <span class='ocrx_word' id='word_1_240' title='bbox 738 1960 857 1992; x_wconf 86' lang='lat' dir='ltr'>addita</span> <span class='ocrx_word' id='word_1_241' title='bbox 894 1959 1066 2002; x_wconf 82' lang='lat' dir='ltr'>signitica-</span> 
     </span>
     <span class='ocr_line' id='line_1_37' title="bbox 74 2010 1067 2054; baseline -0.005 -8"><span class='ocrx_word' id='word_1_242' title='bbox 74 2013 172 2046; x_wconf 86' lang='lat' dir='ltr'>tione</span> <span class='ocrx_word' id='word_1_243' title='bbox 190 2025 272 2047; x_wconf 87' lang='grc'><strong>51130</strong></span> <span class='ocrx_word' id='word_1_244' title='bbox 290 2012 484 2045; x_wconf 79' lang='lat' dir='ltr'>voluntatis</span> <span class='ocrx_word' id='word_1_245' title='bbox 502 2024 541 2043; x_wconf 85' lang='lat' dir='ltr'>ac</span> <span class='ocrx_word' id='word_1_246' title='bbox 559 2010 666 2044; x_wconf 87' lang='lat' dir='ltr'>studii</span> <span class='ocrx_word' id='word_1_247' title='bbox 684 2023 764 2054; x_wconf 84' lang='lat' dir='ltr'>erga</span> <span class='ocrx_word' id='word_1_248' title='bbox 779 2010 946 2054; x_wconf 71' lang='lat' dir='ltr'>Appium.</span> <span class='ocrx_word' id='word_1_249' title='bbox 989 2010 1067 2042; x_wconf 80' lang='lat' dir='ltr'>Mo-</span> 
     </span>
     <span class='ocr_line' id='line_1_38' title="bbox 74 2060 1068 2107; baseline -0.006 -9"><span class='ocrx_word' id='word_1_250' title='bbox 74 2071 135 2098; x_wconf 88' lang='lat' dir='ltr'>net</span> <span class='ocrx_word' id='word_1_251' title='bbox 152 2065 236 2098; x_wconf 89' lang='lat' dir='ltr'>item</span> <span class='ocrx_word' id='word_1_252' title='bbox 255 2065 291 2096; x_wconf 92' lang='lat' dir='ltr'>in</span> <span class='ocrx_word' id='word_1_253' title='bbox 313 2065 399 2104; x_wconf 83' lang='lat' dir='ltr'>fine,</span> <span class='ocrx_word' id='word_1_254' title='bbox 435 2070 473 2096; x_wconf 88' lang='lat' dir='ltr'>ut</span> <span class='ocrx_word' id='word_1_255' title='bbox 495 2075 604 2107; x_wconf 87' lang='lat' dir='ltr'>porro</span> <span class='ocrx_word' id='word_1_256' title='bbox 627 2063 765 2095; x_wconf 85' lang='lat' dir='ltr'>desinat</span> <span class='ocrx_word' id='word_1_257' title='bbox 789 2063 932 2095; x_wconf 85' lang='lat' dir='ltr'>credere</span> <span class='ocrx_word' id='word_1_258' title='bbox 956 2060 1068 2105; x_wconf 85' lang='lat' dir='ltr'>suspi-</span> 
     </span>
     <span class='ocr_line' id='line_1_39' title="bbox 76 2116 247 2150; baseline 0.006 -1"><span class='ocrx_word' id='word_1_259' title='bbox 76 2116 247 2150; x_wconf 86' lang='lat' dir='ltr'>cionibus.</span> 
     </span>
    </p>
   </div>
   <div class='ocr_carea' id='block_1_4' title="bbox 316 2191 812 2236">
    <p class='ocr_par' dir='ltr' id='par_1_4' title="bbox 316 2191 812 2236">
     <span class='ocr_line' id='line_1_40' title="bbox 316 2191 812 2236; baseline -0.004 -11"><span class='ocrx_word' id='word_1_260' title='bbox 316 2191 452 2225; x_wconf 87' lang='lat' dir='ltr'>Aliud</span> <span class='ocrx_word' id='word_1_261' title='bbox 482 2204 634 2236; x_wconf 83' lang='lat' dir='ltr'>argum</span> <span class='ocrx_word' id='word_1_262' title='bbox 649 2197 812 2224; x_wconf 88' lang='lat' dir='ltr'>entum.</span> 
     </span>
    </p>
   </div>
   <div class='ocr_carea' id='block_1_5' title="bbox 78 2257 1069 2458">
    <p class='ocr_par' dir='ltr' id='par_1_5' title="bbox 78 2257 1069 2458">
     <span class='ocr_line' id='line_1_41' title="bbox 177 2257 1069 2303; baseline -0.006 -9"><span class='ocrx_word' id='word_1_263' title='bbox 177 2260 372 2294; x_wconf 84' lang='lat' dir='ltr'>Exordium</span> <span class='ocrx_word' id='word_1_264' title='bbox 405 2261 547 2293; x_wconf 90' lang='lat' dir='ltr'>ductum</span> <span class='ocrx_word' id='word_1_265' title='bbox 579 2265 630 2293; x_wconf 89' lang='lat' dir='ltr'>est</span> <span class='ocrx_word' id='word_1_266' title='bbox 664 2271 682 2291; x_wconf 92' lang='lat' dir='ltr'>a</span> <span class='ocrx_word' id='word_1_267' title='bbox 718 2259 918 2303; x_wconf 81' lang='lat' dir='ltr'>paradoxo:</span> <span class='ocrx_word' id='word_1_268' title='bbox 969 2257 1069 2291; x_wconf 72' lang='lat' dir='ltr'>Nun-</span> 
     </span>
     <span class='ocr_line' id='line_1_42' title="bbox 79 2309 1068 2359; baseline -0.007 -13"><span class='ocrx_word' id='word_1_269' title='bbox 79 2324 188 2359; x_wconf 86' lang='lat' dir='ltr'>quam</span> <span class='ocrx_word' id='word_1_270' title='bbox 215 2318 394 2356; x_wconf 89' lang='lat' dir='ltr'>putassem</span> <span class='ocrx_word' id='word_1_271' title='bbox 419 2311 483 2345; x_wconf 90' lang='lat' dir='ltr'>ista</span> <span class='ocrx_word' id='word_1_272' title='bbox 509 2311 573 2343; x_wconf 90' lang='lat' dir='ltr'>tibi</span> <span class='ocrx_word' id='word_1_273' title='bbox 597 2310 755 2343; x_wconf 82' lang='lat' dir='ltr'>accidere</span> <span class='ocrx_word' id='word_1_274' title='bbox 774 2309 949 2354; x_wconf 85' lang='lat' dir='ltr'>potuisse,</span> <span class='ocrx_word' id='word_1_275' title='bbox 978 2320 1068 2353; x_wconf 85' lang='lat' dir='ltr'>quae</span> 
     </span>
     <span class='ocr_line' id='line_1_43' title="bbox 82 2362 1069 2406; baseline -0.006 -9"><span class='ocrx_word' id='word_1_276' title='bbox 82 2363 248 2397; x_wconf 84' lang='lat' dir='ltr'>accidisse</span> <span class='ocrx_word' id='word_1_277' title='bbox 272 2362 391 2397; x_wconf 89' lang='lat' dir='ltr'>audio.</span> <span class='ocrx_word' id='word_1_278' title='bbox 450 2362 703 2402; x_wconf 82' lang='lat' dir='ltr'>Narrationes,</span> <span class='ocrx_word' id='word_1_279' title='bbox 744 2373 835 2406; x_wconf 86' lang='lat' dir='ltr'>quae</span> <span class='ocrx_word' id='word_1_280' title='bbox 860 2366 1069 2405; x_wconf 85' lang='lat' dir='ltr'>sequuntur,</span> 
     </span>
     <span class='ocr_line' id='line_1_44' title="bbox 78 2411 1069 2458; baseline -0.006 -10"><span class='ocrx_word' id='word_1_281' title='bbox 78 2413 146 2449; x_wconf 85' lang='lat' dir='ltr'>hae</span> <span class='ocrx_word' id='word_1_282' title='bbox 162 2420 260 2448; x_wconf 87' lang='lat' dir='ltr'>sunt:</span> <span class='ocrx_word' id='word_1_283' title='bbox 296 2413 372 2458; x_wconf 83' lang='lat' dir='ltr'>Ego</span> <span class='ocrx_word' id='word_1_284' title='bbox 395 2413 524 2446; x_wconf 78' lang='lat' dir='ltr'>iuvabo</span> <span class='ocrx_word' id='word_1_285' title='bbox 549 2420 582 2446; x_wconf 87' lang='lat' dir='ltr'>te</span> <span class='ocrx_word' id='word_1_286' title='bbox 604 2412 893 2457; x_wconf 77' lang='lat' dir='ltr'>diligentissime,</span> <span class='ocrx_word' id='word_1_287' title='bbox 922 2411 1069 2444; x_wconf 56' lang='grc'><strong>011111111-</strong></span> 
     </span>
    </p>
   </div>
   <div class='ocr_carea' id='block_1_6' title="bbox 117 2525 1073 2594">
    <p class='ocr_par' dir='ltr' id='par_1_6' title="bbox 117 2525 1073 2594">
     <span class='ocr_line' id='line_1_45' title="bbox 117 2525 1073 2562; baseline -0.008 -4"><span class='ocrx_word' id='word_1_288' title='bbox 117 2534 166 2562; x_wconf 79' lang='lat'>21)</span> <span class='ocrx_word' id='word_1_289' title='bbox 185 2534 242 2557; x_wconf 85' lang='lat' dir='ltr'>Hoc</span> <span class='ocrx_word' id='word_1_290' title='bbox 261 2530 450 2561; x_wconf 76' lang='lat' dir='ltr'>argumentum</span> <span class='ocrx_word' id='word_1_291' title='bbox 469 2530 496 2553; x_wconf 82' lang='lat' dir='ltr'>et</span> <span class='ocrx_word' id='word_1_292' title='bbox 515 2529 569 2554; x_wconf 83' lang='lat' dir='ltr'>tria</span> <span class='ocrx_word' id='word_1_293' title='bbox 590 2527 734 2560; x_wconf 79' lang='lat' dir='ltr'>sequentia</span> <span class='ocrx_word' id='word_1_294' title='bbox 752 2528 779 2553; x_wconf 89' lang='lat' dir='ltr'>in</span> <span class='ocrx_word' id='word_1_295' title='bbox 793 2528 876 2552; x_wconf 84' lang='lat' dir='ltr'>Editt.</span> <span class='ocrx_word' id='word_1_296' title='bbox 893 2527 985 2558; x_wconf 58' lang='lat'>1556„</span> <span class='ocrx_word' id='word_1_297' title='bbox 1005 2525 1073 2550; x_wconf 84' lang='lat'>1565</span> 
     </span>
     <span class='ocr_line' id='line_1_46' title="bbox 150 2565 472 2594; baseline -0.016 -3"><span class='ocrx_word' id='word_1_298' title='bbox 150 2567 268 2591; x_wconf 73' lang='lat'>-1596.</span> <span class='ocrx_word' id='word_1_299' title='bbox 288 2565 472 2594; x_wconf 85' lang='lat' dir='ltr'>reperiuntur.</span> 
     </span>
    </p>
   </div>
   <div class='ocr_carea' id='block_1_7' title="bbox 105 2604 1072 2753">
    <p class='ocr_par' dir='ltr' id='par_1_7' title="bbox 115 2604 1006 2638">
     <span class='ocr_line' id='line_1_47' title="bbox 115 2604 1006 2638; baseline -0.008 -4"><span class='ocrx_word' id='word_1_300' title='bbox 115 2609 164 2638; x_wconf 74' lang='lat'>22)</span> <span class='ocrx_word' id='word_1_301' title='bbox 184 2608 293 2636; x_wconf 78' lang='lat' dir='ltr'>statim]</span> <span class='ocrx_word' id='word_1_302' title='bbox 314 2607 354 2630; x_wconf 85' lang='lat' dir='ltr'>sic</span> <span class='ocrx_word' id='word_1_303' title='bbox 372 2606 421 2629; x_wconf 84' lang='lat' dir='ltr'>Ed.</span> <span class='ocrx_word' id='word_1_304' title='bbox 443 2605 535 2635; x_wconf 82' lang='grc'><strong>1556.;</strong></span> <span class='ocrx_word' id='word_1_305' title='bbox 560 2605 589 2629; x_wconf 89' lang='lat' dir='ltr'>in</span> <span class='ocrx_word' id='word_1_306' title='bbox 607 2605 690 2630; x_wconf 84' lang='lat' dir='ltr'>Editt.</span> <span class='ocrx_word' id='word_1_307' title='bbox 710 2604 900 2630; x_wconf 78' lang='grc'><strong>1565-1577,</strong></span> <span class='ocrx_word' id='word_1_308' title='bbox 920 2604 1006 2628; x_wconf 85' lang='lat' dir='ltr'>deest.</span> 
     </span>
    </p>

    <p class='ocr_par' dir='ltr' id='par_1_8' title="bbox 105 2647 919 2683">
     <span class='ocr_line' id='line_1_48' title="bbox 105 2647 919 2683; baseline -0.01 -5"><span class='ocrx_word' id='word_1_309' title='bbox 105 2652 165 2683; x_wconf 69' lang='grc'>’23)</span> <span class='ocrx_word' id='word_1_310' title='bbox 185 2651 318 2682; x_wconf 80' lang='lat' dir='ltr'>cepisset]</span> <span class='ocrx_word' id='word_1_311' title='bbox 336 2648 420 2672; x_wconf 82' lang='lat' dir='ltr'>Editt.</span> <span class='ocrx_word' id='word_1_312' title='bbox 441 2648 534 2678; x_wconf 83' lang='lat'>¹556.‚</span> <span class='ocrx_word' id='word_1_313' title='bbox 559 2648 751 2672; x_wconf 80' lang='lat'>1565—1577.</span> <span class='ocrx_word' id='word_1_314' title='bbox 770 2647 919 2677; x_wconf 81' lang='lat' dir='ltr'>caepisset.</span> 
     </span>
    </p>

    <p class='ocr_par' dir='ltr' id='par_1_9' title="bbox 117 2689 1072 2753">
     <span class='ocr_line' id='line_1_49' title="bbox 117 2689 1072 2723; baseline -0.007 -3"><span class='ocrx_word' id='word_1_315' title='bbox 117 2696 167 2723; x_wconf 75' lang='lat'>24)</span> <span class='ocrx_word' id='word_1_316' title='bbox 185 2693 375 2721; x_wconf 85' lang='lat' dir='ltr'>consecutum]</span> <span class='ocrx_word' id='word_1_317' title='bbox 400 2690 439 2714; x_wconf 77' lang='lat' dir='ltr'>sic</span> <span class='ocrx_word' id='word_1_318' title='bbox 457 2690 507 2715; x_wconf 83' lang='lat' dir='ltr'>Ed.</span> <span class='ocrx_word' id='word_1_319' title='bbox 529 2690 620 2720; x_wconf 81' lang='grc'><strong>1556.;</strong></span> <span class='ocrx_word' id='word_1_320' title='bbox 655 2690 739 2715; x_wconf 76' lang='lat' dir='ltr'>Edttt.</span> <span class='ocrx_word' id='word_1_321' title='bbox 760 2689 949 2715; x_wconf 78' lang='lat'>1565-1577.</span> <span class='ocrx_word' id='word_1_322' title='bbox 974 2694 1072 2714; x_wconf 78' lang='lat' dir='ltr'>eonse-</span> 
     </span>
     <span class='ocr_line' id='line_1_50' title="bbox 151 2731 285 2753; baseline -0.015 0"><span class='ocrx_word' id='word_1_323' title='bbox 151 2731 285 2753; x_wconf 68' lang='lat' dir='ltr'>cuttu-um.</span> 
     </span>
    </p>
   </div>
   <div class='ocr_carea' id='block_1_8' title="bbox 86 2765 650 2803">
    <p class='ocr_par' dir='ltr' id='par_1_10' title="bbox 86 2765 650 2803">
     <span class='ocr_line' id='line_1_51' title="bbox 86 2765 650 2803; baseline -0.012 0"><span class='ocrx_word' id='word_1_324' title='bbox 86 2771 271 2803; x_wconf 59' lang='lat' dir='ltr'>Mamm</span> <span class='ocrx_word' id='word_1_325' title='bbox 298 2768 407 2800; x_wconf 71' lang='lat' dir='ltr'>Orza.</span> <span class='ocrx_word' id='word_1_326' title='bbox 431 2765 518 2798; x_wconf 66' lang='lat' dir='ltr'>Vm..</span> <span class='ocrx_word' id='word_1_327' title='bbox 541 2765 650 2797; x_wconf 85' lang='lat' dir='ltr'><strong>XVII.</strong></span> 
     </span>
    </p>
   </div>
   <div class='ocr_carea' id='block_1_9' title="bbox 404 114 1961 162">
    <p class='ocr_par' dir='ltr' id='par_1_11' title="bbox 404 114 1961 162">
     <span class='ocr_line' id='line_1_52' title="bbox 404 114 1961 162; baseline 0.006 -9"><span class='ocrx_word' id='word_1_328' title='bbox 404 114 715 154; x_wconf 80' lang='lat' dir='ltr'><strong>ARGUMENTA</strong></span> <span class='ocrx_word' id='word_1_329' title='bbox 740 115 804 152; x_wconf 88' lang='lat' dir='ltr'>ET</span> <span class='ocrx_word' id='word_1_330' title='bbox 833 116 1038 153; x_wconf 91' lang='lat' dir='ltr'><strong>SCHOLIA</strong></span> <span class='ocrx_word' id='word_1_331' title='bbox 1065 116 1114 152; x_wconf 92' lang='lat' dir='ltr'>IN</span> <span class='ocrx_word' id='word_1_332' title='bbox 1138 116 1288 153; x_wconf 88' lang='lat' dir='ltr'><strong>EPIST.</strong></span> <span class='ocrx_word' id='word_1_333' title='bbox 1314 118 1427 153; x_wconf 87' lang='lat' dir='ltr'>FAM.</span> <span class='ocrx_word' id='word_1_334' title='bbox 1455 118 1538 154; x_wconf 90' lang='lat' dir='ltr'>CIC.</span> <span class='ocrx_word' id='word_1_335' title='bbox 1566 119 1655 156; x_wconf 76' lang='lat' dir='ltr'>Ltss.</span> <span class='ocrx_word' id='word_1_336' title='bbox 1672 120 1729 158; x_wconf 88' lang='lat'>111.</span> <span class='ocrx_word' id='word_1_337' title='bbox 1756 123 1828 159; x_wconf 81' lang='grc' dir='ltr'>ΕΡ.</span> <span class='ocrx_word' id='word_1_338' title='bbox 1847 125 1880 161; x_wconf 89' lang='grc'>9.</span> <span class='ocrx_word' id='word_1_339' title='bbox 1903 128 1961 162; x_wconf 87' lang='lat'>10.</span> 
     </span>
    </p>
   </div>
   <div class='ocr_carea' id='block_1_10' title="bbox 2039 131 2111 166">
    <p class='ocr_par' dir='ltr' id='par_1_12' title="bbox 2039 131 2111 166">
     <span class='ocr_line' id='line_1_53' title="bbox 2039 131 2111 166; baseline 0.028 -2"><span class='ocrx_word' id='word_1_340' title='bbox 2039 131 2111 166; x_wconf 81' lang='lat'>114</span> 
     </span>
    </p>
   </div>
   <div class='ocr_carea' id='block_1_11' title="bbox 1117 204 2112 613">
    <p class='ocr_par' dir='ltr' id='par_1_13' title="bbox 1117 204 2112 613">
     <span class='ocr_line' id='line_1_54' title="bbox 1122 204 2112 259; baseline 0.011 -22"><span class='ocrx_word' id='word_1_341' title='bbox 1122 204 1211 238; x_wconf 85' lang='lat' dir='ltr'>bunt</span> <span class='ocrx_word' id='word_1_342' title='bbox 1227 205 1286 238; x_wconf 87' lang='lat' dir='ltr'>alii</span> <span class='ocrx_word' id='word_1_343' title='bbox 1303 205 1417 239; x_wconf 86' lang='lat' dir='ltr'>multi.</span> <span class='ocrx_word' id='word_1_344' title='bbox 1469 205 1744 243; x_wconf 87' lang='lat' dir='ltr'>Narrationihus</span> <span class='ocrx_word' id='word_1_345' title='bbox 1765 216 1815 243; x_wconf 84' lang='lat' dir='ltr'>cst</span> <span class='ocrx_word' id='word_1_346' title='bbox 1838 212 1959 246; x_wconf 86' lang='lat' dir='ltr'>addita</span> <span class='ocrx_word' id='word_1_347' title='bbox 1983 226 2112 259; x_wconf 79' lang='lat' dir='ltr'>purga-</span> 
     </span>
     <span class='ocr_line' id='line_1_55' title="bbox 1122 255 2111 309; baseline 0.013 -21"><span class='ocrx_word' id='word_1_348' title='bbox 1122 255 1171 289; x_wconf 87' lang='lat' dir='ltr'>tio</span> <span class='ocrx_word' id='word_1_349' title='bbox 1192 257 1432 301; x_wconf 87' lang='lat' dir='ltr'>suspicionum</span> <span class='ocrx_word' id='word_1_350' title='bbox 1445 283 1453 296; x_wconf 88' lang='lat'>,</span> <span class='ocrx_word' id='word_1_351' title='bbox 1481 270 1568 303; x_wconf 85' lang='lat' dir='ltr'>quas</span> <span class='ocrx_word' id='word_1_352' title='bbox 1584 259 1671 292; x_wconf 85' lang='lat' dir='ltr'>salso</span> <span class='ocrx_word' id='word_1_353' title='bbox 1690 269 1901 305; x_wconf 78' lang='lat' dir='ltr'>conceperat</span> <span class='ocrx_word' id='word_1_354' title='bbox 1916 264 2052 309; x_wconf 90' lang='lat' dir='ltr'>Appius</span> <span class='ocrx_word' id='word_1_355' title='bbox 2068 268 2111 300; x_wconf 87' lang='lat' dir='ltr'>de</span> 
     </span>
     <span class='ocr_line' id='line_1_56' title="bbox 1122 306 2110 355; baseline 0.012 -16"><span class='ocrx_word' id='word_1_356' title='bbox 1122 306 1305 342; x_wconf 87' lang='lat' dir='ltr'>Cicerone.</span> <span class='ocrx_word' id='word_1_357' title='bbox 1359 308 1628 343; x_wconf 87' lang='lat' dir='ltr'>Confutationes</span> <span class='ocrx_word' id='word_1_358' title='bbox 1649 318 1809 355; x_wconf 87' lang='lat' dir='ltr'>sumptae</span> <span class='ocrx_word' id='word_1_359' title='bbox 1828 320 1909 347; x_wconf 90' lang='lat' dir='ltr'>sunt</span> <span class='ocrx_word' id='word_1_360' title='bbox 1925 328 1943 348; x_wconf 89' lang='lat' dir='ltr'>a</span> <span class='ocrx_word' id='word_1_361' title='bbox 1961 316 2110 351; x_wconf 88' lang='lat' dir='ltr'>circum-</span> 
     </span>
     <span class='ocr_line' id='line_1_57' title="bbox 1120 358 2109 406; baseline 0.012 -16"><span class='ocrx_word' id='word_1_362' title='bbox 1120 358 1266 399; x_wconf 83' lang='lat' dir='ltr'>stantia,</span> <span class='ocrx_word' id='word_1_363' title='bbox 1309 371 1327 391; x_wconf 90' lang='lat' dir='ltr'>a</span> <span class='ocrx_word' id='word_1_364' title='bbox 1353 360 1424 393; x_wconf 83' lang='lat' dir='ltr'>suis</span> <span class='ocrx_word' id='word_1_365' title='bbox 1446 360 1625 401; x_wconf 86' lang='lat' dir='ltr'>moribus,</span> <span class='ocrx_word' id='word_1_366' title='bbox 1669 363 1729 406; x_wconf 85' lang='lat' dir='ltr'>qui</span> <span class='ocrx_word' id='word_1_367' title='bbox 1759 364 1906 397; x_wconf 90' lang='lat' dir='ltr'>omuino</span> <span class='ocrx_word' id='word_1_368' title='bbox 1936 372 2109 402; x_wconf 89' lang='lat' dir='ltr'>testentur</span> 
     </span>
     <span class='ocr_line' id='line_1_58' title="bbox 1119 410 2108 459; baseline 0.011 -18"><span class='ocrx_word' id='word_1_369' title='bbox 1119 410 1253 442; x_wconf 85' lang='lat' dir='ltr'>nullam</span> <span class='ocrx_word' id='word_1_370' title='bbox 1279 422 1350 443; x_wconf 79' lang='lat' dir='ltr'>esse</span> <span class='ocrx_word' id='word_1_371' title='bbox 1375 411 1410 443; x_wconf 91' lang='lat' dir='ltr'>iu</span> <span class='ocrx_word' id='word_1_372' title='bbox 1439 411 1559 444; x_wconf 86' lang='lat' dir='ltr'>animo</span> <span class='ocrx_word' id='word_1_373' title='bbox 1585 413 1782 456; x_wconf 85' lang='lat' dir='ltr'>perfidiam.</span> <span class='ocrx_word' id='word_1_374' title='bbox 1836 413 1922 449; x_wconf 87' lang='lat' dir='ltr'>Item</span> <span class='ocrx_word' id='word_1_375' title='bbox 1949 418 1992 450; x_wconf 85' lang='lat' dir='ltr'>ab</span> <span class='ocrx_word' id='word_1_376' title='bbox 2017 420 2108 459; x_wconf 92' lang='lat' dir='ltr'>utili,</span> 
     </span>
     <span class='ocr_line' id='line_1_59' title="bbox 1119 461 2108 513; baseline 0.011 -21"><span class='ocrx_word' id='word_1_377' title='bbox 1119 472 1137 492; x_wconf 91' lang='lat' dir='ltr'>a</span> <span class='ocrx_word' id='word_1_378' title='bbox 1162 461 1290 504; x_wconf 80' lang='lat' dir='ltr'>signis,</span> <span class='ocrx_word' id='word_1_379' title='bbox 1326 467 1359 493; x_wconf 92' lang='lat' dir='ltr'>et</span> <span class='ocrx_word' id='word_1_380' title='bbox 1382 474 1398 494; x_wconf 88' lang='lat' dir='ltr'>a</span> <span class='ocrx_word' id='word_1_381' title='bbox 1425 462 1614 495; x_wconf 84' lang='lat' dir='ltr'>collatione</span> <span class='ocrx_word' id='word_1_382' title='bbox 1637 476 1885 508; x_wconf 86' lang='lat' dir='ltr'>personarum.</span> <span class='ocrx_word' id='word_1_383' title='bbox 1937 466 2108 513; x_wconf 88' lang='lat' dir='ltr'>Epilogus</span> 
     </span>
     <span class='ocr_line' id='line_1_60' title="bbox 1118 509 2109 559; baseline 0.01 -16"><span class='ocrx_word' id='word_1_384' title='bbox 1118 509 1225 544; x_wconf 84' lang='lat' dir='ltr'>habet</span> <span class='ocrx_word' id='word_1_385' title='bbox 1249 512 1527 556; x_wconf 84' lang='lat' dir='ltr'>praecisionem,</span> <span class='ocrx_word' id='word_1_386' title='bbox 1557 514 1591 546; x_wconf 91' lang='lat' dir='ltr'>in</span> <span class='ocrx_word' id='word_1_387' title='bbox 1619 527 1690 559; x_wconf 92' lang='lat' dir='ltr'>quo</span> <span class='ocrx_word' id='word_1_388' title='bbox 1714 516 1870 549; x_wconf 69' lang='lat' dir='ltr'>breviter</span> <span class='ocrx_word' id='word_1_389' title='bbox 1893 530 2109 553; x_wconf 89' lang='lat' dir='ltr'>commemo-</span> 
     </span>
     <span class='ocr_line' id='line_1_61' title="bbox 1117 563 1947 613; baseline 0.008 -18"><span class='ocrx_word' id='word_1_390' title='bbox 1117 568 1173 595; x_wconf 85' lang='lat' dir='ltr'>rat</span> <span class='ocrx_word' id='word_1_391' title='bbox 1189 563 1345 596; x_wconf 88' lang='lat' dir='ltr'>studium</span> <span class='ocrx_word' id='word_1_392' title='bbox 1363 570 1396 596; x_wconf 83' lang='lat' dir='ltr'>et</span> <span class='ocrx_word' id='word_1_393' title='bbox 1413 575 1533 596; x_wconf 86' lang='lat' dir='ltr'>curam</span> <span class='ocrx_word' id='word_1_394' title='bbox 1552 577 1617 609; x_wconf 89' lang='lat' dir='ltr'>pro</span> <span class='ocrx_word' id='word_1_395' title='bbox 1638 566 1810 609; x_wconf 82' lang='lat' dir='ltr'>dignitate</span> <span class='ocrx_word' id='word_1_396' title='bbox 1827 566 1947 613; x_wconf 91' lang='lat' dir='ltr'>Appii.</span> 
     </span>
    </p>
   </div>
   <div class='ocr_carea' id='block_1_12' title="bbox 1362 665 1866 711">
    <p class='ocr_par' dir='ltr' id='par_1_14' title="bbox 1362 665 1866 711">
     <span class='ocr_line' id='line_1_62' title="bbox 1362 665 1866 711; baseline 0.012 -13"><span class='ocrx_word' id='word_1_397' title='bbox 1362 665 1501 699; x_wconf 85' lang='lat' dir='ltr'>Aliud</span> <span class='ocrx_word' id='word_1_398' title='bbox 1540 675 1866 711; x_wconf 87' lang='lat' dir='ltr'>argumentum.</span> 
     </span>
    </p>
   </div>
   <div class='ocr_carea' id='block_1_13' title="bbox 1114 740 2108 1592">
    <p class='ocr_par' dir='ltr' id='par_1_15' title="bbox 1114 740 2108 1592">
     <span class='ocr_line' id='line_1_63' title="bbox 1217 740 2107 788; baseline 0.013 -15"><span class='ocrx_word' id='word_1_399' title='bbox 1217 740 1332 780; x_wconf 88' lang='lat' dir='ltr'>Haec,</span> <span class='ocrx_word' id='word_1_400' title='bbox 1363 753 1453 786; x_wconf 89' lang='lat' dir='ltr'>quae</span> <span class='ocrx_word' id='word_1_401' title='bbox 1468 742 1645 786; x_wconf 89' lang='lat' dir='ltr'>sequitur,</span> <span class='ocrx_word' id='word_1_402' title='bbox 1673 745 1820 788; x_wconf 88' lang='lat' dir='ltr'>epistola</span> <span class='ocrx_word' id='word_1_403' title='bbox 1838 747 1940 781; x_wconf 74' lang='lat' dir='ltr'>valde</span> <span class='ocrx_word' id='word_1_404' title='bbox 1960 756 2009 783; x_wconf 86' lang='lat' dir='ltr'>est</span> <span class='ocrx_word' id='word_1_405' title='bbox 2027 748 2107 785; x_wconf 85' lang='lat' dir='ltr'>rhe-</span> 
     </span>
     <span class='ocr_line' id='line_1_64' title="bbox 1116 791 2106 845; baseline 0.011 -21"><span class='ocrx_word' id='word_1_406' title='bbox 1116 791 1249 832; x_wconf 86' lang='lat' dir='ltr'>torica,</span> <span class='ocrx_word' id='word_1_407' title='bbox 1277 792 1313 824; x_wconf 91' lang='lat' dir='ltr'>in</span> <span class='ocrx_word' id='word_1_408' title='bbox 1333 805 1401 836; x_wconf 82' lang='lat' dir='ltr'>qua</span> <span class='ocrx_word' id='word_1_409' title='bbox 1429 799 1462 825; x_wconf 88' lang='lat' dir='ltr'>et</span> <span class='ocrx_word' id='word_1_410' title='bbox 1486 793 1606 826; x_wconf 76' lang='lat' dir='ltr'>videre</span> <span class='ocrx_word' id='word_1_411' title='bbox 1632 800 1682 827; x_wconf 90' lang='lat' dir='ltr'>est</span> <span class='ocrx_word' id='word_1_412' title='bbox 1707 803 1906 831; x_wconf 77' lang='lat' dir='ltr'>accuratam</span> <span class='ocrx_word' id='word_1_413' title='bbox 1931 803 2106 845; x_wconf 88' lang='lat' dir='ltr'>composi-</span> 
     </span>
     <span class='ocr_line' id='line_1_65' title="bbox 1116 843 2106 897; baseline 0.012 -23"><span class='ocrx_word' id='word_1_414' title='bbox 1116 843 1263 876; x_wconf 88' lang='lat' dir='ltr'>tionem.</span> <span class='ocrx_word' id='word_1_415' title='bbox 1304 843 1487 887; x_wconf 79' lang='lat' dir='ltr'>l‘riucipio</span> <span class='ocrx_word' id='word_1_416' title='bbox 1506 844 1642 877; x_wconf 76' lang='lat' dir='ltr'>exordIi</span> <span class='ocrx_word' id='word_1_417' title='bbox 1658 845 1735 878; x_wconf 85' lang='lat' dir='ltr'>loco</span> <span class='ocrx_word' id='word_1_418' title='bbox 1755 854 1806 881; x_wconf 86' lang='lat' dir='ltr'>est</span> <span class='ocrx_word' id='word_1_419' title='bbox 1824 850 1980 893; x_wconf 82' lang='lat' dir='ltr'>querela,</span> <span class='ocrx_word' id='word_1_420' title='bbox 2009 855 2106 897; x_wconf 80' lang='lat' dir='ltr'>quod</span> 
     </span>
     <span class='ocr_line' id='line_1_66' title="bbox 1115 893 2106 947; baseline 0.006 -21"><span class='ocrx_word' id='word_1_421' title='bbox 1115 893 1232 938; x_wconf 80' lang='lat' dir='ltr'>Appio</span> <span class='ocrx_word' id='word_1_422' title='bbox 1256 906 1385 937; x_wconf 81' lang='lat' dir='ltr'>magna</span> <span class='ocrx_word' id='word_1_423' title='bbox 1412 895 1473 927; x_wconf 86' lang='lat' dir='ltr'>fiat</span> <span class='ocrx_word' id='word_1_424' title='bbox 1496 894 1626 928; x_wconf 88' lang='lat' dir='ltr'>iniuria</span> <span class='ocrx_word' id='word_1_425' title='bbox 1655 908 1673 928; x_wconf 87' lang='lat' dir='ltr'>a</span> <span class='ocrx_word' id='word_1_426' title='bbox 1689 896 1886 934; x_wconf 82' lang='lat' dir='ltr'>Dolabella.</span> <span class='ocrx_word' id='word_1_427' title='bbox 1938 901 2106 947; x_wconf 74' lang='lat' dir='ltr'>Sequitur</span> 
     </span>
     <span class='ocr_line' id='line_1_67' title="bbox 1117 945 2104 994; baseline 0.01 -17"><span class='ocrx_word' id='word_1_428' title='bbox 1117 945 1334 984; x_wconf 83' lang='lat' dir='ltr'>consolatio,</span> <span class='ocrx_word' id='word_1_429' title='bbox 1362 952 1401 978; x_wconf 88' lang='lat' dir='ltr'>ut</span> <span class='ocrx_word' id='word_1_430' title='bbox 1419 957 1532 990; x_wconf 84' lang='lat' dir='ltr'>aequo</span> <span class='ocrx_word' id='word_1_431' title='bbox 1550 947 1670 979; x_wconf 84' lang='lat' dir='ltr'>animo</span> <span class='ocrx_word' id='word_1_432' title='bbox 1695 948 1780 989; x_wconf 87' lang='lat' dir='ltr'>ista,</span> <span class='ocrx_word' id='word_1_433' title='bbox 1816 963 1906 994; x_wconf 87' lang='lat' dir='ltr'>quae</span> <span class='ocrx_word' id='word_1_434' title='bbox 1931 964 2025 986; x_wconf 90' lang='lat' dir='ltr'>nunc</span> <span class='ocrx_word' id='word_1_435' title='bbox 2050 966 2104 987; x_wconf 88' lang='lat' dir='ltr'>ac-</span> 
     </span>
     <span class='ocr_line' id='line_1_68' title="bbox 1117 996 2107 1043; baseline 0.01 -15"><span class='ocrx_word' id='word_1_436' title='bbox 1117 996 1255 1036; x_wconf 84' lang='lat' dir='ltr'>cidant,</span> <span class='ocrx_word' id='word_1_437' title='bbox 1289 996 1391 1030; x_wconf 89' lang='lat' dir='ltr'>serat.</span> <span class='ocrx_word' id='word_1_438' title='bbox 1444 996 1615 1030; x_wconf 78' lang='lat' dir='ltr'>Rationes</span> <span class='ocrx_word' id='word_1_439' title='bbox 1640 1006 1800 1043; x_wconf 87' lang='lat' dir='ltr'>sumptae</span> <span class='ocrx_word' id='word_1_440' title='bbox 1825 1007 1907 1034; x_wconf 87' lang='lat' dir='ltr'>sunt</span> <span class='ocrx_word' id='word_1_441' title='bbox 1931 1015 1972 1036; x_wconf 83' lang='lat' dir='ltr'>ex</span> <span class='ocrx_word' id='word_1_442' title='bbox 1996 1001 2107 1038; x_wconf 86' lang='lat' dir='ltr'>hone-</span> 
     </span>
     <span class='ocr_line' id='line_1_69' title="bbox 1115 1047 2107 1088; baseline 0.009 -8"><span class='ocrx_word' id='word_1_443' title='bbox 1115 1054 1188 1087; x_wconf 90' lang='lat' dir='ltr'>sto,</span> <span class='ocrx_word' id='word_1_444' title='bbox 1216 1047 1301 1080; x_wconf 90' lang='lat' dir='ltr'>item</span> <span class='ocrx_word' id='word_1_445' title='bbox 1320 1060 1338 1079; x_wconf 88' lang='lat' dir='ltr'>a</span> <span class='ocrx_word' id='word_1_446' title='bbox 1357 1047 1428 1081; x_wconf 87' lang='lat' dir='ltr'>suis</span> <span class='ocrx_word' id='word_1_447' title='bbox 1444 1048 1567 1082; x_wconf 88' lang='lat' dir='ltr'>officiis</span> <span class='ocrx_word' id='word_1_448' title='bbox 1583 1054 1615 1081; x_wconf 88' lang='lat' dir='ltr'>et</span> <span class='ocrx_word' id='word_1_449' title='bbox 1633 1050 1770 1084; x_wconf 81' lang='lat' dir='ltr'>auxiliis</span> <span class='ocrx_word' id='word_1_450' title='bbox 1787 1051 1951 1087; x_wconf 88' lang='lat' dir='ltr'>aliorum.</span> <span class='ocrx_word' id='word_1_451' title='bbox 1996 1054 2107 1088; x_wconf 91' lang='lat' dir='ltr'>Dein-</span> 
     </span>
     <span class='ocr_line' id='line_1_70' title="bbox 1116 1098 2105 1148; baseline 0.009 -17"><span class='ocrx_word' id='word_1_452' title='bbox 1116 1100 1158 1131; x_wconf 87' lang='lat' dir='ltr'>de</span> <span class='ocrx_word' id='word_1_453' title='bbox 1182 1098 1330 1142; x_wconf 88' lang='lat' dir='ltr'>ponitur</span> <span class='ocrx_word' id='word_1_454' title='bbox 1359 1099 1570 1142; x_wconf 81' lang='lat' dir='ltr'>gratulatio,</span> <span class='ocrx_word' id='word_1_455' title='bbox 1613 1112 1702 1145; x_wconf 85' lang='lat' dir='ltr'>quae</span> <span class='ocrx_word' id='word_1_456' title='bbox 1737 1101 1842 1135; x_wconf 90' lang='lat' dir='ltr'>etiam</span> <span class='ocrx_word' id='word_1_457' title='bbox 1877 1105 2030 1148; x_wconf 88' lang='lat' dir='ltr'>pertinet</span> <span class='ocrx_word' id='word_1_458' title='bbox 2060 1108 2105 1140; x_wconf 90' lang='lat' dir='ltr'>ad</span> 
     </span>
     <span class='ocr_line' id='line_1_71' title="bbox 1116 1149 2106 1191; baseline 0.01 -10"><span class='ocrx_word' id='word_1_459' title='bbox 1116 1149 1409 1183; x_wconf 86' lang='lat' dir='ltr'>consolationem.</span> <span class='ocrx_word' id='word_1_460' title='bbox 1462 1150 1672 1183; x_wconf 88' lang='lat' dir='ltr'>Gratulatur</span> <span class='ocrx_word' id='word_1_461' title='bbox 1691 1159 1808 1186; x_wconf 87' lang='lat' dir='ltr'>autem</span> <span class='ocrx_word' id='word_1_462' title='bbox 1833 1154 1863 1187; x_wconf 90' lang='lat' dir='ltr'>ei</span> <span class='ocrx_word' id='word_1_463' title='bbox 1888 1155 2016 1189; x_wconf 82' lang='lat' dir='ltr'>civium</span> <span class='ocrx_word' id='word_1_464' title='bbox 2035 1163 2106 1191; x_wconf 92' lang='lat' dir='ltr'>stu-</span> 
     </span>
     <span class='ocr_line' id='line_1_72' title="bbox 1116 1200 2106 1244; baseline 0.01 -12"><span class='ocrx_word' id='word_1_465' title='bbox 1116 1201 1192 1240; x_wconf 90' lang='lat' dir='ltr'>dia,</span> <span class='ocrx_word' id='word_1_466' title='bbox 1223 1206 1256 1233; x_wconf 88' lang='lat' dir='ltr'>et</span> <span class='ocrx_word' id='word_1_467' title='bbox 1283 1200 1389 1234; x_wconf 86' lang='lat' dir='ltr'>simul</span> <span class='ocrx_word' id='word_1_468' title='bbox 1414 1200 1592 1244; x_wconf 69' lang='lat' dir='ltr'>vituperat</span> <span class='ocrx_word' id='word_1_469' title='bbox 1617 1202 1852 1238; x_wconf 85' lang='lat' dir='ltr'>Dolabellam.</span> <span class='ocrx_word' id='word_1_470' title='bbox 1904 1206 2031 1240; x_wconf 86' lang='lat' dir='ltr'>Postea</span> <span class='ocrx_word' id='word_1_471' title='bbox 2055 1216 2106 1242; x_wconf 88' lang='lat' dir='ltr'>est</span> 
     </span>
     <span class='ocr_line' id='line_1_73' title="bbox 1115 1251 2107 1301; baseline 0.008 -17"><span class='ocrx_word' id='word_1_472' title='bbox 1115 1251 1280 1295; x_wconf 83' lang='lat' dir='ltr'>purgatio</span> <span class='ocrx_word' id='word_1_473' title='bbox 1296 1251 1558 1295; x_wconf 85' lang='lat' dir='ltr'>suspicionum,</span> <span class='ocrx_word' id='word_1_474' title='bbox 1586 1252 1621 1284; x_wconf 90' lang='lat' dir='ltr'>in</span> <span class='ocrx_word' id='word_1_475' title='bbox 1646 1265 1715 1298; x_wconf 89' lang='lat' dir='ltr'>qua</span> <span class='ocrx_word' id='word_1_476' title='bbox 1738 1255 1898 1298; x_wconf 86' lang='lat' dir='ltr'>pluribus</span> <span class='ocrx_word' id='word_1_477' title='bbox 1919 1270 2107 1301; x_wconf 87' lang='lat' dir='ltr'>argumen-</span> 
     </span>
     <span class='ocr_line' id='line_1_74' title="bbox 1116 1303 2105 1349; baseline 0.008 -14"><span class='ocrx_word' id='word_1_478' title='bbox 1116 1303 1158 1335; x_wconf 85' lang='lat' dir='ltr'>tis</span> <span class='ocrx_word' id='word_1_479' title='bbox 1183 1303 1342 1335; x_wconf 83' lang='lat' dir='ltr'>consutat</span> <span class='ocrx_word' id='word_1_480' title='bbox 1364 1314 1398 1335; x_wconf 88' lang='lat' dir='ltr'>se</span> <span class='ocrx_word' id='word_1_481' title='bbox 1423 1314 1496 1334; x_wconf 91' lang='lat' dir='ltr'>non</span> <span class='ocrx_word' id='word_1_482' title='bbox 1520 1315 1592 1336; x_wconf 85' lang='lat' dir='ltr'>esse</span> <span class='ocrx_word' id='word_1_483' title='bbox 1619 1316 1659 1336; x_wconf 82' lang='lat' dir='ltr'>ex</span> <span class='ocrx_word' id='word_1_484' title='bbox 1681 1316 1721 1337; x_wconf 91' lang='lat' dir='ltr'>eo</span> <span class='ocrx_word' id='word_1_485' title='bbox 1743 1318 1870 1349; x_wconf 84' lang='lat' dir='ltr'>genere</span> <span class='ocrx_word' id='word_1_486' title='bbox 1895 1309 2105 1349; x_wconf 88' lang='lat' dir='ltr'>amicorum,</span> 
     </span>
     <span class='ocr_line' id='line_1_75' title="bbox 1116 1353 2106 1401; baseline 0.009 -16"><span class='ocrx_word' id='word_1_487' title='bbox 1116 1353 1177 1398; x_wconf 87' lang='lat' dir='ltr'>qui</span> <span class='ocrx_word' id='word_1_488' title='bbox 1206 1359 1288 1386; x_wconf 88' lang='lat' dir='ltr'>sunt</span> <span class='ocrx_word' id='word_1_489' title='bbox 1318 1353 1445 1393; x_wconf 77' lang='lat' dir='ltr'>fucati,</span> <span class='ocrx_word' id='word_1_490' title='bbox 1494 1360 1646 1399; x_wconf 85' lang='lat' dir='ltr'>suntque</span> <span class='ocrx_word' id='word_1_491' title='bbox 1674 1363 1814 1400; x_wconf 87' lang='lat' dir='ltr'>sumpta</span> <span class='ocrx_word' id='word_1_492' title='bbox 1844 1367 2051 1401; x_wconf 82' lang='lat' dir='ltr'>argumenta</span> <span class='ocrx_word' id='word_1_493' title='bbox 2087 1373 2106 1394; x_wconf 89' lang='lat' dir='ltr'>a</span> 
     </span>
     <span class='ocr_line' id='line_1_76' title="bbox 1115 1403 2107 1448; baseline 0.008 -12"><span class='ocrx_word' id='word_1_494' title='bbox 1115 1404 1245 1448; x_wconf 82' lang='lat' dir='ltr'>signis,</span> <span class='ocrx_word' id='word_1_495' title='bbox 1286 1403 1441 1448; x_wconf 88' lang='lat' dir='ltr'>primum</span> <span class='ocrx_word' id='word_1_496' title='bbox 1467 1416 1484 1436; x_wconf 88' lang='lat' dir='ltr'>a</span> <span class='ocrx_word' id='word_1_497' title='bbox 1509 1417 1569 1437; x_wconf 88' lang='lat' dir='ltr'>sua</span> <span class='ocrx_word' id='word_1_498' title='bbox 1594 1412 1742 1447; x_wconf 86' lang='lat' dir='ltr'>natura,</span> <span class='ocrx_word' id='word_1_499' title='bbox 1777 1408 1904 1442; x_wconf 88' lang='lat' dir='ltr'>deinde</span> <span class='ocrx_word' id='word_1_500' title='bbox 1927 1422 1945 1442; x_wconf 90' lang='lat' dir='ltr'>a</span> <span class='ocrx_word' id='word_1_501' title='bbox 1971 1412 2107 1446; x_wconf 85' lang='lat' dir='ltr'>meritis</span> 
     </span>
     <span class='ocr_line' id='line_1_77' title="bbox 1114 1455 2107 1500; baseline 0.007 -12"><span class='ocrx_word' id='word_1_502' title='bbox 1114 1455 1242 1500; x_wconf 85' lang='lat' dir='ltr'>Appii,</span> <span class='ocrx_word' id='word_1_503' title='bbox 1285 1455 1369 1488; x_wconf 87' lang='lat' dir='ltr'>item</span> <span class='ocrx_word' id='word_1_504' title='bbox 1398 1467 1417 1487; x_wconf 91' lang='lat' dir='ltr'>a</span> <span class='ocrx_word' id='word_1_505' title='bbox 1449 1455 1628 1499; x_wconf 85' lang='lat' dir='ltr'>prioribus</span> <span class='ocrx_word' id='word_1_506' title='bbox 1659 1458 1800 1499; x_wconf 87' lang='lat' dir='ltr'>officiis,</span> <span class='ocrx_word' id='word_1_507' title='bbox 1834 1471 1853 1492; x_wconf 89' lang='lat' dir='ltr'>a</span> <span class='ocrx_word' id='word_1_508' title='bbox 1876 1461 2107 1496; x_wconf 85' lang='lat' dir='ltr'>similitudine</span> 
     </span>
     <span class='ocr_line' id='line_1_78' title="bbox 1116 1506 2108 1557; baseline 0.007 -17"><span class='ocrx_word' id='word_1_509' title='bbox 1116 1507 1336 1547; x_wconf 89' lang='lat' dir='ltr'>studiorum,</span> <span class='ocrx_word' id='word_1_510' title='bbox 1363 1506 1449 1538; x_wconf 89' lang='lat' dir='ltr'>item</span> <span class='ocrx_word' id='word_1_511' title='bbox 1465 1507 1509 1539; x_wconf 89' lang='lat' dir='ltr'>ab</span> <span class='ocrx_word' id='word_1_512' title='bbox 1535 1508 1656 1542; x_wconf 89' lang='lat' dir='ltr'>amicis</span> <span class='ocrx_word' id='word_1_513' title='bbox 1669 1507 1789 1553; x_wconf 86' lang='lat' dir='ltr'>Appii.</span> <span class='ocrx_word' id='word_1_514' title='bbox 1849 1509 1889 1543; x_wconf 92' lang='lat' dir='ltr'>In</span> <span class='ocrx_word' id='word_1_515' title='bbox 1913 1512 1981 1546; x_wconf 86' lang='lat' dir='ltr'>fine</span> <span class='ocrx_word' id='word_1_516' title='bbox 2004 1514 2108 1557; x_wconf 90' lang='lat' dir='ltr'>poni-</span> 
     </span>
     <span class='ocr_line' id='line_1_79' title="bbox 1117 1557 1518 1592; baseline 0.002 -1"><span class='ocrx_word' id='word_1_517' title='bbox 1117 1565 1174 1591; x_wconf 90' lang='lat' dir='ltr'>tur</span> <span class='ocrx_word' id='word_1_518' title='bbox 1189 1557 1306 1591; x_wconf 82' lang='lat' dir='ltr'>brevis</span> <span class='ocrx_word' id='word_1_519' title='bbox 1327 1557 1518 1592; x_wconf 84' lang='lat' dir='ltr'>conclusio.</span> 
     </span>
    </p>
   </div>
   <div class='ocr_carea' id='block_1_14' title="bbox 1359 1656 1877 1701">
    <p class='ocr_par' dir='ltr' id='par_1_16' title="bbox 1359 1656 1877 1701">
     <span class='ocr_line' id='line_1_80' title="bbox 1359 1656 1877 1701; baseline 0.01 -11"><span class='ocrx_word' id='word_1_520' title='bbox 1359 1656 1495 1691; x_wconf 86' lang='lat' dir='ltr'>Aliud</span> <span class='ocrx_word' id='word_1_521' title='bbox 1529 1660 1877 1701; x_wconf 59' lang='grc' dir='ltr'>31311111011111111.ἴ</span> 
     </span>
    </p>
   </div>
   <div class='ocr_carea' id='block_1_15' title="bbox 1118 1732 2114 2751">
    <p class='ocr_par' dir='ltr' id='par_1_17' title="bbox 1118 1732 2114 2751">
     <span class='ocr_line' id='line_1_81' title="bbox 1220 1732 2110 1778; baseline 0.009 -11"><span class='ocrx_word' id='word_1_522' title='bbox 1220 1733 1308 1767; x_wconf 87' lang='lat' dir='ltr'>Cum</span> <span class='ocrx_word' id='word_1_523' title='bbox 1326 1732 1462 1778; x_wconf 88' lang='lat' dir='ltr'>Appius</span> <span class='ocrx_word' id='word_1_524' title='bbox 1479 1746 1520 1767; x_wconf 88' lang='lat' dir='ltr'>ex</span> <span class='ocrx_word' id='word_1_525' title='bbox 1542 1734 1727 1778; x_wconf 76' lang='lat' dir='ltr'>provincia</span> <span class='ocrx_word' id='word_1_526' title='bbox 1746 1737 1790 1769; x_wconf 89' lang='lat' dir='ltr'>ad</span> <span class='ocrx_word' id='word_1_527' title='bbox 1808 1737 1933 1771; x_wconf 91' lang='lat' dir='ltr'>urbem</span> <span class='ocrx_word' id='word_1_528' title='bbox 1950 1740 2110 1775; x_wconf 87' lang='lat' dir='ltr'>accessis-</span> 
     </span>
     <span class='ocr_line' id='line_1_82' title="bbox 1118 1784 2108 1830; baseline 0.008 -13"><span class='ocrx_word' id='word_1_529' title='bbox 1118 1791 1187 1825; x_wconf 89' lang='lat' dir='ltr'>set,</span> <span class='ocrx_word' id='word_1_530' title='bbox 1232 1791 1265 1817; x_wconf 91' lang='lat' dir='ltr'>et</span> <span class='ocrx_word' id='word_1_531' title='bbox 1297 1785 1493 1829; x_wconf 83' lang='lat' dir='ltr'>postularet</span> <span class='ocrx_word' id='word_1_532' title='bbox 1524 1784 1767 1830; x_wconf 86' lang='lat' dir='ltr'>triumphum,</span> <span class='ocrx_word' id='word_1_533' title='bbox 1812 1800 1830 1820; x_wconf 89' lang='lat' dir='ltr'>a</span> <span class='ocrx_word' id='word_1_534' title='bbox 1855 1788 2041 1824; x_wconf 84' lang='lat' dir='ltr'>Dolabella</span> <span class='ocrx_word' id='word_1_535' title='bbox 2066 1793 2108 1825; x_wconf 92' lang='lat' dir='ltr'>de</span> 
     </span>
     <span class='ocr_line' id='line_1_83' title="bbox 1119 1836 2109 1875; baseline 0.007 -7"><span class='ocrx_word' id='word_1_536' title='bbox 1119 1836 1255 1869; x_wconf 85' lang='lat' dir='ltr'>ambitu</span> <span class='ocrx_word' id='word_1_537' title='bbox 1274 1842 1325 1870; x_wconf 90' lang='lat' dir='ltr'>est</span> <span class='ocrx_word' id='word_1_538' title='bbox 1340 1843 1520 1869; x_wconf 87' lang='lat' dir='ltr'>accusatus</span> <span class='ocrx_word' id='word_1_539' title='bbox 1534 1863 1542 1875; x_wconf 87' lang='lat'>‚</span> <span class='ocrx_word' id='word_1_540' title='bbox 1571 1837 1653 1869; x_wconf 89' lang='lat' dir='ltr'>item</span> <span class='ocrx_word' id='word_1_541' title='bbox 1672 1839 1714 1870; x_wconf 90' lang='lat' dir='ltr'>de</span> <span class='ocrx_word' id='word_1_542' title='bbox 1731 1838 1878 1872; x_wconf 82' lang='lat' dir='ltr'>crimine</span> <span class='ocrx_word' id='word_1_543' title='bbox 1895 1840 2012 1874; x_wconf 88' lang='lat' dir='ltr'>laesae</span> <span class='ocrx_word' id='word_1_544' title='bbox 2034 1855 2109 1875; x_wconf 88' lang='lat' dir='ltr'>ma-</span> 
     </span>
     <span class='ocr_line' id='line_1_84' title="bbox 1120 1887 2109 1932; baseline 0.007 -13"><span class='ocrx_word' id='word_1_545' title='bbox 1120 1887 1263 1920; x_wconf 81' lang='lat' dir='ltr'>iestatis.</span> <span class='ocrx_word' id='word_1_546' title='bbox 1334 1887 1456 1920; x_wconf 88' lang='lat' dir='ltr'>Cicero</span> <span class='ocrx_word' id='word_1_547' title='bbox 1492 1887 1600 1930; x_wconf 84' lang='lat' dir='ltr'>igitur</span> <span class='ocrx_word' id='word_1_548' title='bbox 1624 1888 1779 1932; x_wconf 85' lang='lat' dir='ltr'>primum</span> <span class='ocrx_word' id='word_1_549' title='bbox 1808 1892 1963 1924; x_wconf 87' lang='lat' dir='ltr'>ostendit</span> <span class='ocrx_word' id='word_1_550' title='bbox 1986 1905 2020 1926; x_wconf 88' lang='lat' dir='ltr'>se</span> <span class='ocrx_word' id='word_1_551' title='bbox 2046 1895 2109 1926; x_wconf 88' lang='lat' dir='ltr'>do-</span> 
     </span>
     <span class='ocr_line' id='line_1_85' title="bbox 1119 1938 2109 1985; baseline 0.007 -15"><span class='ocrx_word' id='word_1_552' title='bbox 1119 1939 1209 1978; x_wconf 88' lang='lat' dir='ltr'>lere,</span> <span class='ocrx_word' id='word_1_553' title='bbox 1238 1939 1334 1985; x_wconf 87' lang='lat' dir='ltr'>quod</span> <span class='ocrx_word' id='word_1_554' title='bbox 1349 1938 1466 1982; x_wconf 78' lang='lat' dir='ltr'>Appio</span> <span class='ocrx_word' id='word_1_555' title='bbox 1486 1938 1532 1971; x_wconf 87' lang='lat' dir='ltr'>ita</span> <span class='ocrx_word' id='word_1_556' title='bbox 1551 1938 1771 1982; x_wconf 85' lang='lat' dir='ltr'>triumphum</span> <span class='ocrx_word' id='word_1_557' title='bbox 1790 1941 1983 1975; x_wconf 83' lang='lat' dir='ltr'>adversarii</span> <span class='ocrx_word' id='word_1_558' title='bbox 2008 1955 2109 1977; x_wconf 87' lang='lat' dir='ltr'>accu-</span> 
     </span>
     <span class='ocr_line' id='line_1_86' title="bbox 1119 1989 2108 2034; baseline 0.005 -12"><span class='ocrx_word' id='word_1_559' title='bbox 1119 1989 1255 2022; x_wconf 86' lang='lat' dir='ltr'>satione</span> <span class='ocrx_word' id='word_1_560' title='bbox 1272 1989 1329 2021; x_wconf 84' lang='grc'><strong>1113</strong></span> <span class='ocrx_word' id='word_1_561' title='bbox 1346 1989 1552 2032; x_wconf 85' lang='lat' dir='ltr'>eripuerint.</span> <span class='ocrx_word' id='word_1_562' title='bbox 1606 1989 1743 2023; x_wconf 86' lang='lat' dir='ltr'>Deinde</span> <span class='ocrx_word' id='word_1_563' title='bbox 1758 1992 1936 2034; x_wconf 88' lang='lat' dir='ltr'>promittit</span> <span class='ocrx_word' id='word_1_564' title='bbox 1952 1995 2108 2027; x_wconf 86' lang='lat' dir='ltr'>studium</span> 
     </span>
     <span class='ocr_line' id='line_1_87' title="bbox 1120 2040 2110 2085; baseline 0.006 -13"><span class='ocrx_word' id='word_1_565' title='bbox 1120 2053 1221 2073; x_wconf 86' lang='lat' dir='ltr'>suum</span> <span class='ocrx_word' id='word_1_566' title='bbox 1234 2066 1243 2080; x_wconf 92' lang='lat'>‚</span> <span class='ocrx_word' id='word_1_567' title='bbox 1271 2046 1304 2072; x_wconf 89' lang='lat' dir='ltr'>et</span> <span class='ocrx_word' id='word_1_568' title='bbox 1320 2040 1425 2073; x_wconf 90' lang='lat' dir='ltr'>simul</span> <span class='ocrx_word' id='word_1_569' title='bbox 1442 2040 1592 2072; x_wconf 85' lang='lat' dir='ltr'>aliorum</span> <span class='ocrx_word' id='word_1_570' title='bbox 1613 2041 1727 2073; x_wconf 91' lang='lat' dir='ltr'>studia</span> <span class='ocrx_word' id='word_1_571' title='bbox 1746 2041 1777 2073; x_wconf 92' lang='lat' dir='ltr'>ei</span> <span class='ocrx_word' id='word_1_572' title='bbox 1795 2043 2003 2085; x_wconf 86' lang='lat' dir='ltr'>gratulatur.</span> <span class='ocrx_word' id='word_1_573' title='bbox 2049 2045 2110 2078; x_wconf 87' lang='lat' dir='ltr'>Al-</span> 
     </span>
     <span class='ocr_line' id='line_1_88' title="bbox 1121 2091 2110 2141; baseline 0.005 -18"><span class='ocrx_word' id='word_1_574' title='bbox 1121 2098 1194 2123; x_wconf 82' lang='lat' dir='ltr'>tera</span> <span class='ocrx_word' id='word_1_575' title='bbox 1215 2091 1384 2136; x_wconf 86' lang='lat' dir='ltr'>epistolae</span> <span class='ocrx_word' id='word_1_576' title='bbox 1400 2103 1481 2134; x_wconf 89' lang='lat' dir='ltr'>pars</span> <span class='ocrx_word' id='word_1_577' title='bbox 1500 2091 1657 2124; x_wconf 87' lang='lat' dir='ltr'>continet</span> <span class='ocrx_word' id='word_1_578' title='bbox 1680 2093 1928 2136; x_wconf 84' lang='lat' dir='ltr'>purgationem</span> <span class='ocrx_word' id='word_1_579' title='bbox 1953 2095 1997 2128; x_wconf 88' lang='lat' dir='ltr'>ad</span> <span class='ocrx_word' id='word_1_580' title='bbox 2024 2109 2110 2141; x_wconf 87' lang='lat' dir='ltr'>que-</span> 
     </span>
     <span class='ocr_line' id='line_1_89' title="bbox 1120 2141 2110 2189; baseline 0.007 -15"><span class='ocrx_word' id='word_1_581' title='bbox 1120 2143 1232 2175; x_wconf 84' lang='lat' dir='ltr'>relam</span> <span class='ocrx_word' id='word_1_582' title='bbox 1251 2141 1359 2186; x_wconf 88' lang='lat' dir='ltr'>Appii</span> <span class='ocrx_word' id='word_1_583' title='bbox 1374 2143 1416 2175; x_wconf 89' lang='lat' dir='ltr'>de</span> <span class='ocrx_word' id='word_1_584' title='bbox 1434 2142 1574 2186; x_wconf 85' lang='lat' dir='ltr'>legatis,</span> <span class='ocrx_word' id='word_1_585' title='bbox 1603 2155 1709 2187; x_wconf 89' lang='lat' dir='ltr'>quam</span> <span class='ocrx_word' id='word_1_586' title='bbox 1729 2156 1834 2187; x_wconf 88' lang='lat' dir='ltr'>supra</span> <span class='ocrx_word' id='word_1_587' title='bbox 1852 2144 1889 2177; x_wconf 87' lang='lat' dir='ltr'>in</span> <span class='ocrx_word' id='word_1_588' title='bbox 1910 2145 2057 2189; x_wconf 80' lang='lat' dir='ltr'>epistola</span> <span class='ocrx_word' id='word_1_589' title='bbox 2074 2149 2110 2182; x_wconf 85' lang='lat'>8.</span> 
     </span>
     <span class='ocr_line' id='line_1_90' title="bbox 1123 2192 2110 2240; baseline 0.006 -14"><span class='ocrx_word' id='word_1_590' title='bbox 1123 2206 1264 2239; x_wconf 85' lang='lat' dir='ltr'>quoque</span> <span class='ocrx_word' id='word_1_591' title='bbox 1295 2193 1480 2233; x_wconf 87' lang='lat' dir='ltr'>tractavit,</span> <span class='ocrx_word' id='word_1_592' title='bbox 1523 2195 1582 2226; x_wconf 88' lang='lat' dir='ltr'>sed</span> <span class='ocrx_word' id='word_1_593' title='bbox 1614 2192 1670 2227; x_wconf 82' lang='grc'><strong>1110</strong></span> <span class='ocrx_word' id='word_1_594' title='bbox 1704 2195 1812 2240; x_wconf 82' lang='lat' dir='ltr'>paulo</span> <span class='ocrx_word' id='word_1_595' title='bbox 1844 2195 2047 2240; x_wconf 87' lang='lat' dir='ltr'>diligentius</span> <span class='ocrx_word' id='word_1_596' title='bbox 2073 2211 2110 2232; x_wconf 88' lang='lat' dir='ltr'>se</span> 
     </span>
     <span class='ocr_line' id='line_1_91' title="bbox 1122 2244 2112 2292; baseline 0.005 -15"><span class='ocrx_word' id='word_1_597' title='bbox 1122 2251 1260 2290; x_wconf 76' lang='lat' dir='ltr'>purgat.</span> <span class='ocrx_word' id='word_1_598' title='bbox 1312 2244 1508 2277; x_wconf 83' lang='lat' dir='ltr'>Exordium</span> <span class='ocrx_word' id='word_1_599' title='bbox 1527 2244 1684 2278; x_wconf 90' lang='lat' dir='ltr'>continet</span> <span class='ocrx_word' id='word_1_600' title='bbox 1709 2246 1993 2280; x_wconf 85' lang='lat' dir='ltr'>extenuationem</span> <span class='ocrx_word' id='word_1_601' title='bbox 2018 2249 2112 2292; x_wconf 86' lang='lat' dir='ltr'>peri-</span> 
     </span>
     <span class='ocr_line' id='line_1_92' title="bbox 1123 2296 2113 2336; baseline 0.004 -7"><span class='ocrx_word' id='word_1_602' title='bbox 1123 2296 1211 2336; x_wconf 90' lang='lat' dir='ltr'>culi,</span> <span class='ocrx_word' id='word_1_603' title='bbox 1240 2302 1273 2328; x_wconf 83' lang='lat' dir='ltr'>et</span> <span class='ocrx_word' id='word_1_604' title='bbox 1290 2296 1569 2330; x_wconf 90' lang='lat' dir='ltr'>consolationem</span> <span class='ocrx_word' id='word_1_605' title='bbox 1589 2302 1711 2329; x_wconf 86' lang='lat' dir='ltr'>contra</span> <span class='ocrx_word' id='word_1_606' title='bbox 1735 2297 2022 2332; x_wconf 86' lang='lat' dir='ltr'>adversariorum</span> <span class='ocrx_word' id='word_1_607' title='bbox 2046 2301 2113 2333; x_wconf 90' lang='lat' dir='ltr'>im-</span> 
     </span>
     <span class='ocr_line' id='line_1_93' title="bbox 1122 2345 2112 2392; baseline 0.005 -13"><span class='ocrx_word' id='word_1_608' title='bbox 1122 2347 1357 2392; x_wconf 84' lang='lat' dir='ltr'>probitatem,</span> <span class='ocrx_word' id='word_1_609' title='bbox 1400 2347 1461 2392; x_wconf 89' lang='lat' dir='ltr'>qui</span> <span class='ocrx_word' id='word_1_610' title='bbox 1486 2345 1704 2392; x_wconf 86' lang='lat' dir='ltr'>triumphum</span> <span class='ocrx_word' id='word_1_611' title='bbox 1729 2346 1847 2392; x_wconf 80' lang='lat' dir='ltr'>Appio</span> <span class='ocrx_word' id='word_1_612' title='bbox 1877 2346 1944 2382; x_wconf 89' lang='lat' dir='ltr'>hac</span> <span class='ocrx_word' id='word_1_613' title='bbox 1971 2350 2112 2385; x_wconf 88' lang='lat' dir='ltr'>ratione</span> 
     </span>
     <span class='ocr_line' id='line_1_94' title="bbox 1123 2398 2111 2443; baseline 0.004 -11"><span class='ocrx_word' id='word_1_614' title='bbox 1123 2399 1340 2443; x_wconf 85' lang='lat' dir='ltr'>eripuerant.</span> <span class='ocrx_word' id='word_1_615' title='bbox 1391 2398 1483 2432; x_wconf 82' lang='lat' dir='ltr'>Nam</span> <span class='ocrx_word' id='word_1_616' title='bbox 1508 2411 1586 2431; x_wconf 90' lang='lat' dir='ltr'>cum</span> <span class='ocrx_word' id='word_1_617' title='bbox 1608 2399 1760 2433; x_wconf 86' lang='lat' dir='ltr'>venisset</span> <span class='ocrx_word' id='word_1_618' title='bbox 1781 2400 1826 2432; x_wconf 87' lang='lat' dir='ltr'>ad</span> <span class='ocrx_word' id='word_1_619' title='bbox 1849 2400 1972 2434; x_wconf 91' lang='lat' dir='ltr'>urbem</span> <span class='ocrx_word' id='word_1_620' title='bbox 1997 2407 2030 2434; x_wconf 89' lang='lat' dir='ltr'>et</span> <span class='ocrx_word' id='word_1_621' title='bbox 2055 2414 2111 2436; x_wconf 86' lang='lat' dir='ltr'>ac-</span> 
     </span>
     <span class='ocr_line' id='line_1_95' title="bbox 1124 2449 2112 2494; baseline 0.004 -11"><span class='ocrx_word' id='word_1_622' title='bbox 1124 2456 1263 2483; x_wconf 88' lang='lat' dir='ltr'>cusatus</span> <span class='ocrx_word' id='word_1_623' title='bbox 1281 2455 1387 2489; x_wconf 87' lang='lat' dir='ltr'>esset,</span> <span class='ocrx_word' id='word_1_624' title='bbox 1416 2455 1555 2482; x_wconf 88' lang='lat' dir='ltr'>coactus</span> <span class='ocrx_word' id='word_1_625' title='bbox 1572 2456 1622 2483; x_wconf 90' lang='lat' dir='ltr'>est</span> <span class='ocrx_word' id='word_1_626' title='bbox 1636 2450 1711 2494; x_wconf 86' lang='lat' dir='ltr'>ipse</span> <span class='ocrx_word' id='word_1_627' title='bbox 1729 2462 1764 2483; x_wconf 88' lang='lat' dir='ltr'>se</span> <span class='ocrx_word' id='word_1_628' title='bbox 1781 2450 1818 2483; x_wconf 90' lang='lat' dir='ltr'>in</span> <span class='ocrx_word' id='word_1_629' title='bbox 1835 2449 1967 2485; x_wconf 85' lang='lat' dir='ltr'>iudicio</span> <span class='ocrx_word' id='word_1_630' title='bbox 1992 2453 2112 2487; x_wconf 83' lang='lat' dir='ltr'>defen-</span> 
     </span>
     <span class='ocr_line' id='line_1_96' title="bbox 1124 2501 2113 2545; baseline 0.002 -10"><span class='ocrx_word' id='word_1_631' title='bbox 1124 2503 1219 2535; x_wconf 86' lang='lat' dir='ltr'>dere.</span> <span class='ocrx_word' id='word_1_632' title='bbox 1271 2501 1355 2535; x_wconf 89' lang='lat' dir='ltr'>Non</span> <span class='ocrx_word' id='word_1_633' title='bbox 1369 2501 1496 2533; x_wconf 89' lang='lat' dir='ltr'>licebat</span> <span class='ocrx_word' id='word_1_634' title='bbox 1513 2506 1631 2533; x_wconf 86' lang='lat' dir='ltr'>autem</span> <span class='ocrx_word' id='word_1_635' title='bbox 1646 2501 1803 2545; x_wconf 86' lang='lat' dir='ltr'>ingresso</span> <span class='ocrx_word' id='word_1_636' title='bbox 1828 2501 1865 2535; x_wconf 85' lang='lat' dir='ltr'>in</span> <span class='ocrx_word' id='word_1_637' title='bbox 1887 2503 2012 2537; x_wconf 89' lang='lat' dir='ltr'>urbem</span> <span class='ocrx_word' id='word_1_638' title='bbox 2038 2516 2113 2537; x_wconf 89' lang='lat' dir='ltr'>am-</span> 
     </span>
     <span class='ocr_line' id='line_1_97' title="bbox 1125 2550 2114 2597; baseline 0.003 -12"><span class='ocrx_word' id='word_1_639' title='bbox 1125 2553 1216 2597; x_wconf 89' lang='lat' dir='ltr'>plius</span> <span class='ocrx_word' id='word_1_640' title='bbox 1234 2550 1455 2596; x_wconf 89' lang='lat' dir='ltr'>triumphum</span> <span class='ocrx_word' id='word_1_641' title='bbox 1472 2557 1602 2595; x_wconf 82' lang='lat' dir='ltr'>petere.</span> <span class='ocrx_word' id='word_1_642' title='bbox 1654 2552 1836 2586; x_wconf 85' lang='lat' dir='ltr'>Sententia</span> <span class='ocrx_word' id='word_1_643' title='bbox 1853 2552 1960 2597; x_wconf 80' lang='lat' dir='ltr'>igitur</span> <span class='ocrx_word' id='word_1_644' title='bbox 1978 2556 2114 2588; x_wconf 84' lang='lat' dir='ltr'>exordii</span> 
     </span>
     <span class='ocr_line' id='line_1_98' title="bbox 1126 2603 2113 2640; baseline 0.002 -3"><span class='ocrx_word' id='word_1_645' title='bbox 1126 2610 1200 2637; x_wconf 87' lang='lat' dir='ltr'>est:</span> <span class='ocrx_word' id='word_1_646' title='bbox 1235 2603 1318 2637; x_wconf 89' lang='lat' dir='ltr'>Non</span> <span class='ocrx_word' id='word_1_647' title='bbox 1343 2603 1503 2636; x_wconf 81' lang='lat' dir='ltr'>existimo</span> <span class='ocrx_word' id='word_1_648' title='bbox 1530 2603 1723 2637; x_wconf 89' lang='lat' dir='ltr'>dolendum</span> <span class='ocrx_word' id='word_1_649' title='bbox 1747 2604 1789 2637; x_wconf 91' lang='lat' dir='ltr'>de</span> <span class='ocrx_word' id='word_1_650' title='bbox 1812 2604 1956 2639; x_wconf 87' lang='lat' dir='ltr'>iudicio.</span> <span class='ocrx_word' id='word_1_651' title='bbox 2019 2606 2113 2640; x_wconf 87' lang='lat' dir='ltr'>Nam</span> 
     </span>
     <span class='ocr_line' id='line_1_99' title="bbox 1126 2654 2114 2698; baseline 0.002 -10"><span class='ocrx_word' id='word_1_652' title='bbox 1126 2654 1191 2688; x_wconf 85' lang='lat' dir='ltr'>tibi</span> <span class='ocrx_word' id='word_1_653' title='bbox 1206 2666 1373 2698; x_wconf 87' lang='lat' dir='ltr'>magnam</span> <span class='ocrx_word' id='word_1_654' title='bbox 1390 2654 1532 2687; x_wconf 87' lang='lat' dir='ltr'>laudem</span> <span class='ocrx_word' id='word_1_655' title='bbox 1550 2654 1665 2698; x_wconf 88' lang='lat' dir='ltr'>pariet</span> <span class='ocrx_word' id='word_1_656' title='bbox 1679 2655 1881 2689; x_wconf 84' lang='lat' dir='ltr'>innocentia</span> <span class='ocrx_word' id='word_1_657' title='bbox 1900 2662 1971 2690; x_wconf 86' lang='lat' dir='ltr'>tua.</span> <span class='ocrx_word' id='word_1_658' title='bbox 2024 2655 2114 2690; x_wconf 90' lang='lat' dir='ltr'>Illud</span> 
     </span>
     <span class='ocr_line' id='line_1_100' title="bbox 1126 2703 2114 2751; baseline 0.001 -11"><span class='ocrx_word' id='word_1_659' title='bbox 1126 2705 1238 2750; x_wconf 84' lang='lat' dir='ltr'>magis</span> <span class='ocrx_word' id='word_1_660' title='bbox 1254 2705 1445 2739; x_wconf 89' lang='lat' dir='ltr'>dolendum</span> <span class='ocrx_word' id='word_1_661' title='bbox 1465 2711 1535 2744; x_wconf 81' lang='lat' dir='ltr'>est,</span> <span class='ocrx_word' id='word_1_662' title='bbox 1561 2703 1626 2739; x_wconf 82' lang='lat' dir='ltr'>hac</span> <span class='ocrx_word' id='word_1_663' title='bbox 1642 2712 1717 2740; x_wconf 87' lang='lat' dir='ltr'>arte</span> <span class='ocrx_word' id='word_1_664' title='bbox 1732 2712 1891 2751; x_wconf 83' lang='lat' dir='ltr'>ereptum</span> <span class='ocrx_word' id='word_1_665' title='bbox 1909 2707 1972 2741; x_wconf 71' lang='lat' dir='ltr'>tibi</span> <span class='ocrx_word' id='word_1_666' title='bbox 1991 2707 2114 2741; x_wconf 87' lang='lat' dir='ltr'>trium-</span> 
     </span>
    </p>
   </div>
   <div class='ocr_carea' id='block_1_16' title="bbox 1516 2756 1538 2789">
    <p class='ocr_par' dir='ltr' id='par_1_18' title="bbox 1516 2756 1538 2789">
     <span class='ocr_line' id='line_1_101' title="bbox 1516 2756 1538 2789; baseline 0 0"><span class='ocrx_word' id='word_1_667' title='bbox 1516 2756 1538 2789; x_wconf 80' lang='lat'>8</span> 
     </span>
    </p>
   </div>
  </div>
 </body>
</html>
