2294 2975
63 131 117 166 33
215 127 336 165 XXIII.

64 228 160 263 quae
195 223 274 250 acta
306 223 390 251 sunt
419 215 456 249 in
486 222 617 267 senatu
644 216 689 249 de
727 214 935 248 reductione
964 213 1068 258 regis.

65 267 278 303 Narrationi
296 275 348 303 est
363 268 550 302 interserta
575 267 772 300 consolatio
801 278 843 299 ex
867 266 946 299 loco
972 277 1068 298 com-

66 320 189 360 muni,
215 326 256 354 ut
270 332 385 366 aequo
407 319 529 352 animo
550 319 658 359 ferat,
687 318 717 352 si
740 330 815 351 non
839 318 989 352 feliciter
1011 329 1067 351 res

66 371 291 416 processerit.
357 370 493 417 Estque
517 370 661 403 collatio
687 371 867 404 bonorum
892 368 1003 403 animi
1032 376 1066 402 et

67 423 254 463 fortunae,
296 429 336 456 ut
363 422 495 457 scilicet
525 421 569 456 sit
599 428 786 456 contentus
813 422 918 455 bonis
942 421 1066 461 animi,

66 486 132 508 nec
154 475 314 515 laboret,
348 475 377 508 si
401 474 487 521 quid
511 474 670 507 amiserit
694 476 737 507 de
760 475 926 508 fortunae
949 473 1066 513 bonis,

65 526 220 560 maxime
246 538 325 560 cum
351 526 399 560 ita
427 538 526 560 casus
555 526 658 559 serat.
727 525 866 559 Deinde
899 525 992 559 redit
1021 525 1065 557 ad

65 578 325 612 narrationem.
381 578 571 611 Conclusio
599 575 705 610 habet
731 579 874 611 brevem
896 575 1064 610 adhorta-

65 628 215 663 tionem.
282 629 430 663 Summa
453 629 590 663 exordii
616 635 683 662 est:
719 629 795 673 Ego
821 629 965 675 quidem
990 641 1064 660 ma-

64 680 159 714 xime
174 681 356 721 laboravi,
386 688 424 715 ut
449 687 570 726 gratus
594 692 705 714 essem
727 693 793 726 pro
816 680 982 714 maximis
1004 680 1064 712 be-

62 732 217 773 neficiis‚
244 734 306 766 sed
325 730 498 766 hactenus
515 730 605 765 nihil
631 732 731 777 potui
753 733 890 766 efficere
916 737 1064 776 propter

62 783 236 818 invidiam
255 791 290 818 et
305 785 491 830 perfidiam
512 784 677 818 aliorum.

116 886 439 930 Argumentum
475 893 517 919 et
547 883 723 919 scholia
761 885 804 916 in
841 883 1011 928 episto-

473 937 558 969 lam
586 935 646 970 VI.

162 1012 353 1048 Excusatio
388 1019 440 1047 est
464 1025 527 1058 per
554 1014 785 1047 reiectionem
800 1011 867 1058 ⁷⁰):
910 1011 1061 1046 Brexius

59 1065 176 1101 scribo
188 1093 196 1106 ‚
225 1065 308 1111 quia
324 1063 510 1110 utriusque
526 1072 689 1100 nostrum
707 1064 841 1098 amicus
850 1063 966 1097 Pollio
987 1075 1059 1097 rem

60 1117 127 1151 tibi
144 1129 287 1151 omnem
303 1116 466 1149 narrabit
475 1116 534 1162 ⁷¹).
589 1117 729 1151 Recitat
741 1116 816 1161 ipse
834 1127 957 1150 causas
977 1128 1060 1149 con-

60 1169 248 1204 solationis
265 1167 400 1201 doloris
419 1167 492 1207 sui,
520 1180 564 1202 ne
591 1169 740 1202 omnino
765 1180 863 1212 spem
886 1170 930 1201 de
955 1180 1057 1202 causa

59 1221 264 1266 deposuisse
288 1220 454 1254 credatur
467 1219 527 1265 ⁷²).

166 1270 196 1316 ἓ.
215 1273 246 1307 1,
281 1273 343 1306 Me
368 1274 406 1306 in
429 1283 558 1306 summo
579 1272 691 1305 dolore
714 1270 800 1319 etc.]
837 1270 1056 1305 Consolatio.

57 1322 408 1368 Propositi011em73)
432 1321 523 1355 hanc
550 1323 585 1356 in
611 1336 647 1357 se
668 1323 867 1357 transtulit:
897 1322 956 1356 Me
975 1334 1057 1356 con-

59 1375 198 1409 solatur
220 1388 310 1420 spes.

164 1425 195 1472 §.
216 1429 251 1463 2.
290 1427 404 1461 Facile
430 1429 575 1462 secundo
599 1425 686 1474 loco]
725 1428 925 1462 Secundum:
954 1440 1057 1472 argn-
1082 1455 1084 1458 ,

59 1484 220 1512 mentum
245 1479 290 1511 ab
315 1479 476 1523 exemplo
494 1478 722 1511 Ciceroniani
746 1492 845 1513 casus
856 1480 914 1525 Ἄ).
988 1482 1057 1513 Re-

56 1532 206 1565 cordatio
221 1542 370 1564 meorum
390 1528 595 1577 temporum]
624 1530 716 1564 Nam
743 1531 904 1576 exempla
931 1544 1055 1565 conso-

55 1580 178 1615 lantur
194 1594 259 1616 nos
271 1609 279 1621 ,
308 1582 394 1627 quin
411 1594 518 1615 nenio
537 1594 652 1627 aequo
670 1582 791 1616 animo
809 1584 981 1627 perferret
1007 1584 1055 1621 id,

56 1635 155 1678 quod
172 1634 275 1667 sciret
295 1633 432 1666 nemini
452 1634 511 1666 alii
538 1634 716 1668 accidisse.
771 1634 942 1679 Exempla
970 1647 1053 1680 ergo

56 1691 208 1728 prosunt
228 1685 444 1729 cogitatione
461 1685 572 1718 debiti
588 1692 621 1718 et
638 1692 784 1721 eventus
802 1687 847 1719 ad
869 1687 1054 1721 consolau-

55 1736 211 1782 dum75).
302 1738 372 1771 Sed
393 1742 529 1779 praesta
552 1743 585 1770 te
608 1735 702 1785 eum]
738 1738 949 1777 Conclusio,
983 1752 1051 1785 qua

52 1788 223 1822 transfert
239 1800 339 1821 suam
359 1788 640 1822 consolationem
660 1790 704 1821 ad
721 1788 925 1825 Lentulum.

274 1881 409 1915 Aliud
439 1889 756 1927 argumentum
774 1882 833 1927 ⁷⁶).

157 1958 317 2004 Epistola
335 1966 387 1993 est
403 1960 642 1993 consolatoria
662 1961 699 1992 in
722 1958 816 1993 hunc
839 1961 944 1994 finem
968 1961 1051 1995 scri-

52 2017 134 2057 pta,
161 2017 200 2044 ut
214 2010 387 2044 Lentulus
408 2011 445 2044 in
462 2023 565 2045 causa
584 2011 698 2056 regia,
736 2024 828 2057 quae
852 2013 962 2046 multa
990 2010 1051 2046 ha-

51 2064 135 2097 beat
151 2062 428 2107 impedimenta,
457 2075 492 2097 se
512 2063 619 2096 talem
642 2063 829 2108 praebeat,
866 2071 905 2098 ut
929 2065 1050 2097 animo

87 2181 136 2210 70)
155 2186 204 2211 per
230 2179 422 2209 reiectionem]
449 2180 489 2204 sic
512 2181 595 2205 Editt.
617 2181 708 2210 1537.‚
739 2181 829 2211 1545.‚
851 2182 944 2209 1546..
965 2182 1050 2212 1560„

123 2216 217 2246 1601.;
258 2215 342 2239 Editt.
364 2215 456 2247 ¹540„
484 2215 575 2243 1544.q
602 2216 695 2247 1554„
722 2216 797 2241 1557.
821 2212 973 2246 ἀποδῐωξιν
991 2218 1051 2242 sive

119 2250 304 2275 reiectionem.

85 2295 134 2322 71)
154 2294 292 2323 narrabit]
311 2293 351 2318 sic
369 2293 453 2318 Editt.
474 2294 569 2324 1537..
596 2295 689 2326 1545„
718 2295 810 2325 1546.‚
830 2293 934 2328 21560..
958 2296 1048 2325 1601.;

122 2328 206 2353 Editt.
226 2328 319 2359 1540„
340 2328 431 2358 1544,
452 2329 545 2361 1554„
566 2329 639 2355 1557.
660 2330 808 2354 enarrabit.

86 2372 135 2401 ⁷2)
154 2372 214 2396 Hos
231 2372 438 2402 argumentum,
470 2372 542 2402 quod
568 2372 595 2395 tn
615 2372 698 2397 Editt.
720 2372 934 2403 1537—1554.‚
962 2373 1048 2403 1557„

122 2406 214 2437 1560„
235 2405 312 2431 1601.
336 2406 493 2436 invenitur,
524 2407 553 2430 in
572 2407 655 2432 Editt.
676 2407 769 2439 1544„
790 2408 882 2439 ¹554„
903 2407 977 2432 ¹557.
1003 2408 1048 2432 in-

116 2441 250 2471 scriptum
268 2441 326 2464 est:
353 2440 459 2464 Giberti
475 2441 603 2472 Longolii
622 2442 729 2466 lemma.

81 2484 130 2513 73)
150 2483 384 2514 propositionem]
402 2483 487 2508 Editt.
507 2484 601 2517 1545.,
621 2485 697 2511 1560.
717 2486 753 2509 Et
772 2485 996 2516 propositionem.

84 2528 132 2557 ⁷4)
152 2528 226 2551 llaec
244 2528 311 2551 nota
331 2526 359 2549 in
377 2526 460 2550 Editt.
476 2528 564 2559 1545„
586 2528 676 2559 1560.‚
696 2528 753 2552 illis
772 2528 828 2553 Cic.
848 2529 941 2553 verbis
959 2529 1046 2554 omis—

119 2562 178 2591 sis,
203 2562 286 2585 notae
306 2560 482 2590 praecedenti
500 2562 622 2592 proxime
640 2562 733 2587 addita
751 2565 794 2588 est
812 2564 867 2588 sic:
893 2564 1047 2588 Secundum

119 2597 312 2628 argumentum
331 2596 374 2619 est
392 2596 426 2619 ab
444 2596 496 2620 etc.

84 2639 134 2668 ⁷5]
152 2640 268 2663 eventus
286 2639 321 2662 ad
339 2638 561 2668 consolandum-J
579 2639 629 2664 Ed.
650 2640 723 2665 1560.
742 2641 832 2666 mate:
868 2642 903 2665 ad
930 2643 1047 2667 eventus

118 2673 324 2698 consolandum.

85 2716 216 2775 vegeffiffi
227 2717 418 2747 argumentum
437 2717 465 2739 et
480 2721 598 2746 sequens
611 2716 644 2740 ab
658 2716 741 2744 Editt.
758 2718 949 2744 1565-1596.
963 2724 1046 2749 prae·

49 2793 234 2825 Mami-u.
258 2793 364 2824 Oeen.
388 2793 474 2825 Vo1..
498 2793 603 2824 XVII.

389 127 701 164 ARGUMENTA
735 127 800 162 ET
837 125 1042 162 SCHOLIA
1076 126 1123 164 IN
1156 127 1304 165 EPIST.
1335 130 1449 167 ΒΑΜ.
1485 131 1571 168 Clc.
1603 133 1692 170 LIB.
1720 135 1747 171 Ι.
1781 137 1853 173 ΕΡ.
1875 137 1911 174 5.
1935 140 1970 176 6.

2071 143 2121 178 54

1120 216 1206 249 forti
1223 217 1333 258 ferat,
1360 217 1529 264 quicquid
1548 222 1692 255 tandem
1702 221 1749 270 ⁷⁷)
1767 225 1944 261 acciderit.
2000 228 2122 263 Utitur

1121 273 1239 301 autem
1269 268 1306 302 in
1331 270 1550 304 consolando
1581 273 1720 308 duobus
1749 278 1980 320 argumentis.
2041 280 2120 313 Pri-

1120 331 1219 352 mum
1236 320 1390 354 sumitur
1407 334 1426 354 a
1442 334 1522 367 spe:
1551 322 1608 357 Tu
1623 324 1767 360 debebis
1784 334 1817 360 te
1833 336 2030 365 sustentare
2056 344 2117 376 spe

1120 370 1271 405 aliarum
1309 384 1429 407 rerum
1468 374 1660 410 maiorum.
1734 377 1937 415 Secundum
1966 395 2008 416 ex
2037 383 2117 418 loco

1120 424 1323 465 communi,
1371 437 1412 458 ex
1440 426 1556 459 officio
1587 428 1718 462 scilicet
1751 431 1912 472 virtutis,
1956 435 1999 468 de
2034 447 2117 468 con-

1120 476 1309 508 temnenda
1336 477 1483 521 perfidia
1516 479 1726 515 amicorum.
1795 482 1841 516 Et
1865 486 1909 517 ad
1936 497 2012 518 eam
2039 499 2114 520 rem

1120 529 1368 561 accommodat
1394 540 1495 561 suam
1521 542 1662 565 causam
1688 539 1722 566 et
1744 536 1957 579 exemplum.
2027 538 2116 572 Sunt

1119 583 1236 610 autem
1254 584 1325 613 tres
1343 586 1462 623 partes
1477 578 1582 615 huius
1601 583 1784 628 epistolae.
1845 587 2030 633 Principio
2054 602 2118 634 po-

1118 628 1216 661 nitur
1231 630 1349 663 brevis
1373 633 1546 666 narratio.
1601 634 1739 669 Deinde
1761 638 1922 683 sequitur
1950 642 2114 685 proposi-

1118 679 1168 712 tio
1193 681 1237 713 de
1261 693 1342 725 spe,
1383 694 1475 727 quae
1501 686 1734 720 confirmatur
1759 689 1863 724 certis
1884 694 2115 736 argumentis.

1117 730 1304 765 Postremo
1324 733 1403 765 loco
1423 740 1473 767 est
1490 735 1668 781 epilogus,
1697 739 1758 784 qui
1784 742 1941 776 continet
1968 743 2110 778 brevem

1117 780 1407 817 adhortationem
1424 786 1467 818 ad
1486 786 1576 820 bene
1594 791 1822 833 sperandum.

1366 877 1499 912 Aliud
1538 890 1867 925 argumentum.

1220 944 1316 978 Haec
1339 946 1487 991 epistola
1523 948 1681 983 continet
1714 953 1994 987 consolationem
2033 968 2112 990 cum

1117 993 1377 1032 exhortatione.
1430 998 1530 1032 Facit
1546 1001 1641 1034 enim
1657 1013 1754 1046 spem
1774 1003 1925 1039 Lentulo
1950 1006 2046 1047 fore,
2075 1015 2114 1042 ut

1116 1060 1170 1082 res
1186 1048 1311 1083 melius
1329 1062 1402 1084 sese
1422 1048 1586 1085 habitura
1616 1053 1679 1091 sit,
1715 1062 1745 1087 et
1775 1063 1909 1089 mutata
1937 1060 2110 1093 sententia.

1114 1101 1276 1137 faveant,
1304 1102 1365 1147 qui
1383 1115 1477 1135 nunc
1494 1112 1706 1148 repugnant.

1336 1196 1468 1230 Aliud
1497 1206 1816 1243 argumentum
1835 1201 1893 1248 ⁷⁸).

1217 1264 1396 1297 Hactenus
1414 1264 1680 1312 significa-itm)
1693 1266 1830 1307 Cicero,
1858 1273 1952 1314 quod
1971 1284 2112 1305 sunnna

1112 1315 1344 1349 contentione
1359 1316 1397 1349 in
1415 1328 1518 1352 causa
1540 1317 1635 1362 regia
1662 1316 1752 1352 nihil
1776 1321 1935 1365 potuerit
1962 1323 2109 1360 efficere.

1110 1366 1223 1401 Erant
1241 1367 1335 1401 enim
1355 1367 1490 1402 tribuni
1511 1369 1623 1414 plebis
1636 1397 1644 1410 ‚
1670 1372 1730 1417 qui
1748 1373 1901 1407 maxime
1921 1378 2111 1411 contende.-

1111 1420 1198 1452 bant
1212 1432 1278 1464 pro
1296 1419 1482 1464 Pompeio.
1539 1421 1626 1455 Caio
1647 1430 1763 1457 autem
1790 1437 1868 1458 cnm
1890 1428 2032 1474 utrique
2057 1430 2110 1462 iu-

1112 1471 1266 1510 xideret,
1311 1471 1459 1505 omnino
1496 1472 1708 1515 intercessit,
1750 1483 1784 1508 et
1807 1486 1981 1522 quantuni
2008 1481 2043 1514 in
2069 1495 2111 1516 eo

1109 1523 1195 1563 fuit,
1230 1535 1303 1556 rem
1328 1523 1526 1568 impedivit.
1587 1525 1631 1558 Et
1654 1526 1736 1571 quia
1756 1526 1928 1564 Lentulus
1952 1545 2111 1567 comnio-

1111 1576 1259 1609 vehatur
1279 1581 1311 1608 et
1332 1575 1552 1609 afficiebatur
1571 1578 1714 1618 dolore,
1742 1582 1837 1624 quod
1865 1594 1919 1615 res
1946 1583 2007 1617 ista
2035 1598 2110 1619 non

1109 1627 1175 1660 sibi
1199 1639 1240 1660 ex
1262 1627 1372 1659 animi
1406 1628 1578 1661 sententia
1614 1632 1836 1664 succederet:
1879 1633 1959 1667 ideo
1983 1635 2107 1671 Cicero

1110 1679 1181 1711 iam
1198 1691 1234 1712 se
1254 1680 1297 1711 ad
1324 1686 1575 1723 argumentum
1604 1681 1699 1715 aliud
1726 1684 1863 1717 confert
1889 1693 1918 1718 et
1945 1689 2106 1722 consola-

1109 1737 1166 1763 tur
1183 1743 1275 1764 eum.
1331 1730 1425 1764 Haec
1442 1731 1548 1776 igitur
1565 1733 1710 1777 epistola
1736 1737 1931 1783 generis⁸⁰)
1955 1740 2107 1774 suasorii

1109 1789 1174 1823 est,
1202 1782 1399 1816 consolatio
1419 1784 1607 1817 coniuncta
1625 1799 1702 1819 cum
1722 1785 1985 1825 adhortatione.
2033 1792 2105 1825 Ad-

1107 1832 1274 1868 hortatur
1290 1834 1385 1867 enim
1403 1847 1497 1876 eum,
1520 1848 1562 1869 ne
1580 1837 1673 1871 sinat
1691 1837 1851 1873 animum
1869 1854 1970 1875 suuni
1989 1843 2106 1889 frangi

1107 1885 1256 1919 istorum
1278 1886 1406 1920 iniuria
1428 1894 1461 1920 et
1477 1888 1645 1932 perfidia,
1673 1891 1732 1923 sed
1752 1898 1849 1935 putet
1867 1906 1966 1927 suam
1990 1895 2106 1940 digni-

1106 1943 1214 1970 tatem
1234 1950 1307 1971 non
1326 1938 1363 1970 in
1383 1937 1448 1972 hac
1472 1940 1564 1984 regis
1589 1940 1813 1976 restitutione
1835 1945 1988 1988 positam
2019 1960 2102 1982 esse.

1106 1988 1254 2022 Exordii
1290 1990 1369 2023 loco
1410 1991 1558 2034 ponItur
1595 1992 1712 2026 brevis
1742 1996 1921 2035 narratio,
1962 1998 1999 2030 in
2031 2012 2101 2044 qua

1106 2041 1261 2074 ostendit
1277 2053 1341 2085 per
1358 2044 1538 2087 quandam
1557 2044 1833 2087 excusationem,
1860 2059 1896 2081 se
1913 2046 2003 2081 nihil
2018 2050 2103 2084 scri-

1104 2092 1186 2125 bere
1205 2090 1273 2125 hoc
1293 2099 1453 2137 tempore
1475 2094 1517 2127 de
1542 2095 1684 2138 negotio
1712 2097 1821 2141 regis,
1857 2101 1953 2144 quod
1980 2102 2101 2136 omnia

1104 2156 1316 2188 cognoscere
1343 2157 1384 2177 ex
1406 2145 1571 2179 Pollione
1593 2147 1714 2191 possit.
1783 2149 2097 2187 Narratiunculam

1103 2195 1264 2241 sequitur
1292 2196 1491 2241 propositio
1517 2210 1577 2232 seu
1601 2199 1817 2240 consolatio,
1861 2205 1958 2247 quod
1984 2203 2100 2239 adhuc

1102 2248 1193 2281 bene
1214 2255 1331 2293 speret
1355 2249 1398 2282 de
1423 2250 1565 2294 negotio
1583 2249 1745 2291 Lentuli,
1779 2260 1932 2299 suntque
1958 2257 2098 2291 additae

1103 2300 1194 2333 duae
1225 2300 1394 2334 rationes.
1462 2301 1583 2334 Prima
1622 2303 1775 2336 sumitur
1808 2317 1825 2336 a
1854 2306 2038 2341 voluntate
2065 2317 2097 2343 et

1101 2352 1219 2385 studio
1245 2351 1443 2386 amicorum
1460 2352 1622 2393 Lentuli,
1658 2354 1718 2399 qui
1744 2356 1916 2399 praebent
1939 2371 1975 2392 se
2003 2372 2101 2393 acer·

1101 2403 1212 2437 rimos
1228 2401 1332 2438 huius
1350 2416 1476 2438 causae
1493 2405 1705 2440 defensores.
1759 2406 1879 2442 Altera
1899 2410 1991 2444 ratio
2003 2424 2100 2446 sum-

1101 2461 1160 2499 pta
1188 2462 1239 2490 est
1264 2467 1281 2488 a
1308 2462 1489 2501 tempore,
1524 2457 1702 2495 futurum,
1737 2465 1775 2492 ut
1801 2461 1946 2495 consilia
1973 2464 2098 2497 adver..

1133 2589 1183 2618 7⁷)
1201 2589 1328 2618 taudem]
1348 2589 1389 2612 sic
1406 2588 1491 2613 Editt.
1514 2589 1606 2622 1565„
1628 2590 1719 2621 1569.;
1742 2592 1793 2617 Ed.
1813 2592 1888 2619 157⁷.
1907 2595 2007 2621 tamen.

1133 2632 1182 2660 ⁷8)
1202 2632 1261 2656 Hoc
1279 2632 1470 2661 argumentum
1486 2631 1587 2656 habent
1605 2631 1690 2656 Editt.
1712 2633 1804 2665 1556„
1825 2634 2016 2662 1565—1596,

1133 2673 1384 2732 ⁷⁹³·Siggffifavm
1404 2673 1445 2698 sic
1463 2673 1549 2701 nditt.
1571 2674 1662 2705 1556.,
1683 2675 1774 2705 1565.;
1800 2677 1888 2706 Editt.
1907 2679 1997 2709 1569..
2020 2681 2094 2709 15⁷⁷.

1166 2714 1240 2740 signi
1261 2714 1293 2732 ca
1308 2726 1314 2732 .

1132 2752 1183 2780 80)
1203 2751 1330 2783 generis]
1347 2752 1374 2776 in
1393 2752 1442 2777 Ed.
1460 2753 1534 2777 ¹556.
1556 2753 1642 2822 ἔθεσι.
