<?xml version="1.0" encoding="UTF-8"?>
<!DOCTYPE html PUBLIC "-//W3C//DTD XHTML 1.0 Transitional//EN"
    "http://www.w3.org/TR/xhtml1/DTD/xhtml1-transitional.dtd">
<html xmlns="http://www.w3.org/1999/xhtml" xml:lang="en" lang="en">
 <head>
  <title>
</title>
<meta http-equiv="Content-Type" content="text/html;charset=utf-8" />
  <meta name='ocr-system' content='tesseract 3.04.00' />
  <meta name='ocr-capabilities' content='ocr_page ocr_carea ocr_par ocr_line ocrx_word'/>
</head>
<body>
  <div class='ocr_page' id='page_1' title='image "./operaquaesupersu17melauoft/operaquaesupersu17melauoft_0410.png"; bbox 0 0 2351 2990; ppageno 0'>
   <div class='ocr_carea' id='block_1_1' title="bbox 182 128 254 164">
    <p class='ocr_par' dir='ltr' id='par_1_1' title="bbox 182 128 254 164">
     <span class='ocr_line' id='line_1_1' title="bbox 182 128 254 164; baseline 0.014 -1"><span class='ocrx_word' id='word_1_1' title='bbox 182 128 254 164; x_wconf 82' lang='lat'><strong>795</strong></span> 
     </span>
    </p>
   </div>
   <div class='ocr_carea' id='block_1_2' title="bbox 176 207 1175 2198">
    <p class='ocr_par' dir='ltr' id='par_1_2' title="bbox 176 207 1175 2198">
     <span class='ocr_line' id='line_1_2' title="bbox 179 207 1171 258; baseline -0.006 -11"><span class='ocrx_word' id='word_1_2' title='bbox 179 215 323 248; x_wconf 82' lang='lat' dir='ltr'><strong>infamia</strong></span> <span class='ocrx_word' id='word_1_3' title='bbox 344 212 475 252; x_wconf 83' lang='lat' dir='ltr'><strong>notati,</strong></span> <span class='ocrx_word' id='word_1_4' title='bbox 510 225 579 258; x_wconf 79' lang='lat' dir='ltr'><strong>qua</strong></span> <span class='ocrx_word' id='word_1_5' title='bbox 605 213 746 245; x_wconf 83' lang='lat' dir='ltr'><strong>tandem</strong></span> <span class='ocrx_word' id='word_1_6' title='bbox 775 209 902 243; x_wconf 85' lang='lat' dir='ltr'><strong>iniuria</strong></span> <span class='ocrx_word' id='word_1_7' title='bbox 932 207 1171 254; x_wconf 53' lang='lat' dir='ltr'><strong>quererisssa)</strong></span> 
     </span>
     <span class='ocr_line' id='line_1_3' title="bbox 180 259 1170 303; baseline -0.007 -5"><span class='ocrx_word' id='word_1_8' title='bbox 180 274 210 299; x_wconf 85' lang='lat' dir='ltr'><strong>tc</strong></span> <span class='ocrx_word' id='word_1_9' title='bbox 237 266 411 298; x_wconf 78' lang='lat' dir='ltr'><strong>adfectum</strong></span> <span class='ocrx_word' id='word_1_10' title='bbox 438 276 530 303; x_wconf 80' lang='lat' dir='ltr'><strong>esse,</strong></span> <span class='ocrx_word' id='word_1_11' title='bbox 567 276 645 296; x_wconf 77' lang='lat' dir='ltr'><strong>cum</strong></span> <span class='ocrx_word' id='word_1_12' title='bbox 674 263 779 295; x_wconf 79' lang='lat' dir='ltr'><strong>etiam</strong></span> <span class='ocrx_word' id='word_1_13' title='bbox 807 262 1082 299; x_wconf 83' lang='lat' dir='ltr'><strong>condemnatus,</strong></span> <span class='ocrx_word' id='word_1_14' title='bbox 1118 259 1170 292; x_wconf 92' lang='lat' dir='ltr'><strong>ni-</strong></span> 
     </span>
     <span class='ocr_line' id='line_1_4' title="bbox 179 310 1170 360; baseline -0.008 -10"><span class='ocrx_word' id='word_1_15' title='bbox 179 315 372 350; x_wconf 79' lang='lat' dir='ltr'><strong>bilominus</strong></span> <span class='ocrx_word' id='word_1_16' title='bbox 392 328 429 348; x_wconf 85' lang='lat' dir='ltr'><strong>ca</strong></span> <span class='ocrx_word' id='word_1_17' title='bbox 451 328 553 359; x_wconf 79' lang='lat' dir='ltr'><strong>agas,</strong></span> <span class='ocrx_word' id='word_1_18' title='bbox 582 326 672 360; x_wconf 85' lang='lat' dir='ltr'><strong>quae</strong></span> <span class='ocrx_word' id='word_1_19' title='bbox 696 313 802 345; x_wconf 80' lang='lat' dir='ltr'><strong>licent</strong></span> <span class='ocrx_word' id='word_1_20' title='bbox 829 310 902 351; x_wconf 84' lang='lat' dir='ltr'><strong>liis,</strong></span> <span class='ocrx_word' id='word_1_21' title='bbox 937 323 1091 356; x_wconf 84' lang='lat' dir='ltr'><strong>qnorum</strong></span> <span class='ocrx_word' id='word_1_22' title='bbox 1118 311 1170 342; x_wconf 90' lang='lat' dir='ltr'><strong>in-</strong></span> 
     </span>
     <span class='ocr_line' id='line_1_5' title="bbox 179 361 1169 411; baseline -0.006 -11"><span class='ocrx_word' id='word_1_23' title='bbox 179 375 274 411; x_wconf 76' lang='lat' dir='ltr'><strong>tegra</strong></span> <span class='ocrx_word' id='word_1_24' title='bbox 302 368 454 410; x_wconf 84' lang='lat' dir='ltr'><strong>dignitas</strong></span> <span class='ocrx_word' id='word_1_25' title='bbox 475 373 536 399; x_wconf 78' lang='lat' dir='ltr'><strong>est.</strong></span> <span class='ocrx_word' id='word_1_26' title='bbox 604 363 677 396; x_wconf 86' lang='lat' dir='ltr'><strong>lam</strong></span> <span class='ocrx_word' id='word_1_27' title='bbox 705 370 737 396; x_wconf 80' lang='lat' dir='ltr'><strong>et</strong></span> <span class='ocrx_word' id='word_1_28' title='bbox 761 361 828 396; x_wconf 82' lang='lat' dir='ltr'><strong>boc</strong></span> <span class='ocrx_word' id='word_1_29' title='bbox 856 362 1099 401; x_wconf 84' lang='lat' dir='ltr'><strong>considerate,</strong></span> <span class='ocrx_word' id='word_1_30' title='bbox 1141 361 1169 394; x_wconf 85' lang='lat' dir='ltr'><strong>si</strong></span> 
     </span>
     <span class='ocr_line' id='line_1_6' title="bbox 179 412 1168 460; baseline -0.007 -9"><span class='ocrx_word' id='word_1_31' title='bbox 179 419 301 451; x_wconf 70' lang='lat' dir='ltr'><strong>vicerit</strong></span> <span class='ocrx_word' id='word_1_32' title='bbox 329 418 551 453; x_wconf 73' lang='lat' dir='ltr'>Aristonem,</span> <span class='ocrx_word' id='word_1_33' title='bbox 595 415 679 460; x_wconf 87' lang='lat' dir='ltr'><strong>quid</strong></span> <span class='ocrx_word' id='word_1_34' title='bbox 706 416 864 448; x_wconf 76' lang='lat' dir='ltr'><strong>futurum</strong></span> <span class='ocrx_word' id='word_1_35' title='bbox 891 414 947 447; x_wconf 88' lang='lat' dir='ltr'><strong>sit.</strong></span> <span class='ocrx_word' id='word_1_36' title='bbox 1015 413 1050 446; x_wconf 85' lang='lat' dir='ltr'><strong>Si</strong></span> <span class='ocrx_word' id='word_1_37' title='bbox 1075 412 1168 445; x_wconf 89' lang='lat' dir='ltr'><strong>enim</strong></span> 
     </span>
     <span class='ocr_line' id='line_1_7' title="bbox 178 465 1170 510; baseline -0.007 -7"><span class='ocrx_word' id='word_1_38' title='bbox 178 470 293 503; x_wconf 82' lang='lat' dir='ltr'><strong>deleto</strong></span> <span class='ocrx_word' id='word_1_39' title='bbox 317 467 421 502; x_wconf 85' lang='lat' dir='ltr'><strong>liuius</strong></span> <span class='ocrx_word' id='word_1_40' title='bbox 449 467 594 500; x_wconf 86' lang='lat' dir='ltr'><strong>nomine</strong></span> <span class='ocrx_word' id='word_1_41' title='bbox 621 465 835 499; x_wconf 73' lang='lat' dir='ltr'>inscribatur</span> <span class='ocrx_word' id='word_1_42' title='bbox 852 465 996 502; x_wconf 80' lang='lat' dir='ltr'><strong>Aristo,</strong></span> <span class='ocrx_word' id='word_1_43' title='bbox 1025 476 1170 510; x_wconf 87' lang='lat' dir='ltr'><strong>quaeso,</strong></span> 
     </span>
     <span class='ocr_line' id='line_1_8' title="bbox 178 517 1170 561; baseline -0.007 -7"><span class='ocrx_word' id='word_1_44' title='bbox 178 528 297 554; x_wconf 90' lang='lat' dir='ltr'><strong>utrum</strong></span> <span class='ocrx_word' id='word_1_45' title='bbox 319 521 365 557; x_wconf 80' lang='lat' dir='ltr'><strong>is,</strong></span> <span class='ocrx_word' id='word_1_46' title='bbox 394 519 490 552; x_wconf 87' lang='lat' dir='ltr'><strong>cuius</strong></span> <span class='ocrx_word' id='word_1_47' title='bbox 507 524 707 561; x_wconf 81' lang='lat' dir='ltr'><strong>exemptum</strong></span> <span class='ocrx_word' id='word_1_48' title='bbox 725 529 766 550; x_wconf 80' lang='lat' dir='ltr'><strong>ex</strong></span> <span class='ocrx_word' id='word_1_49' title='bbox 783 517 930 550; x_wconf 82' lang='lat' dir='ltr'><strong>aerariis</strong></span> <span class='ocrx_word' id='word_1_50' title='bbox 953 528 1085 548; x_wconf 83' lang='lat' dir='ltr'><strong>nomen</strong></span> <span class='ocrx_word' id='word_1_51' title='bbox 1108 521 1170 553; x_wconf 86' lang='lat' dir='ltr'><strong>est,</strong></span> 
     </span>
     <span class='ocr_line' id='line_1_9' title="bbox 177 568 1169 615; baseline -0.007 -10"><span class='ocrx_word' id='word_1_52' title='bbox 177 573 301 605; x_wconf 79' lang='lat' dir='ltr'><strong>debeat</strong></span> <span class='ocrx_word' id='word_1_53' title='bbox 322 569 467 615; x_wconf 76' lang='lat' dir='ltr'><strong>postea?</strong></span> <span class='ocrx_word' id='word_1_54' title='bbox 496 576 530 602; x_wconf 86' lang='lat' dir='ltr'><strong>et</strong></span> <span class='ocrx_word' id='word_1_55' title='bbox 555 569 668 601; x_wconf 88' lang='lat' dir='ltr'><strong>donec</strong></span> <span class='ocrx_word' id='word_1_56' title='bbox 692 568 784 601; x_wconf 86' lang='lat' dir='ltr'><strong>inter</strong></span> <span class='ocrx_word' id='word_1_57' title='bbox 809 568 965 601; x_wconf 86' lang='lat' dir='ltr'><strong>aerarios</strong></span> <span class='ocrx_word' id='word_1_58' title='bbox 990 573 1060 605; x_wconf 86' lang='lat' dir='ltr'><strong>est,</strong></span> <span class='ocrx_word' id='word_1_59' title='bbox 1096 579 1169 599; x_wconf 92' lang='lat' dir='ltr'><strong>non</strong></span> 
     </span>
     <span class='ocr_line' id='line_1_10' title="bbox 178 618 1170 663; baseline -0.005 -8"><span class='ocrx_word' id='word_1_60' title='bbox 178 621 304 655; x_wconf 61' lang='lat' dir='ltr'><strong>debet?</strong></span> <span class='ocrx_word' id='word_1_61' title='bbox 358 621 448 655; x_wconf 67' lang='lat' dir='ltr'><strong>Nam</strong></span> <span class='ocrx_word' id='word_1_62' title='bbox 483 618 551 653; x_wconf 83' lang='lat' dir='ltr'><strong>boc</strong></span> <span class='ocrx_word' id='word_1_63' title='bbox 581 619 653 663; x_wconf 86' lang='lat' dir='ltr'><strong>agit</strong></span> <span class='ocrx_word' id='word_1_64' title='bbox 676 619 918 663; x_wconf 75' lang='lat' dir='ltr'><strong>Aristogiton,</strong></span> <span class='ocrx_word' id='word_1_65' title='bbox 962 625 1023 657; x_wconf 91' lang='lat' dir='ltr'><strong>ut,</strong></span> <span class='ocrx_word' id='word_1_66' title='bbox 1057 618 1170 651; x_wconf 91' lang='lat' dir='ltr'><strong>donec</strong></span> 
     </span>
     <span class='ocr_line' id='line_1_11' title="bbox 178 669 1170 716; baseline -0.005 -10"><span class='ocrx_word' id='word_1_67' title='bbox 178 673 335 706; x_wconf 87' lang='lat' dir='ltr'><strong>aerarius</strong></span> <span class='ocrx_word' id='word_1_68' title='bbox 354 678 423 711; x_wconf 88' lang='lat' dir='ltr'><strong>est,</strong></span> <span class='ocrx_word' id='word_1_69' title='bbox 452 683 524 704; x_wconf 89' lang='lat' dir='ltr'><strong>non</strong></span> <span class='ocrx_word' id='word_1_70' title='bbox 541 670 587 704; x_wconf 88' lang='lat' dir='ltr'><strong>sit</strong></span> <span class='ocrx_word' id='word_1_71' title='bbox 604 670 764 710; x_wconf 86' lang='lat' dir='ltr'><strong>infamis,</strong></span> <span class='ocrx_word' id='word_1_72' title='bbox 792 671 887 716; x_wconf 84' lang='lat' dir='ltr'><strong>quod</strong></span> <span class='ocrx_word' id='word_1_73' title='bbox 907 670 936 704; x_wconf 90' lang='lat' dir='ltr'><strong>si</strong></span> <span class='ocrx_word' id='word_1_74' title='bbox 959 682 1033 702; x_wconf 90' lang='lat' dir='ltr'><strong>non</strong></span> <span class='ocrx_word' id='word_1_75' title='bbox 1051 676 1101 703; x_wconf 88' lang='lat' dir='ltr'><strong>est</strong></span> <span class='ocrx_word' id='word_1_76' title='bbox 1118 669 1170 701; x_wconf 86' lang='lat' dir='ltr'><strong>in-</strong></span> 
     </span>
     <span class='ocr_line' id='line_1_12' title="bbox 177 720 1170 769; baseline -0.005 -12"><span class='ocrx_word' id='word_1_77' title='bbox 177 723 353 769; x_wconf 63' lang='lat' dir='ltr'><strong>saniiss‘),</strong></span> <span class='ocrx_word' id='word_1_78' title='bbox 380 723 493 755; x_wconf 88' lang='lat' dir='ltr'><strong>donec</strong></span> <span class='ocrx_word' id='word_1_79' title='bbox 513 722 671 755; x_wconf 83' lang='lat' dir='ltr'><strong>aerarius</strong></span> <span class='ocrx_word' id='word_1_80' title='bbox 693 728 761 761; x_wconf 82' lang='lat' dir='ltr'><strong>cst,</strong></span> <span class='ocrx_word' id='word_1_81' title='bbox 789 721 919 755; x_wconf 85' lang='lat' dir='ltr'><strong>scilicet</strong></span> <span class='ocrx_word' id='word_1_82' title='bbox 939 721 1081 754; x_wconf 85' lang='lat' dir='ltr'><strong>infamis</strong></span> <span class='ocrx_word' id='word_1_83' title='bbox 1104 720 1170 753; x_wconf 83' lang='lat' dir='ltr'><strong>erit</strong></span> 
     </span>
     <span class='ocr_line' id='line_1_13' title="bbox 177 770 1169 819; baseline -0.003 -11"><span class='ocrx_word' id='word_1_84' title='bbox 177 781 360 819; x_wconf 82' lang='lat' dir='ltr'><strong>exemptus</strong></span> <span class='ocrx_word' id='word_1_85' title='bbox 377 787 418 807; x_wconf 82' lang='lat' dir='ltr'><strong>ex</strong></span> <span class='ocrx_word' id='word_1_86' title='bbox 442 773 613 807; x_wconf 78' lang='lat' dir='ltr'><strong>aerariis?</strong></span> <span class='ocrx_word' id='word_1_87' title='bbox 665 772 777 819; x_wconf 83' lang='lat' dir='ltr'><strong>Atqui</strong></span> <span class='ocrx_word' id='word_1_88' title='bbox 801 770 867 805; x_wconf 81' lang='lat' dir='ltr'><strong>lioc</strong></span> <span class='ocrx_word' id='word_1_89' title='bbox 891 773 1082 806; x_wconf 84' lang='lat' dir='ltr'><strong>absurdum</strong></span> <span class='ocrx_word' id='word_1_90' title='bbox 1108 778 1169 805; x_wconf 89' lang='lat' dir='ltr'><strong>est.</strong></span> 
     </span>
     <span class='ocr_line' id='line_1_14' title="bbox 176 823 1170 864; baseline -0.004 -5"><span class='ocrx_word' id='word_1_91' title='bbox 176 827 292 860; x_wconf 88' lang='lat' dir='ltr'><strong>Porro</strong></span> <span class='ocrx_word' id='word_1_92' title='bbox 310 832 394 858; x_wconf 88' lang='lat' dir='ltr'><strong>tunc</strong></span> <span class='ocrx_word' id='word_1_93' title='bbox 410 826 537 858; x_wconf 85' lang='lat' dir='ltr'><strong>debere</strong></span> <span class='ocrx_word' id='word_1_94' title='bbox 563 823 717 864; x_wconf 75' lang='lat' dir='ltr'><strong>desinet,</strong></span> <span class='ocrx_word' id='word_1_95' title='bbox 750 836 828 856; x_wconf 91' lang='lat' dir='ltr'><strong>cum</strong></span> <span class='ocrx_word' id='word_1_96' title='bbox 853 835 986 856; x_wconf 87' lang='lat' dir='ltr'><strong>nomen</strong></span> <span class='ocrx_word' id='word_1_97' title='bbox 1012 824 1086 856; x_wconf 89' lang='lat' dir='ltr'><strong>eius</strong></span> <span class='ocrx_word' id='word_1_98' title='bbox 1111 823 1170 855; x_wconf 87' lang='lat' dir='ltr'><strong>de-</strong></span> 
     </span>
     <span class='ocr_line' id='line_1_15' title="bbox 177 875 1170 922; baseline -0.005 -11"><span class='ocrx_word' id='word_1_99' title='bbox 177 878 285 911; x_wconf 88' lang='lat' dir='ltr'><strong>letum</strong></span> <span class='ocrx_word' id='word_1_100' title='bbox 301 877 428 916; x_wconf 81' lang='lat' dir='ltr'><strong>suerit,</strong></span> <span class='ocrx_word' id='word_1_101' title='bbox 455 888 566 922; x_wconf 88' lang='lat' dir='ltr'><strong>quare</strong></span> <span class='ocrx_word' id='word_1_102' title='bbox 582 876 716 908; x_wconf 87' lang='lat' dir='ltr'><strong>interea</strong></span> <span class='ocrx_word' id='word_1_103' title='bbox 735 876 819 908; x_wconf 87' lang='lat' dir='ltr'><strong>durn</strong></span> <span class='ocrx_word' id='word_1_104' title='bbox 840 875 873 908; x_wconf 93' lang='lat' dir='ltr'><strong>id</strong></span> <span class='ocrx_word' id='word_1_105' title='bbox 890 881 984 908; x_wconf 82' lang='lat' dir='ltr'><strong>extat</strong></span> <span class='ocrx_word' id='word_1_106' title='bbox 1007 875 1044 907; x_wconf 90' lang='lat' dir='ltr'><strong>in</strong></span> <span class='ocrx_word' id='word_1_107' title='bbox 1070 875 1170 907; x_wconf 90' lang='lat' dir='ltr'><strong>tabu-</strong></span> 
     </span>
     <span class='ocr_line' id='line_1_16' title="bbox 177 926 1170 972; baseline -0.005 -10"><span class='ocrx_word' id='word_1_108' title='bbox 177 929 239 969; x_wconf 89' lang='lat' dir='ltr'><strong>lis,</strong></span> <span class='ocrx_word' id='word_1_109' title='bbox 267 928 381 962; x_wconf 85' lang='lat' dir='ltr'><strong>debet.</strong></span> <span class='ocrx_word' id='word_1_110' title='bbox 435 927 503 961; x_wconf 85' lang='lat' dir='ltr'><strong>Sed</strong></span> <span class='ocrx_word' id='word_1_111' title='bbox 521 927 599 972; x_wconf 91' lang='lat' dir='ltr'><strong>quis</strong></span> <span class='ocrx_word' id='word_1_112' title='bbox 618 926 745 960; x_wconf 77' lang='lat' dir='ltr'><strong>eximet</strong></span> <span class='ocrx_word' id='word_1_113' title='bbox 761 926 835 959; x_wconf 90' lang='lat' dir='ltr'><strong>eius</strong></span> <span class='ocrx_word' id='word_1_114' title='bbox 853 938 986 959; x_wconf 88' lang='lat' dir='ltr'><strong>nomen</strong></span> <span class='ocrx_word' id='word_1_115' title='bbox 1007 938 1048 959; x_wconf 85' lang='lat' dir='ltr'><strong>ex</strong></span> <span class='ocrx_word' id='word_1_116' title='bbox 1071 937 1170 958; x_wconf 88' lang='lat' dir='ltr'><strong>aera-</strong></span> 
     </span>
     <span class='ocr_line' id='line_1_17' title="bbox 177 977 1170 1021; baseline -0.004 -8"><span class='ocrx_word' id='word_1_117' title='bbox 177 979 265 1014; x_wconf 65' lang='lat' dir='ltr'><strong>riis?</strong></span> <span class='ocrx_word' id='word_1_118' title='bbox 319 978 357 1012; x_wconf 90' lang='lat' dir='ltr'><strong>ld</strong></span> <span class='ocrx_word' id='word_1_119' title='bbox 376 979 508 1011; x_wconf 74' lang='lat' dir='ltr'><strong>civitati</strong></span> <span class='ocrx_word' id='word_1_120' title='bbox 526 990 630 1011; x_wconf 90' lang='lat' dir='ltr'><strong>curae</strong></span> <span class='ocrx_word' id='word_1_121' title='bbox 649 978 736 1017; x_wconf 89' lang='lat' dir='ltr'><strong>erit,</strong></span> <span class='ocrx_word' id='word_1_122' title='bbox 764 989 826 1009; x_wconf 89' lang='lat' dir='ltr'><strong>nec</strong></span> <span class='ocrx_word' id='word_1_123' title='bbox 847 983 898 1011; x_wconf 87' lang='lat' dir='ltr'><strong>est</strong></span> <span class='ocrx_word' id='word_1_124' title='bbox 922 977 1082 1021; x_wconf 79' lang='lat' dir='ltr'><strong>privatae</strong></span> <span class='ocrx_word' id='word_1_125' title='bbox 1107 988 1170 1020; x_wconf 91' lang='lat' dir='ltr'><strong>po-</strong></span> 
     </span>
     <span class='ocr_line' id='line_1_18' title="bbox 178 1027 1170 1065; baseline -0.006 0"><span class='ocrx_word' id='word_1_126' title='bbox 178 1030 312 1065; x_wconf 86' lang='lat' dir='ltr'><strong>testatis</strong></span> <span class='ocrx_word' id='word_1_127' title='bbox 328 1030 480 1063; x_wconf 78' lang='lat' dir='ltr'><strong>eximere</strong></span> <span class='ocrx_word' id='word_1_128' title='bbox 498 1041 629 1062; x_wconf 88' lang='lat' dir='ltr'><strong>nomen</strong></span> <span class='ocrx_word' id='word_1_129' title='bbox 649 1041 690 1061; x_wconf 74' lang='lat' dir='ltr'><strong>ex</strong></span> <span class='ocrx_word' id='word_1_130' title='bbox 707 1028 866 1062; x_wconf 86' lang='lat' dir='ltr'><strong>aerariis.</strong></span> <span class='ocrx_word' id='word_1_131' title='bbox 920 1027 996 1061; x_wconf 88' lang='lat' dir='ltr'><strong>Hoc</strong></span> <span class='ocrx_word' id='word_1_132' title='bbox 1016 1039 1100 1061; x_wconf 63' lang='lat' dir='ltr'><strong>vero</strong></span> <span class='ocrx_word' id='word_1_133' title='bbox 1118 1027 1170 1060; x_wconf 90' lang='lat' dir='ltr'><strong>in-</strong></span> 
     </span>
     <span class='ocr_line' id='line_1_19' title="bbox 178 1079 1171 1123; baseline -0.004 -8"><span class='ocrx_word' id='word_1_134' title='bbox 178 1081 407 1116; x_wconf 89' lang='lat' dir='ltr'><strong>iustissimum</strong></span> <span class='ocrx_word' id='word_1_135' title='bbox 442 1087 511 1120; x_wconf 87' lang='lat' dir='ltr'><strong>est,</strong></span> <span class='ocrx_word' id='word_1_136' title='bbox 547 1093 625 1114; x_wconf 89' lang='lat' dir='ltr'><strong>eum</strong></span> <span class='ocrx_word' id='word_1_137' title='bbox 652 1079 689 1112; x_wconf 92' lang='lat' dir='ltr'><strong>in</strong></span> <span class='ocrx_word' id='word_1_138' title='bbox 713 1079 844 1112; x_wconf 90' lang='lat' dir='ltr'><strong>iudicio</strong></span> <span class='ocrx_word' id='word_1_139' title='bbox 868 1079 1065 1123; x_wconf 89' lang='lat' dir='ltr'><strong>periculum</strong></span> <span class='ocrx_word' id='word_1_140' title='bbox 1090 1091 1171 1123; x_wconf 90' lang='lat' dir='ltr'><strong>par-</strong></span> 
     </span>
     <span class='ocr_line' id='line_1_20' title="bbox 178 1130 1171 1177; baseline -0.004 -11"><span class='ocrx_word' id='word_1_141' title='bbox 178 1134 240 1166; x_wconf 88' lang='lat' dir='ltr'><strong>tim</strong></span> <span class='ocrx_word' id='word_1_142' title='bbox 256 1132 398 1173; x_wconf 87' lang='lat' dir='ltr'><strong>salutis,</strong></span> <span class='ocrx_word' id='word_1_143' title='bbox 426 1132 557 1177; x_wconf 88' lang='lat' dir='ltr'><strong>partim</strong></span> <span class='ocrx_word' id='word_1_144' title='bbox 577 1131 760 1176; x_wconf 74' lang='lat' dir='ltr'>dignitatis</span> <span class='ocrx_word' id='word_1_145' title='bbox 785 1143 904 1164; x_wconf 89' lang='lat' dir='ltr'><strong>creare</strong></span> <span class='ocrx_word' id='word_1_146' title='bbox 930 1130 1015 1171; x_wconf 88' lang='lat' dir='ltr'><strong>illis,</strong></span> <span class='ocrx_word' id='word_1_147' title='bbox 1049 1143 1066 1163; x_wconf 90' lang='lat' dir='ltr'><strong>a</strong></span> <span class='ocrx_word' id='word_1_148' title='bbox 1095 1130 1171 1175; x_wconf 88' lang='lat' dir='ltr'><strong>qui-</strong></span> 
     </span>
     <span class='ocr_line' id='line_1_21' title="bbox 176 1181 1170 1228; baseline -0.004 -11"><span class='ocrx_word' id='word_1_149' title='bbox 176 1185 241 1218; x_wconf 89' lang='lat' dir='ltr'><strong>bus</strong></span> <span class='ocrx_word' id='word_1_150' title='bbox 266 1196 384 1217; x_wconf 88' lang='lat' dir='ltr'><strong>rerum</strong></span> <span class='ocrx_word' id='word_1_151' title='bbox 411 1183 615 1228; x_wconf 91' lang='lat' dir='ltr'><strong>capitalium</strong></span> <span class='ocrx_word' id='word_1_152' title='bbox 639 1182 895 1215; x_wconf 87' lang='lat' dir='ltr'><strong>condemnatus</strong></span> <span class='ocrx_word' id='word_1_153' title='bbox 926 1188 988 1215; x_wconf 91' lang='lat' dir='ltr'><strong>est.</strong></span> <span class='ocrx_word' id='word_1_154' title='bbox 1055 1181 1170 1226; x_wconf 83' lang='lat' dir='ltr'><strong>Quem</strong></span> 
     </span>
     <span class='ocr_line' id='line_1_22' title="bbox 179 1232 1171 1279; baseline -0.004 -11"><span class='ocrx_word' id='word_1_155' title='bbox 179 1236 272 1269; x_wconf 89' lang='lat' dir='ltr'><strong>euim</strong></span> <span class='ocrx_word' id='word_1_156' title='bbox 290 1235 382 1279; x_wconf 86' lang='lat' dir='ltr'><strong>leges</strong></span> <span class='ocrx_word' id='word_1_157' title='bbox 397 1240 518 1267; x_wconf 75' lang='lat' dir='ltr'><strong>vetant</strong></span> <span class='ocrx_word' id='word_1_158' title='bbox 546 1234 677 1267; x_wconf 71' lang='lat' dir='ltr'><strong>civium</strong></span> <span class='ocrx_word' id='word_1_159' title='bbox 703 1234 778 1266; x_wconf 88' lang='lat' dir='ltr'><strong>iure</strong></span> <span class='ocrx_word' id='word_1_160' title='bbox 805 1233 875 1273; x_wconf 91' lang='lat' dir='ltr'><strong>uti,</strong></span> <span class='ocrx_word' id='word_1_161' title='bbox 913 1233 940 1266; x_wconf 87' lang='lat' dir='ltr'><strong>is</strong></span> <span class='ocrx_word' id='word_1_162' title='bbox 966 1232 1171 1266; x_wconf 87' lang='lat' dir='ltr'><strong>insanabili-</strong></span> 
     </span>
     <span class='ocr_line' id='line_1_23' title="bbox 177 1284 1171 1329; baseline -0.003 -10"><span class='ocrx_word' id='word_1_163' title='bbox 177 1287 241 1321; x_wconf 86' lang='lat' dir='ltr'><strong>bus</strong></span> <span class='ocrx_word' id='word_1_164' title='bbox 274 1286 376 1319; x_wconf 88' lang='lat' dir='ltr'><strong>malis</strong></span> <span class='ocrx_word' id='word_1_165' title='bbox 404 1292 555 1319; x_wconf 90' lang='lat' dir='ltr'><strong>conatur</strong></span> <span class='ocrx_word' id='word_1_166' title='bbox 589 1285 678 1318; x_wconf 85' lang='lat' dir='ltr'><strong>alios</strong></span> <span class='ocrx_word' id='word_1_167' title='bbox 706 1285 856 1318; x_wconf 81' lang='lat' dir='ltr'><strong>afficere.</strong></span> <span class='ocrx_word' id='word_1_168' title='bbox 923 1284 1029 1329; x_wconf 85' lang='lat' dir='ltr'><strong>Quod</strong></span> <span class='ocrx_word' id='word_1_169' title='bbox 1063 1296 1171 1329; x_wconf 87' lang='lat' dir='ltr'><strong>quam</strong></span> 
     </span>
     <span class='ocr_line' id='line_1_24' title="bbox 179 1335 1171 1382; baseline -0.004 -11"><span class='ocrx_word' id='word_1_170' title='bbox 179 1344 281 1382; x_wconf 90' lang='lat' dir='ltr'><strong>turpe</strong></span> <span class='ocrx_word' id='word_1_171' title='bbox 311 1337 374 1377; x_wconf 87' lang='lat' dir='ltr'><strong>sit,</strong></span> <span class='ocrx_word' id='word_1_172' title='bbox 418 1349 525 1382; x_wconf 89' lang='lat' dir='ltr'><strong>quam</strong></span> <span class='ocrx_word' id='word_1_173' title='bbox 555 1336 709 1369; x_wconf 89' lang='lat' dir='ltr'><strong>alienum</strong></span> <span class='ocrx_word' id='word_1_174' title='bbox 741 1347 760 1368; x_wconf 89' lang='lat' dir='ltr'><strong>a</strong></span> <span class='ocrx_word' id='word_1_175' title='bbox 791 1336 975 1369; x_wconf 73' lang='lat' dir='ltr'><strong>civitatum</strong></span> <span class='ocrx_word' id='word_1_176' title='bbox 1000 1335 1171 1374; x_wconf 88' lang='lat' dir='ltr'><strong>moribus,</strong></span> 
     </span>
     <span class='ocr_line' id='line_1_25' title="bbox 179 1385 1170 1434; baseline -0.003 -13"><span class='ocrx_word' id='word_1_177' title='bbox 179 1401 286 1434; x_wconf 84' lang='lat' dir='ltr'><strong>quam</strong></span> <span class='ocrx_word' id='word_1_178' title='bbox 320 1388 580 1433; x_wconf 88' lang='lat' dir='ltr'><strong>perniciosum,</strong></span> <span class='ocrx_word' id='word_1_179' title='bbox 623 1385 713 1420; x_wconf 85' lang='lat' dir='ltr'>nihil</span> <span class='ocrx_word' id='word_1_180' title='bbox 745 1387 872 1419; x_wconf 76' lang='lat' dir='ltr'><strong>attinet</strong></span> <span class='ocrx_word' id='word_1_181' title='bbox 901 1386 1030 1419; x_wconf 86' lang='lat' dir='ltr'><strong>dicere.</strong></span> <span class='ocrx_word' id='word_1_182' title='bbox 1093 1385 1170 1429; x_wconf 84' lang='lat' dir='ltr'><strong>Ego</strong></span> 
     </span>
     <span class='ocr_line' id='line_1_26' title="bbox 179 1436 1172 1484; baseline -0.005 -11"><span class='ocrx_word' id='word_1_183' title='bbox 179 1453 257 1474; x_wconf 91' lang='lat' dir='ltr'><strong>cum</strong></span> <span class='ocrx_word' id='word_1_184' title='bbox 276 1438 343 1472; x_wconf 69' lang='lat' dir='ltr'><strong>hoc</strong></span> <span class='ocrx_word' id='word_1_185' title='bbox 362 1438 624 1484; x_wconf 73' lang='lat' dir='ltr'><strong>considet-0⁸⁵),</strong></span> <span class='ocrx_word' id='word_1_186' title='bbox 653 1438 790 1471; x_wconf 89' lang='lat' dir='ltr'><strong>coelum</strong></span> <span class='ocrx_word' id='word_1_187' title='bbox 815 1444 930 1470; x_wconf 87' lang='lat' dir='ltr'><strong>terrae</strong></span> <span class='ocrx_word' id='word_1_188' title='bbox 956 1436 1097 1470; x_wconf 87' lang='lat' dir='ltr'><strong>misceri</strong></span> <span class='ocrx_word' id='word_1_189' title='bbox 1121 1436 1172 1468; x_wconf 69' lang='lat' dir='ltr'><strong>vi-</strong></span> 
     </span>
     <span class='ocr_line' id='line_1_27' title="bbox 179 1487 1171 1536; baseline -0.005 -12"><span class='ocrx_word' id='word_1_190' title='bbox 179 1492 258 1525; x_wconf 89' lang='lat' dir='ltr'><strong>deo.</strong></span> <span class='ocrx_word' id='word_1_191' title='bbox 291 1490 414 1536; x_wconf 85' lang='lat' dir='ltr'><strong>Qualis</strong></span> <span class='ocrx_word' id='word_1_192' title='bbox 433 1497 550 1523; x_wconf 89' lang='lat' dir='ltr'><strong>autem</strong></span> <span class='ocrx_word' id='word_1_193' title='bbox 569 1489 675 1522; x_wconf 79' lang='lat' dir='ltr'><strong>fuerit</strong></span> <span class='ocrx_word' id='word_1_194' title='bbox 693 1489 851 1522; x_wconf 85' lang='lat' dir='ltr'><strong>confusio</strong></span> <span class='ocrx_word' id='word_1_195' title='bbox 869 1500 1007 1527; x_wconf 88' lang='lat' dir='ltr'><strong>rerum,</strong></span> <span class='ocrx_word' id='word_1_196' title='bbox 1032 1487 1061 1521; x_wconf 87' lang='lat' dir='ltr'><strong>si</strong></span> <span class='ocrx_word' id='word_1_197' title='bbox 1078 1494 1171 1520; x_wconf 84' lang='lat' dir='ltr'><strong>terra</strong></span> 
     </span>
     <span class='ocr_line' id='line_1_28' title="bbox 179 1539 1171 1586; baseline -0.006 -10"><span class='ocrx_word' id='word_1_198' title='bbox 179 1555 318 1576; x_wconf 89' lang='lat' dir='ltr'><strong>sursum</strong></span> <span class='ocrx_word' id='word_1_199' title='bbox 336 1541 516 1586; x_wconf 86' lang='lat' dir='ltr'><strong>rapiatur,</strong></span> <span class='ocrx_word' id='word_1_200' title='bbox 544 1540 681 1574; x_wconf 91' lang='lat' dir='ltr'><strong>coelum</strong></span> <span class='ocrx_word' id='word_1_201' title='bbox 705 1539 818 1573; x_wconf 87' lang='lat' dir='ltr'><strong>irruat</strong></span> <span class='ocrx_word' id='word_1_202' title='bbox 841 1539 879 1572; x_wconf 89' lang='lat' dir='ltr'><strong>in</strong></span> <span class='ocrx_word' id='word_1_203' title='bbox 903 1546 1018 1572; x_wconf 86' lang='lat' dir='ltr'><strong>terrae</strong></span> <span class='ocrx_word' id='word_1_204' title='bbox 1042 1539 1171 1571; x_wconf 86' lang='lat' dir='ltr'><strong>locum.</strong></span> 
     </span>
     <span class='ocr_line' id='line_1_29' title="bbox 180 1588 1171 1638; baseline -0.006 -11"><span class='ocrx_word' id='word_1_205' title='bbox 180 1593 248 1627; x_wconf 86' lang='lat' dir='ltr'><strong>Sed</strong></span> <span class='ocrx_word' id='word_1_206' title='bbox 267 1591 374 1632; x_wconf 87' lang='lat' dir='ltr'><strong>haec,</strong></span> <span class='ocrx_word' id='word_1_207' title='bbox 402 1592 539 1638; x_wconf 87' lang='lat' dir='ltr'>inquiet</span> <span class='ocrx_word' id='word_1_208' title='bbox 559 1591 706 1636; x_wconf 90' lang='lat' dir='ltr'><strong>aliquis,</strong></span> <span class='ocrx_word' id='word_1_209' title='bbox 734 1591 809 1624; x_wconf 81' lang='lat' dir='ltr'><strong>fleri</strong></span> <span class='ocrx_word' id='word_1_210' title='bbox 826 1596 1020 1636; x_wconf 87' lang='lat' dir='ltr'><strong>nequeunt.</strong></span> <span class='ocrx_word' id='word_1_211' title='bbox 1058 1588 1171 1622; x_wconf 91' lang='lat' dir='ltr'><strong>Immo</strong></span> 
     </span>
     <span class='ocr_line' id='line_1_30' title="bbox 181 1641 1172 1686; baseline -0.005 -9"><span class='ocrx_word' id='word_1_212' title='bbox 181 1651 254 1678; x_wconf 93' lang='lat' dir='ltr'><strong>tum</strong></span> <span class='ocrx_word' id='word_1_213' title='bbox 274 1643 413 1677; x_wconf 81' lang='lat' dir='ltr'><strong>misceri</strong></span> <span class='ocrx_word' id='word_1_214' title='bbox 433 1650 467 1676; x_wconf 91' lang='lat' dir='ltr'><strong>et</strong></span> <span class='ocrx_word' id='word_1_215' title='bbox 484 1643 652 1676; x_wconf 87' lang='lat' dir='ltr'><strong>confundi</strong></span> <span class='ocrx_word' id='word_1_216' title='bbox 674 1642 793 1675; x_wconf 87' lang='lat' dir='ltr'><strong>omnia</strong></span> <span class='ocrx_word' id='word_1_217' title='bbox 814 1641 1010 1675; x_wconf 84' lang='lat' dir='ltr'><strong>existimate</strong></span> <span class='ocrx_word' id='word_1_218' title='bbox 1024 1668 1033 1680; x_wconf 95' lang='lat'><strong>,</strong></span> <span class='ocrx_word' id='word_1_219' title='bbox 1061 1653 1172 1686; x_wconf 88' lang='lat' dir='ltr'><strong>quan-</strong></span> 
     </span>
     <span class='ocr_line' id='line_1_31' title="bbox 180 1693 1172 1737; baseline -0.004 -9"><span class='ocrx_word' id='word_1_220' title='bbox 180 1697 226 1729; x_wconf 88' lang='lat' dir='ltr'><strong>do</strong></span> <span class='ocrx_word' id='word_1_221' title='bbox 251 1701 388 1728; x_wconf 72' lang='lat' dir='ltr'><strong>vestrae</strong></span> <span class='ocrx_word' id='word_1_222' title='bbox 412 1694 606 1728; x_wconf 87' lang='lat' dir='ltr'><strong>sententiae</strong></span> <span class='ocrx_word' id='word_1_223' title='bbox 631 1693 819 1727; x_wconf 67' lang='lat' dir='ltr'><strong>absolvunt</strong></span> <span class='ocrx_word' id='word_1_224' title='bbox 843 1706 920 1732; x_wconf 90' lang='lat' dir='ltr'><strong>eos,</strong></span> <span class='ocrx_word' id='word_1_225' title='bbox 965 1705 1054 1737; x_wconf 91' lang='lat' dir='ltr'><strong>quos</strong></span> <span class='ocrx_word' id='word_1_226' title='bbox 1080 1693 1172 1735; x_wconf 82' lang='lat' dir='ltr'><strong>leges</strong></span> 
     </span>
     <span class='ocr_line' id='line_1_32' title="bbox 181 1743 1172 1791; baseline -0.004 -12"><span class='ocrx_word' id='word_1_227' title='bbox 181 1747 485 1785; x_wconf 89' lang='lat' dir='ltr'><strong>condemnarunt,</strong></span> <span class='ocrx_word' id='word_1_228' title='bbox 513 1746 658 1791; x_wconf 86' lang='lat' dir='ltr'><strong>quando</strong></span> <span class='ocrx_word' id='word_1_229' title='bbox 677 1744 888 1788; x_wconf 67' lang='lat' dir='ltr'><strong>improbitas</strong></span> <span class='ocrx_word' id='word_1_230' title='bbox 906 1743 1045 1776; x_wconf 77' lang='lat' dir='ltr'><strong>virtutis</strong></span> <span class='ocrx_word' id='word_1_231' title='bbox 1072 1755 1172 1788; x_wconf 89' lang='lat' dir='ltr'><strong>prae-</strong></span> 
     </span>
     <span class='ocr_line' id='line_1_33' title="bbox 182 1794 1173 1841; baseline -0.002 -12"><span class='ocrx_word' id='word_1_232' title='bbox 182 1798 251 1830; x_wconf 89' lang='lat' dir='ltr'><strong>mia</strong></span> <span class='ocrx_word' id='word_1_233' title='bbox 268 1797 467 1841; x_wconf 79' lang='lat' dir='ltr'><strong>intercipit,</strong></span> <span class='ocrx_word' id='word_1_234' title='bbox 494 1794 680 1829; x_wconf 87' lang='lat' dir='ltr'><strong>ethonore</strong></span> <span class='ocrx_word' id='word_1_235' title='bbox 700 1796 881 1833; x_wconf 83' lang='lat' dir='ltr'><strong>adficitur;</strong></span> <span class='ocrx_word' id='word_1_236' title='bbox 910 1801 1075 1834; x_wconf 89' lang='lat' dir='ltr'><strong>econtra,</strong></span> <span class='ocrx_word' id='word_1_237' title='bbox 1103 1794 1173 1827; x_wconf 80' lang='lat' dir='ltr'><strong>vir-</strong></span> 
     </span>
     <span class='ocr_line' id='line_1_34' title="bbox 182 1846 1173 1893; baseline -0.003 -12"><span class='ocrx_word' id='word_1_238' title='bbox 182 1856 236 1882; x_wconf 91' lang='lat' dir='ltr'><strong>tus</strong></span> <span class='ocrx_word' id='word_1_239' title='bbox 272 1848 479 1892; x_wconf 83' lang='lat' dir='ltr'><strong>conspuitur</strong></span> <span class='ocrx_word' id='word_1_240' title='bbox 495 1848 541 1893; x_wconf 79' lang='lat'><strong>⁸⁶)</strong></span> <span class='ocrx_word' id='word_1_241' title='bbox 574 1854 607 1880; x_wconf 91' lang='lat' dir='ltr'><strong>et</strong></span> <span class='ocrx_word' id='word_1_242' title='bbox 637 1847 897 1885; x_wconf 84' lang='lat' dir='ltr'><strong>contemnitur,</strong></span> <span class='ocrx_word' id='word_1_243' title='bbox 940 1847 1084 1892; x_wconf 88' lang='lat' dir='ltr'><strong>quando</strong></span> <span class='ocrx_word' id='word_1_244' title='bbox 1120 1846 1173 1878; x_wconf 86' lang='lat' dir='ltr'><strong>ius</strong></span> 
     </span>
     <span class='ocr_line' id='line_1_35' title="bbox 181 1897 1172 1944; baseline -0.004 -11"><span class='ocrx_word' id='word_1_245' title='bbox 181 1907 215 1933; x_wconf 91' lang='lat' dir='ltr'><strong>et</strong></span> <span class='ocrx_word' id='word_1_246' title='bbox 232 1900 369 1944; x_wconf 77' lang='lat' dir='ltr'><strong>publica</strong></span> <span class='ocrx_word' id='word_1_247' title='bbox 388 1899 521 1932; x_wconf 87' lang='lat' dir='ltr'><strong>utilitas</strong></span> <span class='ocrx_word' id='word_1_248' title='bbox 540 1898 672 1931; x_wconf 68' lang='lat' dir='ltr'><strong>invidia</strong></span> <span class='ocrx_word' id='word_1_249' title='bbox 690 1897 949 1943; x_wconf 60' lang='lat' dir='ltr'><strong>vincunturffl).</strong></span> <span class='ocrx_word' id='word_1_250' title='bbox 985 1898 1172 1931; x_wconf 86' lang='lat' dir='ltr'><strong>Postremo</strong></span> 
     </span>
     <span class='ocr_line' id='line_1_36' title="bbox 183 1949 1172 1996; baseline -0.004 -12"><span class='ocrx_word' id='word_1_251' title='bbox 183 1964 326 1989; x_wconf 84' lang='lat' dir='ltr'><strong>eorum,</strong></span> <span class='ocrx_word' id='word_1_252' title='bbox 362 1951 421 1996; x_wconf 89' lang='lat' dir='ltr'><strong>qni</strong></span> <span class='ocrx_word' id='word_1_253' title='bbox 449 1950 484 1982; x_wconf 89' lang='lat' dir='ltr'><strong>in</strong></span> <span class='ocrx_word' id='word_1_254' title='bbox 509 1950 646 1983; x_wconf 87' lang='lat' dir='ltr'><strong>iudiciis</strong></span> <span class='ocrx_word' id='word_1_255' title='bbox 674 1949 938 1994; x_wconf 69' lang='lat' dir='ltr'><strong>periclitantur,</strong></span> <span class='ocrx_word' id='word_1_256' title='bbox 974 1955 1007 1981; x_wconf 91' lang='lat' dir='ltr'><strong>et</strong></span> <span class='ocrx_word' id='word_1_257' title='bbox 1031 1961 1172 1981; x_wconf 85' lang='lat' dir='ltr'><strong>causam</strong></span> 
     </span>
     <span class='ocr_line' id='line_1_37' title="bbox 183 2000 1173 2046; baseline -0.004 -11"><span class='ocrx_word' id='word_1_258' title='bbox 183 2009 300 2035; x_wconf 85' lang='lat' dir='ltr'><strong>tencre</strong></span> <span class='ocrx_word' id='word_1_259' title='bbox 331 2014 404 2034; x_wconf 92' lang='lat' dir='ltr'><strong>non</strong></span> <span class='ocrx_word' id='word_1_260' title='bbox 437 2008 602 2046; x_wconf 86' lang='lat' dir='ltr'><strong>possunt,</strong></span> <span class='ocrx_word' id='word_1_261' title='bbox 643 2000 880 2033; x_wconf 65' lang='lat' dir='ltr'><strong>animadverti</strong></span> <span class='ocrx_word' id='word_1_262' title='bbox 914 2000 1002 2033; x_wconf 88' lang='lat' dir='ltr'><strong>alios</strong></span> <span class='ocrx_word' id='word_1_263' title='bbox 1031 2012 1173 2044; x_wconf 87' lang='lat' dir='ltr'><strong>sperare</strong></span> 
     </span>
     <span class='ocr_line' id='line_1_38' title="bbox 182 2051 1173 2097; baseline -0.004 -11"><span class='ocrx_word' id='word_1_264' title='bbox 182 2054 388 2097; x_wconf 75' lang='lat' dir='ltr'><strong>dignitatem</strong></span> <span class='ocrx_word' id='word_1_265' title='bbox 408 2059 589 2085; x_wconf 84' lang='lat' dir='ltr'><strong>anteactae</strong></span> <span class='ocrx_word' id='word_1_266' title='bbox 609 2053 701 2084; x_wconf 67' lang='lat' dir='ltr'><strong>xitae</strong></span> <span class='ocrx_word' id='word_1_267' title='bbox 728 2052 904 2096; x_wconf 89' lang='lat' dir='ltr'><strong>praesidio</strong></span> <span class='ocrx_word' id='word_1_268' title='bbox 929 2051 995 2084; x_wconf 88' lang='lat' dir='ltr'><strong>sibi</strong></span> <span class='ocrx_word' id='word_1_269' title='bbox 1017 2052 1173 2084; x_wconf 85' lang='lat' dir='ltr'><strong>futuram</strong></span> 
     </span>
     <span class='ocr_line' id='line_1_39' title="bbox 184 2102 1175 2144; baseline -0.005 -6"><span class='ocrx_word' id='word_1_270' title='bbox 184 2117 274 2144; x_wconf 87' lang='lat' dir='ltr'><strong>esse,</strong></span> <span class='ocrx_word' id='word_1_271' title='bbox 303 2104 390 2137; x_wconf 83' lang='lat' dir='ltr'><strong>alios</strong></span> <span class='ocrx_word' id='word_1_272' title='bbox 408 2104 583 2136; x_wconf 80' lang='lat' dir='ltr'><strong>confidere</strong></span> <span class='ocrx_word' id='word_1_273' title='bbox 602 2103 786 2135; x_wconf 86' lang='lat' dir='ltr'><strong>nobilitate</strong></span> <span class='ocrx_word' id='word_1_274' title='bbox 809 2109 842 2135; x_wconf 83' lang='lat' dir='ltr'><strong>et</strong></span> <span class='ocrx_word' id='word_1_275' title='bbox 868 2103 1045 2135; x_wconf 82' lang='lat' dir='ltr'><strong>maiorum</strong></span> <span class='ocrx_word' id='word_1_276' title='bbox 1070 2102 1175 2134; x_wconf 83' lang='lat' dir='ltr'><strong>rneri-</strong></span> 
     </span>
     <span class='ocr_line' id='line_1_40' title="bbox 184 2154 1174 2198; baseline -0.004 -9"><span class='ocrx_word' id='word_1_277' title='bbox 184 2156 245 2196; x_wconf 87' lang='lat' dir='ltr'><strong>tis,</strong></span> <span class='ocrx_word' id='word_1_278' title='bbox 273 2156 360 2189; x_wconf 83' lang='lat' dir='ltr'><strong>alios</strong></span> <span class='ocrx_word' id='word_1_279' title='bbox 379 2155 449 2189; x_wconf 87' lang='lat' dir='ltr'><strong>suis</strong></span> <span class='ocrx_word' id='word_1_280' title='bbox 475 2168 554 2198; x_wconf 81' lang='lat' dir='ltr'><strong>erga</strong></span> <span class='ocrx_word' id='word_1_281' title='bbox 576 2154 833 2198; x_wconf 70' lang='lat' dir='ltr'><strong>rempublicam</strong></span> <span class='ocrx_word' id='word_1_282' title='bbox 859 2154 1054 2193; x_wconf 82' lang='lat' dir='ltr'><strong>beneflciis,</strong></span> <span class='ocrx_word' id='word_1_283' title='bbox 1084 2164 1174 2198; x_wconf 87' lang='lat' dir='ltr'><strong>quae</strong></span> 
     </span>
    </p>
   </div>
   <div class='ocr_carea' id='block_1_3' title="bbox 226 2243 387 2248">
    <p class='ocr_par' dir='ltr' id='par_1_3' title="bbox 226 2243 387 2248">
     <span class='ocr_line' id='line_1_41' title="bbox 226 2243 387 2248; baseline 0 0"><span class='ocrx_word' id='word_1_284' title='bbox 226 2243 387 2248; x_wconf 95' lang='lat' dir='ltr'><strong> </strong></span> 
     </span>
    </p>
   </div>
   <div class='ocr_carea' id='block_1_4' title="bbox 219 2288 1178 2759">
    <p class='ocr_par' dir='ltr' id='par_1_4' title="bbox 219 2288 784 2322">
     <span class='ocr_line' id='line_1_42' title="bbox 219 2288 784 2322; baseline -0.007 -7"><span class='ocrx_word' id='word_1_285' title='bbox 219 2291 286 2321; x_wconf 56' lang='lat'><strong>⁵53³)</strong></span> <span class='ocrx_word' id='word_1_286' title='bbox 308 2291 448 2322; x_wconf 82' lang='lat' dir='ltr'><strong>quereris]</strong></span> <span class='ocrx_word' id='word_1_287' title='bbox 469 2290 517 2314; x_wconf 81' lang='lat' dir='ltr'><strong>Ed.</strong></span> <span class='ocrx_word' id='word_1_288' title='bbox 540 2290 614 2314; x_wconf 74' lang='lat'><strong>1527.</strong></span> <span class='ocrx_word' id='word_1_289' title='bbox 633 2288 784 2320; x_wconf 79' lang='lat' dir='ltr'><strong>quaereris.</strong></span> 
     </span>
    </p>

    <p class='ocr_par' dir='ltr' id='par_1_5' title="bbox 219 2328 1177 2426">
     <span class='ocr_line' id='line_1_43' title="bbox 219 2328 1177 2362; baseline -0.005 -5"><span class='ocrx_word' id='word_1_290' title='bbox 219 2336 268 2362; x_wconf 53' lang='grc'><strong>»54)</strong></span> <span class='ocrx_word' id='word_1_291' title='bbox 290 2335 321 2358; x_wconf 80' lang='lat'><strong>11.</strong></span> <span class='ocrx_word' id='word_1_292' title='bbox 343 2335 359 2357; x_wconf 93' lang='grc' dir='ltr'><strong>Ι.</strong></span> <span class='ocrx_word' id='word_1_293' title='bbox 386 2335 411 2357; x_wconf 86' lang='lat' dir='ltr'><strong>in</strong></span> <span class='ocrx_word' id='word_1_294' title='bbox 432 2333 515 2358; x_wconf 80' lang='lat' dir='ltr'><strong>Editt.</strong></span> <span class='ocrx_word' id='word_1_295' title='bbox 540 2333 630 2361; x_wconf 80' lang='lat'><strong>1527.,</strong></span> <span class='ocrx_word' id='word_1_296' title='bbox 658 2331 731 2356; x_wconf 72' lang='lat'>1547.</span> <span class='ocrx_word' id='word_1_297' title='bbox 758 2333 823 2354; x_wconf 83' lang='lat' dir='ltr'><strong>uota</strong></span> <span class='ocrx_word' id='word_1_298' title='bbox 849 2331 978 2359; x_wconf 42' lang='lat' dir='ltr'><strong>margins</strong></span> <span class='ocrx_word' id='word_1_299' title='bbox 1008 2330 1037 2353; x_wconf 84' lang='lat' dir='ltr'><strong>ld</strong></span> <span class='ocrx_word' id='word_1_300' title='bbox 1061 2331 1121 2359; x_wconf 85' lang='lat' dir='ltr'><strong>est,</strong></span> <span class='ocrx_word' id='word_1_301' title='bbox 1153 2328 1177 2352; x_wconf 89' lang='lat' dir='ltr'><strong>si</strong></span> 
     </span>
     <span class='ocr_line' id='line_1_44' title="bbox 255 2364 1177 2398; baseline -0.003 -7"><span class='ocrx_word' id='word_1_302' title='bbox 255 2369 391 2398; x_wconf 82' lang='lat' dir='ltr'><strong>prioribus</strong></span> <span class='ocrx_word' id='word_1_303' title='bbox 413 2368 518 2391; x_wconf 84' lang='lat' dir='ltr'><strong>indiciis</strong></span> <span class='ocrx_word' id='word_1_304' title='bbox 538 2368 753 2391; x_wconf 79' lang='lat' dir='ltr'><strong>condemnatus.</strong></span> <span class='ocrx_word' id='word_1_305' title='bbox 789 2372 841 2388; x_wconf 85' lang='lat' dir='ltr'><strong>non</strong></span> <span class='ocrx_word' id='word_1_306' title='bbox 868 2366 942 2389; x_wconf 80' lang='lat' dir='ltr'><strong>volet</strong></span> <span class='ocrx_word' id='word_1_307' title='bbox 969 2364 1077 2388; x_wconf 81' lang='lat' dir='ltr'><strong>infamis</strong></span> <span class='ocrx_word' id='word_1_308' title='bbox 1104 2369 1177 2388; x_wconf 79' lang='lat' dir='ltr'><strong>esse.</strong></span> 
     </span>
     <span class='ocr_line' id='line_1_45' title="bbox 256 2399 955 2426; baseline -0.006 -1"><span class='ocrx_word' id='word_1_309' title='bbox 256 2409 304 2425; x_wconf 83' lang='lat' dir='ltr'><strong>nec</strong></span> <span class='ocrx_word' id='word_1_310' title='bbox 325 2403 411 2426; x_wconf 77' lang='lat' dir='ltr'><strong>victus</strong></span> <span class='ocrx_word' id='word_1_311' title='bbox 431 2404 463 2426; x_wconf 84' lang='lat' dir='ltr'><strong>ab</strong></span> <span class='ocrx_word' id='word_1_312' title='bbox 482 2402 614 2426; x_wconf 76' lang='lat' dir='ltr'><strong>Aristone</strong></span> <span class='ocrx_word' id='word_1_313' title='bbox 633 2402 708 2425; x_wconf 87' lang='lat' dir='ltr'><strong>volet</strong></span> <span class='ocrx_word' id='word_1_314' title='bbox 727 2400 836 2423; x_wconf 77' lang='lat' dir='ltr'><strong>infamis</strong></span> <span class='ocrx_word' id='word_1_315' title='bbox 854 2399 955 2422; x_wconf 76' lang='lat' dir='ltr'><strong>haberi.</strong></span> 
     </span>
    </p>

    <p class='ocr_par' dir='ltr' id='par_1_6' title="bbox 220 2442 1177 2504">
     <span class='ocr_line' id='line_1_46' title="bbox 220 2442 1177 2477; baseline -0.002 -9"><span class='ocrx_word' id='word_1_316' title='bbox 220 2446 268 2471; x_wconf 58' lang='grc'><strong>55)</strong></span> <span class='ocrx_word' id='word_1_317' title='bbox 290 2446 321 2468; x_wconf 79' lang='grc' dir='ltr'><strong>Η.</strong></span> <span class='ocrx_word' id='word_1_318' title='bbox 342 2446 357 2467; x_wconf 93' lang='grc' dir='ltr'><strong>Ι.</strong></span> <span class='ocrx_word' id='word_1_319' title='bbox 378 2446 403 2468; x_wconf 87' lang='lat' dir='ltr'><strong>in</strong></span> <span class='ocrx_word' id='word_1_320' title='bbox 424 2446 506 2469; x_wconf 81' lang='lat' dir='ltr'><strong>Editt.</strong></span> <span class='ocrx_word' id='word_1_321' title='bbox 531 2445 620 2477; x_wconf 79' lang='lat'><strong>1527.,</strong></span> <span class='ocrx_word' id='word_1_322' title='bbox 649 2443 721 2468; x_wconf 69' lang='lat'>154⁷.</span> <span class='ocrx_word' id='word_1_323' title='bbox 741 2445 807 2467; x_wconf 86' lang='lat' dir='ltr'><strong>nota</strong></span> <span class='ocrx_word' id='word_1_324' title='bbox 825 2442 961 2473; x_wconf 55' lang='lat' dir='ltr'><strong>margia:</strong></span> <span class='ocrx_word' id='word_1_325' title='bbox 996 2442 1177 2472; x_wconf 76' lang='lat' dir='ltr'><strong>Ampiificatio</strong></span> 
     </span>
     <span class='ocr_line' id='line_1_47' title="bbox 256 2479 377 2504; baseline -0.008 -2"><span class='ocrx_word' id='word_1_326' title='bbox 256 2479 377 2504; x_wconf 76' lang='lat' dir='ltr'><strong>absurdi,</strong></span> 
     </span>
    </p>

    <p class='ocr_par' dir='ltr' id='par_1_7' title="bbox 222 2515 1177 2585">
     <span class='ocr_line' id='line_1_48' title="bbox 222 2515 1177 2550; baseline -0.004 -5"><span class='ocrx_word' id='word_1_327' title='bbox 222 2522 270 2549; x_wconf 80' lang='lat'><strong>86)</strong></span> <span class='ocrx_word' id='word_1_328' title='bbox 294 2522 464 2550; x_wconf 75' lang='lat' dir='ltr'><strong>conspuitur]</strong></span> <span class='ocrx_word' id='word_1_329' title='bbox 490 2522 529 2544; x_wconf 77' lang='lat' dir='ltr'><strong>sic</strong></span> <span class='ocrx_word' id='word_1_330' title='bbox 548 2521 631 2545; x_wconf 79' lang='lat' dir='ltr'><strong>Editt.</strong></span> <span class='ocrx_word' id='word_1_331' title='bbox 655 2520 847 2545; x_wconf 68' lang='lat'>1547—1587.</span> <span class='ocrx_word' id='word_1_332' title='bbox 874 2521 922 2548; x_wconf 73' lang='grc' dir='ltr'><strong>(Ξ</strong></span> <span class='ocrx_word' id='word_1_333' title='bbox 939 2519 1015 2543; x_wconf 84' lang='lat' dir='ltr'><strong>Dem.</strong></span> <span class='ocrx_word' id='word_1_334' title='bbox 1035 2515 1177 2549; x_wconf 52' lang='lat' dir='ltr'><strong>&amp;aarum</strong></span> 
     </span>
     <span class='ocr_line' id='line_1_49' title="bbox 256 2555 597 2585; baseline 0 -6"><span class='ocrx_word' id='word_1_335' title='bbox 256 2556 305 2579; x_wconf 83' lang='lat' dir='ltr'><strong>Ed.</strong></span> <span class='ocrx_word' id='word_1_336' title='bbox 328 2555 400 2578; x_wconf 81' lang='lat'>1527.</span> <span class='ocrx_word' id='word_1_337' title='bbox 421 2556 597 2585; x_wconf 80' lang='lat' dir='ltr'><strong>conspicitur.</strong></span> 
     </span>
    </p>

    <p class='ocr_par' dir='ltr' id='par_1_8' title="bbox 221 2596 1178 2759">
     <span class='ocr_line' id='line_1_50' title="bbox 221 2596 1178 2626; baseline -0.002 -5"><span class='ocrx_word' id='word_1_338' title='bbox 221 2599 269 2626; x_wconf 82' lang='grc'><strong>87)</strong></span> <span class='ocrx_word' id='word_1_339' title='bbox 290 2599 322 2621; x_wconf 79' lang='grc' dir='ltr'><strong>Η.</strong></span> <span class='ocrx_word' id='word_1_340' title='bbox 342 2598 360 2621; x_wconf 84' lang='lat' dir='ltr'><strong>l.</strong></span> <span class='ocrx_word' id='word_1_341' title='bbox 380 2598 405 2620; x_wconf 91' lang='lat' dir='ltr'><strong>in</strong></span> <span class='ocrx_word' id='word_1_342' title='bbox 427 2598 508 2622; x_wconf 76' lang='lat' dir='ltr'><strong>Editt.</strong></span> <span class='ocrx_word' id='word_1_343' title='bbox 533 2599 621 2625; x_wconf 71' lang='lat'>1527..</span> <span class='ocrx_word' id='word_1_344' title='bbox 643 2599 716 2622; x_wconf 69' lang='lat'>1547.</span> <span class='ocrx_word' id='word_1_345' title='bbox 738 2600 802 2621; x_wconf 87' lang='lat' dir='ltr'><strong>nota</strong></span> <span class='ocrx_word' id='word_1_346' title='bbox 822 2597 954 2625; x_wconf 43' lang='lat' dir='ltr'><strong>mai-gina</strong></span> <span class='ocrx_word' id='word_1_347' title='bbox 987 2597 1126 2619; x_wconf 79' lang='lat' dir='ltr'><strong>Hactenus</strong></span> <span class='ocrx_word' id='word_1_348' title='bbox 1146 2596 1178 2619; x_wconf 88' lang='lat' dir='ltr'><strong>de</strong></span> 
     </span>
     <span class='ocr_line' id='line_1_51' title="bbox 257 2630 1178 2662; baseline -0.003 -6"><span class='ocrx_word' id='word_1_349' title='bbox 257 2638 342 2656; x_wconf 83' lang='lat' dir='ltr'><strong>causa</strong></span> <span class='ocrx_word' id='word_1_350' title='bbox 361 2632 441 2657; x_wconf 83' lang='lat' dir='ltr'><strong>dixit.</strong></span> <span class='ocrx_word' id='word_1_351' title='bbox 475 2638 545 2655; x_wconf 83' lang='lat' dir='ltr'><strong>nunc</strong></span> <span class='ocrx_word' id='word_1_352' title='bbox 574 2633 691 2656; x_wconf 82' lang='lat' dir='ltr'><strong>detrahit</strong></span> <span class='ocrx_word' id='word_1_353' title='bbox 718 2633 741 2656; x_wconf 86' lang='lat' dir='ltr'><strong>ei</strong></span> <span class='ocrx_word' id='word_1_354' title='bbox 768 2632 906 2662; x_wconf 84' lang='lat' dir='ltr'><strong>praesidia</strong></span> <span class='ocrx_word' id='word_1_355' title='bbox 924 2632 1050 2658; x_wconf 80' lang='lat' dir='ltr'><strong>caetera,</strong></span> <span class='ocrx_word' id='word_1_356' title='bbox 1083 2630 1178 2660; x_wconf 83' lang='lat' dir='ltr'><strong>quibus</strong></span> 
     </span>
     <span class='ocr_line' id='line_1_52' title="bbox 257 2665 1177 2697; baseline -0.002 -8"><span class='ocrx_word' id='word_1_357' title='bbox 257 2667 327 2690; x_wconf 86' lang='lat' dir='ltr'><strong>tueri</strong></span> <span class='ocrx_word' id='word_1_358' title='bbox 347 2673 378 2689; x_wconf 86' lang='lat' dir='ltr'><strong>se</strong></span> <span class='ocrx_word' id='word_1_359' title='bbox 398 2669 505 2696; x_wconf 84' lang='lat' dir='ltr'><strong>poterat</strong></span> <span class='ocrx_word' id='word_1_360' title='bbox 526 2667 705 2697; x_wconf 67' lang='lat' dir='ltr'><strong>Aristogiton.</strong></span> <span class='ocrx_word' id='word_1_361' title='bbox 743 2668 791 2690; x_wconf 77' lang='lat' dir='ltr'><strong>Est</strong></span> <span class='ocrx_word' id='word_1_362' title='bbox 809 2669 899 2691; x_wconf 86' lang='lat' dir='ltr'><strong>autem</strong></span> <span class='ocrx_word' id='word_1_363' title='bbox 916 2666 998 2695; x_wconf 72' lang='lat' dir='ltr'><strong>ionga</strong></span> <span class='ocrx_word' id='word_1_364' title='bbox 1011 2665 1177 2693; x_wconf 82' lang='lat' dir='ltr'><strong>distributio,</strong></span> 
     </span>
     <span class='ocr_line' id='line_1_53' title="bbox 256 2699 1177 2731; baseline -0.002 -7"><span class='ocrx_word' id='word_1_365' title='bbox 256 2708 309 2724; x_wconf 90' lang='lat' dir='ltr'><strong>non</strong></span> <span class='ocrx_word' id='word_1_366' title='bbox 331 2704 470 2731; x_wconf 77' lang='lat' dir='ltr'><strong>parentes,</strong></span> <span class='ocrx_word' id='word_1_367' title='bbox 492 2707 545 2724; x_wconf 90' lang='lat' dir='ltr'><strong>non</strong></span> <span class='ocrx_word' id='word_1_368' title='bbox 564 2704 707 2731; x_wconf 72' lang='lat' dir='ltr'><strong>cognatos,</strong></span> <span class='ocrx_word' id='word_1_369' title='bbox 727 2707 780 2725; x_wconf 85' lang='lat' dir='ltr'><strong>non</strong></span> <span class='ocrx_word' id='word_1_370' title='bbox 803 2702 915 2725; x_wconf 80' lang='lat' dir='ltr'><strong>caetera</strong></span> <span class='ocrx_word' id='word_1_371' title='bbox 933 2700 1032 2723; x_wconf 78' lang='lat' dir='ltr'><strong>dehere</strong></span> <span class='ocrx_word' id='word_1_372' title='bbox 1051 2699 1075 2722; x_wconf 85' lang='lat' dir='ltr'><strong>ei</strong></span> <span class='ocrx_word' id='word_1_373' title='bbox 1094 2700 1177 2730; x_wconf 81' lang='lat' dir='ltr'><strong>prod-</strong></span> 
     </span>
     <span class='ocr_line' id='line_1_54' title="bbox 256 2742 326 2759; baseline 0 -1"><span class='ocrx_word' id='word_1_374' title='bbox 256 2742 326 2759; x_wconf 80' lang='lat' dir='ltr'><strong>esse.</strong></span> 
     </span>
    </p>
   </div>
   <div class='ocr_carea' id='block_1_5' title="bbox 741 121 1617 159">
    <p class='ocr_par' dir='ltr' id='par_1_9' title="bbox 741 121 1617 159">
     <span class='ocr_line' id='line_1_55' title="bbox 741 121 1617 159; baseline -0.002 0"><span class='ocrx_word' id='word_1_375' title='bbox 741 124 863 159; x_wconf 66' lang='lat' dir='ltr'><strong>Ptin„</strong></span> <span class='ocrx_word' id='word_1_376' title='bbox 899 122 1010 157; x_wconf 77' lang='lat' dir='ltr'><strong>MEL.</strong></span> <span class='ocrx_word' id='word_1_377' title='bbox 1045 121 1247 156; x_wconf 82' lang='lat' dir='ltr'><strong>SCRIPTA</strong></span> <span class='ocrx_word' id='word_1_378' title='bbox 1281 121 1617 157; x_wconf 83' lang='lat' dir='ltr'><strong>PHILOLOGICA.</strong></span> 
     </span>
    </p>
   </div>
   <div class='ocr_carea' id='block_1_6' title="bbox 2145 120 2220 157">
    <p class='ocr_par' dir='ltr' id='par_1_10' title="bbox 2145 120 2220 157">
     <span class='ocr_line' id='line_1_56' title="bbox 2145 120 2220 157; baseline 0.027 -2"><span class='ocrx_word' id='word_1_379' title='bbox 2145 120 2220 157; x_wconf 86' lang='lat'><strong>796</strong></span> 
     </span>
    </p>
   </div>
   <div class='ocr_carea' id='block_1_7' title="bbox 1223 208 2223 2458">
    <p class='ocr_par' dir='ltr' id='par_1_11' title="bbox 1223 208 2223 2458">
     <span class='ocr_line' id='line_1_57' title="bbox 1225 208 2220 249; baseline 0.003 -10"><span class='ocrx_word' id='word_1_380' title='bbox 1225 215 1477 242; x_wconf 82' lang='lat' dir='ltr'><strong>commoveant</strong></span> <span class='ocrx_word' id='word_1_381' title='bbox 1491 209 1635 249; x_wconf 87' lang='lat' dir='ltr'><strong>indices,</strong></span> <span class='ocrx_word' id='word_1_382' title='bbox 1657 215 1691 241; x_wconf 89' lang='lat' dir='ltr'><strong>et</strong></span> <span class='ocrx_word' id='word_1_383' title='bbox 1706 210 1749 241; x_wconf 89' lang='lat' dir='ltr'><strong>ad</strong></span> <span class='ocrx_word' id='word_1_384' title='bbox 1768 208 2047 241; x_wconf 87' lang='lat' dir='ltr'><strong>misericordiam</strong></span> <span class='ocrx_word' id='word_1_385' title='bbox 2064 208 2220 242; x_wconf 86' lang='lat' dir='ltr'><strong>flectant.</strong></span> 
     </span>
     <span class='ocr_line' id='line_1_58' title="bbox 1224 256 2218 303; baseline 0.002 -13"><span class='ocrx_word' id='word_1_386' title='bbox 1224 258 1289 291; x_wconf 86' lang='lat' dir='ltr'><strong>Hic</strong></span> <span class='ocrx_word' id='word_1_387' title='bbox 1306 260 1405 292; x_wconf 88' lang='lat' dir='ltr'><strong>nullo</strong></span> <span class='ocrx_word' id='word_1_388' title='bbox 1426 258 1554 293; x_wconf 85' lang='lat' dir='ltr'><strong>borum</strong></span> <span class='ocrx_word' id='word_1_389' title='bbox 1572 260 1733 293; x_wconf 87' lang='lat' dir='ltr'><strong>locorum</strong></span> <span class='ocrx_word' id='word_1_390' title='bbox 1757 260 1809 293; x_wconf 86' lang='lat' dir='ltr'><strong>uti</strong></span> <span class='ocrx_word' id='word_1_391' title='bbox 1827 266 1963 303; x_wconf 81' lang='lat' dir='ltr'><strong>potest,</strong></span> <span class='ocrx_word' id='word_1_392' title='bbox 1991 259 2111 292; x_wconf 87' lang='lat' dir='ltr'><strong>onmia</strong></span> <span class='ocrx_word' id='word_1_393' title='bbox 2130 256 2218 292; x_wconf 85' lang='lat' dir='ltr'><strong>haec</strong></span> 
     </span>
     <span class='ocr_line' id='line_1_59' title="bbox 1224 310 2218 356; baseline 0.004 -15"><span class='ocrx_word' id='word_1_394' title='bbox 1224 310 1327 342; x_wconf 84' lang='lat' dir='ltr'><strong>video</strong></span> <span class='ocrx_word' id='word_1_395' title='bbox 1344 310 1376 343; x_wconf 90' lang='lat' dir='ltr'><strong>ei</strong></span> <span class='ocrx_word' id='word_1_396' title='bbox 1393 311 1589 355; x_wconf 81' lang='lat' dir='ltr'><strong>periculosa</strong></span> <span class='ocrx_word' id='word_1_397' title='bbox 1608 318 1642 344; x_wconf 85' lang='lat' dir='ltr'><strong>et</strong></span> <span class='ocrx_word' id='word_1_398' title='bbox 1659 317 1852 356; x_wconf 85' lang='lat' dir='ltr'><strong>praerupta</strong></span> <span class='ocrx_word' id='word_1_399' title='bbox 1871 323 1909 343; x_wconf 90' lang='lat' dir='ltr'><strong>ac</strong></span> <span class='ocrx_word' id='word_1_400' title='bbox 1926 311 2113 354; x_wconf 78' lang='lat' dir='ltr'><strong>voragines</strong></span> <span class='ocrx_word' id='word_1_401' title='bbox 2132 322 2218 345; x_wconf 74' lang='lat' dir='ltr'><strong>esse.</strong></span> 
     </span>
     <span class='ocr_line' id='line_1_60' title="bbox 1223 360 2215 407; baseline 0 -14"><span class='ocrx_word' id='word_1_402' title='bbox 1223 360 1315 394; x_wconf 67' lang='lat' dir='ltr'><strong>Nam</strong></span> <span class='ocrx_word' id='word_1_403' title='bbox 1334 374 1424 406; x_wconf 65' lang='lat' dir='ltr'><strong>(luae</strong></span> <span class='ocrx_word' id='word_1_404' title='bbox 1442 363 1566 395; x_wconf 91' lang='lat' dir='ltr'><strong>merita</strong></span> <span class='ocrx_word' id='word_1_405' title='bbox 1586 363 1697 406; x_wconf 89' lang='lat' dir='ltr'><strong>patris</strong></span> <span class='ocrx_word' id='word_1_406' title='bbox 1715 363 1869 401; x_wconf 80' lang='lat' dir='ltr'><strong>adferet,</strong></span> <span class='ocrx_word' id='word_1_407' title='bbox 1898 373 2004 407; x_wconf 89' lang='lat' dir='ltr'><strong>quem</strong></span> <span class='ocrx_word' id='word_1_408' title='bbox 2021 374 2103 402; x_wconf 88' lang='lat' dir='ltr'><strong>vos,</strong></span> <span class='ocrx_word' id='word_1_409' title='bbox 2131 360 2215 406; x_wconf 83' lang='lat' dir='ltr'><strong>quia</strong></span> 
     </span>
     <span class='ocr_line' id='line_1_61' title="bbox 1224 411 2216 457; baseline 0.001 -14"><span class='ocrx_word' id='word_1_410' title='bbox 1224 412 1367 456; x_wconf 85' lang='lat' dir='ltr'><strong>capitali</strong></span> <span class='ocrx_word' id='word_1_411' title='bbox 1402 413 1533 446; x_wconf 89' lang='lat' dir='ltr'><strong>indicio</strong></span> <span class='ocrx_word' id='word_1_412' title='bbox 1564 414 1778 452; x_wconf 83' lang='lat' dir='ltr'><strong>damnastis,</strong></span> <span class='ocrx_word' id='word_1_413' title='bbox 1820 414 2025 457; x_wconf 89' lang='lat' dir='ltr'><strong>improbum</strong></span> <span class='ocrx_word' id='word_1_414' title='bbox 2055 419 2090 446; x_wconf 90' lang='lat' dir='ltr'><strong>et</strong></span> <span class='ocrx_word' id='word_1_415' title='bbox 2123 411 2216 445; x_wconf 86' lang='lat' dir='ltr'><strong>indi-</strong></span> 
     </span>
     <span class='ocr_line' id='line_1_62' title="bbox 1223 461 2215 507; baseline 0 -12"><span class='ocrx_word' id='word_1_416' title='bbox 1223 475 1331 507; x_wconf 85' lang='lat' dir='ltr'><strong>gnum</strong></span> <span class='ocrx_word' id='word_1_417' title='bbox 1359 461 1424 496; x_wconf 85' lang='lat' dir='ltr'><strong>bac</strong></span> <span class='ocrx_word' id='word_1_418' title='bbox 1450 464 1592 497; x_wconf 83' lang='lat' dir='ltr'><strong>civitate</strong></span> <span class='ocrx_word' id='word_1_419' title='bbox 1615 477 1688 498; x_wconf 87' lang='lat' dir='ltr'><strong>esse</strong></span> <span class='ocrx_word' id='word_1_420' title='bbox 1712 464 1910 499; x_wconf 77' lang='lat' dir='ltr'><strong>statuistis?</strong></span> <span class='ocrx_word' id='word_1_421' title='bbox 1963 464 2031 498; x_wconf 89' lang='lat' dir='ltr'><strong>Sed</strong></span> <span class='ocrx_word' id='word_1_422' title='bbox 2053 475 2115 497; x_wconf 85' lang='lat' dir='ltr'><strong>sua</strong></span> <span class='ocrx_word' id='word_1_423' title='bbox 2143 463 2215 496; x_wconf 85' lang='lat' dir='ltr'><strong>vita</strong></span> 
     </span>
     <span class='ocr_line' id='line_1_63' title="bbox 1224 514 2217 560; baseline 0.001 -14"><span class='ocrx_word' id='word_1_424' title='bbox 1224 526 1302 547; x_wconf 83' lang='lat' dir='ltr'><strong>eum</strong></span> <span class='ocrx_word' id='word_1_425' title='bbox 1323 514 1492 555; x_wconf 85' lang='lat' dir='ltr'><strong>tuebitur,</strong></span> <span class='ocrx_word' id='word_1_426' title='bbox 1519 514 1548 548; x_wconf 89' lang='lat' dir='ltr'><strong>si</strong></span> <span class='ocrx_word' id='word_1_427' title='bbox 1563 515 1706 560; x_wconf 87' lang='lat' dir='ltr'><strong>quidem</strong></span> <span class='ocrx_word' id='word_1_428' title='bbox 1723 516 1834 560; x_wconf 84' lang='lat' dir='ltr'><strong>patris</strong></span> <span class='ocrx_word' id='word_1_429' title='bbox 1852 515 2024 549; x_wconf 86' lang='lat' dir='ltr'><strong>memoria</strong></span> <span class='ocrx_word' id='word_1_430' title='bbox 2043 526 2117 548; x_wconf 90' lang='lat' dir='ltr'><strong>non</strong></span> <span class='ocrx_word' id='word_1_431' title='bbox 2134 514 2217 548; x_wconf 78' lang='lat' dir='ltr'><strong>sub-</strong></span> 
     </span>
     <span class='ocr_line' id='line_1_64' title="bbox 1223 564 2215 613; baseline 0.001 -16"><span class='ocrx_word' id='word_1_432' title='bbox 1223 565 1342 603; x_wconf 82' lang='lat' dir='ltr'><strong>levat;</strong></span> <span class='ocrx_word' id='word_1_433' title='bbox 1397 578 1518 599; x_wconf 85' lang='lat' dir='ltr'><strong>verum</strong></span> <span class='ocrx_word' id='word_1_434' title='bbox 1564 564 1650 599; x_wconf 85' lang='lat' dir='ltr'><strong>haec</strong></span> <span class='ocrx_word' id='word_1_435' title='bbox 1685 567 1893 613; x_wconf 80' lang='lat' dir='ltr'><strong>neutiquam</strong></span> <span class='ocrx_word' id='word_1_436' title='bbox 1928 567 2081 600; x_wconf 88' lang='lat' dir='ltr'><strong>secunda</strong></span> <span class='ocrx_word' id='word_1_437' title='bbox 2118 565 2215 598; x_wconf 82' lang='lat' dir='ltr'><strong>fama</strong></span> 
     </span>
     <span class='ocr_line' id='line_1_65' title="bbox 1224 615 2216 662; baseline -0.001 -13"><span class='ocrx_word' id='word_1_438' title='bbox 1224 623 1398 649; x_wconf 83' lang='lat' dir='ltr'><strong>transacta</strong></span> <span class='ocrx_word' id='word_1_439' title='bbox 1417 624 1478 650; x_wconf 87' lang='lat' dir='ltr'><strong>est.</strong></span> <span class='ocrx_word' id='word_1_440' title='bbox 1522 617 1591 650; x_wconf 89' lang='lat' dir='ltr'><strong>Sed</strong></span> <span class='ocrx_word' id='word_1_441' title='bbox 1609 618 1815 652; x_wconf 81' lang='lat' dir='ltr'><strong>collationes</strong></span> <span class='ocrx_word' id='word_1_442' title='bbox 1833 618 2004 662; x_wconf 89' lang='lat' dir='ltr'><strong>pecuniae</strong></span> <span class='ocrx_word' id='word_1_443' title='bbox 2024 615 2216 660; x_wconf 77' lang='lat' dir='ltr'><strong>allegabit?</strong></span> 
     </span>
     <span class='ocr_line' id='line_1_66' title="bbox 1223 667 2215 712; baseline -0.001 -12"><span class='ocrx_word' id='word_1_444' title='bbox 1223 668 1379 711; x_wconf 86' lang='lat' dir='ltr'><strong>patrisne</strong></span> <span class='ocrx_word' id='word_1_445' title='bbox 1389 668 1404 700; x_wconf 61' lang='grc' dir='ltr'><strong>ἰ’</strong></span> <span class='ocrx_word' id='word_1_446' title='bbox 1459 668 1567 702; x_wconf 88' lang='lat' dir='ltr'><strong>Cuius</strong></span> <span class='ocrx_word' id='word_1_447' title='bbox 1583 669 1719 702; x_wconf 88' lang='lat' dir='ltr'><strong>nullum</strong></span> <span class='ocrx_word' id='word_1_448' title='bbox 1738 669 1946 702; x_wconf 83' lang='lat' dir='ltr'><strong>beneficium</strong></span> <span class='ocrx_word' id='word_1_449' title='bbox 1965 669 2002 702; x_wconf 86' lang='lat' dir='ltr'><strong>in</strong></span> <span class='ocrx_word' id='word_1_450' title='bbox 2020 667 2215 712; x_wconf 80' lang='lat' dir='ltr'><strong>rempubli-</strong></span> 
     </span>
     <span class='ocr_line' id='line_1_67' title="bbox 1223 718 2216 764; baseline 0.001 -14"><span class='ocrx_word' id='word_1_451' title='bbox 1223 731 1298 751; x_wconf 82' lang='lat' dir='ltr'><strong>cam</strong></span> <span class='ocrx_word' id='word_1_452' title='bbox 1326 731 1607 752; x_wconf 81' lang='lat' dir='ltr'><strong>connneinorare</strong></span> <span class='ocrx_word' id='word_1_453' title='bbox 1625 726 1753 764; x_wconf 87' lang='lat' dir='ltr'><strong>potest.</strong></span> <span class='ocrx_word' id='word_1_454' title='bbox 1802 720 1859 752; x_wconf 89' lang='lat' dir='ltr'><strong>An</strong></span> <span class='ocrx_word' id='word_1_455' title='bbox 1883 720 1989 754; x_wconf 78' lang='lat' dir='ltr'><strong>suas?</strong></span> <span class='ocrx_word' id='word_1_456' title='bbox 2016 731 2140 752; x_wconf 84' lang='lat' dir='ltr'><strong>verum</strong></span> <span class='ocrx_word' id='word_1_457' title='bbox 2166 718 2216 751; x_wconf 86' lang='lat' dir='ltr'><strong>ibi</strong></span> 
     </span>
     <span class='ocr_line' id='line_1_68' title="bbox 1224 770 2215 810; baseline 0 -8"><span class='ocrx_word' id='word_1_458' title='bbox 1224 782 1296 803; x_wconf 91' lang='lat' dir='ltr'><strong>non</strong></span> <span class='ocrx_word' id='word_1_459' title='bbox 1313 771 1539 810; x_wconf 75' lang='lat' dir='ltr'><strong>collationes,</strong></span> <span class='ocrx_word' id='word_1_460' title='bbox 1565 772 1627 804; x_wconf 89' lang='lat' dir='ltr'><strong>sed</strong></span> <span class='ocrx_word' id='word_1_461' title='bbox 1644 771 1858 810; x_wconf 82' lang='lat' dir='ltr'><strong>delationes,</strong></span> <span class='ocrx_word' id='word_1_462' title='bbox 1886 770 2091 803; x_wconf 84' lang='lat' dir='ltr'><strong>vadimonia</strong></span> <span class='ocrx_word' id='word_1_463' title='bbox 2109 775 2143 803; x_wconf 91' lang='lat' dir='ltr'><strong>et</strong></span> <span class='ocrx_word' id='word_1_464' title='bbox 2159 781 2215 802; x_wconf 87' lang='lat' dir='ltr'><strong>ac-</strong></span> 
     </span>
     <span class='ocr_line' id='line_1_69' title="bbox 1224 819 2218 867; baseline 0 -13"><span class='ocrx_word' id='word_1_465' title='bbox 1224 821 1444 862; x_wconf 82' lang='lat' dir='ltr'><strong>cusationes,</strong></span> <span class='ocrx_word' id='word_1_466' title='bbox 1478 822 1607 867; x_wconf 87' lang='lat' dir='ltr'><strong>quibus</strong></span> <span class='ocrx_word' id='word_1_467' title='bbox 1632 823 1747 855; x_wconf 79' lang='lat' dir='ltr'><strong>vexati</strong></span> <span class='ocrx_word' id='word_1_468' title='bbox 1770 822 1863 855; x_wconf 77' lang='lat' dir='ltr'><strong>clves</strong></span> <span class='ocrx_word' id='word_1_469' title='bbox 1884 828 1986 862; x_wconf 89' lang='lat' dir='ltr'><strong>sunt,</strong></span> <span class='ocrx_word' id='word_1_470' title='bbox 2021 819 2218 866; x_wconf 84' lang='lat' dir='ltr'><strong>reperietis.</strong></span> 
     </span>
     <span class='ocr_line' id='line_1_70' title="bbox 1223 872 2217 919; baseline -0.002 -13"><span class='ocrx_word' id='word_1_471' title='bbox 1223 873 1291 906; x_wconf 90' lang='lat' dir='ltr'><strong>Sed</strong></span> <span class='ocrx_word' id='word_1_472' title='bbox 1306 873 1343 905; x_wconf 87' lang='lat' dir='ltr'><strong>in</strong></span> <span class='ocrx_word' id='word_1_473' title='bbox 1363 880 1597 917; x_wconf 85' lang='lat' dir='ltr'><strong>cognatorum</strong></span> <span class='ocrx_word' id='word_1_474' title='bbox 1620 873 1813 917; x_wconf 82' lang='lat' dir='ltr'><strong>dignitate,</strong></span> <span class='ocrx_word' id='word_1_475' title='bbox 1847 873 1910 919; x_wconf 92' lang='lat' dir='ltr'><strong>qui</strong></span> <span class='ocrx_word' id='word_1_476' title='bbox 1931 885 1998 918; x_wconf 87' lang='lat' dir='ltr'><strong>pro</strong></span> <span class='ocrx_word' id='word_1_477' title='bbox 2024 885 2066 906; x_wconf 90' lang='lat' dir='ltr'><strong>eo</strong></span> <span class='ocrx_word' id='word_1_478' title='bbox 2092 872 2217 916; x_wconf 86' lang='lat' dir='ltr'><strong>depre-</strong></span> 
     </span>
     <span class='ocr_line' id='line_1_71' title="bbox 1224 921 2219 970; baseline -0.001 -14"><span class='ocrx_word' id='word_1_479' title='bbox 1224 929 1369 963; x_wconf 88' lang='lat' dir='ltr'><strong>cantur,</strong></span> <span class='ocrx_word' id='word_1_480' title='bbox 1397 936 1495 968; x_wconf 88' lang='lat' dir='ltr'><strong>spem</strong></span> <span class='ocrx_word' id='word_1_481' title='bbox 1518 924 1675 970; x_wconf 88' lang='lat' dir='ltr'><strong>aliquam</strong></span> <span class='ocrx_word' id='word_1_482' title='bbox 1692 925 1815 958; x_wconf 88' lang='lat' dir='ltr'><strong>salutis</strong></span> <span class='ocrx_word' id='word_1_483' title='bbox 1833 924 1987 968; x_wconf 87' lang='lat' dir='ltr'><strong>positam</strong></span> <span class='ocrx_word' id='word_1_484' title='bbox 2003 921 2121 957; x_wconf 84' lang='lat' dir='ltr'><strong>habet.</strong></span> <span class='ocrx_word' id='word_1_485' title='bbox 2155 921 2219 955; x_wconf 88' lang='lat' dir='ltr'><strong>At-</strong></span> 
     </span>
     <span class='ocr_line' id='line_1_72' title="bbox 1224 973 2220 1021; baseline -0.001 -14"><span class='ocrx_word' id='word_1_486' title='bbox 1224 975 1286 1019; x_wconf 87' lang='lat' dir='ltr'><strong>qui</strong></span> <span class='ocrx_word' id='word_1_487' title='bbox 1302 975 1421 1008; x_wconf 89' lang='lat' dir='ltr'><strong>nullos</strong></span> <span class='ocrx_word' id='word_1_488' title='bbox 1436 987 1596 1021; x_wconf 88' lang='lat' dir='ltr'><strong>unquam</strong></span> <span class='ocrx_word' id='word_1_489' title='bbox 1623 973 1749 1009; x_wconf 86' lang='lat' dir='ltr'><strong>habuit</strong></span> <span class='ocrx_word' id='word_1_490' title='bbox 1772 981 1961 1020; x_wconf 85' lang='lat' dir='ltr'><strong>cognatos,</strong></span> <span class='ocrx_word' id='word_1_491' title='bbox 1995 981 2036 1008; x_wconf 88' lang='lat' dir='ltr'><strong>ut</strong></span> <span class='ocrx_word' id='word_1_492' title='bbox 2058 974 2121 1020; x_wconf 84' lang='lat' dir='ltr'><strong>qui</strong></span> <span class='ocrx_word' id='word_1_493' title='bbox 2143 985 2220 1007; x_wconf 86' lang='lat' dir='ltr'><strong>non</strong></span> 
     </span>
     <span class='ocr_line' id='line_1_73' title="bbox 1223 1024 2219 1070; baseline -0.001 -11"><span class='ocrx_word' id='word_1_494' title='bbox 1223 1026 1268 1059; x_wconf 86' lang='lat' dir='ltr'><strong>sit</strong></span> <span class='ocrx_word' id='word_1_495' title='bbox 1287 1026 1473 1070; x_wconf 86' lang='lat' dir='ltr'><strong>ingenuus.</strong></span> <span class='ocrx_word' id='word_1_496' title='bbox 1525 1026 1635 1060; x_wconf 87' lang='lat' dir='ltr'><strong>Adest</strong></span> <span class='ocrx_word' id='word_1_497' title='bbox 1652 1027 1684 1060; x_wconf 88' lang='lat' dir='ltr'><strong>ei</strong></span> <span class='ocrx_word' id='word_1_498' title='bbox 1700 1033 1821 1060; x_wconf 90' lang='lat' dir='ltr'><strong>tamen</strong></span> <span class='ocrx_word' id='word_1_499' title='bbox 1844 1026 1881 1059; x_wconf 92' lang='lat' dir='ltr'><strong>in</strong></span> <span class='ocrx_word' id='word_1_500' title='bbox 1905 1024 1973 1060; x_wconf 90' lang='lat' dir='ltr'><strong>hoc</strong></span> <span class='ocrx_word' id='word_1_501' title='bbox 1994 1025 2126 1060; x_wconf 87' lang='lat' dir='ltr'><strong>iudicio</strong></span> <span class='ocrx_word' id='word_1_502' title='bbox 2147 1025 2219 1058; x_wconf 80' lang='lat' dir='ltr'><strong>fra-</strong></span> 
     </span>
     <span class='ocr_line' id='line_1_74' title="bbox 1225 1078 2220 1123; baseline -0.001 -13"><span class='ocrx_word' id='word_1_503' title='bbox 1225 1083 1295 1117; x_wconf 90' lang='lat' dir='ltr'><strong>ter,</strong></span> <span class='ocrx_word' id='word_1_504' title='bbox 1324 1089 1342 1110; x_wconf 88' lang='lat' dir='ltr'><strong>a</strong></span> <span class='ocrx_word' id='word_1_505' title='bbox 1360 1090 1431 1123; x_wconf 91' lang='lat' dir='ltr'><strong>quo</strong></span> <span class='ocrx_word' id='word_1_506' title='bbox 1453 1084 1556 1110; x_wconf 85' lang='lat' dir='ltr'><strong>antea</strong></span> <span class='ocrx_word' id='word_1_507' title='bbox 1585 1078 1622 1110; x_wconf 86' lang='lat' dir='ltr'><strong>in</strong></span> <span class='ocrx_word' id='word_1_508' title='bbox 1646 1079 1802 1123; x_wconf 84' lang='lat' dir='ltr'><strong>quodam</strong></span> <span class='ocrx_word' id='word_1_509' title='bbox 1828 1078 1960 1111; x_wconf 90' lang='lat' dir='ltr'><strong>iudicio</strong></span> <span class='ocrx_word' id='word_1_510' title='bbox 1984 1083 2128 1111; x_wconf 86' lang='lat' dir='ltr'><strong>vexatus</strong></span> <span class='ocrx_word' id='word_1_511' title='bbox 2155 1081 2220 1116; x_wconf 84' lang='lat' dir='ltr'><strong>est,</strong></span> 
     </span>
     <span class='ocr_line' id='line_1_75' title="bbox 1224 1129 2220 1175; baseline -0.001 -14"><span class='ocrx_word' id='word_1_512' title='bbox 1224 1129 1267 1161; x_wconf 85' lang='lat' dir='ltr'><strong>de</strong></span> <span class='ocrx_word' id='word_1_513' title='bbox 1284 1140 1355 1173; x_wconf 92' lang='lat' dir='ltr'><strong>quo</strong></span> <span class='ocrx_word' id='word_1_514' title='bbox 1374 1129 1459 1174; x_wconf 87' lang='lat' dir='ltr'><strong>quid</strong></span> <span class='ocrx_word' id='word_1_515' title='bbox 1477 1129 1573 1162; x_wconf 86' lang='lat' dir='ltr'><strong>aliud</strong></span> <span class='ocrx_word' id='word_1_516' title='bbox 1591 1129 1706 1162; x_wconf 81' lang='lat' dir='ltr'><strong>dicam</strong></span> <span class='ocrx_word' id='word_1_517' title='bbox 1724 1142 1832 1175; x_wconf 87' lang='lat' dir='ltr'><strong>quarn</strong></span> <span class='ocrx_word' id='word_1_518' title='bbox 1847 1130 1993 1162; x_wconf 86' lang='lat' dir='ltr'><strong>fratrem</strong></span> <span class='ocrx_word' id='word_1_519' title='bbox 2015 1140 2087 1163; x_wconf 87' lang='lat' dir='ltr'><strong>esse</strong></span> <span class='ocrx_word' id='word_1_520' title='bbox 2099 1154 2109 1168; x_wconf 95' lang='lat'>‚</span> <span class='ocrx_word' id='word_1_521' title='bbox 2143 1139 2220 1160; x_wconf 85' lang='lat' dir='ltr'><strong>non</strong></span> 
     </span>
     <span class='ocr_line' id='line_1_76' title="bbox 1225 1178 2220 1225; baseline -0.001 -13"><span class='ocrx_word' id='word_1_522' title='bbox 1225 1181 1333 1212; x_wconf 89' lang='lat' dir='ltr'><strong>modo</strong></span> <span class='ocrx_word' id='word_1_523' title='bbox 1350 1192 1582 1224; x_wconf 87' lang='lat' dir='ltr'><strong>germanum,</strong></span> <span class='ocrx_word' id='word_1_524' title='bbox 1609 1181 1670 1214; x_wconf 89' lang='lat' dir='ltr'><strong>sed</strong></span> <span class='ocrx_word' id='word_1_525' title='bbox 1693 1181 1798 1214; x_wconf 88' lang='lat' dir='ltr'><strong>etiam</strong></span> <span class='ocrx_word' id='word_1_526' title='bbox 1824 1180 2030 1225; x_wconf 56' lang='lat' dir='ltr'><strong>genuinum,</strong></span> <span class='ocrx_word' id='word_1_527' title='bbox 2091 1178 2157 1212; x_wconf 86' lang='lat' dir='ltr'><strong>Hic</strong></span> <span class='ocrx_word' id='word_1_528' title='bbox 2179 1184 2220 1212; x_wconf 89' lang='lat' dir='ltr'><strong>ut</strong></span> 
     </span>
     <span class='ocr_line' id='line_1_77' title="bbox 1225 1230 2220 1275; baseline -0.001 -12"><span class='ocrx_word' id='word_1_529' title='bbox 1225 1237 1361 1264; x_wconf 90' lang='lat' dir='ltr'><strong>caetera</strong></span> <span class='ocrx_word' id='word_1_530' title='bbox 1380 1231 1683 1275; x_wconf 85' lang='lat' dir='ltr'><strong>praetermittam,</strong></span> <span class='ocrx_word' id='word_1_531' title='bbox 1708 1245 1787 1265; x_wconf 91' lang='lat' dir='ltr'><strong>cum</strong></span> <span class='ocrx_word' id='word_1_532' title='bbox 1806 1231 2020 1265; x_wconf 88' lang='lat' dir='ltr'><strong>occidissetis</strong></span> <span class='ocrx_word' id='word_1_533' title='bbox 2038 1230 2220 1264; x_wconf 85' lang='lat' dir='ltr'><strong>scelestam</strong></span> 
     </span>
     <span class='ocr_line' id='line_1_78' title="bbox 1225 1281 2219 1326; baseline -0.001 -12"><span class='ocrx_word' id='word_1_534' title='bbox 1225 1282 1321 1314; x_wconf 89' lang='lat' dir='ltr'><strong>illam</strong></span> <span class='ocrx_word' id='word_1_535' title='bbox 1346 1283 1537 1315; x_wconf 75' lang='lat' dir='ltr'><strong>veneficam</strong></span> <span class='ocrx_word' id='word_1_536' title='bbox 1565 1281 1753 1315; x_wconf 85' lang='lat' dir='ltr'><strong>Lemniam</strong></span> <span class='ocrx_word' id='word_1_537' title='bbox 1770 1282 1837 1326; x_wconf 67' lang='lat'><strong>8⁸³),</strong></span> <span class='ocrx_word' id='word_1_538' title='bbox 1879 1283 1964 1316; x_wconf 89' lang='lat' dir='ltr'><strong>emit</strong></span> <span class='ocrx_word' id='word_1_539' title='bbox 1995 1293 2150 1321; x_wconf 80' lang='lat' dir='ltr'><strong>venena,</strong></span> <span class='ocrx_word' id='word_1_540' title='bbox 2185 1285 2219 1313; x_wconf 87' lang='lat' dir='ltr'><strong>et</strong></span> 
     </span>
     <span class='ocr_line' id='line_1_79' title="bbox 1225 1330 2219 1379; baseline -0.002 -14"><span class='ocrx_word' id='word_1_541' title='bbox 1225 1332 1563 1378; x_wconf 57' lang='lat' dir='ltr'><strong>incantationesffia)</strong></span> <span class='ocrx_word' id='word_1_542' title='bbox 1590 1334 1634 1365; x_wconf 89' lang='lat' dir='ltr'><strong>ab</strong></span> <span class='ocrx_word' id='word_1_543' title='bbox 1661 1333 1754 1367; x_wconf 84' lang='lat' dir='ltr'><strong>illius</strong></span> <span class='ocrx_word' id='word_1_544' title='bbox 1781 1333 1928 1373; x_wconf 85' lang='lat' dir='ltr'><strong>ancilla,</strong></span> <span class='ocrx_word' id='word_1_545' title='bbox 1968 1344 2059 1379; x_wconf 86' lang='lat' dir='ltr'><strong>quae</strong></span> <span class='ocrx_word' id='word_1_546' title='bbox 2085 1333 2128 1365; x_wconf 90' lang='lat' dir='ltr'><strong>de</strong></span> <span class='ocrx_word' id='word_1_547' title='bbox 2153 1330 2219 1364; x_wconf 90' lang='lat' dir='ltr'><strong>mi-</strong></span> 
     </span>
     <span class='ocr_line' id='line_1_80' title="bbox 1224 1382 2219 1429; baseline -0.002 -13"><span class='ocrx_word' id='word_1_548' title='bbox 1224 1396 1302 1417; x_wconf 85' lang='lat' dir='ltr'><strong>sera</strong></span> <span class='ocrx_word' id='word_1_549' title='bbox 1324 1384 1469 1416; x_wconf 89' lang='lat' dir='ltr'><strong>domina</strong></span> <span class='ocrx_word' id='word_1_550' title='bbox 1498 1383 1670 1417; x_wconf 88' lang='lat' dir='ltr'><strong>indicium</strong></span> <span class='ocrx_word' id='word_1_551' title='bbox 1693 1386 1843 1424; x_wconf 86' lang='lat' dir='ltr'><strong>fecerat,</strong></span> <span class='ocrx_word' id='word_1_552' title='bbox 1879 1395 2029 1429; x_wconf 89' lang='lat' dir='ltr'><strong>eamque</strong></span> <span class='ocrx_word' id='word_1_553' title='bbox 2053 1382 2219 1427; x_wconf 69' lang='lat' dir='ltr'><strong>prodide-</strong></span> 
     </span>
     <span class='ocr_line' id='line_1_81' title="bbox 1225 1433 2219 1480; baseline -0.002 -13"><span class='ocrx_word' id='word_1_554' title='bbox 1225 1441 1299 1475; x_wconf 86' lang='lat' dir='ltr'><strong>rat,</strong></span> <span class='ocrx_word' id='word_1_555' title='bbox 1327 1447 1368 1468; x_wconf 82' lang='lat' dir='ltr'><strong>ex</strong></span> <span class='ocrx_word' id='word_1_556' title='bbox 1385 1447 1453 1480; x_wconf 88' lang='lat' dir='ltr'><strong>qua</strong></span> <span class='ocrx_word' id='word_1_557' title='bbox 1471 1435 1602 1468; x_wconf 86' lang='lat' dir='ltr'><strong>liberos</strong></span> <span class='ocrx_word' id='word_1_558' title='bbox 1618 1435 1689 1477; x_wconf 83' lang='lat' dir='ltr'><strong>¹iste</strong></span> <span class='ocrx_word' id='word_1_559' title='bbox 1710 1435 1874 1479; x_wconf 84' lang='lat' dir='ltr'><strong>suscepit.</strong></span> <span class='ocrx_word' id='word_1_560' title='bbox 1935 1435 2038 1469; x_wconf 89' lang='lat' dir='ltr'><strong>Nunc</strong></span> <span class='ocrx_word' id='word_1_561' title='bbox 2059 1433 2219 1466; x_wconf 84' lang='lat' dir='ltr'><strong>incanta-</strong></span> 
     </span>
     <span class='ocr_line' id='line_1_82' title="bbox 1226 1485 2219 1535; baseline -0.001 -18"><span class='ocrx_word' id='word_1_562' title='bbox 1226 1486 1339 1519; x_wconf 83' lang='lat' dir='ltr'><strong>tiones</strong></span> <span class='ocrx_word' id='word_1_563' title='bbox 1357 1494 1391 1519; x_wconf 88' lang='lat' dir='ltr'><strong>et</strong></span> <span class='ocrx_word' id='word_1_564' title='bbox 1405 1486 1594 1535; x_wconf 84' lang='lat' dir='ltr'><strong>praestigia</strong></span> <span class='ocrx_word' id='word_1_565' title='bbox 1614 1487 1659 1518; x_wconf 87' lang='lat' dir='ltr'><strong>ad</strong></span> <span class='ocrx_word' id='word_1_566' title='bbox 1678 1493 1863 1532; x_wconf 89' lang='lat' dir='ltr'><strong>quaestum</strong></span> <span class='ocrx_word' id='word_1_567' title='bbox 1886 1485 2055 1525; x_wconf 90' lang='lat' dir='ltr'><strong>contulit,</strong></span> <span class='ocrx_word' id='word_1_568' title='bbox 2083 1490 2117 1517; x_wconf 88' lang='lat' dir='ltr'><strong>et</strong></span> <span class='ocrx_word' id='word_1_569' title='bbox 2135 1495 2219 1529; x_wconf 87' lang='lat' dir='ltr'><strong>pro-</strong></span> 
     </span>
     <span class='ocr_line' id='line_1_83' title="bbox 1225 1534 2219 1583; baseline -0.002 -14"><span class='ocrx_word' id='word_1_570' title='bbox 1225 1538 1344 1570; x_wconf 86' lang='lat' dir='ltr'><strong>fitetur</strong></span> <span class='ocrx_word' id='word_1_571' title='bbox 1369 1549 1404 1571; x_wconf 88' lang='lat' dir='ltr'><strong>se</strong></span> <span class='ocrx_word' id='word_1_572' title='bbox 1429 1537 1605 1570; x_wconf 89' lang='lat' dir='ltr'><strong>medicum</strong></span> <span class='ocrx_word' id='word_1_573' title='bbox 1631 1549 1775 1578; x_wconf 87' lang='lat' dir='ltr'><strong>eorum,</strong></span> <span class='ocrx_word' id='word_1_574' title='bbox 1812 1537 1874 1583; x_wconf 89' lang='lat' dir='ltr'><strong>qui</strong></span> <span class='ocrx_word' id='word_1_575' title='bbox 1896 1536 2068 1570; x_wconf 88' lang='lat' dir='ltr'><strong>comitiali</strong></span> <span class='ocrx_word' id='word_1_576' title='bbox 2091 1534 2219 1568; x_wconf 89' lang='lat' dir='ltr'><strong>morbo</strong></span> 
     </span>
     <span class='ocr_line' id='line_1_84' title="bbox 1226 1586 2220 1633; baseline -0.002 -13"><span class='ocrx_word' id='word_1_577' title='bbox 1226 1589 1414 1628; x_wconf 87' lang='lat' dir='ltr'><strong>laborant,</strong></span> <span class='ocrx_word' id='word_1_578' title='bbox 1443 1589 1622 1633; x_wconf 67' lang='lat' dir='ltr'><strong>cum3ipse</strong></span> <span class='ocrx_word' id='word_1_579' title='bbox 1648 1589 1696 1623; x_wconf 93' lang='lat' dir='ltr'><strong>sic</strong></span> <span class='ocrx_word' id='word_1_580' title='bbox 1723 1589 1888 1622; x_wconf 82' lang='lat' dir='ltr'><strong>omnibus</strong></span> <span class='ocrx_word' id='word_1_581' title='bbox 1912 1589 2023 1621; x_wconf 87' lang='lat' dir='ltr'><strong>animi</strong></span> <span class='ocrx_word' id='word_1_582' title='bbox 2047 1586 2142 1620; x_wconf 89' lang='lat' dir='ltr'><strong>vitiis</strong></span> <span class='ocrx_word' id='word_1_583' title='bbox 2169 1586 2220 1618; x_wconf 82' lang='lat' dir='ltr'><strong>la-</strong></span> 
     </span>
     <span class='ocr_line' id='line_1_85' title="bbox 1225 1637 2220 1685; baseline -0.003 -13"><span class='ocrx_word' id='word_1_584' title='bbox 1225 1640 1339 1672; x_wconf 88' lang='lat' dir='ltr'><strong>boret.</strong></span> <span class='ocrx_word' id='word_1_585' title='bbox 1406 1639 1566 1673; x_wconf 90' lang='lat' dir='ltr'><strong>Huiusne</strong></span> <span class='ocrx_word' id='word_1_586' title='bbox 1599 1640 1745 1673; x_wconf 76' lang='lat' dir='ltr'><strong>venefici</strong></span> <span class='ocrx_word' id='word_1_587' title='bbox 1771 1653 1893 1685; x_wconf 91' lang='lat' dir='ltr'><strong>preces</strong></span> <span class='ocrx_word' id='word_1_588' title='bbox 1917 1641 2013 1684; x_wconf 91' lang='lat' dir='ltr'><strong>apud</strong></span> <span class='ocrx_word' id='word_1_589' title='bbox 2038 1650 2100 1672; x_wconf 82' lang='lat' dir='ltr'><strong>vos</strong></span> <span class='ocrx_word' id='word_1_590' title='bbox 2126 1637 2220 1670; x_wconf 88' lang='lat' dir='ltr'><strong>vale-</strong></span> 
     </span>
     <span class='ocr_line' id='line_1_86' title="bbox 1226 1688 2220 1737; baseline -0.002 -14"><span class='ocrx_word' id='word_1_591' title='bbox 1226 1690 1338 1724; x_wconf 76' lang='lat' dir='ltr'><strong>bunt?</strong></span> <span class='ocrx_word' id='word_1_592' title='bbox 1386 1703 1490 1737; x_wconf 89' lang='lat' dir='ltr'><strong>quem</strong></span> <span class='ocrx_word' id='word_1_593' title='bbox 1522 1691 1551 1725; x_wconf 86' lang='lat' dir='ltr'><strong>si</strong></span> <span class='ocrx_word' id='word_1_594' title='bbox 1583 1692 1661 1737; x_wconf 88' lang='lat' dir='ltr'><strong>quis</strong></span> <span class='ocrx_word' id='word_1_595' title='bbox 1692 1692 1831 1732; x_wconf 76' lang='lat' dir='ltr'><strong>videat,</strong></span> <span class='ocrx_word' id='word_1_596' title='bbox 1881 1698 2053 1737; x_wconf 84' lang='lat' dir='ltr'><strong>tanquam</strong></span> <span class='ocrx_word' id='word_1_597' title='bbox 2085 1688 2220 1722; x_wconf 79' lang='lat' dir='ltr'><strong>malum</strong></span> 
     </span>
     <span class='ocr_line' id='line_1_87' title="bbox 1227 1740 2223 1788; baseline -0.003 -13"><span class='ocrx_word' id='word_1_598' title='bbox 1227 1754 1331 1775; x_wconf 85' lang='lat' dir='ltr'><strong>omen</strong></span> <span class='ocrx_word' id='word_1_599' title='bbox 1349 1750 1549 1782; x_wconf 84' lang='lat' dir='ltr'><strong>aversetur,</strong></span> <span class='ocrx_word' id='word_1_600' title='bbox 1578 1743 1696 1787; x_wconf 91' lang='lat' dir='ltr'><strong>potius</strong></span> <span class='ocrx_word' id='word_1_601' title='bbox 1711 1755 1816 1788; x_wconf 87' lang='lat' dir='ltr'><strong>quam</strong></span> <span class='ocrx_word' id='word_1_602' title='bbox 1836 1743 2062 1777; x_wconf 85' lang='lat' dir='ltr'><strong>salutandum</strong></span> <span class='ocrx_word' id='word_1_603' title='bbox 2079 1740 2223 1779; x_wconf 87' lang='lat' dir='ltr'><strong>iudicet,</strong></span> 
     </span>
     <span class='ocr_line' id='line_1_88' title="bbox 1228 1790 2220 1839; baseline -0.005 -12"><span class='ocrx_word' id='word_1_604' title='bbox 1228 1795 1288 1839; x_wconf 90' lang='lat' dir='ltr'><strong>qui</strong></span> <span class='ocrx_word' id='word_1_605' title='bbox 1320 1794 1357 1826; x_wconf 85' lang='lat' dir='ltr'><strong>in</strong></span> <span class='ocrx_word' id='word_1_606' title='bbox 1381 1806 1416 1828; x_wconf 90' lang='lat' dir='ltr'><strong>se</strong></span> <span class='ocrx_word' id='word_1_607' title='bbox 1442 1795 1516 1838; x_wconf 91' lang='lat' dir='ltr'><strong>ipse</strong></span> <span class='ocrx_word' id='word_1_608' title='bbox 1543 1795 1728 1838; x_wconf 86' lang='lat' dir='ltr'><strong>capitalem</strong></span> <span class='ocrx_word' id='word_1_609' title='bbox 1756 1807 1910 1839; x_wconf 88' lang='lat' dir='ltr'><strong>poenam</strong></span> <span class='ocrx_word' id='word_1_610' title='bbox 1935 1794 1972 1826; x_wconf 91' lang='lat' dir='ltr'><strong>in</strong></span> <span class='ocrx_word' id='word_1_611' title='bbox 1997 1793 2059 1825; x_wconf 89' lang='lat' dir='ltr'><strong>illo</strong></span> <span class='ocrx_word' id='word_1_612' title='bbox 2088 1790 2220 1824; x_wconf 90' lang='lat' dir='ltr'><strong>iudicio</strong></span> 
     </span>
     <span class='ocr_line' id='line_1_89' title="bbox 1227 1840 2220 1886; baseline -0.004 -8"><span class='ocrx_word' id='word_1_613' title='bbox 1227 1846 1429 1885; x_wconf 89' lang='lat' dir='ltr'><strong>constituit,</strong></span> <span class='ocrx_word' id='word_1_614' title='bbox 1457 1858 1535 1879; x_wconf 90' lang='lat' dir='ltr'><strong>cum</strong></span> <span class='ocrx_word' id='word_1_615' title='bbox 1554 1846 1700 1878; x_wconf 77' lang='lat' dir='ltr'><strong>fratrem</strong></span> <span class='ocrx_word' id='word_1_616' title='bbox 1722 1852 1911 1880; x_wconf 84' lang='lat' dir='ltr'><strong>accusaret.</strong></span> <span class='ocrx_word' id='word_1_617' title='bbox 1964 1840 2220 1886; x_wconf 60' lang='lat' dir='ltr'><strong>Postremoffl’),</strong></span> 
     </span>
     <span class='ocr_line' id='line_1_90' title="bbox 1227 1893 2220 1942; baseline -0.002 -13"><span class='ocrx_word' id='word_1_618' title='bbox 1227 1909 1318 1942; x_wconf 89' lang='lat' dir='ltr'><strong>quae</strong></span> <span class='ocrx_word' id='word_1_619' title='bbox 1342 1897 1489 1942; x_wconf 88' lang='lat' dir='ltr'><strong>reliquis</strong></span> <span class='ocrx_word' id='word_1_620' title='bbox 1521 1897 1687 1931; x_wconf 87' lang='lat' dir='ltr'><strong>omnibus</strong></span> <span class='ocrx_word' id='word_1_621' title='bbox 1720 1898 1762 1930; x_wconf 87' lang='lat' dir='ltr'><strong>de</strong></span> <span class='ocrx_word' id='word_1_622' title='bbox 1796 1898 1909 1942; x_wconf 89' lang='lat' dir='ltr'><strong>capite</strong></span> <span class='ocrx_word' id='word_1_623' title='bbox 1938 1893 2220 1941; x_wconf 84' lang='lat' dir='ltr'><strong>periclitantibus</strong></span> 
     </span>
     <span class='ocr_line' id='line_1_91' title="bbox 1227 1947 2220 1992; baseline -0.003 -12"><span class='ocrx_word' id='word_1_624' title='bbox 1227 1960 1325 1992; x_wconf 88' lang='lat' dir='ltr'><strong>spem</strong></span> <span class='ocrx_word' id='word_1_625' title='bbox 1344 1951 1497 1989; x_wconf 84' lang='lat' dir='ltr'><strong>faciunt,</strong></span> <span class='ocrx_word' id='word_1_626' title='bbox 1525 1961 1598 1982; x_wconf 90' lang='lat' dir='ltr'><strong>non</strong></span> <span class='ocrx_word' id='word_1_627' title='bbox 1615 1960 1632 1981; x_wconf 88' lang='lat' dir='ltr'><strong>a</strong></span> <span class='ocrx_word' id='word_1_628' title='bbox 1658 1961 1739 1988; x_wconf 86' lang='lat' dir='ltr'><strong>reo,</strong></span> <span class='ocrx_word' id='word_1_629' title='bbox 1776 1950 1836 1982; x_wconf 91' lang='lat' dir='ltr'><strong>sed</strong></span> <span class='ocrx_word' id='word_1_630' title='bbox 1863 1961 1881 1981; x_wconf 89' lang='lat' dir='ltr'><strong>a</strong></span> <span class='ocrx_word' id='word_1_631' title='bbox 1906 1947 2062 1980; x_wconf 87' lang='lat' dir='ltr'><strong>iudicum</strong></span> <span class='ocrx_word' id='word_1_632' title='bbox 2089 1951 2220 1978; x_wconf 80' lang='lat' dir='ltr'><strong>natura</strong></span> 
     </span>
     <span class='ocr_line' id='line_1_92' title="bbox 1228 1993 2222 2040; baseline -0.003 -9"><span class='ocrx_word' id='word_1_633' title='bbox 1228 2001 1336 2034; x_wconf 90' lang='lat' dir='ltr'><strong>domo</strong></span> <span class='ocrx_word' id='word_1_634' title='bbox 1358 2002 1395 2034; x_wconf 89' lang='lat' dir='ltr'><strong>iu</strong></span> <span class='ocrx_word' id='word_1_635' title='bbox 1417 2002 1534 2034; x_wconf 87' lang='lat' dir='ltr'><strong>sorum</strong></span> <span class='ocrx_word' id='word_1_636' title='bbox 1560 2000 1684 2040; x_wconf 88' lang='lat' dir='ltr'><strong>allata,</strong></span> <span class='ocrx_word' id='word_1_637' title='bbox 1712 1999 1975 2039; x_wconf 85' lang='lat' dir='ltr'><strong>misericordia,</strong></span> <span class='ocrx_word' id='word_1_638' title='bbox 2004 1997 2127 2037; x_wconf 75' lang='lat' dir='ltr'><strong>venia,</strong></span> <span class='ocrx_word' id='word_1_639' title='bbox 2155 1993 2222 2029; x_wconf 86' lang='lat' dir='ltr'><strong>hu-</strong></span> 
     </span>
     <span class='ocr_line' id='line_1_93' title="bbox 1229 2051 2221 2094; baseline -0.004 -11"><span class='ocrx_word' id='word_1_640' title='bbox 1229 2053 1400 2093; x_wconf 83' lang='lat' dir='ltr'><strong>manitas,</strong></span> <span class='ocrx_word' id='word_1_641' title='bbox 1440 2051 1526 2086; x_wconf 84' lang='lat' dir='ltr'><strong>baec</strong></span> <span class='ocrx_word' id='word_1_642' title='bbox 1557 2051 1654 2085; x_wconf 90' lang='lat' dir='ltr'><strong>nullo</strong></span> <span class='ocrx_word' id='word_1_643' title='bbox 1685 2052 1792 2084; x_wconf 91' lang='lat' dir='ltr'><strong>modo</strong></span> <span class='ocrx_word' id='word_1_644' title='bbox 1825 2052 1877 2084; x_wconf 86' lang='lat' dir='ltr'><strong>fas</strong></span> <span class='ocrx_word' id='word_1_645' title='bbox 1903 2057 1954 2084; x_wconf 89' lang='lat' dir='ltr'><strong>est</strong></span> <span class='ocrx_word' id='word_1_646' title='bbox 1981 2056 2042 2083; x_wconf 88' lang='lat' dir='ltr'><strong>aut</strong></span> <span class='ocrx_word' id='word_1_647' title='bbox 2067 2059 2221 2094; x_wconf 90' lang='lat' dir='ltr'><strong>aequum</strong></span> 
     </span>
     <span class='ocr_line' id='line_1_94' title="bbox 1228 2100 2220 2150; baseline -0.006 -15"><span class='ocrx_word' id='word_1_648' title='bbox 1228 2103 1462 2150; x_wconf 81' lang='lat' dir='ltr'><strong>Aristogitoni</strong></span> <span class='ocrx_word' id='word_1_649' title='bbox 1489 2104 1675 2148; x_wconf 81' lang='lat' dir='ltr'><strong>prodesse,</strong></span> <span class='ocrx_word' id='word_1_650' title='bbox 1712 2102 1814 2148; x_wconf 91' lang='lat' dir='ltr'><strong>quia,</strong></span> <span class='ocrx_word' id='word_1_651' title='bbox 1851 2102 1947 2147; x_wconf 86' lang='lat' dir='ltr'><strong>quali</strong></span> <span class='ocrx_word' id='word_1_652' title='bbox 1965 2100 2114 2148; x_wconf 89' lang='lat' dir='ltr'><strong>quisque</strong></span> <span class='ocrx_word' id='word_1_653' title='bbox 2137 2109 2220 2142; x_wconf 85' lang='lat' dir='ltr'><strong>erga</strong></span> 
     </span>
     <span class='ocr_line' id='line_1_95' title="bbox 1230 2150 2220 2196; baseline -0.006 -8"><span class='ocrx_word' id='word_1_654' title='bbox 1230 2157 1318 2190; x_wconf 87' lang='lat' dir='ltr'><strong>alios</strong></span> <span class='ocrx_word' id='word_1_655' title='bbox 1341 2157 1462 2189; x_wconf 89' lang='lat' dir='ltr'><strong>animo</strong></span> <span class='ocrx_word' id='word_1_656' title='bbox 1489 2161 1557 2195; x_wconf 85' lang='lat' dir='ltr'><strong>est,</strong></span> <span class='ocrx_word' id='word_1_657' title='bbox 1592 2154 1653 2186; x_wconf 90' lang='lat' dir='ltr'><strong>tali</strong></span> <span class='ocrx_word' id='word_1_658' title='bbox 1677 2154 1796 2186; x_wconf 86' lang='lat' dir='ltr'><strong>animo</strong></span> <span class='ocrx_word' id='word_1_659' title='bbox 1821 2153 1974 2187; x_wconf 70' lang='lat' dir='ltr'><strong>vicissim</strong></span> <span class='ocrx_word' id='word_1_660' title='bbox 1998 2163 2079 2196; x_wconf 86' lang='lat' dir='ltr'><strong>erga</strong></span> <span class='ocrx_word' id='word_1_661' title='bbox 2103 2150 2220 2195; x_wconf 88' lang='lat' dir='ltr'><strong>ipsurn</strong></span> 
     </span>
     <span class='ocr_line' id='line_1_96' title="bbox 1230 2203 2223 2253; baseline -0.008 -12"><span class='ocrx_word' id='word_1_662' title='bbox 1230 2220 1382 2253; x_wconf 83' lang='lat' dir='ltr'><strong>acquum</strong></span> <span class='ocrx_word' id='word_1_663' title='bbox 1402 2213 1452 2241; x_wconf 86' lang='lat' dir='ltr'><strong>est</strong></span> <span class='ocrx_word' id='word_1_664' title='bbox 1468 2206 1546 2239; x_wconf 91' lang='lat' dir='ltr'><strong>illos</strong></span> <span class='ocrx_word' id='word_1_665' title='bbox 1563 2217 1646 2239; x_wconf 87' lang='lat' dir='ltr'><strong>esse.</strong></span> <span class='ocrx_word' id='word_1_666' title='bbox 1700 2205 1893 2250; x_wconf 81' lang='lat' dir='ltr'><strong>Quomodo</strong></span> <span class='ocrx_word' id='word_1_667' title='bbox 1919 2210 2037 2238; x_wconf 88' lang='lat' dir='ltr'><strong>autem</strong></span> <span class='ocrx_word' id='word_1_668' title='bbox 2064 2203 2223 2235; x_wconf 79' lang='lat' dir='ltr'><strong>adfectus</strong></span> 
     </span>
     <span class='ocr_line' id='line_1_97' title="bbox 1231 2251 2221 2302; baseline -0.009 -9"><span class='ocrx_word' id='word_1_669' title='bbox 1231 2266 1281 2293; x_wconf 85' lang='lat' dir='ltr'><strong>est</strong></span> <span class='ocrx_word' id='word_1_670' title='bbox 1294 2259 1515 2302; x_wconf 85' lang='lat' dir='ltr'><strong>Aristogiton</strong></span> <span class='ocrx_word' id='word_1_671' title='bbox 1533 2269 1614 2300; x_wconf 88' lang='lat' dir='ltr'><strong>erga</strong></span> <span class='ocrx_word' id='word_1_672' title='bbox 1635 2268 1757 2290; x_wconf 86' lang='lat' dir='ltr'><strong>omnes</strong></span> <span class='ocrx_word' id='word_1_673' title='bbox 1767 2256 1838 2302; x_wconf 75' lang='lat'>⁹⁰)?</span> <span class='ocrx_word' id='word_1_674' title='bbox 1889 2254 2037 2289; x_wconf 87' lang='lat' dir='ltr'><strong>Iuvatne</strong></span> <span class='ocrx_word' id='word_1_675' title='bbox 2064 2265 2145 2287; x_wconf 89' lang='lat' dir='ltr'><strong>eum</strong></span> <span class='ocrx_word' id='word_1_676' title='bbox 2168 2251 2221 2284; x_wconf 86' lang='lat' dir='ltr'><strong>vi-</strong></span> 
     </span>
     <span class='ocr_line' id='line_1_98' title="bbox 1230 2305 2221 2351; baseline -0.008 -8"><span class='ocrx_word' id='word_1_677' title='bbox 1230 2312 1313 2344; x_wconf 88' lang='lat' dir='ltr'><strong>dere</strong></span> <span class='ocrx_word' id='word_1_678' title='bbox 1330 2311 1418 2344; x_wconf 88' lang='lat' dir='ltr'><strong>alios</strong></span> <span class='ocrx_word' id='word_1_679' title='bbox 1436 2309 1601 2342; x_wconf 86' lang='lat' dir='ltr'><strong>florentes</strong></span> <span class='ocrx_word' id='word_1_680' title='bbox 1618 2307 1743 2351; x_wconf 88' lang='lat' dir='ltr'><strong>opibus</strong></span> <span class='ocrx_word' id='word_1_681' title='bbox 1761 2320 1801 2340; x_wconf 88' lang='lat' dir='ltr'><strong>ac</strong></span> <span class='ocrx_word' id='word_1_682' title='bbox 1817 2305 2014 2351; x_wconf 77' lang='lat' dir='ltr'><strong>dignitate?</strong></span> <span class='ocrx_word' id='word_1_683' title='bbox 2048 2311 2108 2339; x_wconf 87' lang='lat' dir='ltr'><strong>aut</strong></span> <span class='ocrx_word' id='word_1_684' title='bbox 2128 2314 2221 2350; x_wconf 86' lang='lat' dir='ltr'><strong>quae</strong></span> 
     </span>
     <span class='ocr_line' id='line_1_99' title="bbox 1232 2356 2222 2400; baseline -0.006 -6"><span class='ocrx_word' id='word_1_685' title='bbox 1232 2362 1345 2395; x_wconf 80' lang='lat' dir='ltr'><strong>officia</strong></span> <span class='ocrx_word' id='word_1_686' title='bbox 1378 2361 1454 2394; x_wconf 87' lang='lat' dir='ltr'><strong>aliis</strong></span> <span class='ocrx_word' id='word_1_687' title='bbox 1487 2359 1746 2400; x_wconf 85' lang='lat' dir='ltr'><strong>communicat,</strong></span> <span class='ocrx_word' id='word_1_688' title='bbox 1788 2365 1835 2399; x_wconf 66' lang='lat' dir='ltr'><strong>ut‚-</strong></span> <span class='ocrx_word' id='word_1_689' title='bbox 1860 2358 1973 2391; x_wconf 77' lang='lat' dir='ltr'><strong>videri</strong></span> <span class='ocrx_word' id='word_1_690' title='bbox 1998 2357 2069 2390; x_wconf 81' lang='lat' dir='ltr'><strong>vita</strong></span> <span class='ocrx_word' id='word_1_691' title='bbox 2094 2356 2222 2400; x_wconf 87' lang='lat' dir='ltr'><strong>dignus</strong></span> 
     </span>
     <span class='ocr_line' id='line_1_100' title="bbox 1232 2409 2223 2458; baseline -0.006 -13"><span class='ocrx_word' id='word_1_692' title='bbox 1232 2414 1360 2458; x_wconf 90' lang='lat' dir='ltr'><strong>possit,</strong></span> <span class='ocrx_word' id='word_1_693' title='bbox 1389 2425 1467 2446; x_wconf 88' lang='lat' dir='ltr'><strong>cum</strong></span> <span class='ocrx_word' id='word_1_694' title='bbox 1485 2424 1526 2444; x_wconf 79' lang='lat' dir='ltr'><strong>ex</strong></span> <span class='ocrx_word' id='word_1_695' title='bbox 1543 2411 1694 2444; x_wconf 89' lang='lat' dir='ltr'><strong>aliorum</strong></span> <span class='ocrx_word' id='word_1_696' title='bbox 1710 2410 1811 2444; x_wconf 87' lang='lat' dir='ltr'><strong>malis</strong></span> <span class='ocrx_word' id='word_1_697' title='bbox 1827 2409 1936 2442; x_wconf 77' lang='lat' dir='ltr'><strong>vitam</strong></span> <span class='ocrx_word' id='word_1_698' title='bbox 1964 2421 2063 2443; x_wconf 86' lang='lat' dir='ltr'><strong>suam</strong></span> <span class='ocrx_word' id='word_1_699' title='bbox 2087 2413 2223 2441; x_wconf 85' lang='lat' dir='ltr'><strong>susten-</strong></span> 
     </span>
    </p>
   </div>
   <div class='ocr_carea' id='block_1_8' title="bbox 1265 2525 2219 2597">
    <p class='ocr_par' dir='ltr' id='par_1_12' title="bbox 1265 2525 2219 2597">
     <span class='ocr_line' id='line_1_101' title="bbox 1265 2525 2219 2560; baseline -0.007 -5"><span class='ocrx_word' id='word_1_700' title='bbox 1265 2532 1312 2560; x_wconf 75' lang='lat'><strong>88)</strong></span> <span class='ocrx_word' id='word_1_701' title='bbox 1333 2533 1390 2556; x_wconf 78' lang='lat' dir='ltr'><strong>liae</strong></span> <span class='ocrx_word' id='word_1_702' title='bbox 1409 2531 1478 2554; x_wconf 79' lang='lat' dir='ltr'><strong>duae</strong></span> <span class='ocrx_word' id='word_1_703' title='bbox 1497 2535 1579 2553; x_wconf 86' lang='lat' dir='ltr'><strong>voces</strong></span> <span class='ocrx_word' id='word_1_704' title='bbox 1604 2529 1630 2553; x_wconf 89' lang='lat' dir='ltr'><strong>iu</strong></span> <span class='ocrx_word' id='word_1_705' title='bbox 1650 2527 1734 2552; x_wconf 86' lang='lat' dir='ltr'><strong>Editt.</strong></span> <span class='ocrx_word' id='word_1_706' title='bbox 1755 2528 1847 2557; x_wconf 75' lang='lat'><strong>1559.,</strong></span> <span class='ocrx_word' id='word_1_707' title='bbox 1876 2526 2067 2552; x_wconf 74' lang='lat'>1564—1587.</span> <span class='ocrx_word' id='word_1_708' title='bbox 2093 2525 2120 2549; x_wconf 85' lang='lat' dir='ltr'><strong>in</strong></span> <span class='ocrx_word' id='word_1_709' title='bbox 2143 2529 2219 2548; x_wconf 81' lang='lat' dir='ltr'><strong>mar-</strong></span> 
     </span>
     <span class='ocr_line' id='line_1_102' title="bbox 1301 2562 1910 2597; baseline -0.008 -7"><span class='ocrx_word' id='word_1_710' title='bbox 1301 2567 1364 2597; x_wconf 83' lang='lat' dir='ltr'><strong>gine</strong></span> <span class='ocrx_word' id='word_1_711' title='bbox 1384 2566 1423 2589; x_wconf 78' lang='lat' dir='ltr'><strong>sic</strong></span> <span class='ocrx_word' id='word_1_712' title='bbox 1442 2566 1620 2594; x_wconf 81' lang='lat' dir='ltr'><strong>repetuntur:</strong></span> <span class='ocrx_word' id='word_1_713' title='bbox 1649 2563 1762 2587; x_wconf 84' lang='lat' dir='ltr'><strong>Lemnia</strong></span> <span class='ocrx_word' id='word_1_714' title='bbox 1780 2562 1910 2586; x_wconf 83' lang='lat' dir='ltr'><strong>venefica.</strong></span> 
     </span>
    </p>
   </div>
   <div class='ocr_carea' id='block_1_9' title="bbox 1265 2601 2221 2667">
    <p class='ocr_par' dir='ltr' id='par_1_13' title="bbox 1265 2601 2221 2667">
     <span class='ocr_line' id='line_1_103' title="bbox 1265 2601 2221 2637; baseline -0.006 -5"><span class='ocrx_word' id='word_1_715' title='bbox 1265 2609 1333 2637; x_wconf 77' lang='lat'>88³)</span> <span class='ocrx_word' id='word_1_716' title='bbox 1353 2607 1569 2636; x_wconf 79' lang='lat' dir='ltr'><strong>incantationes]</strong></span> <span class='ocrx_word' id='word_1_717' title='bbox 1589 2607 1629 2630; x_wconf 86' lang='lat' dir='ltr'><strong>sic</strong></span> <span class='ocrx_word' id='word_1_718' title='bbox 1648 2606 1730 2629; x_wconf 86' lang='lat' dir='ltr'><strong>Editt.</strong></span> <span class='ocrx_word' id='word_1_719' title='bbox 1753 2603 1958 2634; x_wconf 73' lang='lat'>1547—1587.;</span> <span class='ocrx_word' id='word_1_720' title='bbox 1992 2603 2041 2628; x_wconf 81' lang='lat' dir='ltr'><strong>Ed.</strong></span> <span class='ocrx_word' id='word_1_721' title='bbox 2062 2601 2138 2628; x_wconf 80' lang='lat'><strong>152⁷.</strong></span> <span class='ocrx_word' id='word_1_722' title='bbox 2155 2607 2221 2626; x_wconf 83' lang='lat' dir='ltr'><strong>can-</strong></span> 
     </span>
     <span class='ocr_line' id='line_1_104' title="bbox 1300 2643 1430 2667; baseline 0 0"><span class='ocrx_word' id='word_1_723' title='bbox 1300 2643 1430 2667; x_wconf 79' lang='lat' dir='ltr'><strong>tationes.</strong></span> 
     </span>
    </p>
   </div>
   <div class='ocr_carea' id='block_1_10' title="bbox 1265 2681 2224 2759">
    <p class='ocr_par' dir='ltr' id='par_1_14' title="bbox 1265 2681 2224 2759">
     <span class='ocr_line' id='line_1_105' title="bbox 1265 2681 2224 2716; baseline -0.006 -5"><span class='ocrx_word' id='word_1_724' title='bbox 1265 2688 1313 2716; x_wconf 81' lang='lat'><strong>89)</strong></span> <span class='ocrx_word' id='word_1_725' title='bbox 1333 2688 1365 2711; x_wconf 83' lang='lat' dir='ltr'><strong>H.</strong></span> <span class='ocrx_word' id='word_1_726' title='bbox 1380 2687 1397 2711; x_wconf 87' lang='grc' dir='ltr'><strong>Ι.</strong></span> <span class='ocrx_word' id='word_1_727' title='bbox 1413 2686 1439 2709; x_wconf 90' lang='lat' dir='ltr'><strong>in</strong></span> <span class='ocrx_word' id='word_1_728' title='bbox 1453 2685 1535 2709; x_wconf 86' lang='lat' dir='ltr'><strong>Editt.</strong></span> <span class='ocrx_word' id='word_1_729' title='bbox 1549 2684 1633 2713; x_wconf 60' lang='lat'>1527„</span> <span class='ocrx_word' id='word_1_730' title='bbox 1655 2683 1727 2707; x_wconf 70' lang='lat'>1547.</span> <span class='ocrx_word' id='word_1_731' title='bbox 1748 2684 1812 2706; x_wconf 81' lang='lat' dir='ltr'><strong>nota</strong></span> <span class='ocrx_word' id='word_1_732' title='bbox 1825 2681 1956 2713; x_wconf 81' lang='lat' dir='ltr'><strong>margin.:</strong></span> <span class='ocrx_word' id='word_1_733' title='bbox 1977 2681 2110 2704; x_wconf 77' lang='lat' dir='ltr'><strong>Adfectus</strong></span> <span class='ocrx_word' id='word_1_734' title='bbox 2124 2681 2224 2705; x_wconf 83' lang='lat' dir='ltr'><strong>movet.</strong></span> 
     </span>
     <span class='ocr_line' id='line_1_106' title="bbox 1265 2723 2123 2759; baseline -0.008 -5"><span class='ocrx_word' id='word_1_735' title='bbox 1265 2730 1313 2759; x_wconf 83' lang='grc'><strong>90)</strong></span> <span class='ocrx_word' id='word_1_736' title='bbox 1333 2731 1365 2754; x_wconf 81' lang='grc' dir='ltr'><strong>Η.</strong></span> <span class='ocrx_word' id='word_1_737' title='bbox 1387 2730 1404 2754; x_wconf 87' lang='grc' dir='ltr'><strong>Ι.</strong></span> <span class='ocrx_word' id='word_1_738' title='bbox 1424 2729 1450 2752; x_wconf 87' lang='lat' dir='ltr'><strong>in</strong></span> <span class='ocrx_word' id='word_1_739' title='bbox 1469 2729 1552 2752; x_wconf 86' lang='lat' dir='ltr'><strong>Editt.</strong></span> <span class='ocrx_word' id='word_1_740' title='bbox 1575 2727 1667 2758; x_wconf 60' lang='lat'><strong>1522,</strong></span> <span class='ocrx_word' id='word_1_741' title='bbox 1690 2726 1763 2750; x_wconf 73' lang='lat'>¹547.</span> <span class='ocrx_word' id='word_1_742' title='bbox 1785 2726 1850 2749; x_wconf 82' lang='lat' dir='ltr'><strong>nota</strong></span> <span class='ocrx_word' id='word_1_743' title='bbox 1868 2723 2000 2755; x_wconf 79' lang='lat' dir='ltr'><strong>margiu.:</strong></span> <span class='ocrx_word' id='word_1_744' title='bbox 2026 2723 2123 2748; x_wconf 84' lang='lat' dir='ltr'><strong>Maior.</strong></span> 
     </span>
    </p>
   </div>
  </div>
 </body>
</html>
