2351 2990
94 113 168 150 449
195 113 316 151 XXIII.
335 113 523 150 ARGUM.
538 113 604 149 ET
619 113 784 150 SCHOL.
800 113 848 151 IN
861 112 1009 151 EPIST.
1024 113 1138 151 FAM.
1155 112 1241 150 CIC.
1259 113 1346 152 LIB.
1357 114 1432 152 XII.
1448 114 1693 152 EP.28-—30.
1708 116 1795 154 LIB.
1806 117 1895 155 XIII.
1911 119 1982 156 ΕΡ.
1995 122 2027 158 1.
2054 122 2127 158 450

380 199 776 247 Argumentumssss).

184 267 427 313 Responsoria
452 274 504 302 est
529 268 574 301 ad
598 267 700 302 binas
723 267 905 302 Cornificii
929 267 1076 303 litteras.

81 318 204 364 ltaque
223 331 295 353 uno
313 325 523 363 argumento
543 325 692 354 constat.
745 319 837 354 Nam
854 318 972 364 primo
991 319 1073 365 quia

83 369 292 403 Cornificius
303 370 510 403 Ciceronem
527 370 704 404 tarditatis
719 376 958 410 accusaverat,
978 371 1074 416 quod

81 432 155 454 non
170 421 237 455 nisi
257 420 567 455 commendaticias
583 421 719 455 litteras
742 422 786 455 ab
810 434 852 455 eo
878 428 1073 466 acceperat,

80 479 211 516 purgat
249 484 284 505 se
319 472 442 506 Cicero
479 472 667 506 testificans
702 484 801 507 suam
837 473 1073 513 sedulitatem,

81 524 178 568 quod
211 535 395 569 nunquam
432 523 585 557 scribere
620 524 853 564 recusaverit,
903 523 1072 557 adiiciens

77 574 274 607 multorum
306 574 532 618 negotiorum
568 574 842 620 impedimenta,
886 576 1014 620 quihus
1041 574 1073 607 ei

79 624 278 668 abripiatur
293 625 469 659 scribendi
486 626 644 661 facultas.
681 626 934 660 Commoratur
953 632 1070 659 autem

79 675 116 707 in
135 673 201 708 hac
217 682 338 720 parte,
366 678 450 710 dum
468 684 655 721 exaggerat
678 689 742 722 per
765 676 1014 723 civzfflsowss')
1038 682 1072 708 et

79 725 368 768 similitudinem,
396 728 604 762 varietatem
623 728 910 773 occupationum.
953 728 1070 772 Atque

80 778 125 810 ad
149 776 221 811 eius
243 778 350 811 finem
376 779 495 812 adiicit
520 780 837 819 asseverationem,
872 790 940 824 qua
967 790 1070 812 suum

80 840 240 861 amorem
255 835 415 864 testatur.
467 831 630 864 Secundo
647 830 718 874 agit
743 832 786 863 de
814 829 963 874 pecunia
984 828 1070 862 Cor-

78 879 197 912 nificio
216 892 234 912 a
253 887 379 914 senatu
394 881 579 915 mittenda.
607 880 731 913 Tertio
748 882 792 914 ad
808 880 947 925 privata
964 891 1071 925 quae-

80 930 161 963 dam
180 931 319 975 negotia
339 933 540 976 respondet.
593 931 781 965 Postremo
801 931 923 965 laudat
949 931 1070 964 mode-

79 981 257 1014 rationem
283 981 463 1015 Cornificii
496 982 533 1015 in
567 982 766 1017 adimendis
787 982 970 1015 lictoribus
994 981 1071 1027 qui-

77 1032 226 1065 busdam
244 1033 384 1076 legatis,
413 1039 447 1066 et
463 1033 505 1067 iis
521 1046 539 1066 a
555 1033 766 1077 magistratu
782 1032 989 1067 amovendis
1006 1039 1070 1066 etc.

327 1114 462 1148 Aliud
497 1122 826 1159 argumentum.

181 1182 275 1215 Tota
293 1182 441 1226 epistola
460 1188 510 1216 est
533 1183 781 1227 responsoria,
817 1194 907 1228 quae
933 1189 1071 1216 constat

82 1232 219 1278 aliquot
239 1233 528 1268 narratiunculis.
587 1233 677 1267 Sunt
700 1239 817 1267 autem
844 1242 914 1267 tres
937 1233 1071 1278 praeci-

80 1295 184 1328 puae.
235 1284 357 1317 Prima
373 1282 479 1317 habet
496 1284 749 1324 defensionem,
778 1285 874 1329 quod
890 1284 1070 1317 immerito

81 1341 263 1369 accusetur
279 1336 323 1368 de
338 1335 484 1368 raritate
503 1336 715 1370 litterarum.
768 1335 883 1368 Porro
905 1335 1072 1369 transfert

82 1392 195 1419 totam
213 1386 353 1430 culpam
372 1386 503 1420 silentii
520 1387 557 1419 in
574 1386 690 1420 varias
708 1386 971 1431 occupationes,
994 1385 1072 1431 qui-

81 1437 146 1470 bus
163 1443 265 1470 antea
282 1449 409 1481 parum
428 1437 595 1471 liberatus
618 1450 713 1471 nunc
728 1438 870 1482 penitus
887 1438 1072 1471 obruatur.

80 1486 212 1533 Estque
230 1488 348 1521 addita
366 1488 505 1532 egregia
524 1489 718 1522 similitudo
735 1490 778 1522 de
796 1488 1073 1533 aegrotantibus,

84 1550 238 1583 quorum
253 1538 487 1583 periculosior
504 1546 555 1574 est
570 1540 735 1580 morbus,
762 1539 792 1574 si
808 1540 962 1573 recidiva
981 1540 1070 1572 facta

115 1655 164 1683 33)
184 1656 448 1714 liggssargnntiengum
467 1657 494 1681 et
512 1656 564 1680 duo
583 1655 727 1687 sequentia
745 1656 773 1680 in
793 1655 876 1680 Editt.
896 1655 987 1686 1556..
1007 1655 1073 1680 1565

156 1703 184 1708 -
266 1708 271 1713 .
290 1697 338 1714 exs
353 1696 388 1714 au
403 1708 409 1713 .

119 1729 343 1791 34).t;÷¹‘¹f‘¹⁹⁵⁰‘¹¹']
363 1732 403 1757 sic
420 1732 503 1756 Editt.
520 1731 610 1763 1565„
630 1731 722 1763 1571„
743 1732 834 1762 1596.;
858 1732 906 1756 Ed.
927 1732 1002 1757 1556.
1021 1737 1073 1756 an-

152 1770 171 1792 ti
195 1773 274 1791 lesui.

1129 201 1256 242 fuerit,
1285 208 1391 248 atque
1410 214 1487 236 eam
1505 201 1775 236 similitudinem
1794 205 1948 249 applicat
1972 208 2017 241 ad
2041 220 2121 243 suas

1129 265 1230 287 curas
1255 259 1288 286 et
1312 254 1474 294 labores,
1519 266 1608 299 quos
1640 253 1678 286 in
1702 254 1775 288 dies
1798 257 1946 290 sustinet
1969 258 2119 294 Romae.

1128 304 1287 337 Secunda
1306 305 1466 338 narratio
1490 305 1648 338 continet
1673 306 1973 349 praedicationem
1999 322 2119 353 perso-

1127 367 1193 388 nae
1213 353 1401 400 Cherippi,
1427 356 1525 390 cuius
1542 357 1697 389 adventu
1718 357 1961 402 maximopere
1987 359 2117 394 exhila-

1127 412 1223 439 ratus
1247 406 1302 440 sit.
1375 406 1496 440 Tertia
1519 404 1625 440 habet
1649 408 1956 442 enumerationem
1980 423 2116 451 causae,

1127 469 1236 502 quare
1254 455 1434 503 hucusque
1452 458 1548 491 nulla
1564 458 1608 491 sit
1632 458 1736 491 missa
1764 460 1913 503 pecunia
1936 472 1955 493 a
1980 469 2116 496 senatu.

1126 508 1188 541 His
1220 508 1332 541 tribus
1359 509 1635 542 narratiunculis
1665 509 1754 543 aliae.
1789 517 1871 544 sunt
1902 511 2042 545 additae
2070 515 2115 545 ad

1125 560 1230 592 finem
1250 571 1380 603 usque,
1409 572 1498 605 quae
1515 560 1680 593 facillime
1698 572 1738 593 ex
1755 561 1830 606 ipso
1853 568 2018 596 contextu
2043 564 2114 607 epi-

1125 609 1235 643 stolae
1254 609 1402 654 intelligi
1420 616 1578 655 possunt.
1631 609 1671 643 In
1688 611 1756 645 fine
1774 618 1825 646 est
1841 613 1957 648 brevis
1978 614 2114 658 pollici-

1125 660 1212 693 tatio
1233 659 1350 694 officii.

1378 751 1514 784 Aliud
1543 761 1870 796 argumentum.

1225 816 1331 851 Initio
1356 831 1390 852 se
1423 825 1582 859 excusat,
1623 821 1718 864 quod
1752 833 1825 854 non
1856 833 1939 855 raro
1971 824 2112 859 scribat.

1124 868 1262 902 Deinde
1300 875 1558 903 commemorat
1593 871 1637 902 de
1672 884 1735 904 suo
1774 884 1854 916 erga
1883 873 2113 909 Cornificium

1124 932 1258 954 amore.
1312 920 1464 966 Reliqua
1482 932 1564 965 pars
1582 921 1739 955 continet
1756 923 1982 958 narrationes
1998 926 2114 958 vario-

1123 983 1203 1005 rum
1220 971 1459 1015 negotiorum.
1514 971 1665 1005 Orditur
1679 973 1723 1006 ab
1742 973 1816 1007 eius
1832 974 1976 1016 litteris,
2001 977 2044 1010 ab
2062 977 2114 1009 in—

1124 1023 1376 1066 terrogatione.

1343 1113 1478 1147 Aliud
1512 1121 1826 1158 argumentum
1844 1115 1902 1160 35).

1227 1181 1320 1214 Tota
1351 1181 1499 1225 epistola
1527 1181 1753 1225 responsoria
1777 1188 1828 1215 est
1851 1184 1896 1215 ad
1921 1185 2114 1217 accusatio-

1124 1244 1206 1265 nem
1240 1231 1421 1265 Cornificii
1452 1233 1494 1264 de
1523 1232 1670 1265 raritate
1698 1232 1917 1273 litterarum,
1963 1236 2114 1279 exceptis

1125 1282 1447 1318 commendaticiis;
1472 1282 1556 1315 item
1571 1284 1613 1315 ad
1631 1284 1868 1327 suspicionem
1888 1286 1930 1317 de
1948 1286 2113 1328 neglectis

1125 1333 1259 1368 officiis.
1325 1332 1476 1365 Orditur
1505 1340 1623 1366 autern
1653 1334 1697 1366 ab
1726 1335 1949 1368 excusatione
1971 1336 2114 1376 silentii,

1125 1385 1245 1418 addita
1269 1382 1544 1428 reprehensione
1569 1384 1720 1418 iniustae
1747 1386 1990 1420 accusationis.
2055 1388 2115 1421 Se-

1126 1436 1247 1482 quitur
1265 1435 1432 1469 refutatio
1452 1435 1662 1479 suspicionis
1685 1437 1727 1469 de
1753 1436 1887 1471 officiis.
1946 1437 2037 1470 Huic
2061 1437 2114 1471 in-

1125 1493 1273 1520 terserta
1298 1492 1349 1520 est
1371 1487 1634 1520 commendatio
1660 1499 1845 1531 personae.
1903 1487 2031 1522 Postea
2051 1501 2115 1533 po-

1125 1545 1260 1572 nuntur
1275 1549 1400 1571 causae
1414 1549 1488 1570 non
1507 1537 1717 1582 impetratae
1739 1537 1908 1582 pecuniae
1933 1550 1951 1572 a
1978 1546 2113 1574 senatu.

1126 1589 1189 1623 His
1219 1590 1400 1622 adduntur
1431 1588 1520 1621 aliae
1542 1589 1766 1622 narrationes
1792 1590 1835 1621 ad
1860 1590 1965 1622 finem
1990 1602 2114 1635 usque,

1126 1641 1254 1687 quibus
1270 1640 1462 1684 respondet
1477 1639 1602 1673 ordine
1620 1641 1664 1673 ad
1685 1639 1783 1672 varia
1802 1640 1970 1684 epistolae
1988 1641 2114 1685 capita.

1160 1763 1208 1792 35)
1227 1763 1285 1786 Hoc
1308 1761 1498 1792 argumentum
1517 1758 1543 1783 In
1562 1759 1644 1783 Editt.
1665 1759 1855 1784 1565-1596.
1874 1759 1997 1783 affertur.

930 1959 1137 1989 LIBER
1181 1957 1260 1986 XIII.

135 2055 459 2100 Argumentum
487 2062 527 2089 et
559 2052 734 2089 scholia
768 2053 813 2086 in
849 2052 1023 2097 episto-

468 2107 557 2140 lam
584 2105 665 2150 I.¹).

192 2189 259 2222 Hic
274 2189 365 2223 liber
380 2190 536 2224 continet
558 2191 630 2223 sere
654 2187 978 2222 commendatorias
1003 2186 1075 2231 epi-

91 2240 218 2281 stolas,
252 2247 286 2274 et
307 2247 390 2275 sunt
413 2242 603 2287 pleraeque
626 2241 769 2281 breves,
804 2251 868 2273 nec
895 2239 1075 2272 obscurae.

91 2291 188 2324 Haec
204 2298 322 2325 autem
339 2292 485 2337 epistola
506 2300 556 2327 est
570 2293 712 2338 obliqua
730 2289 992 2325 commendatio
1019 2302 1076 2322 cu-

92 2342 231 2376 iusdam
249 2341 454 2388 philosophi
468 2343 634 2390 Epicurei
643 2344 687 2390 2).

129 2480 162 2508 1)
180 2479 216 2507 1.]
241 2479 269 2503 in
293 2478 377 2504 Editt.
403 2479 494 2508 1545..
526 2478 618 2510 1601.,
650 2477 769 2503 muneris
793 2475 971 2507 epistolarum
997 2479 1079 2504 prae-

631 2513 699 2537 haec
729 2512 845 2542 epistola
875 2515 987 2534 numero
1009 2508 1079 2538 272,

619 2547 646 2570 in
664 2547 713 2571 Ed.
730 2547 806 2570 1546.
831 2546 943 2569 eandem
961 2545 993 2568 ob
1015 2548 1080 2566 cau-

167 2588 226 2607 sam
243 2584 310 2607 haec
328 2588 440 2606 numero
458 2582 537 2609 273..
561 2588 678 2612 sequeus
704 2586 814 2605 numero
833 2579 892 2604 274.
907 2580 958 2602 etc.
984 2577 1080 2608 sigua-

166 2513 287 2538 cedentis
315 2513 378 2537 libri
409 2513 598 2545 continuatis,

169 2554 289 2578 sequens
308 2554 420 2572 numero
439 2548 498 2572 273.
518 2550 588 2577 etc.;

164 2619 210 2641 tae
229 2619 302 2641 suut.

131 2666 161 2697 2)
182 2668 238 2692 Hoc
255 2669 443 2699 argumentum
461 2667 560 2691 hahent
581 2665 665 2691 Editt.
680 2666 870 2695 1537-15-15.,
890 2665 976 2694 1554..
998 2662 1082 2687 1557..

165 2702 240 2726 1560.

107 2744 288 2777 ΜειΑΜ-Η,
312 2744 419 2777 Onna.
445 2745 530 2777 Von.
552 2744 661 2776 XVII.

1233 2047 1264 2094 ἓ.
1288 2049 1320 2083 1.
1364 2049 1439 2082 Etsi
1461 2059 1525 2081 non
1551 2043 1655 2093 satis]
1689 2044 1884 2080 Exordium
1911 2058 1952 2080 ex
1977 2047 2115 2081 dubita-

1127 2101 1236 2135 tione.
1315 2102 1468 2138 Interea,
1495 2095 1651 2144 qzcoelss)]
1680 2096 1888 2142 Occupatio.

1230 2159 1260 2205 ἓ.
1276 2162 1311 2195 2.
1342 2155 1603 2204 CnmPccirone]
1630 2157 1810 2191 Narratio.

1231 2219 1261 2264 ξ.
1280 2219 1314 2254 4.
1343 2220 1434 2260 Quod
1455 2219 1486 2251 εἰ
1506 2220 1555 2251 ita
1570 2215 1684 2263 est4)]
1712 2216 1862 2256 petitio,
1897 2229 1957 2250 seu
1980 2228 2112 2261 propo-

1129 2272 1228 2306 sitio:
1256 2270 1339 2303 ldeo
1357 2269 1471 2303 scribo
1493 2268 1557 2301 tibi
1579 2268 1727 2307 iterum,
1763 2267 1845 2312 quia
1872 2279 1935 2311 ego
1959 2267 2111 2301 sciebam

1130 2330 1163 2356 te
1189 2322 1373 2356 consilium
1396 2318 1649 2352 aedificationis
1675 2317 1888 2362 deposuisse.
1991 2320 2113 2360 Quam-

1130 2387 1227 2421 quam
1244 2369 1424 2418 Patronis]
1452 2369 1558 2403 Ratio
1579 2381 1619 2401 ex
1634 2368 1800 2402 Patronis
1817 2367 1932 2401 officio
1942 2367 1985 2413 ⁵).

1164 2520 1195 2549 3)
1215 2519 1267 2543 Pro
1285 2516 1327 2541 his
1343 2514 1398 2540 Cic.
1413 2512 1504 2537 verbis
1518 2511 1545 2536 in
1559 2511 1642 2536 Editt.
1658 2511 1742 2540 1545..
1762 2510 1837 2536 1560.
1855 2509 1917 2534 huic
1934 2511 2015 2534 notae
2033 2514 2116 2540 prae-

1200 2554 1253 2578 fixa
1272 2552 1336 2575 sunt
1355 2548 1513 2579 sequentia:
1537 2546 1623 2571 Nune
1640 2553 1658 2570 a
1680 2548 1708 2571 te
1726 2546 1808 2570 illud.

1167 2608 1198 2635 4)
1217 2606 1247 2629 In
1264 2603 1360 2627 iisdem
1378 2601 1394 2625 2
1407 2599 1490 2624 Editt.
1510 2598 1570 2622 huic
1588 2599 1670 2622 notae
1683 2596 1823 2627 adscripta
1835 2597 1899 2621 sunt
1912 2601 1960 2627 pro
1978 2595 2019 2620 his
2038 2598 2117 2620 ante-

1203 2638 1327 2664 cedentia
1345 2636 1400 2661 Cic.
1420 2634 1519 2658 verha:
1546 2633 1576 2657 Is
1593 2633 1687 2664 iqitur
1705 2632 1807 2657 Patro.

1171 2693 1202 2721 5)
1220 2691 1294 2715 Haec
1310 2689 1375 2712 uota
1393 2686 1420 2709 in
1439 2684 1538 2709 iisdem
1555 2683 1572 2707 2
1590 2682 1674 2707 Editt.
1694 2682 1782 2706 deest.

1497 2718 1546 2754 29
