2351 2990
47 128 124 164 837
281 126 419 161 XXXV.

45 216 165 260 Ieyatis
180 218 212 247 et
225 214 464 256 praeconibus,
489 216 663 255 pactorum
688 215 889 247 mentionem
912 212 1042 256 facitis,

46 272 78 302 et
93 267 238 310 spatium
257 268 301 299 ad
317 265 566 298 deliberandam
581 265 777 306 postulatis,
806 277 878 298 enm
896 265 988 297 nulla
1008 266 1044 298 in

45 331 84 353 re
99 331 120 351 a
136 317 232 350 nobis
248 318 332 350 laesi
349 319 436 350 sitis.
491 317 560 359 Eyo
580 316 707 349 auditis
731 317 849 360 Ieyatis
877 318 1046 349 assentior

44 371 181 404 illoram
194 369 374 411 postulatis
390 373 422 402 et
436 368 605 407 consiliis,
631 372 663 399 et
682 374 824 410 paratus
848 380 921 401 sum
943 369 1046 401 *incla-

48 423 120 455 eias
143 421 309 454 vobiscum
330 420 463 463 facere,
491 420 522 452 si
547 431 618 458 eos,
655 422 712 464 qui
734 421 823 453 robis
848 420 939 453 mala
962 431 1043 453 eon-

46 473 128 506 silia
146 473 247 512 dant,
275 484 296 505 a
312 472 403 504 vobis
417 472 610 511 dimittitis,
639 476 671 504 et
687 483 745 511 ea,
781 484 878 517 quam
903 483 1044 505 comme-

46 528 209 563 ruerunt,
238 524 426 566 iynominia
442 521 613 564 afficiatis.
673 524 796 557 Valere.

295 617 540 659 Responsio
571 616 800 650 Thebanis.

46 686 273 719 Macedonmn
298 698 364 718 rex
390 685 566 727 Philippus
592 686 737 718 Senatui
755 685 936 729 populoque
956 686 989 717 T
986 684 1044 717 he-

325 737 487 769 banorum
511 737 651 770 salntem
674 738 767 770 dicit.

150 815 274 856 Accepi
302 814 477 856 epistolam
508 818 671 853 vestram,
714 825 797 858 qnae
819 824 943 846 mecum
966 824 1044 845 con-

47 866 251 900 iunctionem
274 867 364 898 inter
389 877 447 898 nos
477 869 626 897 mutuam
655 869 686 896 et
716 876 829 906 pacem
862 865 1044 897 renovatis.

51 919 278 951 Veruntamen
305 917 404 949 (milio
422 916 644 949 Athenienses
667 927 760 947 omne
786 916 874 948 vobis
896 917 1045 949 stadium

48 966 167 1010 offerre
192 973 223 1001 et
243 970 417 1006 honorem,
446 973 481 1000 ut
506 967 695 1009 approbetis
713 978 772 1007 ea,
808 979 890 1011 qnae
913 979 933 999 a
958 967 1045 1000 vobis

46 1018 227 1062 postulant.
293 1021 346 1052 Ac
367 1020 518 1060 primam
540 1020 674 1062 quidem
695 1019 955 1051 condemnabam
978 1030 1045 1057 vos,

46 1075 223 1114 propterea
247 1071 331 1116 qaod
356 1071 554 1104 videremini
574 1071 654 1103 velle
679 1071 906 1112 obtemperare
930 1080 1046 1103 eoru-m

45 1122 241 1164 promissis,
276 1126 308 1155 et
338 1123 432 1165 sequi
460 1133 574 1154 eorum
602 1123 752 1155 studium
781 1126 811 1154 et
842 1123 1044 1155 institutum.

46 1175 149 1206 Nune
166 1185 261 1214 vero,
286 1177 503 1217 posteaquam
519 1175 704 1206 audit-erim
724 1184 777 1205 vos
794 1177 928 1205 nostras
951 1185 1046 1206 seca-

47 1228 101 1257 tus
118 1235 189 1257 esse
205 1226 374 1263 rationes,
402 1227 433 1256 et
448 1235 563 1266 pacem
578 1226 689 1266 potius
707 1224 811 1256 colere
835 1236 935 1267 (sumn
960 1225 1047 1257 alio-

47 1286 124 1307 rum
141 1277 234 1321 sequi
249 1275 410 1313 consilia,
440 1275 532 1307 valde
543 1277 680 1317 qut-isus
697 1286 769 1307 sum
781 1289 791 1313 ,-
819 1280 851 1308 et
869 1287 943 1307 cam
959 1274 1047 1307 mul-

46 1326 93 1358 tis
110 1326 147 1359 in
170 1327 269 1360 rebus
286 1338 340 1359 vos
357 1330 457 1358 antea
473 1325 679 1359 laudaverim
690 1350 701 1365 ‚
740 1337 827 1358 nunc
842 1337 896 1358 vos
911 1327 1048 1368 praeci-

46 1387 109 1418 pue
126 1378 242 1418 laudo,
269 1379 354 1423 qaod
371 1378 499 1411 tutiora
517 1377 685 1420 elegeritis
694 1402 704 1417 ,
740 1381 772 1410 et
789 1379 976 1410 amicitiam
992 1380 1048 1411 in-

47 1432 100 1460 ter
115 1440 175 1461 nos
191 1441 264 1461 cum
287 1429 513 1462 benevolentia
534 1430 698 1462 studeatis
719 1440 936 1468 conservare,
964 1431 1050 1473 qzcod

46 1479 137 1512 vobis
164 1492 230 1512 non
252 1491 394 1522 parvam
419 1479 604 1512 allatio-mn
626 1491 696 1512 esse
720 1485 919 1513 momentum
939 1491 1048 1522 spero,

49 1530 80 1562 si
97 1532 132 1564 in
148 1532 208 1564 hoe
226 1536 332 1564 restro
348 1532 516 1574 proposito
534 1532 741 1564 manseritis.
801 1532 924 1565 Valere.

153 1598 243 1632 Cum
268 1596 335 1632 1106
352 1599 462 1631 niodo
486 1598 670 1631 civitatum
692 1599 891 1633 voluntates
916 1597 1047 1632 horum

50 1662 159 1695 opera
178 1649 374 1683 disiunctae
393 1656 525 1689 essent,
561 1656 595 1682 et
610 1648 799 1694 Philippus
820 1648 876 1683 1115
900 1651 1048 1684 decretis

50 1708 86 1735 et
100 1702 396 1746 responsionibus
412 1701 580 1734 incitatus
598 1708 706 1740 esset,
735 1702 833 1734 venit
852 1714 930 1734 cum
951 1714 1049 1735 exer-

50 1753 143 1794 citu,
171 1759 205 1786 et
220 1753 381 1786 Elateam
405 1752 612 1796 occupavit,
647 1765 794 1797 sperans
819 1765 1047 1798 nequaquam

49 1806 211 1839 futurum
237 1817 329 1845 esse,
361 1810 400 1837 ut
423 1816 545 1837 rursus
569 1816 632 1836 vos
656 1811 689 1837 et
707 1802 871 1837 Thebani
901 1804 1049 1838 coniun-

52 1856 237 1901 geremini.
300 1855 425 1901 Qualis
453 1862 570 1888 autem
592 1861 675 1888 tunc
694 1856 730 1887 in
748 1856 835 1888 urbe
854 1856 1047 1899 trepidatio

50 1909 177 1948 fuerit,
205 1907 270 1941 etsi
292 1906 522 1947 meministis,
550 1913 669 1939 tamen
694 1907 813 1940 audite
837 1919 968 1952 quaeso
996 1920 1048 1948 ea,

53 1971 144 2005 quae
162 1960 206 1992 ad
224 1957 317 1992 hanc
334 1971 477 1992 causam
495 1959 692 1992 necessaria
715 1965 809 1992 sunt.

53 2023 222 2055 vespera,
250 2023 329 2044 cum
349 2010 466 2044 subito
492 2010 637 2042 advenit
662 2010 829 2049 nuntius,
865 2010 925 2055 qui
949 2022 1050 2043 sena-

53 2062 108 2095 tui
123 2068 248 2095 narrat
262 2062 423 2095 Elateam
450 2068 659 2105 occupatam
687 2074 771 2095 esse.
833 2060 958 2094 Statim
986 2062 1050 2106 igi-

55 2120 114 2146 tur
130 2119 282 2158 surgunt
297 2113 418 2146 relicta
444 2125 573 2153 coena,
611 2120 643 2145 et
666 2113 703 2145 in
726 2114 826 2151 foro,
865 2119 899 2145 et
924 2113 1050 2147 alii'ex

53 2166 212 2210 pergulis
228 2162 392 2198 homines
411 2165 611 2208 expellunt,
638 2165 802 2209 pergulas
821 2165 914 2208 ipsas
931 2165 1050 2198 incen-

55 2218 166 2257 dunt,
206 2217 267 2249 alii
289 2217 395 2250 duces
418 2223 604 2249 accersunt
635 2223 668 2249 et
700 2216 913 2256 tubicine1n‚
955 2217 1050 2250 etin

55 2274 131 2302 tota
146 2268 235 2301 urbe
250 2268 380 2313 passim
399 2268 572 2302 tumultus
590 2275 676 2302 erat.
736 2268 913 2301 Postridie
931 2269 1049 2312 prima

53 2320 132 2354 luce
151 2326 294 2353 senatus
318 2320 355 2352 in
381 2319 497 2360 curia,
530 2320 683 2365 populus
709 2320 746 2352 in
771 2320 941 2353 concione
968 2332 1052 2353 con—

54 2371 234 2405 veniebat.
292 2371 338 2405 Et
359 2371 568 2416 priusquam
594 2378 737 2406 senatus
760 2378 950 2416 rogaretur
974 2383 1053 2406 sen-

54 2423 197 2462 tentias,
226 2428 260 2456 et
273 2423 391 2467 prima
410 2423 618 2464 deliberatio
638 2424 750 2463 fieret,
776 2424 942 2457 universa
961 2423 1051 2457 mul—

55 2474 172 2508 titudo
189 2474 227 2507 111
242 2474 417 2508 subselliis
438 2476 657 2508 consederat.
717 2475 783 2508 Hic
807 2488 884 2508 611111
909 2481 1052 2508 senatus

56 2525 95 2559 in
113 2526 324 2560 concionem
341 2526 503 2571 prodiret
521 2532 555 2559 et
579 2528 746 2560 nuntiata>
769 2533 981 2572 exponeret,
1011 2538 1051 2559 ac

56 2578 204 2612 nuntius
220 2579 391 2611 adductus
414 2589 490 2611 16111
517 2585 681 2611 narraret
703 2579 798 2623 ipse,
834 2591 962 2623 praeco
988 2591 1053 2623 pu-

57 2629 148 2662 blica
170 2642 255 2663 voce
270 2630 487 2674 interrogat:
523 2630 611 2673 Quis
629 2631 671 2663 de
689 2637 789 2664 tanto
806 2631 965 2675 periculo
983 2630 1052 2663 rei-

58 2681 222 2724 publicae
246 2681 404 2715 dicturus
428 2681 483 2715 sit.
546 2681 641 2714 Haec
666 2695 735 2715 vox
758 2695 838 2715 611111
863 2682 1052 2727 aliquoties

62 2743 81 2763 a
101 2744 277 2776 praecone
294 2733 444 2778 repetita
463 2739 571 2773 esset,
606 2739 727 2766 tamen
748 2745 855 2767 1161110
873 2735 918 2767 ad
936 2734 1053 2767 dicen-

867 1958 955 1991 Erat
977 1958 1058 1993 iam,

465 123 865 160 INTERPRETATIO
894 124 1159 161 ORATIOMS
1186 124 1529 159 DEMOSTHENIS
1557 125 1621 159 DE
1650 126 1861 162 CORONA.

2021 129 2093 163 838

1100 212 1185 245 dum
1217 211 1388 252 surrexit,
1440 224 1518 245 cum
1552 212 1695 257 quidem
1732 214 1894 247 adessent
1925 219 1958 246 et
1990 214 2095 248 duces

1099 276 1222 297 01111105
1240 269 1272 296 et
1289 270 1449 296 oratores
1467 275 1602 297 omnes.
1655 263 1748 297 Vere
1773 272 1889 298 autem
1914 262 2001 298 haec
2024 279 2095 299 vox

1099 315 1284 359 praeconis
1303 315 1399 348 iuxta
1418 315 1511 358 leges
1529 315 1622 348 edita
1644 315 1754 360 ipsius
1776 316 1913 360 patriae
1937 329 2006 349 vox
2031 324 2093 351 est.

1098 366 1171 399 lam
1216 373 1366 399 vocante
1410 367 1525 410 patria
1566 366 1595 400 si
1636 367 1782 411 prodire
1824 379 1963 401 11666550
2006 375 2097 402 esset

1099 430 1241 458 omnes,
1278 418 1339 462 (1111
1363 417 1619 462 rempublicam
1649 419 1783 452 salvam
1813 431 1885 452 0550
1908 420 2035 452 volunt
2062 426 2095 453 et

1099 476 1242 513 optant,
1271 482 1334 502 vos
1354 482 1477 503 omnes
1494 470 1530 501 111
1548 476 1749 513 sug-gestum
1775 471 1964 503 ascendere
1989 472 2094 504 debe-

1099 520 1201 559 retis;
1231 521 1392 553 oninium
1411 521 1505 553 enim
1522 521 1687 555 voluntas
1713 534 1794 565 erga
1821 522 1977 566 patriam
2004 522 2096 566 opti-

1099 584 1156 604 ma
1178 578 1240 605 est.
1294 572 1431 605 sivero
1451 572 1642 606 ditissimos
1660 573 1805 617 prodire
1830 586 1969 608 11666550
1993 580 2094 614 esset,

1098 623 1285 667 prodirent
1304 623 1465 656 trecenti.
1527 623 1564 656 Si
1589 630 1740 670 utraque
1766 624 1803 657 in
1827 637 1865 657 re
1888 625 2095 659 excellentes

1098 674 1346 707 benevolentia
1386 687 1468 718 erga
1506 675 1660 718 patriam
1692 683 1725 708 et
1759 675 1904 719 opibus,
1953 676 2096 718 caeteri,

1097 725 1225 758 deinde
1259 725 1531 769 locupletiores,
1585 727 1647 771 qui
1675 727 1813 770 magnis
1845 728 2095 761 collationibus

1098 777 1223 810 iuvant
1252 777 1428 820 patriam,
1470 777 1669 821 prodirent.
1738 778 1805 810 Sed
1838 784 1976 823 1611111115
2008 780 2097 812 illud

1099 834 1132 861 et
1157 828 1230 862 dies
1256 828 1315 860 illa
1338 840 1412 861 non
1436 830 1545 861 modo
1569 829 1782 862 benevolum
1807 835 1841 861 et
1867 830 2013 863 divitem
2043 830 2096 863 vi-

1098 892 1177 912 rum
1211 880 1382 919 vocabat,
1424 881 1485 913 sed
1515 880 1643 920 talem,
1685 881 1746 926 qui
1777 879 1831 913 his
1862 881 2014 925 negotiis
2052 882 2096 914 ab

1098 931 1209 964 initiis
1240 931 1477 971 interfuisset,
1525 938 1558 965 et
1588 932 1649 977 (1111
1678 938 1773 965 recte
1806 932 2096 973 ratiocinaretur‚

1099 982 1185 1027 quid
1202 982 1391 1015 moliretur
1408 981 1530 1017 hostis.
1581 983 1673 1017 Nam
1698 983 1759 1028 qui
1781 981 1869 1016 haec
1890 996 2006 1029 neque
2031 996 2098 1016 110-

1099 1034 1224 1074 visset,
1251 1046 1368 1079 neque
1393 1035 1507 1067 11111110
1535 1041 1617 1067 ante
1643 1035 1800 1069 studiose
1827 1035 2096 1076 considerasset,

1099 1085 1237 1118 etiamsi
1254 1085 1504 1118 benevolentia
1530 1097 1611 1130 erga
1634 1086 1812 1119 civitatem
1833 1098 1872 1119 ac
1890 1087 2023 1120 divitiis
2040 1099 2098 1119 ex-

1100 1137 1260 1177 celleret,
1288 1143 1407 1170 tamen
1431 1149 1546 1183 neque
1570 1137 1658 1171 scire
1680 1144 1844 1182 poterat,
1880 1138 1966 1183 quid
1991 1150 2098 1182 agen-

1100 1190 1185 1222 dum
1205 1194 1311 1228 esset,
1339 1201 1455 1234 neque
1470 1189 1687 1233 reipublicae
1706 1189 1894 1223 consilium
1915 1190 2012 1223 dare.

1202 1239 1302 1273 Talis
1326 1247 1443 1273 autem
1471 1253 1511 1273 eo
1538 1241 1594 1273 die
1620 1253 1683 1285 ego
1709 1240 1779 1280 fui,
1822 1253 1893 1285 quo
1920 1241 1976 1274 die
2006 1252 2098 1286 quae

1100 1302 1179 1323 mea
1204 1291 1313 1324 fuerit
1339 1292 1475 1331 oratio,
1518 1304 1651 1336 quaeso
1677 1298 1825 1337 propter
1848 1293 1935 1326 duas
1963 1304 2099 1332 causas,

1100 1348 1140 1374 nt
1162 1342 1351 1386 diligenter
1377 1343 1541 1376 audiatis.
1608 1343 1710 1383 Una,
1752 1350 1792 1376 ut
1824 1343 2023 1387 agnoscatis
2055 1355 2098 1376 eo

1101 1399 1263 1436 tempore
1288 1406 1345 1426 me
1369 1406 1480 1427 unum
1510 1394 1657 1428 caeteris
1680 1394 1879 1428 tacentibus
1903 1407 1977 1428 non
2000 1396 2098 1428 dese-

1101 1444 1214 1478 ruisse
1247 1445 1366 1477 locum
1399 1445 1690 1486 benevolentiae,
1733 1446 1796 1491 qui
1820 1444 1910 1478 mihi
1935 1459 1953 1479 a
1980 1446 2099 1491 patria

1102 1496 1254 1529 traditus
1289 1496 1374 1534 suit;
1426 1498 1486 1530 sed
1509 1496 1546 1529 in
1572 1503 1672 1530 tanto
1697 1497 1912 1541 reipublicae
1937 1497 2098 1542 periculo

1101 1548 1207 1580 fidem
1224 1547 1261 1580 111
1279 1547 1429 1580 dicendo
1447 1554 1481 1581 et
1500 1548 1537 1580 in
1559 1548 1754 1582 scribendis
1776 1549 1925 1582 decretis
1951 1549 2099 1593 praesti-

1102 1599 1201 1637 tisse3
1239 1599 1368 1632 deinde
1391 1599 1474 1645 quia
1500 1597 1568 1633 hoc
1594 1600 1720 1645 exiguo
1738 1605 1898 1644 tempore
1915 1600 2026 1633 multa
2048 1599 2101 1633 di-

1101 1649 1223 1690 scetis,
1259 1662 1349 1695 quae
1368 1651 1404 1683 in
1420 1657 1603 1695 posterum
1630 1652 1667 1684 111
1688 1651 1948 1696 gubernatione
1974 1651 2101 1684 memi-

1101 1702 1194 1735 nisse
1210 1702 1385 1746 proderit.
1437 1702 1601 1736 Primum
1617 1703 1726 1748 igitur
1744 1703 1817 1736 dixi
1832 1715 1891 1737 eos
1902 1730 1910 1743 ,
1940 1703 2001 1748 qui
2017 1714 2100 1747 pro-

1102 1760 1224 1798 pterea
1242 1753 1461 1787 consternati
1480 1761 1600 1795 erant,
1629 1756 1726 1799 quod
1743 1754 1993 1788 existimabant
2006 1752 2102 1787 The-

1101 1806 1214 1837 banos
1237 1802 1407 1849 Philippo
1442 1805 1576 1839 amicos
1607 1817 1700 1846 esse,
1738 1805 1834 1845 salli,
1876 1817 1942 1838 1166
1965 1806 2101 1846 videre,

1102 1856 1189 1902 quid
1214 1862 1390 1900 ageretur.
1449 1855 1541 1890 Nam
1567 1857 1597 1890 si
1620 1857 1687 1890 illis
1713 1857 1924 1897 confideret,
1959 1857 2101 1890 audire-

1101 1920 1180 1941 mus
1208 1920 1288 1941 eum
1319 1919 1394 1940 non
1418 1907 1457 1940 in
1480 1907 1625 1948 Elatea,
1667 1909 1727 1941 sed
1752 1908 1789 1940 in
1814 1908 1945 1942 nostris
1970 1908 2101 1942 finibus

1103 1971 1187 1993 esse.
1247 1958 1355 1991 Venit
1379 1959 1487 2002 igitur
1507 1971 1569 2000 eo,
1603 1965 1643 1992 ut
1659 1957 1824 1992 Thebani
1848 1959 1947 2004 prius
1972 1959 2102 1993 domiti

1103 2009 1192 2043 nihil
1209 2010 1410 2054 impediant
1429 2017 1589 2051 caetera,
1624 2023 1716 2056 quae
1740 2011 1899 2045 molitur.
1958 2012 2010 2045 Ac
2038 2023 2101 2044 au-

1103 2063 1194 2103 dite,
1217 2062 1322 2107 quale
1347 2062 1536 2095 consilinm
1561 2074 1634 2095 esse
1660 2062 1733 2096 eius
1760 2062 1924 2096 dixerim.
1984 2062 2102 2097 Habet

1104 2114 1278 2147 obnoxios
1297 2114 1363 2147 sibi
1378 2113 1553 2159 plurimos
1572 2112 1726 2155 Thebis,
1753 2127 1843 2159 quos
1865 2120 1927 2147 aut
1948 2115 2100 2159 pecunia

1104 2177 1353 2209 corrumpere,
1405 2172 1467 2198 aut
1493 2165 1721 2199 simulatione
1751 2166 1914 2210 decipere
1948 2165 2100 2210 poterit;

1103 2218 1163 2251 sed
1185 2217 1315 2262 reliqui
1334 2222 1416 2251 sunt
1436 2217 1561 2257 multi,
1595 2217 1656 2262 qui
1680 2218 1928 2250 adversantur.
1980 2216 2100 2261 Prope

1103 2269 1211 2313 igitur
1229 2269 1421 2302 exercitum
1441 2268 1609 2309 adduxit,
1637 2275 1676 2302 ut
1693 2274 1834 2302 ostenso
1853 2275 1989 2301 terrore
2010 2268 2101 2301 ami-

1104 2322 1151 2354 cis
1168 2320 1328 2354 animum
1347 2321 1512 2360 adderet,
1540 2325 1575 2352 et
1590 2320 1860 2354 adversantibus
1886 2325 2021 2353 metum
2046 2319 2102 2352 in-

1104 2378 1257 2412 cuteret,
1283 2378 1324 2405 ut
1345 2372 1401 2404 vel
1424 2371 1553 2404 timore
1576 2372 1760 2411 cederent,
1793 2371 1849 2404 vel
1873 2371 1909 2403 vi
1932 2383 2102 2415 cogeren-

1104 2431 1162 2457 tur
1188 2423 1359 2457 adiuvare
1382 2422 1656 2456 Macedonicum
1681 2434 1813 2466 regem.
1881 2420 1955 2455 Iam
1982 2422 2011 2456 si
2034 2434 2102 2457 nos

1103 2473 1172 2509 hoc
1189 2481 1349 2520 tempore
1367 2481 1515 2519 propter
1531 2480 1667 2507 veteres
1684 2473 1898 2507 offensiones
1916 2471 2102 2508 Thebanis

1104 2527 1263 2560 diffidere
1291 2526 1530 2564 voluerimus,
1570 2531 1744 2570 tanquam
1775 2525 1846 2559 sint
1873 2525 1911 2558 in
1941 2523 2102 2559 hostium

1103 2579 1284 2623 partibus,
1325 2578 1483 2622 primum
1516 2576 1553 2608 id
1583 2577 1772 2617 faciemus,
1815 2578 1913 2623 quod
1946 2577 2102 2610 maxime

1104 2628 1292 2674 Philippus
1311 2634 1430 2673 optat,
1458 2627 1586 2661 deinde
1604 2634 1725 2662 metuo
1741 2628 1837 2669 sore,
1870 2634 1930 2668 ut,
1965 2628 2028 2674 (1111
2052 2627 2103 2661 ibi

1107 2682 1392 2715 adversabantur
1407 2679 1537 2713 deserti
1554 2691 1571 2712 a
1589 2680 1694 2713 nobis
1718 2680 1937 2723 coniungant
1959 2691 1995 2713 56
2021 2691 2101 2712 611111

1108 2732 1292 2774 hostibus,
1333 2739 1367 2765 et
1398 2731 1505 2765 simul
1532 2731 1676 2777 utrique
1702 2732 1739 2764 in
1763 2731 1919 2765 Atticam
1943 2730 2102 2765 veniant.

1384 2780 1471 2817 53*
