<?xml version="1.0" encoding="UTF-8"?>
<!DOCTYPE html PUBLIC "-//W3C//DTD XHTML 1.0 Transitional//EN"
    "http://www.w3.org/TR/xhtml1/DTD/xhtml1-transitional.dtd">
<html xmlns="http://www.w3.org/1999/xhtml" xml:lang="en" lang="en">
 <head>
  <title>
</title>
<meta http-equiv="Content-Type" content="text/html;charset=utf-8" />
  <meta name='ocr-system' content='tesseract 3.04.00' />
  <meta name='ocr-capabilities' content='ocr_page ocr_carea ocr_par ocr_line ocrx_word'/>
</head>
<body>
  <div class='ocr_page' id='page_1' title='image "./operaquaesupersu17melauoft/operaquaesupersu17melauoft_0525.png"; bbox 0 0 2351 2990; ppageno 0'>
   <div class='ocr_carea' id='block_1_1' title="bbox 123 124 225 163">
    <p class='ocr_par' dir='ltr' id='par_1_1' title="bbox 123 124 225 163">
     <span class='ocr_line' id='line_1_1' title="bbox 123 124 225 163; baseline -0.02 -1"><span class='ocrx_word' id='word_1_1' title='bbox 123 127 142 162; x_wconf 93' lang='lat'>1</span> <span class='ocrx_word' id='word_1_2' title='bbox 149 124 225 163; x_wconf 76' lang='lat'>025</span> 
     </span>
    </p>
   </div>
   <div class='ocr_carea' id='block_1_2' title="bbox 110 211 1122 2475">
    <p class='ocr_par' dir='ltr' id='par_1_2' title="bbox 118 211 1122 307">
     <span class='ocr_line' id='line_1_2' title="bbox 118 211 1122 259; baseline -0.001 -11"><span class='ocrx_word' id='word_1_3' title='bbox 118 213 247 253; x_wconf 88' lang='lat' dir='ltr'>scatis,</span> <span class='ocrx_word' id='word_1_4' title='bbox 273 218 307 245; x_wconf 90' lang='lat' dir='ltr'>et</span> <span class='ocrx_word' id='word_1_5' title='bbox 329 211 538 251; x_wconf 89' lang='lat' dir='ltr'>commoda,</span> <span class='ocrx_word' id='word_1_6' title='bbox 566 223 657 257; x_wconf 86' lang='lat' dir='ltr'>quae</span> <span class='ocrx_word' id='word_1_7' title='bbox 680 212 733 244; x_wconf 84' lang='lat' dir='ltr'>illi</span> <span class='ocrx_word' id='word_1_8' title='bbox 747 212 778 259; x_wconf 80' lang='lat'>⁵)</span> <span class='ocrx_word' id='word_1_9' title='bbox 805 213 1020 254; x_wconf 88' lang='lat' dir='ltr'>ostendunt,</span> <span class='ocrx_word' id='word_1_10' title='bbox 1047 226 1122 247; x_wconf 90' lang='lat' dir='ltr'>non</span> 
     </span>
     <span class='ocr_line' id='line_1_3' title="bbox 119 262 581 307; baseline -0.004 -9"><span class='ocrx_word' id='word_1_11' title='bbox 119 265 198 299; x_wconf 87' lang='lat' dir='ltr'>sine</span> <span class='ocrx_word' id='word_1_12' title='bbox 216 263 358 297; x_wconf 89' lang='lat' dir='ltr'>ratione</span> <span class='ocrx_word' id='word_1_13' title='bbox 375 262 581 307; x_wconf 81' lang='lat' dir='ltr'>repudietIs.</span> 
     </span>
    </p>

    <p class='ocr_par' dir='ltr' id='par_1_3' title="bbox 112 314 1119 1017">
     <span class='ocr_line' id='line_1_4' title="bbox 223 314 1119 349; baseline 0 -1"><span class='ocrx_word' id='word_1_14' title='bbox 223 315 337 348; x_wconf 80' lang='lat' dir='ltr'>Aiunt</span> <span class='ocrx_word' id='word_1_15' title='bbox 353 314 548 349; x_wconf 77' lang='lat' dir='ltr'>modestiae</span> <span class='ocrx_word' id='word_1_16' title='bbox 566 325 669 347; x_wconf 84' lang='lat' dir='ltr'>causa</span> <span class='ocrx_word' id='word_1_17' title='bbox 689 326 724 347; x_wconf 95' lang='lat' dir='ltr'>se</span> <span class='ocrx_word' id='word_1_18' title='bbox 748 314 885 348; x_wconf 89' lang='lat' dir='ltr'>nullam</span> <span class='ocrx_word' id='word_1_19' title='bbox 912 314 1119 349; x_wconf 82' lang='lat' dir='ltr'>societatem</span> 
     </span>
     <span class='ocr_line' id='line_1_5' title="bbox 119 365 1119 410; baseline 0 -10"><span class='ocrx_word' id='word_1_20' title='bbox 119 379 199 400; x_wconf 91' lang='lat' dir='ltr'>cum</span> <span class='ocrx_word' id='word_1_21' title='bbox 217 367 295 400; x_wconf 88' lang='lat' dir='ltr'>aliis</span> <span class='ocrx_word' id='word_1_22' title='bbox 315 366 458 406; x_wconf 88' lang='lat' dir='ltr'>fecisse,</span> <span class='ocrx_word' id='word_1_23' title='bbox 491 365 527 398; x_wconf 93' lang='lat' dir='ltr'>id</span> <span class='ocrx_word' id='word_1_24' title='bbox 555 377 640 398; x_wconf 74' lang='lat' dir='ltr'>vero</span> <span class='ocrx_word' id='word_1_25' title='bbox 664 373 873 407; x_wconf 87' lang='lat' dir='ltr'>servarunt,</span> <span class='ocrx_word' id='word_1_26' title='bbox 907 373 948 400; x_wconf 93' lang='lat' dir='ltr'>ut</span> <span class='ocrx_word' id='word_1_27' title='bbox 971 366 1119 410; x_wconf 86' lang='lat' dir='ltr'>impune</span> 
     </span>
     <span class='ocr_line' id='line_1_6' title="bbox 118 417 1119 463; baseline -0.001 -12"><span class='ocrx_word' id='word_1_28' title='bbox 118 419 273 462; x_wconf 81' lang='lat' dir='ltr'>grassari</span> <span class='ocrx_word' id='word_1_29' title='bbox 291 417 447 463; x_wconf 83' lang='lat' dir='ltr'><strong>possint,</strong></span> <span class='ocrx_word' id='word_1_30' title='bbox 478 428 554 449; x_wconf 89' lang='lat' dir='ltr'>non</span> <span class='ocrx_word' id='word_1_31' title='bbox 577 428 699 450; x_wconf 87' lang='lat' dir='ltr'>amore</span> <span class='ocrx_word' id='word_1_32' title='bbox 725 417 901 458; x_wconf 82' lang='lat' dir='ltr'>iustitiae,</span> <span class='ocrx_word' id='word_1_33' title='bbox 936 430 1015 451; x_wconf 88' lang='lat' dir='ltr'>cum</span> <span class='ocrx_word' id='word_1_34' title='bbox 1040 418 1119 451; x_wconf 91' lang='lat' dir='ltr'>nol-</span> 
     </span>
     <span class='ocr_line' id='line_1_7' title="bbox 118 466 1117 514; baseline 0.001 -12"><span class='ocrx_word' id='word_1_35' title='bbox 118 469 194 502; x_wconf 84' lang='lat' dir='ltr'>lent</span> <span class='ocrx_word' id='word_1_36' title='bbox 208 469 297 503; x_wconf 92' lang='lat' dir='ltr'>alios</span> <span class='ocrx_word' id='word_1_37' title='bbox 314 469 585 502; x_wconf 79' lang='lat' dir='ltr'>malefactorum</span> <span class='ocrx_word' id='word_1_38' title='bbox 603 474 707 502; x_wconf 88' lang='lat' dir='ltr'>testes</span> <span class='ocrx_word' id='word_1_39' title='bbox 724 466 856 502; x_wconf 82' lang='lat' dir='ltr'>habere</span> <span class='ocrx_word' id='word_1_40' title='bbox 869 496 877 509; x_wconf 92' lang='lat'>,</span> <span class='ocrx_word' id='word_1_41' title='bbox 906 482 972 502; x_wconf 92' lang='lat' dir='ltr'>nec</span> <span class='ocrx_word' id='word_1_42' title='bbox 984 469 1117 514; x_wconf 67' lang='lat' dir='ltr'>{dolore</span> 
     </span>
     <span class='ocr_line' id='line_1_8' title="bbox 117 519 1118 564; baseline 0 -10"><span class='ocrx_word' id='word_1_43' title='bbox 117 521 230 561; x_wconf 89' lang='lat' dir='ltr'>affici,</span> <span class='ocrx_word' id='word_1_44' title='bbox 262 521 291 555; x_wconf 93' lang='lat' dir='ltr'>si</span> <span class='ocrx_word' id='word_1_45' title='bbox 313 519 449 553; x_wconf 86' lang='lat' dir='ltr'>vocatis</span> <span class='ocrx_word' id='word_1_46' title='bbox 472 520 577 554; x_wconf 87' lang='lat' dir='ltr'>sociis</span> <span class='ocrx_word' id='word_1_47' title='bbox 599 532 655 554; x_wconf 91' lang='lat' dir='ltr'>res</span> <span class='ocrx_word' id='word_1_48' title='bbox 686 527 998 564; x_wconf 81' lang='lat' dir='ltr'><strong>cognoscerentur.</strong></span> <span class='ocrx_word' id='word_1_49' title='bbox 1065 520 1118 554; x_wconf 88' lang='lat' dir='ltr'>Ac</span> 
     </span>
     <span class='ocr_line' id='line_1_9' title="bbox 115 571 1117 617; baseline 0 -12"><span class='ocrx_word' id='word_1_50' title='bbox 115 572 214 605; x_wconf 91' lang='lat' dir='ltr'>urbis</span> <span class='ocrx_word' id='word_1_51' title='bbox 231 572 317 605; x_wconf 89' lang='lat' dir='ltr'>situs</span> <span class='ocrx_word' id='word_1_52' title='bbox 336 571 435 604; x_wconf 81' lang='lat' dir='ltr'>addit</span> <span class='ocrx_word' id='word_1_53' title='bbox 450 571 498 606; x_wconf 88' lang='lat' dir='ltr'>eis</span> <span class='ocrx_word' id='word_1_54' title='bbox 515 571 675 606; x_wconf 89' lang='lat' dir='ltr'>animum</span> <span class='ocrx_word' id='word_1_55' title='bbox 687 598 696 612; x_wconf 96' lang='lat'>‚</span> <span class='ocrx_word' id='word_1_56' title='bbox 723 578 763 605; x_wconf 90' lang='lat' dir='ltr'>ut</span> <span class='ocrx_word' id='word_1_57' title='bbox 778 573 892 616; x_wconf 83' lang='lat' dir='ltr'>magis</span> <span class='ocrx_word' id='word_1_58' title='bbox 915 572 1027 605; x_wconf 89' lang='lat' dir='ltr'>velint</span> <span class='ocrx_word' id='word_1_59' title='bbox 1048 572 1117 617; x_wconf 88' lang='lat' dir='ltr'>ipsi</span> 
     </span>
     <span class='ocr_line' id='line_1_10' title="bbox 114 623 1114 669; baseline 0.001 -13"><span class='ocrx_word' id='word_1_60' title='bbox 114 623 249 657; x_wconf 90' lang='lat' dir='ltr'>iudices</span> <span class='ocrx_word' id='word_1_61' title='bbox 282 634 355 656; x_wconf 89' lang='lat' dir='ltr'>esse</span> <span class='ocrx_word' id='word_1_62' title='bbox 380 635 489 669; x_wconf 80' lang='lat' dir='ltr'>quam</span> <span class='ocrx_word' id='word_1_63' title='bbox 520 623 674 657; x_wconf 85' lang='lat' dir='ltr'>aliorum</span> <span class='ocrx_word' id='word_1_64' title='bbox 700 623 830 657; x_wconf 89' lang='lat' dir='ltr'>iudicia</span> <span class='ocrx_word' id='word_1_65' title='bbox 855 623 994 664; x_wconf 88' lang='lat' dir='ltr'>subire,</span> <span class='ocrx_word' id='word_1_66' title='bbox 1031 624 1114 669; x_wconf 89' lang='lat' dir='ltr'>quia</span> 
     </span>
     <span class='ocr_line' id='line_1_11' title="bbox 114 673 1116 719; baseline 0.001 -12"><span class='ocrx_word' id='word_1_67' title='bbox 114 673 182 719; x_wconf 93' lang='lat' dir='ltr'>ipsi</span> <span class='ocrx_word' id='word_1_68' title='bbox 197 686 272 707; x_wconf 90' lang='lat' dir='ltr'>non</span> <span class='ocrx_word' id='word_1_69' title='bbox 289 686 394 719; x_wconf 81' lang='lat' dir='ltr'>saepe</span> <span class='ocrx_word' id='word_1_70' title='bbox 408 675 454 708; x_wconf 89' lang='lat' dir='ltr'>ad</span> <span class='ocrx_word' id='word_1_71' title='bbox 473 675 562 709; x_wconf 90' lang='lat' dir='ltr'>alios</span> <span class='ocrx_word' id='word_1_72' title='bbox 580 675 772 719; x_wconf 76' lang='lat' dir='ltr'>navigant,</span> <span class='ocrx_word' id='word_1_73' title='bbox 799 676 931 709; x_wconf 89' lang='lat' dir='ltr'>multos</span> <span class='ocrx_word' id='word_1_74' title='bbox 950 687 1035 708; x_wconf 71' lang='lat' dir='ltr'>vero</span> <span class='ocrx_word' id='word_1_75' title='bbox 1054 688 1116 709; x_wconf 90' lang='lat' dir='ltr'>ne-</span> 
     </span>
     <span class='ocr_line' id='line_1_12' title="bbox 113 725 1115 772; baseline 0 -13"><span class='ocrx_word' id='word_1_76' title='bbox 113 725 267 760; x_wconf 88' lang='lat' dir='ltr'>cessario</span> <span class='ocrx_word' id='word_1_77' title='bbox 295 726 648 771; x_wconf 76' lang='lat' dir='ltr'>praeternavigantes</span> <span class='ocrx_word' id='word_1_78' title='bbox 671 726 864 770; x_wconf 89' lang='lat' dir='ltr'>excipiunt.</span> <span class='ocrx_word' id='word_1_79' title='bbox 917 726 1025 772; x_wconf 86' lang='lat' dir='ltr'>Quod</span> <span class='ocrx_word' id='word_1_80' title='bbox 1051 727 1115 771; x_wconf 83' lang='lat' dir='ltr'>igi-</span> 
     </span>
     <span class='ocr_line' id='line_1_13' title="bbox 112 777 1114 822; baseline 0.001 -11"><span class='ocrx_word' id='word_1_81' title='bbox 112 783 172 811; x_wconf 90' lang='lat' dir='ltr'>tur</span> <span class='ocrx_word' id='word_1_82' title='bbox 188 777 345 822; x_wconf 82' lang='lat' dir='ltr'>speciose</span> <span class='ocrx_word' id='word_1_83' title='bbox 362 778 485 811; x_wconf 87' lang='lat' dir='ltr'>dicunt</span> <span class='ocrx_word' id='word_1_84' title='bbox 503 790 538 811; x_wconf 87' lang='lat' dir='ltr'>se</span> <span class='ocrx_word' id='word_1_85' title='bbox 559 790 578 811; x_wconf 86' lang='lat' dir='ltr'>a</span> <span class='ocrx_word' id='word_1_86' title='bbox 602 777 807 811; x_wconf 81' lang='lat' dir='ltr'>foederibus</span> <span class='ocrx_word' id='word_1_87' title='bbox 834 778 970 812; x_wconf 84' lang='lat' dir='ltr'>alienos</span> <span class='ocrx_word' id='word_1_88' title='bbox 995 778 1114 819; x_wconf 87' lang='lat' dir='ltr'>fuisse,</span> 
     </span>
     <span class='ocr_line' id='line_1_14' title="bbox 112 829 1115 869; baseline 0.001 -7"><span class='ocrx_word' id='word_1_89' title='bbox 112 841 189 862; x_wconf 88' lang='lat' dir='ltr'>non</span> <span class='ocrx_word' id='word_1_90' title='bbox 206 841 247 862; x_wconf 94' lang='lat' dir='ltr'>eo</span> <span class='ocrx_word' id='word_1_91' title='bbox 266 829 399 863; x_wconf 85' lang='lat' dir='ltr'>factum</span> <span class='ocrx_word' id='word_1_92' title='bbox 417 835 488 869; x_wconf 91' lang='lat' dir='ltr'>est,</span> <span class='ocrx_word' id='word_1_93' title='bbox 513 841 557 862; x_wconf 89' lang='lat' dir='ltr'>ne</span> <span class='ocrx_word' id='word_1_94' title='bbox 573 830 710 863; x_wconf 87' lang='lat' dir='ltr'>alienae</span> <span class='ocrx_word' id='word_1_95' title='bbox 735 829 930 863; x_wconf 85' lang='lat' dir='ltr'>iniustitiae</span> <span class='ocrx_word' id='word_1_96' title='bbox 953 829 1040 863; x_wconf 91' lang='lat' dir='ltr'>socii</span> <span class='ocrx_word' id='word_1_97' title='bbox 1063 842 1115 864; x_wconf 91' lang='lat' dir='ltr'>es-</span> 
     </span>
     <span class='ocr_line' id='line_1_15' title="bbox 113 880 1115 926; baseline -0.001 -11"><span class='ocrx_word' id='word_1_98' title='bbox 113 887 210 920; x_wconf 90' lang='lat' dir='ltr'>sent,</span> <span class='ocrx_word' id='word_1_99' title='bbox 231 881 292 914; x_wconf 89' lang='lat' dir='ltr'>sed</span> <span class='ocrx_word' id='word_1_100' title='bbox 309 887 350 914; x_wconf 94' lang='lat' dir='ltr'>ut</span> <span class='ocrx_word' id='word_1_101' title='bbox 366 880 434 925; x_wconf 91' lang='lat' dir='ltr'>ipsi</span> <span class='ocrx_word' id='word_1_102' title='bbox 449 881 596 925; x_wconf 89' lang='lat' dir='ltr'>impune</span> <span class='ocrx_word' id='word_1_103' title='bbox 615 886 824 926; x_wconf 78' lang='lat' dir='ltr'>peccarent,</span> <span class='ocrx_word' id='word_1_104' title='bbox 853 888 888 914; x_wconf 90' lang='lat' dir='ltr'>et</span> <span class='ocrx_word' id='word_1_105' title='bbox 902 881 937 914; x_wconf 89' lang='lat' dir='ltr'>vi</span> <span class='ocrx_word' id='word_1_106' title='bbox 961 888 995 915; x_wconf 86' lang='lat' dir='ltr'>et</span> <span class='ocrx_word' id='word_1_107' title='bbox 1017 882 1115 915; x_wconf 88' lang='lat' dir='ltr'>frau-</span> 
     </span>
     <span class='ocr_line' id='line_1_16' title="bbox 113 932 1114 977; baseline 0.003 -13"><span class='ocrx_word' id='word_1_108' title='bbox 113 932 158 965; x_wconf 92' lang='lat' dir='ltr'>de</span> <span class='ocrx_word' id='word_1_109' title='bbox 183 932 337 977; x_wconf 84' lang='lat' dir='ltr'>praedas</span> <span class='ocrx_word' id='word_1_110' title='bbox 360 933 563 972; x_wconf 86' lang='lat' dir='ltr'>auferrent,</span> <span class='ocrx_word' id='word_1_111' title='bbox 600 939 634 966; x_wconf 91' lang='lat' dir='ltr'>et</span> <span class='ocrx_word' id='word_1_112' title='bbox 659 932 801 977; x_wconf 83' lang='lat' dir='ltr'>adepti,</span> <span class='ocrx_word' id='word_1_113' title='bbox 834 933 952 967; x_wconf 89' lang='lat' dir='ltr'>nullos</span> <span class='ocrx_word' id='word_1_114' title='bbox 981 933 1114 967; x_wconf 91' lang='lat' dir='ltr'>iudices</span> 
     </span>
     <span class='ocr_line' id='line_1_17' title="bbox 113 989 330 1017; baseline 0.005 -1"><span class='ocrx_word' id='word_1_115' title='bbox 113 989 330 1017; x_wconf 84' lang='lat' dir='ltr'>metuerent.</span> 
     </span>
    </p>

    <p class='ocr_par' dir='ltr' id='par_1_4' title="bbox 110 1032 1117 2319">
     <span class='ocr_line' id='line_1_18' title="bbox 215 1032 1112 1082; baseline 0 -13"><span class='ocrx_word' id='word_1_116' title='bbox 215 1034 309 1069; x_wconf 83' lang='lat' dir='ltr'>Nam</span> <span class='ocrx_word' id='word_1_117' title='bbox 327 1033 357 1067; x_wconf 90' lang='lat' dir='ltr'>si</span> <span class='ocrx_word' id='word_1_118' title='bbox 374 1040 491 1067; x_wconf 89' lang='lat' dir='ltr'>essent</span> <span class='ocrx_word' id='word_1_119' title='bbox 506 1033 594 1067; x_wconf 91' lang='lat' dir='ltr'>boni</span> <span class='ocrx_word' id='word_1_120' title='bbox 610 1032 699 1075; x_wconf 89' lang='lat' dir='ltr'>viri,</span> <span class='ocrx_word' id='word_1_121' title='bbox 724 1041 765 1069; x_wconf 93' lang='lat' dir='ltr'>ut</span> <span class='ocrx_word' id='word_1_122' title='bbox 782 1035 1012 1080; x_wconf 89' lang='lat' dir='ltr'>praedicant,</span> <span class='ocrx_word' id='word_1_123' title='bbox 1041 1048 1112 1082; x_wconf 92' lang='lat' dir='ltr'>quo</span> 
     </span>
     <span class='ocr_line' id='line_1_19' title="bbox 110 1085 1114 1130; baseline 0 -10"><span class='ocrx_word' id='word_1_124' title='bbox 110 1085 232 1120; x_wconf 91' lang='lat' dir='ltr'>minus</span> <span class='ocrx_word' id='word_1_125' title='bbox 249 1085 444 1130; x_wconf 86' lang='lat' dir='ltr'>culpabiles</span> <span class='ocrx_word' id='word_1_126' title='bbox 468 1091 604 1125; x_wconf 88' lang='lat' dir='ltr'>essent,</span> <span class='ocrx_word' id='word_1_127' title='bbox 633 1097 674 1118; x_wconf 93' lang='lat' dir='ltr'>eo</span> <span class='ocrx_word' id='word_1_128' title='bbox 700 1086 820 1121; x_wconf 88' lang='lat' dir='ltr'>minus</span> <span class='ocrx_word' id='word_1_129' title='bbox 842 1085 1114 1121; x_wconf 90' lang='lat' dir='ltr'>abhorruissent</span> 
     </span>
     <span class='ocr_line' id='line_1_20' title="bbox 112 1136 1114 1183; baseline 0 -12"><span class='ocrx_word' id='word_1_130' title='bbox 112 1149 133 1171; x_wconf 92' lang='lat' dir='ltr'>a</span> <span class='ocrx_word' id='word_1_131' title='bbox 150 1137 378 1177; x_wconf 84' lang='lat' dir='ltr'>foederibus,</span> <span class='ocrx_word' id='word_1_132' title='bbox 404 1143 445 1170; x_wconf 91' lang='lat' dir='ltr'>ut</span> <span class='ocrx_word' id='word_1_133' title='bbox 469 1136 604 1171; x_wconf 85' lang='lat' dir='ltr'>iustitia</span> <span class='ocrx_word' id='word_1_134' title='bbox 631 1137 793 1181; x_wconf 88' lang='lat' dir='ltr'>ipsorum</span> <span class='ocrx_word' id='word_1_135' title='bbox 819 1138 931 1183; x_wconf 87' lang='lat' dir='ltr'>magis</span> <span class='ocrx_word' id='word_1_136' title='bbox 956 1139 1114 1183; x_wconf 88' lang='lat' dir='ltr'>conspici</span> 
     </span>
     <span class='ocr_line' id='line_1_21' title="bbox 111 1187 1113 1236; baseline 0.001 -13"><span class='ocrx_word' id='word_1_137' title='bbox 111 1201 132 1223; x_wconf 85' lang='lat' dir='ltr'>a</span> <span class='ocrx_word' id='word_1_138' title='bbox 151 1189 301 1223; x_wconf 82' lang='lat' dir='ltr'>caeteris</span> <span class='ocrx_word' id='word_1_139' title='bbox 317 1195 437 1233; x_wconf 90' lang='lat' dir='ltr'>posset</span> <span class='ocrx_word' id='word_1_140' title='bbox 451 1187 496 1236; x_wconf 81' lang='lat'>⁶).</span> <span class='ocrx_word' id='word_1_141' title='bbox 548 1188 618 1222; x_wconf 90' lang='lat' dir='ltr'>Sed</span> <span class='ocrx_word' id='word_1_142' title='bbox 633 1201 749 1235; x_wconf 91' lang='lat' dir='ltr'>neque</span> <span class='ocrx_word' id='word_1_143' title='bbox 770 1202 853 1234; x_wconf 87' lang='lat' dir='ltr'>erga</span> <span class='ocrx_word' id='word_1_144' title='bbox 876 1202 961 1231; x_wconf 88' lang='lat' dir='ltr'>nos,</span> <span class='ocrx_word' id='word_1_145' title='bbox 995 1203 1113 1236; x_wconf 90' lang='lat' dir='ltr'>neque</span> 
     </span>
     <span class='ocr_line' id='line_1_22' title="bbox 112 1240 1115 1286; baseline 0 -11"><span class='ocrx_word' id='word_1_146' title='bbox 112 1253 196 1286; x_wconf 86' lang='lat' dir='ltr'>erga</span> <span class='ocrx_word' id='word_1_147' title='bbox 214 1241 304 1274; x_wconf 87' lang='lat' dir='ltr'>alios</span> <span class='ocrx_word' id='word_1_148' title='bbox 328 1240 416 1273; x_wconf 85' lang='lat' dir='ltr'>tales</span> <span class='ocrx_word' id='word_1_149' title='bbox 441 1246 544 1279; x_wconf 88' lang='lat' dir='ltr'>sunt,</span> <span class='ocrx_word' id='word_1_150' title='bbox 575 1251 654 1273; x_wconf 91' lang='lat' dir='ltr'>cum</span> <span class='ocrx_word' id='word_1_151' title='bbox 680 1241 800 1274; x_wconf 90' lang='lat' dir='ltr'>coloni</span> <span class='ocrx_word' id='word_1_152' title='bbox 824 1241 939 1275; x_wconf 87' lang='lat' dir='ltr'>nostri</span> <span class='ocrx_word' id='word_1_153' title='bbox 963 1242 1053 1281; x_wconf 92' lang='lat' dir='ltr'>sint,</span> <span class='ocrx_word' id='word_1_154' title='bbox 1081 1248 1115 1275; x_wconf 92' lang='lat' dir='ltr'>et</span> 
     </span>
     <span class='ocr_line' id='line_1_23' title="bbox 111 1291 1114 1330; baseline 0 -4"><span class='ocrx_word' id='word_1_155' title='bbox 111 1299 217 1326; x_wconf 85' lang='lat' dir='ltr'>antea</span> <span class='ocrx_word' id='word_1_156' title='bbox 233 1292 442 1325; x_wconf 89' lang='lat' dir='ltr'>defecerunt</span> <span class='ocrx_word' id='word_1_157' title='bbox 459 1304 478 1323; x_wconf 90' lang='lat' dir='ltr'>a</span> <span class='ocrx_word' id='word_1_158' title='bbox 498 1291 622 1330; x_wconf 92' lang='lat' dir='ltr'>nohis,</span> <span class='ocrx_word' id='word_1_159' title='bbox 657 1298 692 1324; x_wconf 91' lang='lat' dir='ltr'>et</span> <span class='ocrx_word' id='word_1_160' title='bbox 716 1304 812 1325; x_wconf 90' lang='lat' dir='ltr'>nunc</span> <span class='ocrx_word' id='word_1_161' title='bbox 832 1293 965 1326; x_wconf 91' lang='lat' dir='ltr'>bellum</span> <span class='ocrx_word' id='word_1_162' title='bbox 994 1293 1114 1326; x_wconf 89' lang='lat' dir='ltr'>nobis-</span> 
     </span>
     <span class='ocr_line' id='line_1_24' title="bbox 110 1341 1114 1389; baseline -0.001 -11"><span class='ocrx_word' id='word_1_163' title='bbox 110 1356 192 1378; x_wconf 91' lang='lat' dir='ltr'>cum</span> <span class='ocrx_word' id='word_1_164' title='bbox 208 1349 358 1389; x_wconf 86' lang='lat' dir='ltr'>gerunt,</span> <span class='ocrx_word' id='word_1_165' title='bbox 384 1355 464 1376; x_wconf 88' lang='lat' dir='ltr'>cum</span> <span class='ocrx_word' id='word_1_166' title='bbox 484 1341 630 1388; x_wconf 88' lang='lat' dir='ltr'>quidem</span> <span class='ocrx_word' id='word_1_167' title='bbox 645 1342 768 1376; x_wconf 87' lang='lat' dir='ltr'>dicant</span> <span class='ocrx_word' id='word_1_168' title='bbox 786 1355 822 1377; x_wconf 92' lang='lat' dir='ltr'>se</span> <span class='ocrx_word' id='word_1_169' title='bbox 844 1355 919 1376; x_wconf 91' lang='lat' dir='ltr'>non</span> <span class='ocrx_word' id='word_1_170' title='bbox 943 1344 1114 1377; x_wconf 88' lang='lat' dir='ltr'>deductos</span> 
     </span>
     <span class='ocr_line' id='line_1_25' title="bbox 110 1393 1114 1440; baseline -0.002 -10"><span class='ocrx_word' id='word_1_171' title='bbox 110 1408 206 1436; x_wconf 82' lang='lat' dir='ltr'>esse,</span> <span class='ocrx_word' id='word_1_172' title='bbox 230 1401 271 1428; x_wconf 91' lang='lat' dir='ltr'>ut</span> <span class='ocrx_word' id='word_1_173' title='bbox 286 1393 437 1428; x_wconf 86' lang='lat' dir='ltr'>iniurias</span> <span class='ocrx_word' id='word_1_174' title='bbox 455 1406 474 1426; x_wconf 88' lang='lat' dir='ltr'>a</span> <span class='ocrx_word' id='word_1_175' title='bbox 492 1393 596 1427; x_wconf 89' lang='lat' dir='ltr'>nobis</span> <span class='ocrx_word' id='word_1_176' title='bbox 623 1394 821 1439; x_wconf 87' lang='lat' dir='ltr'>accipiant,</span> <span class='ocrx_word' id='word_1_177' title='bbox 857 1394 987 1440; x_wconf 91' lang='lat' dir='ltr'>quibus</span> <span class='ocrx_word' id='word_1_178' title='bbox 1012 1394 1114 1428; x_wconf 86' lang='lat' dir='ltr'>vicis-</span> 
     </span>
     <span class='ocr_line' id='line_1_26' title="bbox 111 1446 1115 1491; baseline -0.002 -10"><span class='ocrx_word' id='word_1_179' title='bbox 111 1447 180 1482; x_wconf 87' lang='lat' dir='ltr'>sim</span> <span class='ocrx_word' id='word_1_180' title='bbox 198 1446 478 1491; x_wconf 81' lang='lat' dir='ltr'>respondemus,</span> <span class='ocrx_word' id='word_1_181' title='bbox 504 1457 571 1478; x_wconf 91' lang='lat' dir='ltr'>nos</span> <span class='ocrx_word' id='word_1_182' title='bbox 588 1456 664 1478; x_wconf 91' lang='lat' dir='ltr'>non</span> <span class='ocrx_word' id='word_1_183' title='bbox 679 1446 866 1480; x_wconf 89' lang='lat' dir='ltr'>deduxisse</span> <span class='ocrx_word' id='word_1_184' title='bbox 884 1446 1051 1487; x_wconf 86' lang='lat' dir='ltr'>colonos,</span> <span class='ocrx_word' id='word_1_185' title='bbox 1075 1453 1115 1480; x_wconf 89' lang='lat' dir='ltr'>ut</span> 
     </span>
     <span class='ocr_line' id='line_1_27' title="bbox 110 1496 1115 1544; baseline -0.004 -10"><span class='ocrx_word' id='word_1_186' title='bbox 110 1498 263 1544; x_wconf 88' lang='lat' dir='ltr'>superbe</span> <span class='ocrx_word' id='word_1_187' title='bbox 285 1498 330 1531; x_wconf 89' lang='lat' dir='ltr'>ab</span> <span class='ocrx_word' id='word_1_188' title='bbox 355 1497 405 1531; x_wconf 92' lang='lat' dir='ltr'>eis</span> <span class='ocrx_word' id='word_1_189' title='bbox 428 1496 644 1530; x_wconf 91' lang='lat' dir='ltr'>contumelia</span> <span class='ocrx_word' id='word_1_190' title='bbox 668 1497 889 1537; x_wconf 86' lang='lat' dir='ltr'>afficiamur,</span> <span class='ocrx_word' id='word_1_191' title='bbox 922 1499 983 1532; x_wconf 89' lang='lat' dir='ltr'>sed</span> <span class='ocrx_word' id='word_1_192' title='bbox 1006 1504 1047 1531; x_wconf 91' lang='lat' dir='ltr'>ut</span> <span class='ocrx_word' id='word_1_193' title='bbox 1069 1498 1115 1532; x_wconf 91' lang='lat' dir='ltr'>si-</span> 
     </span>
     <span class='ocr_line' id='line_1_28' title="bbox 111 1549 1114 1595; baseline -0.003 -10"><span class='ocrx_word' id='word_1_194' title='bbox 111 1563 192 1585; x_wconf 89' lang='lat' dir='ltr'>mus</span> <span class='ocrx_word' id='word_1_195' title='bbox 207 1549 388 1595; x_wconf 88' lang='lat' dir='ltr'>praesides</span> <span class='ocrx_word' id='word_1_196' title='bbox 408 1555 442 1582; x_wconf 91' lang='lat' dir='ltr'>et</span> <span class='ocrx_word' id='word_1_197' title='bbox 458 1560 618 1593; x_wconf 88' lang='lat' dir='ltr'>congrua</span> <span class='ocrx_word' id='word_1_198' title='bbox 635 1549 749 1582; x_wconf 85' lang='lat' dir='ltr'>officia</span> <span class='ocrx_word' id='word_1_199' title='bbox 763 1549 867 1582; x_wconf 92' lang='lat' dir='ltr'>nobis</span> <span class='ocrx_word' id='word_1_200' title='bbox 877 1555 1114 1593; x_wconf 83' lang='lat' dir='ltr'>praestentur.</span> 
     </span>
     <span class='ocr_line' id='line_1_29' title="bbox 110 1598 1114 1646; baseline -0.004 -9"><span class='ocrx_word' id='word_1_201' title='bbox 110 1601 164 1637; x_wconf 93' lang='lat' dir='ltr'>Ac</span> <span class='ocrx_word' id='word_1_202' title='bbox 181 1608 342 1635; x_wconf 89' lang='lat' dir='ltr'>caeterae</span> <span class='ocrx_word' id='word_1_203' title='bbox 360 1600 506 1646; x_wconf 90' lang='lat' dir='ltr'>quidem</span> <span class='ocrx_word' id='word_1_204' title='bbox 523 1599 686 1633; x_wconf 90' lang='lat' dir='ltr'>coloniae</span> <span class='ocrx_word' id='word_1_205' title='bbox 701 1613 767 1634; x_wconf 92' lang='lat' dir='ltr'>nos</span> <span class='ocrx_word' id='word_1_206' title='bbox 786 1598 926 1634; x_wconf 89' lang='lat' dir='ltr'>honore</span> <span class='ocrx_word' id='word_1_207' title='bbox 943 1601 1114 1641; x_wconf 84' lang='lat' dir='ltr'>afficiunt,</span> 
     </span>
     <span class='ocr_line' id='line_1_30' title="bbox 113 1652 1113 1697; baseline -0.003 -9"><span class='ocrx_word' id='word_1_208' title='bbox 113 1660 149 1688; x_wconf 89' lang='lat' dir='ltr'>et</span> <span class='ocrx_word' id='word_1_209' title='bbox 169 1652 422 1687; x_wconf 77' lang='lat' dir='ltr'>benevolentia</span> <span class='ocrx_word' id='word_1_210' title='bbox 446 1664 485 1685; x_wconf 90' lang='lat' dir='ltr'>ac</span> <span class='ocrx_word' id='word_1_211' title='bbox 510 1653 596 1686; x_wconf 87' lang='lat' dir='ltr'>fides</span> <span class='ocrx_word' id='word_1_212' title='bbox 620 1664 744 1686; x_wconf 87' lang='lat' dir='ltr'>earum</span> <span class='ocrx_word' id='word_1_213' title='bbox 766 1665 850 1697; x_wconf 86' lang='lat' dir='ltr'>erga</span> <span class='ocrx_word' id='word_1_214' title='bbox 876 1665 942 1686; x_wconf 92' lang='lat' dir='ltr'>nos</span> <span class='ocrx_word' id='word_1_215' title='bbox 973 1653 1113 1697; x_wconf 85' lang='lat' dir='ltr'>egregia</span> 
     </span>
     <span class='ocr_line' id='line_1_31' title="bbox 112 1703 1116 1748; baseline -0.002 -8"><span class='ocrx_word' id='word_1_216' title='bbox 112 1711 177 1740; x_wconf 89' lang='lat' dir='ltr'>est.</span> <span class='ocrx_word' id='word_1_217' title='bbox 229 1703 305 1738; x_wconf 90' lang='lat' dir='ltr'>Iam</span> <span class='ocrx_word' id='word_1_218' title='bbox 324 1717 405 1738; x_wconf 92' lang='lat' dir='ltr'>cum</span> <span class='ocrx_word' id='word_1_219' title='bbox 422 1704 513 1737; x_wconf 85' lang='lat' dir='ltr'>aliae</span> <span class='ocrx_word' id='word_1_220' title='bbox 533 1704 653 1748; x_wconf 91' lang='lat' dir='ltr'>plures</span> <span class='ocrx_word' id='word_1_221' title='bbox 676 1716 743 1738; x_wconf 90' lang='lat' dir='ltr'>nos</span> <span class='ocrx_word' id='word_1_222' title='bbox 767 1704 936 1748; x_wconf 81' lang='lat' dir='ltr'>diligant,</span> <span class='ocrx_word' id='word_1_223' title='bbox 965 1704 1116 1738; x_wconf 85' lang='lat' dir='ltr'>manife-</span> 
     </span>
     <span class='ocr_line' id='line_1_32' title="bbox 111 1754 1115 1801; baseline -0.002 -10"><span class='ocrx_word' id='word_1_224' title='bbox 111 1764 207 1792; x_wconf 88' lang='lat' dir='ltr'>stum</span> <span class='ocrx_word' id='word_1_225' title='bbox 224 1763 277 1790; x_wconf 90' lang='lat' dir='ltr'>est</span> <span class='ocrx_word' id='word_1_226' title='bbox 293 1754 404 1796; x_wconf 88' lang='lat' dir='ltr'>hanc,</span> <span class='ocrx_word' id='word_1_227' title='bbox 428 1767 520 1801; x_wconf 89' lang='lat' dir='ltr'>quae</span> <span class='ocrx_word' id='word_1_228' title='bbox 536 1757 610 1789; x_wconf 89' lang='lat' dir='ltr'>sola</span> <span class='ocrx_word' id='word_1_229' title='bbox 629 1756 733 1790; x_wconf 92' lang='lat' dir='ltr'>nobis</span> <span class='ocrx_word' id='word_1_230' title='bbox 749 1762 942 1789; x_wconf 85' lang='lat' dir='ltr'>contumax</span> <span class='ocrx_word' id='word_1_231' title='bbox 963 1762 1034 1796; x_wconf 90' lang='lat' dir='ltr'>est,</span> <span class='ocrx_word' id='word_1_232' title='bbox 1062 1756 1115 1789; x_wconf 92' lang='lat' dir='ltr'>in-</span> 
     </span>
     <span class='ocr_line' id='line_1_33' title="bbox 110 1807 1115 1852; baseline -0.002 -9"><span class='ocrx_word' id='word_1_233' title='bbox 110 1809 203 1843; x_wconf 83' lang='lat' dir='ltr'>iuste</span> <span class='ocrx_word' id='word_1_234' title='bbox 221 1808 326 1842; x_wconf 89' lang='lat' dir='ltr'>nobis</span> <span class='ocrx_word' id='word_1_235' title='bbox 348 1807 543 1842; x_wconf 82' lang='lat' dir='ltr'>adversari.</span> <span class='ocrx_word' id='word_1_236' title='bbox 601 1807 676 1842; x_wconf 76' lang='lat' dir='ltr'>Nec</span> <span class='ocrx_word' id='word_1_237' title='bbox 701 1819 801 1841; x_wconf 87' lang='lat' dir='ltr'>arma</span> <span class='ocrx_word' id='word_1_238' title='bbox 827 1820 1031 1852; x_wconf 88' lang='lat' dir='ltr'>gereremus</span> <span class='ocrx_word' id='word_1_239' title='bbox 1055 1809 1115 1841; x_wconf 86' lang='lat' dir='ltr'>ad-</span> 
     </span>
     <span class='ocr_line' id='line_1_34' title="bbox 112 1858 1115 1904; baseline -0.001 -9"><span class='ocrx_word' id='word_1_240' title='bbox 112 1873 237 1895; x_wconf 89' lang='lat' dir='ltr'>versus</span> <span class='ocrx_word' id='word_1_241' title='bbox 252 1872 331 1901; x_wconf 87' lang='lat' dir='ltr'>eos,</span> <span class='ocrx_word' id='word_1_242' title='bbox 358 1860 478 1894; x_wconf 90' lang='lat' dir='ltr'>sinon</span> <span class='ocrx_word' id='word_1_243' title='bbox 500 1858 632 1904; x_wconf 84' lang='lat' dir='ltr'>insigni</span> <span class='ocrx_word' id='word_1_244' title='bbox 656 1859 788 1893; x_wconf 89' lang='lat' dir='ltr'>iniuria</span> <span class='ocrx_word' id='word_1_245' title='bbox 810 1859 926 1893; x_wconf 83' lang='lat' dir='ltr'>affecti</span> <span class='ocrx_word' id='word_1_246' title='bbox 948 1872 1115 1894; x_wconf 88' lang='lat' dir='ltr'>essemus.</span> 
     </span>
     <span class='ocr_line' id='line_1_35' title="bbox 111 1911 1116 1957; baseline 0 -11"><span class='ocrx_word' id='word_1_247' title='bbox 111 1912 207 1949; x_wconf 86' lang='lat' dir='ltr'>Nam</span> <span class='ocrx_word' id='word_1_248' title='bbox 227 1919 266 1946; x_wconf 93' lang='lat' dir='ltr'>et</span> <span class='ocrx_word' id='word_1_249' title='bbox 283 1912 378 1957; x_wconf 89' lang='lat' dir='ltr'>ipsos</span> <span class='ocrx_word' id='word_1_250' title='bbox 397 1912 556 1951; x_wconf 87' lang='lat' dir='ltr'>deceret,</span> <span class='ocrx_word' id='word_1_251' title='bbox 585 1911 692 1944; x_wconf 86' lang='lat' dir='ltr'>etiam</span> <span class='ocrx_word' id='word_1_252' title='bbox 708 1911 738 1945; x_wconf 90' lang='lat' dir='ltr'>si</span> <span class='ocrx_word' id='word_1_253' title='bbox 757 1911 843 1957; x_wconf 93' lang='lat' dir='ltr'>quid</span> <span class='ocrx_word' id='word_1_254' title='bbox 859 1923 1116 1956; x_wconf 82' lang='lat' dir='ltr'>peccassemus,</span> 
     </span>
     <span class='ocr_line' id='line_1_36' title="bbox 116 1963 1116 2008; baseline -0.001 -10"><span class='ocrx_word' id='word_1_255' title='bbox 116 1964 326 1998; x_wconf 85' lang='lat' dir='ltr'>iracundiae</span> <span class='ocrx_word' id='word_1_256' title='bbox 357 1969 502 1997; x_wconf 89' lang='lat' dir='ltr'>nostrae</span> <span class='ocrx_word' id='word_1_257' title='bbox 530 1964 675 2001; x_wconf 88' lang='lat' dir='ltr'>cedere;</span> <span class='ocrx_word' id='word_1_258' title='bbox 712 1969 746 1997; x_wconf 92' lang='lat' dir='ltr'>et</span> <span class='ocrx_word' id='word_1_259' title='bbox 770 1963 874 1997; x_wconf 91' lang='lat' dir='ltr'>nobis</span> <span class='ocrx_word' id='word_1_260' title='bbox 898 1969 1001 2008; x_wconf 87' lang='lat' dir='ltr'>turpe</span> <span class='ocrx_word' id='word_1_261' title='bbox 1027 1970 1116 1997; x_wconf 88' lang='lat' dir='ltr'>esset</span> 
     </span>
     <span class='ocr_line' id='line_1_37' title="bbox 113 2014 1116 2060; baseline -0.001 -10"><span class='ocrx_word' id='word_1_262' title='bbox 113 2016 190 2050; x_wconf 91' lang='lat' dir='ltr'>vim</span> <span class='ocrx_word' id='word_1_263' title='bbox 223 2015 351 2049; x_wconf 83' lang='lat' dir='ltr'>afferre</span> <span class='ocrx_word' id='word_1_264' title='bbox 385 2015 490 2060; x_wconf 88' lang='lat' dir='ltr'>ipsis,</span> <span class='ocrx_word' id='word_1_265' title='bbox 532 2014 562 2049; x_wconf 91' lang='lat' dir='ltr'>si</span> <span class='ocrx_word' id='word_1_266' title='bbox 593 2021 709 2049; x_wconf 90' lang='lat' dir='ltr'>essent</span> <span class='ocrx_word' id='word_1_267' title='bbox 736 2015 984 2049; x_wconf 90' lang='lat' dir='ltr'>modestiores.</span> <span class='ocrx_word' id='word_1_268' title='bbox 1046 2015 1116 2049; x_wconf 91' lang='lat' dir='ltr'>Sed</span> 
     </span>
     <span class='ocr_line' id='line_1_38' title="bbox 114 2065 1117 2112; baseline 0 -11"><span class='ocrx_word' id='word_1_269' title='bbox 114 2067 200 2102; x_wconf 87' lang='lat' dir='ltr'>elati</span> <span class='ocrx_word' id='word_1_270' title='bbox 215 2067 380 2112; x_wconf 86' lang='lat' dir='ltr'>superbia</span> <span class='ocrx_word' id='word_1_271' title='bbox 397 2073 432 2100; x_wconf 88' lang='lat' dir='ltr'>et</span> <span class='ocrx_word' id='word_1_272' title='bbox 445 2065 527 2100; x_wconf 89' lang='lat' dir='ltr'>freti</span> <span class='ocrx_word' id='word_1_273' title='bbox 543 2066 696 2107; x_wconf 87' lang='lat' dir='ltr'>divitiis,</span> <span class='ocrx_word' id='word_1_274' title='bbox 715 2079 795 2101; x_wconf 91' lang='lat' dir='ltr'>cum</span> <span class='ocrx_word' id='word_1_275' title='bbox 814 2067 882 2100; x_wconf 88' lang='lat' dir='ltr'>alia</span> <span class='ocrx_word' id='word_1_276' title='bbox 903 2067 1014 2101; x_wconf 78' lang='lat' dir='ltr'>multa</span> <span class='ocrx_word' id='word_1_277' title='bbox 1033 2079 1117 2101; x_wconf 89' lang='lat' dir='ltr'>con-</span> 
     </span>
     <span class='ocr_line' id='line_1_39' title="bbox 114 2118 1115 2166; baseline 0 -13"><span class='ocrx_word' id='word_1_278' title='bbox 114 2126 171 2153; x_wconf 87' lang='lat' dir='ltr'>tra</span> <span class='ocrx_word' id='word_1_279' title='bbox 188 2132 255 2153; x_wconf 90' lang='lat' dir='ltr'>nos</span> <span class='ocrx_word' id='word_1_280' title='bbox 270 2120 453 2159; x_wconf 86' lang='lat' dir='ltr'>fecerunt,</span> <span class='ocrx_word' id='word_1_281' title='bbox 481 2125 557 2152; x_wconf 89' lang='lat' dir='ltr'>tum</span> <span class='ocrx_word' id='word_1_282' title='bbox 579 2131 665 2152; x_wconf 88' lang='lat' dir='ltr'>vero</span> <span class='ocrx_word' id='word_1_283' title='bbox 680 2118 926 2163; x_wconf 84' lang='lat' dir='ltr'>Epidamnum</span> <span class='ocrx_word' id='word_1_284' title='bbox 943 2118 974 2166; x_wconf 86' lang='grc'>7)</span> <span class='ocrx_word' id='word_1_285' title='bbox 987 2145 995 2159; x_wconf 87' lang='grc'><strong>,</strong></span> <span class='ocrx_word' id='word_1_286' title='bbox 1024 2131 1115 2165; x_wconf 89' lang='lat' dir='ltr'>quae</span> 
     </span>
     <span class='ocr_line' id='line_1_40' title="bbox 113 2170 1116 2211; baseline -0.002 -6"><span class='ocrx_word' id='word_1_287' title='bbox 113 2177 238 2205; x_wconf 85' lang='lat' dir='ltr'>nostra</span> <span class='ocrx_word' id='word_1_288' title='bbox 258 2177 328 2211; x_wconf 87' lang='lat' dir='ltr'>est,</span> <span class='ocrx_word' id='word_1_289' title='bbox 357 2183 437 2203; x_wconf 90' lang='lat' dir='ltr'>cum</span> <span class='ocrx_word' id='word_1_290' title='bbox 455 2171 499 2204; x_wconf 93' lang='lat' dir='ltr'>ab</span> <span class='ocrx_word' id='word_1_291' title='bbox 520 2171 598 2205; x_wconf 90' lang='lat' dir='ltr'>aliis</span> <span class='ocrx_word' id='word_1_292' title='bbox 623 2177 833 2211; x_wconf 83' lang='lat' dir='ltr'>vexaretur,</span> <span class='ocrx_word' id='word_1_293' title='bbox 860 2183 935 2204; x_wconf 89' lang='lat' dir='ltr'>non</span> <span class='ocrx_word' id='word_1_294' title='bbox 958 2170 1116 2204; x_wconf 70' lang='lat' dir='ltr'>vindica-</span> 
     </span>
     <span class='ocr_line' id='line_1_41' title="bbox 113 2223 1116 2267; baseline -0.002 -9"><span class='ocrx_word' id='word_1_295' title='bbox 113 2229 219 2265; x_wconf 83' lang='lat' dir='ltr'>runt,</span> <span class='ocrx_word' id='word_1_296' title='bbox 247 2223 308 2257; x_wconf 93' lang='lat' dir='ltr'>sed</span> <span class='ocrx_word' id='word_1_297' title='bbox 328 2228 473 2267; x_wconf 90' lang='lat' dir='ltr'>postea,</span> <span class='ocrx_word' id='word_1_298' title='bbox 501 2235 581 2256; x_wconf 92' lang='lat' dir='ltr'>cum</span> <span class='ocrx_word' id='word_1_299' title='bbox 599 2234 666 2257; x_wconf 90' lang='lat' dir='ltr'>nos</span> <span class='ocrx_word' id='word_1_300' title='bbox 692 2223 897 2256; x_wconf 87' lang='lat' dir='ltr'>veniremus</span> <span class='ocrx_word' id='word_1_301' title='bbox 923 2223 968 2256; x_wconf 89' lang='lat' dir='ltr'>ad</span> <span class='ocrx_word' id='word_1_302' title='bbox 991 2224 1116 2256; x_wconf 84' lang='lat' dir='ltr'>sedan-</span> 
     </span>
     <span class='ocr_line' id='line_1_42' title="bbox 114 2273 1052 2319; baseline -0.002 -9"><span class='ocrx_word' id='word_1_303' title='bbox 114 2276 181 2310; x_wconf 86' lang='lat' dir='ltr'>dos</span> <span class='ocrx_word' id='word_1_304' title='bbox 197 2281 317 2309; x_wconf 91' lang='lat' dir='ltr'>motus</span> <span class='ocrx_word' id='word_1_305' title='bbox 333 2273 383 2307; x_wconf 90' lang='lat' dir='ltr'>ibi</span> <span class='ocrx_word' id='word_1_306' title='bbox 401 2280 519 2315; x_wconf 86' lang='lat' dir='ltr'>ortos,</span> <span class='ocrx_word' id='word_1_307' title='bbox 549 2274 618 2319; x_wconf 91' lang='lat' dir='ltr'>ipsi</span> <span class='ocrx_word' id='word_1_308' title='bbox 639 2274 747 2308; x_wconf 88' lang='lat' dir='ltr'>etiarn</span> <span class='ocrx_word' id='word_1_309' title='bbox 764 2275 800 2307; x_wconf 81' lang='lat' dir='ltr'>vi</span> <span class='ocrx_word' id='word_1_310' title='bbox 818 2281 1052 2319; x_wconf 89' lang='lat' dir='ltr'>occuparunt.</span> 
     </span>
    </p>

    <p class='ocr_par' dir='ltr' id='par_1_5' title="bbox 116 2325 1116 2475">
     <span class='ocr_line' id='line_1_43' title="bbox 216 2325 1116 2366; baseline -0.001 -6"><span class='ocrx_word' id='word_1_311' title='bbox 216 2325 295 2360; x_wconf 91' lang='lat' dir='ltr'>lam</span> <span class='ocrx_word' id='word_1_312' title='bbox 313 2326 455 2366; x_wconf 86' lang='lat' dir='ltr'>dicunt,</span> <span class='ocrx_word' id='word_1_313' title='bbox 482 2326 635 2360; x_wconf 82' lang='lat' dir='ltr'>voluisse</span> <span class='ocrx_word' id='word_1_314' title='bbox 658 2339 694 2361; x_wconf 93' lang='lat' dir='ltr'>se</span> <span class='ocrx_word' id='word_1_315' title='bbox 718 2333 823 2360; x_wconf 84' lang='lat' dir='ltr'>antea</span> <span class='ocrx_word' id='word_1_316' title='bbox 849 2326 980 2360; x_wconf 88' lang='lat' dir='ltr'>iudicio</span> <span class='ocrx_word' id='word_1_317' title='bbox 1005 2326 1116 2360; x_wconf 92' lang='lat' dir='ltr'>disce-</span> 
     </span>
     <span class='ocr_line' id='line_1_44' title="bbox 118 2377 1116 2424; baseline -0.001 -12"><span class='ocrx_word' id='word_1_318' title='bbox 118 2384 243 2423; x_wconf 90' lang='lat' dir='ltr'>ptare,</span> <span class='ocrx_word' id='word_1_319' title='bbox 271 2378 368 2424; x_wconf 89' lang='lat' dir='ltr'>quod</span> <span class='ocrx_word' id='word_1_320' title='bbox 384 2377 433 2410; x_wconf 88' lang='lat' dir='ltr'>ita</span> <span class='ocrx_word' id='word_1_321' title='bbox 453 2379 669 2412; x_wconf 91' lang='lat' dir='ltr'>servandum</span> <span class='ocrx_word' id='word_1_322' title='bbox 688 2385 759 2419; x_wconf 90' lang='lat' dir='ltr'>est,</span> <span class='ocrx_word' id='word_1_323' title='bbox 786 2391 861 2412; x_wconf 89' lang='lat' dir='ltr'>non</span> <span class='ocrx_word' id='word_1_324' title='bbox 883 2385 924 2412; x_wconf 91' lang='lat' dir='ltr'>ut</span> <span class='ocrx_word' id='word_1_325' title='bbox 949 2384 1053 2411; x_wconf 87' lang='lat' dir='ltr'>antea</span> <span class='ocrx_word' id='word_1_326' title='bbox 1077 2390 1116 2411; x_wconf 92' lang='lat' dir='ltr'>re</span> 
     </span>
     <span class='ocr_line' id='line_1_45' title="bbox 116 2429 1116 2475; baseline -0.001 -11"><span class='ocrx_word' id='word_1_327' title='bbox 116 2436 290 2475; x_wconf 83' lang='lat' dir='ltr'>occupata</span> <span class='ocrx_word' id='word_1_328' title='bbox 307 2429 396 2462; x_wconf 91' lang='lat' dir='ltr'>alter</span> <span class='ocrx_word' id='word_1_329' title='bbox 414 2436 580 2463; x_wconf 84' lang='lat' dir='ltr'>executor</span> <span class='ocrx_word' id='word_1_330' title='bbox 596 2436 770 2475; x_wconf 90' lang='lat' dir='ltr'>provocet</span> <span class='ocrx_word' id='word_1_331' title='bbox 786 2431 831 2464; x_wconf 85' lang='lat' dir='ltr'>ad</span> <span class='ocrx_word' id='word_1_332' title='bbox 853 2430 1005 2464; x_wconf 89' lang='lat' dir='ltr'>iudicem</span> <span class='ocrx_word' id='word_1_333' title='bbox 1019 2457 1028 2470; x_wconf 92' lang='lat'>,</span> <span class='ocrx_word' id='word_1_334' title='bbox 1055 2430 1116 2464; x_wconf 90' lang='lat' dir='ltr'>sed</span> 
     </span>
    </p>
   </div>
   <div class='ocr_carea' id='block_1_3' title="bbox 151 2529 1118 2624">
    <p class='ocr_par' dir='ltr' id='par_1_6' title="bbox 151 2529 1118 2624">
     <span class='ocr_line' id='line_1_46' title="bbox 151 2529 1117 2561; baseline -0.004 -2"><span class='ocrx_word' id='word_1_335' title='bbox 151 2530 183 2559; x_wconf 82' lang='grc'>5)</span> <span class='ocrx_word' id='word_1_336' title='bbox 202 2529 245 2554; x_wconf 88' lang='lat' dir='ltr'>illi</span> <span class='ocrx_word' id='word_1_337' title='bbox 259 2530 335 2559; x_wconf 79' lang='lat' dir='ltr'>(scil.</span> <span class='ocrx_word' id='word_1_338' title='bbox 350 2530 535 2561; x_wconf 60' lang='lat' dir='ltr'>Corcyraeo]</span> <span class='ocrx_word' id='word_1_339' title='bbox 554 2530 594 2555; x_wconf 83' lang='lat' dir='ltr'>sic</span> <span class='ocrx_word' id='word_1_340' title='bbox 608 2531 779 2556; x_wconf 81' lang='lat' dir='ltr'>scribendum</span> <span class='ocrx_word' id='word_1_341' title='bbox 794 2539 856 2556; x_wconf 84' lang='lat' dir='ltr'>esse</span> <span class='ocrx_word' id='word_1_342' title='bbox 869 2538 970 2556; x_wconf 87' lang='lat' dir='ltr'>censeo</span> <span class='ocrx_word' id='word_1_343' title='bbox 987 2533 1036 2560; x_wconf 76' lang='lat' dir='ltr'>(z</span> <span class='ocrx_word' id='word_1_344' title='bbox 1043 2532 1117 2556; x_wconf 84' lang='lat' dir='ltr'>Thu-</span> 
     </span>
     <span class='ocr_line' id='line_1_47' title="bbox 187 2563 1118 2624; baseline -0.012 -23"><span class='ocrx_word' id='word_1_345' title='bbox 187 2563 321 2624; x_wconf 34' lang='grc' dir='ltr'>ἓξὲξ-βῆν</span> <span class='ocrx_word' id='word_1_346' title='bbox 346 2563 457 2590; x_wconf 62' lang='grc' dir='ltr'>Τῶνδέ</span> <span class='ocrx_word' id='word_1_347' title='bbox 482 2566 597 2598; x_wconf 66' lang='grc' dir='ltr'>χρείαν)</span> <span class='ocrx_word' id='word_1_348' title='bbox 621 2573 687 2597; x_wconf 80' lang='lat' dir='ltr'>pro:</span> <span class='ocrx_word' id='word_1_349' title='bbox 714 2567 772 2597; x_wconf 84' lang='lat' dir='ltr'>ibi,</span> <span class='ocrx_word' id='word_1_350' title='bbox 798 2567 869 2598; x_wconf 89' lang='lat' dir='ltr'>quod</span> <span class='ocrx_word' id='word_1_351' title='bbox 892 2568 943 2593; x_wconf 88' lang='lat' dir='ltr'>Ed.</span> <span class='ocrx_word' id='word_1_352' title='bbox 966 2567 1039 2591; x_wconf 78' lang='lat'>1562.</span> <span class='ocrx_word' id='word_1_353' title='bbox 1068 2573 1118 2590; x_wconf 84' lang='lat' dir='ltr'>ex-</span> 
     </span>
    </p>
   </div>
   <div class='ocr_carea' id='block_1_4' title="bbox 152 2643 1117 2710">
    <p class='ocr_par' dir='ltr' id='par_1_7' title="bbox 152 2643 1117 2710">
     <span class='ocr_line' id='line_1_48' title="bbox 152 2643 1117 2676; baseline 0.002 -9"><span class='ocrx_word' id='word_1_354' title='bbox 152 2643 185 2672; x_wconf 79' lang='lat'>6)</span> <span class='ocrx_word' id='word_1_355' title='bbox 204 2644 314 2673; x_wconf 82' lang='lat' dir='ltr'>posset]</span> <span class='ocrx_word' id='word_1_356' title='bbox 337 2643 379 2667; x_wconf 91' lang='lat' dir='ltr'>sic</span> <span class='ocrx_word' id='word_1_357' title='bbox 398 2644 448 2669; x_wconf 80' lang='lat' dir='ltr'>Ed.</span> <span class='ocrx_word' id='word_1_358' title='bbox 471 2644 545 2668; x_wconf 80' lang='lat'>1562.</span> <span class='ocrx_word' id='word_1_359' title='bbox 565 2644 593 2668; x_wconf 87' lang='lat' dir='ltr'>in</span> <span class='ocrx_word' id='word_1_360' title='bbox 612 2644 666 2668; x_wconf 85' lang='lat' dir='ltr'>fine</span> <span class='ocrx_word' id='word_1_361' title='bbox 684 2644 748 2669; x_wconf 83' lang='lat' dir='ltr'>libri</span> <span class='ocrx_word' id='word_1_362' title='bbox 767 2644 794 2668; x_wconf 87' lang='lat' dir='ltr'>iu</span> <span class='ocrx_word' id='word_1_363' title='bbox 819 2645 994 2676; x_wconf 79' lang='lat' dir='ltr'>corrigendis</span> <span class='ocrx_word' id='word_1_364' title='bbox 1020 2646 1117 2675; x_wconf 81' lang='lat' dir='ltr'>1=abet;</span> 
     </span>
     <span class='ocr_line' id='line_1_49' title="bbox 186 2677 875 2710; baseline 0.006 -10"><span class='ocrx_word' id='word_1_365' title='bbox 186 2677 216 2701; x_wconf 85' lang='lat' dir='ltr'>iu</span> <span class='ocrx_word' id='word_1_366' title='bbox 234 2679 361 2702; x_wconf 81' lang='lat' dir='ltr'>oratione</span> <span class='ocrx_word' id='word_1_367' title='bbox 380 2679 441 2709; x_wconf 83' lang='lat' dir='ltr'>ipsa</span> <span class='ocrx_word' id='word_1_368' title='bbox 459 2679 486 2704; x_wconf 88' lang='lat' dir='ltr'>h.</span> <span class='ocrx_word' id='word_1_369' title='bbox 505 2679 522 2703; x_wconf 86' lang='lat'>1.</span> <span class='ocrx_word' id='word_1_370' title='bbox 544 2679 606 2703; x_wconf 84' lang='lat' dir='ltr'>ibid.</span> <span class='ocrx_word' id='word_1_371' title='bbox 628 2679 746 2710; x_wconf 83' lang='lat' dir='ltr'>legitur:</span> <span class='ocrx_word' id='word_1_372' title='bbox 776 2681 875 2710; x_wconf 83' lang='lat' dir='ltr'>possit.</span> 
     </span>
    </p>
   </div>
   <div class='ocr_carea' id='block_1_5' title="bbox 152 2718 1117 2785">
    <p class='ocr_par' dir='ltr' id='par_1_8' title="bbox 152 2718 1117 2785">
     <span class='ocr_line' id='line_1_50' title="bbox 152 2718 1117 2755; baseline 0.002 -10"><span class='ocrx_word' id='word_1_373' title='bbox 152 2720 184 2748; x_wconf 87' lang='grc'>7)</span> <span class='ocrx_word' id='word_1_374' title='bbox 207 2721 403 2751; x_wconf 85' lang='lat' dir='ltr'>Epidamnum]</span> <span class='ocrx_word' id='word_1_375' title='bbox 436 2722 477 2746; x_wconf 84' lang='lat' dir='ltr'>sic</span> <span class='ocrx_word' id='word_1_376' title='bbox 499 2722 660 2752; x_wconf 78' lang='lat' dir='ltr'>scripsimus</span> <span class='ocrx_word' id='word_1_377' title='bbox 686 2731 720 2744; x_wconf 86' lang='lat'>=</span> <span class='ocrx_word' id='word_1_378' title='bbox 742 2718 932 2755; x_wconf 53' lang='lat' dir='ltr'>’Entdcquvom</span> <span class='ocrx_word' id='word_1_379' title='bbox 965 2723 1013 2747; x_wconf 79' lang='lat' dir='ltr'>Ed.</span> <span class='ocrx_word' id='word_1_380' title='bbox 1041 2722 1117 2748; x_wconf 77' lang='lat'>1562.</span> 
     </span>
     <span class='ocr_line' id='line_1_51' title="bbox 188 2755 385 2785; baseline 0.01 -7"><span class='ocrx_word' id='word_1_381' title='bbox 188 2755 385 2785; x_wconf 72' lang='lat' dir='ltr'>Epidamnum.</span> 
     </span>
    </p>
   </div>
   <div class='ocr_carea' id='block_1_6' title="bbox 118 2796 673 2831">
    <p class='ocr_par' dir='ltr' id='par_1_9' title="bbox 118 2796 673 2831">
     <span class='ocr_line' id='line_1_52' title="bbox 118 2796 673 2831; baseline 0.005 -3"><span class='ocrx_word' id='word_1_382' title='bbox 118 2796 303 2830; x_wconf 74' lang='lat' dir='ltr'>MELANTH.</span> <span class='ocrx_word' id='word_1_383' title='bbox 328 2798 435 2829; x_wconf 66' lang='lat' dir='ltr'>opnn.</span> <span class='ocrx_word' id='word_1_384' title='bbox 458 2798 543 2829; x_wconf 71' lang='lat' dir='ltr'>Yon.</span> <span class='ocrx_word' id='word_1_385' title='bbox 566 2799 673 2831; x_wconf 88' lang='lat' dir='ltr'>XVII.</span> 
     </span>
    </p>
   </div>
   <div class='ocr_carea' id='block_1_7' title="bbox 391 123 1912 167">
    <p class='ocr_par' dir='ltr' id='par_1_10' title="bbox 391 123 1912 167">
     <span class='ocr_line' id='line_1_53' title="bbox 391 123 1912 167; baseline 0.005 -8"><span class='ocrx_word' id='word_1_386' title='bbox 391 123 497 160; x_wconf 90' lang='lat' dir='ltr'>XLII.</span> <span class='ocrx_word' id='word_1_387' title='bbox 540 124 944 160; x_wconf 80' lang='lat' dir='ltr'>INTERPRETATIO</span> <span class='ocrx_word' id='word_1_388' title='bbox 972 125 1269 163; x_wconf 85' lang='lat' dir='ltr'><strong>ORATIONUM</strong></span> <span class='ocrx_word' id='word_1_389' title='bbox 1296 127 1360 162; x_wconf 91' lang='lat' dir='ltr'>EX</span> <span class='ocrx_word' id='word_1_390' title='bbox 1387 127 1682 163; x_wconf 87' lang='lat' dir='ltr'>THUCYDIDIS</span> <span class='ocrx_word' id='word_1_391' title='bbox 1710 128 1858 165; x_wconf 79' lang='lat' dir='ltr'>LIBRO</span> <span class='ocrx_word' id='word_1_392' title='bbox 1885 130 1912 167; x_wconf 90' lang='grc' dir='ltr'>Ι.</span> 
     </span>
    </p>
   </div>
   <div class='ocr_carea' id='block_1_8' title="bbox 2079 134 2177 170">
    <p class='ocr_par' dir='ltr' id='par_1_11' title="bbox 2079 134 2177 170">
     <span class='ocr_line' id='line_1_54' title="bbox 2079 134 2177 170; baseline 0.01 -3"><span class='ocrx_word' id='word_1_393' title='bbox 2079 134 2177 170; x_wconf 76' lang='grc'>1026</span> 
     </span>
    </p>
   </div>
   <div class='ocr_carea' id='block_1_9' title="bbox 1167 215 2176 2680">
    <p class='ocr_par' dir='ltr' id='par_1_12' title="bbox 1168 215 2176 1074">
     <span class='ocr_line' id='line_1_55' title="bbox 1176 215 2176 261; baseline 0.005 -13"><span class='ocrx_word' id='word_1_394' title='bbox 1176 227 1218 248; x_wconf 81' lang='lat' dir='ltr'>ex</span> <span class='ocrx_word' id='word_1_395' title='bbox 1234 227 1351 261; x_wconf 90' lang='lat' dir='ltr'>aequo</span> <span class='ocrx_word' id='word_1_396' title='bbox 1368 228 1423 249; x_wconf 87' lang='lat' dir='ltr'>res</span> <span class='ocrx_word' id='word_1_397' title='bbox 1443 221 1476 248; x_wconf 87' lang='lat' dir='ltr'>et</span> <span class='ocrx_word' id='word_1_398' title='bbox 1492 216 1600 248; x_wconf 83' lang='lat' dir='ltr'>verba</span> <span class='ocrx_word' id='word_1_399' title='bbox 1618 215 1655 248; x_wconf 91' lang='lat' dir='ltr'>in</span> <span class='ocrx_word' id='word_1_400' title='bbox 1669 216 1827 250; x_wconf 89' lang='lat' dir='ltr'>medium</span> <span class='ocrx_word' id='word_1_401' title='bbox 1845 217 2076 252; x_wconf 86' lang='lat' dir='ltr'>conferantur</span> <span class='ocrx_word' id='word_1_402' title='bbox 2093 226 2176 253; x_wconf 89' lang='lat' dir='ltr'>ante</span> 
     </span>
     <span class='ocr_line' id='line_1_56' title="bbox 1176 265 2176 314; baseline 0.006 -16"><span class='ocrx_word' id='word_1_403' title='bbox 1176 266 1457 300; x_wconf 86' lang='lat' dir='ltr'>dimicationem.</span> <span class='ocrx_word' id='word_1_404' title='bbox 1519 265 1580 300; x_wconf 89' lang='lat' dir='ltr'>Isti</span> <span class='ocrx_word' id='word_1_405' title='bbox 1614 279 1700 301; x_wconf 75' lang='lat' dir='ltr'>vero</span> <span class='ocrx_word' id='word_1_406' title='bbox 1731 280 1805 300; x_wconf 88' lang='lat' dir='ltr'>non</span> <span class='ocrx_word' id='word_1_407' title='bbox 1829 274 1911 301; x_wconf 86' lang='lat' dir='ltr'>ante</span> <span class='ocrx_word' id='word_1_408' title='bbox 1937 271 2176 314; x_wconf 88' lang='lat' dir='ltr'>oppugnatio-</span> 
     </span>
     <span class='ocr_line' id='line_1_57' title="bbox 1173 318 2175 363; baseline 0.007 -14"><span class='ocrx_word' id='word_1_409' title='bbox 1173 329 1257 350; x_wconf 88' lang='lat' dir='ltr'>nem</span> <span class='ocrx_word' id='word_1_410' title='bbox 1279 318 1423 362; x_wconf 90' lang='lat' dir='ltr'>oppidi,</span> <span class='ocrx_word' id='word_1_411' title='bbox 1449 319 1509 351; x_wconf 84' lang='lat' dir='ltr'>sed</span> <span class='ocrx_word' id='word_1_412' title='bbox 1529 324 1673 363; x_wconf 87' lang='lat' dir='ltr'>postea,</span> <span class='ocrx_word' id='word_1_413' title='bbox 1703 332 1782 353; x_wconf 90' lang='lat' dir='ltr'>cum</span> <span class='ocrx_word' id='word_1_414' title='bbox 1809 319 1972 353; x_wconf 79' lang='lat' dir='ltr'>viderent</span> <span class='ocrx_word' id='word_1_415' title='bbox 1993 333 2059 355; x_wconf 91' lang='lat' dir='ltr'>nos</span> <span class='ocrx_word' id='word_1_416' title='bbox 2082 320 2175 356; x_wconf 88' lang='lat' dir='ltr'>hanc</span> 
     </span>
     <span class='ocr_line' id='line_1_58' title="bbox 1173 368 2175 414; baseline 0.008 -14"><span class='ocrx_word' id='word_1_417' title='bbox 1173 368 1344 402; x_wconf 86' lang='lat' dir='ltr'>iniuriam</span> <span class='ocrx_word' id='word_1_418' title='bbox 1363 382 1437 402; x_wconf 91' lang='lat' dir='ltr'>non</span> <span class='ocrx_word' id='word_1_419' title='bbox 1459 370 1683 414; x_wconf 82' lang='lat' dir='ltr'>neglecturos</span> <span class='ocrx_word' id='word_1_420' title='bbox 1700 383 1792 411; x_wconf 88' lang='lat' dir='ltr'>esse,</span> <span class='ocrx_word' id='word_1_421' title='bbox 1820 376 1905 404; x_wconf 91' lang='lat' dir='ltr'>tunc</span> <span class='ocrx_word' id='word_1_422' title='bbox 1922 372 2066 406; x_wconf 91' lang='lat' dir='ltr'>demum</span> <span class='ocrx_word' id='word_1_423' title='bbox 2087 374 2175 408; x_wconf 89' lang='lat' dir='ltr'>iuris</span> 
     </span>
     <span class='ocr_line' id='line_1_59' title="bbox 1171 419 2174 468; baseline 0.006 -15"><span class='ocrx_word' id='word_1_424' title='bbox 1171 420 1324 464; x_wconf 90' lang='lat' dir='ltr'>speciem</span> <span class='ocrx_word' id='word_1_425' title='bbox 1349 422 1602 462; x_wconf 85' lang='lat' dir='ltr'>ostenderunt,</span> <span class='ocrx_word' id='word_1_426' title='bbox 1631 422 1774 468; x_wconf 88' lang='lat' dir='ltr'>iamque</span> <span class='ocrx_word' id='word_1_427' title='bbox 1801 419 1871 455; x_wconf 91' lang='lat' dir='ltr'>huc</span> <span class='ocrx_word' id='word_1_428' title='bbox 1895 423 2064 465; x_wconf 71' lang='lat' dir='ltr'>veniunt,</span> <span class='ocrx_word' id='word_1_429' title='bbox 2093 438 2174 459; x_wconf 91' lang='lat' dir='ltr'>cum</span> 
     </span>
     <span class='ocr_line' id='line_1_60' title="bbox 1171 471 2174 518; baseline 0.006 -15"><span class='ocrx_word' id='word_1_430' title='bbox 1171 471 1272 504; x_wconf 88' lang='lat' dir='ltr'>domi</span> <span class='ocrx_word' id='word_1_431' title='bbox 1288 472 1456 505; x_wconf 81' lang='lat' dir='ltr'>scelerate</span> <span class='ocrx_word' id='word_1_432' title='bbox 1473 473 1623 506; x_wconf 82' lang='lat' dir='ltr'>fecerint</span> <span class='ocrx_word' id='word_1_433' title='bbox 1634 500 1642 514; x_wconf 94' lang='lat'>,</span> <span class='ocrx_word' id='word_1_434' title='bbox 1659 474 1881 518; x_wconf 83' lang='lat' dir='ltr'>postulantes</span> <span class='ocrx_word' id='word_1_435' title='bbox 1897 485 1973 507; x_wconf 91' lang='lat' dir='ltr'>non</span> <span class='ocrx_word' id='word_1_436' title='bbox 1989 475 2174 517; x_wconf 87' lang='lat' dir='ltr'>auxilium,</span> 
     </span>
     <span class='ocr_line' id='line_1_61' title="bbox 1170 523 2174 571; baseline 0.005 -16"><span class='ocrx_word' id='word_1_437' title='bbox 1170 523 1232 556; x_wconf 91' lang='lat' dir='ltr'>sed</span> <span class='ocrx_word' id='word_1_438' title='bbox 1249 523 1455 556; x_wconf 86' lang='lat' dir='ltr'>societatem</span> <span class='ocrx_word' id='word_1_439' title='bbox 1474 524 1633 565; x_wconf 91' lang='lat' dir='ltr'>sceleris,</span> <span class='ocrx_word' id='word_1_440' title='bbox 1651 531 1685 558; x_wconf 90' lang='lat' dir='ltr'>et</span> <span class='ocrx_word' id='word_1_441' title='bbox 1702 531 1862 569; x_wconf 90' lang='lat' dir='ltr'>petentes</span> <span class='ocrx_word' id='word_1_442' title='bbox 1883 537 1918 558; x_wconf 90' lang='lat' dir='ltr'>se</span> <span class='ocrx_word' id='word_1_443' title='bbox 1936 526 2060 571; x_wconf 89' lang='lat' dir='ltr'>recipi,</span> <span class='ocrx_word' id='word_1_444' title='bbox 2076 534 2174 571; x_wconf 88' lang='lat' dir='ltr'>post-</span> 
     </span>
     <span class='ocr_line' id='line_1_62' title="bbox 1171 574 2173 623; baseline 0.005 -17"><span class='ocrx_word' id='word_1_445' title='bbox 1171 586 1278 619; x_wconf 83' lang='lat' dir='ltr'>quam</span> <span class='ocrx_word' id='word_1_446' title='bbox 1293 574 1398 608; x_wconf 90' lang='lat' dir='ltr'>nobis</span> <span class='ocrx_word' id='word_1_447' title='bbox 1415 575 1547 608; x_wconf 90' lang='lat' dir='ltr'>bellum</span> <span class='ocrx_word' id='word_1_448' title='bbox 1562 575 1782 617; x_wconf 88' lang='lat' dir='ltr'>intulerunt,</span> <span class='ocrx_word' id='word_1_449' title='bbox 1807 589 1888 610; x_wconf 89' lang='lat' dir='ltr'>cum</span> <span class='ocrx_word' id='word_1_450' title='bbox 1905 589 1944 610; x_wconf 91' lang='lat' dir='ltr'>re</span> <span class='ocrx_word' id='word_1_451' title='bbox 1960 577 2097 622; x_wconf 83' lang='lat' dir='ltr'>integra</span> <span class='ocrx_word' id='word_1_452' title='bbox 2113 591 2173 623; x_wconf 92' lang='lat' dir='ltr'>pe-</span> 
     </span>
     <span class='ocr_line' id='line_1_63' title="bbox 1169 626 2172 674; baseline 0.006 -16"><span class='ocrx_word' id='word_1_453' title='bbox 1169 626 1277 658; x_wconf 87' lang='lat' dir='ltr'>tenda</span> <span class='ocrx_word' id='word_1_454' title='bbox 1300 626 1409 659; x_wconf 88' lang='lat' dir='ltr'>fuerit</span> <span class='ocrx_word' id='word_1_455' title='bbox 1433 626 1601 667; x_wconf 84' lang='lat' dir='ltr'>societas,</span> <span class='ocrx_word' id='word_1_456' title='bbox 1633 639 1707 660; x_wconf 88' lang='lat' dir='ltr'>non</span> <span class='ocrx_word' id='word_1_457' title='bbox 1732 634 1923 674; x_wconf 86' lang='lat' dir='ltr'>postquam</span> <span class='ocrx_word' id='word_1_458' title='bbox 1950 641 2017 663; x_wconf 92' lang='lat' dir='ltr'>nos</span> <span class='ocrx_word' id='word_1_459' title='bbox 2040 629 2172 664; x_wconf 89' lang='lat' dir='ltr'>iniuria</span> 
     </span>
     <span class='ocr_line' id='line_1_64' title="bbox 1170 677 2171 727; baseline 0.006 -18"><span class='ocrx_word' id='word_1_460' title='bbox 1170 677 1289 710; x_wconf 84' lang='lat' dir='ltr'>affecti</span> <span class='ocrx_word' id='word_1_461' title='bbox 1307 690 1429 711; x_wconf 89' lang='lat' dir='ltr'>sumus</span> <span class='ocrx_word' id='word_1_462' title='bbox 1441 704 1450 717; x_wconf 87' lang='lat'>‚</span> <span class='ocrx_word' id='word_1_463' title='bbox 1479 684 1513 711; x_wconf 92' lang='lat' dir='ltr'>et</span> <span class='ocrx_word' id='word_1_464' title='bbox 1530 678 1596 722; x_wconf 91' lang='lat' dir='ltr'>ipsi</span> <span class='ocrx_word' id='word_1_465' title='bbox 1613 685 1697 712; x_wconf 91' lang='lat' dir='ltr'>sunt</span> <span class='ocrx_word' id='word_1_466' title='bbox 1712 679 1749 712; x_wconf 91' lang='lat' dir='ltr'>in</span> <span class='ocrx_word' id='word_1_467' title='bbox 1766 680 1926 723; x_wconf 91' lang='lat' dir='ltr'>periculo</span> <span class='ocrx_word' id='word_1_468' title='bbox 1938 706 1947 720; x_wconf 91' lang='lat'>,</span> <span class='ocrx_word' id='word_1_469' title='bbox 1974 693 2040 714; x_wconf 90' lang='lat' dir='ltr'>nec</span> <span class='ocrx_word' id='word_1_470' title='bbox 2058 693 2171 727; x_wconf 89' lang='lat' dir='ltr'>quan-</span> 
     </span>
     <span class='ocr_line' id='line_1_65' title="bbox 1169 729 2172 771; baseline 0.006 -10"><span class='ocrx_word' id='word_1_471' title='bbox 1169 729 1215 761; x_wconf 93' lang='lat' dir='ltr'>do</span> <span class='ocrx_word' id='word_1_472' title='bbox 1232 734 1351 762; x_wconf 89' lang='lat' dir='ltr'>vestro</span> <span class='ocrx_word' id='word_1_473' title='bbox 1369 729 1541 762; x_wconf 88' lang='lat' dir='ltr'>beneficio</span> <span class='ocrx_word' id='word_1_474' title='bbox 1558 729 1628 763; x_wconf 88' lang='lat' dir='ltr'>frui</span> <span class='ocrx_word' id='word_1_475' title='bbox 1645 730 1792 771; x_wconf 83' lang='lat' dir='ltr'>volunt,</span> <span class='ocrx_word' id='word_1_476' title='bbox 1820 744 1901 765; x_wconf 91' lang='lat' dir='ltr'>cum</span> <span class='ocrx_word' id='word_1_477' title='bbox 1919 738 2021 765; x_wconf 86' lang='lat' dir='ltr'>antea</span> <span class='ocrx_word' id='word_1_478' title='bbox 2041 733 2172 767; x_wconf 89' lang='lat' dir='ltr'>benefi-</span> 
     </span>
     <span class='ocr_line' id='line_1_66' title="bbox 1169 780 2171 818; baseline 0.006 -6"><span class='ocrx_word' id='word_1_479' title='bbox 1169 780 1263 813; x_wconf 89' lang='lat' dir='ltr'>cium</span> <span class='ocrx_word' id='word_1_480' title='bbox 1277 781 1415 814; x_wconf 90' lang='lat' dir='ltr'>nullum</span> <span class='ocrx_word' id='word_1_481' title='bbox 1437 780 1613 815; x_wconf 87' lang='lat' dir='ltr'>dederint.</span> <span class='ocrx_word' id='word_1_482' title='bbox 1666 781 1712 815; x_wconf 88' lang='lat' dir='ltr'>Et</span> <span class='ocrx_word' id='word_1_483' title='bbox 1739 794 1818 815; x_wconf 90' lang='lat' dir='ltr'>cum</span> <span class='ocrx_word' id='word_1_484' title='bbox 1846 795 1865 815; x_wconf 90' lang='lat' dir='ltr'>a</span> <span class='ocrx_word' id='word_1_485' title='bbox 1889 783 2019 817; x_wconf 86' lang='lat' dir='ltr'>scelere</span> <span class='ocrx_word' id='word_1_486' title='bbox 2045 796 2171 818; x_wconf 89' lang='lat' dir='ltr'>eorum</span> 
     </span>
     <span class='ocr_line' id='line_1_67' title="bbox 1168 831 2170 880; baseline 0.005 -16"><span class='ocrx_word' id='word_1_487' title='bbox 1168 831 1372 873; x_wconf 87' lang='lat' dir='ltr'>abfueritis,</span> <span class='ocrx_word' id='word_1_488' title='bbox 1402 832 1553 866; x_wconf 89' lang='lat' dir='ltr'>nuncin</span> <span class='ocrx_word' id='word_1_489' title='bbox 1577 845 1640 866; x_wconf 92' lang='lat' dir='ltr'>vos</span> <span class='ocrx_word' id='word_1_490' title='bbox 1665 834 1859 867; x_wconf 84' lang='lat' dir='ltr'>transferre</span> <span class='ocrx_word' id='word_1_491' title='bbox 1883 834 2006 879; x_wconf 88' lang='lat' dir='ltr'>culpae</span> <span class='ocrx_word' id='word_1_492' title='bbox 2029 843 2170 880; x_wconf 85' lang='lat' dir='ltr'>partem</span> 
     </span>
     <span class='ocr_line' id='line_1_68' title="bbox 1169 883 2170 931; baseline 0.003 -15"><span class='ocrx_word' id='word_1_493' title='bbox 1169 889 1359 917; x_wconf 85' lang='lat' dir='ltr'>conantur.</span> <span class='ocrx_word' id='word_1_494' title='bbox 1413 883 1525 917; x_wconf 92' lang='lat' dir='ltr'>Decet</span> <span class='ocrx_word' id='word_1_495' title='bbox 1541 889 1659 917; x_wconf 84' lang='lat' dir='ltr'>autem</span> <span class='ocrx_word' id='word_1_496' title='bbox 1687 896 1767 925; x_wconf 91' lang='lat' dir='ltr'>eos,</span> <span class='ocrx_word' id='word_1_497' title='bbox 1803 886 1865 931; x_wconf 90' lang='lat' dir='ltr'>qui</span> <span class='ocrx_word' id='word_1_498' title='bbox 1888 886 1988 930; x_wconf 89' lang='lat' dir='ltr'>prius</span> <span class='ocrx_word' id='word_1_499' title='bbox 2012 899 2093 921; x_wconf 87' lang='lat' dir='ltr'>suas</span> <span class='ocrx_word' id='word_1_500' title='bbox 2118 888 2170 920; x_wconf 86' lang='lat' dir='ltr'>vi-</span> 
     </span>
     <span class='ocr_line' id='line_1_69' title="bbox 1168 935 2169 981; baseline 0.005 -14"><span class='ocrx_word' id='word_1_501' title='bbox 1168 947 1229 968; x_wconf 89' lang='lat' dir='ltr'>res</span> <span class='ocrx_word' id='word_1_502' title='bbox 1263 947 1343 968; x_wconf 89' lang='lat' dir='ltr'>curn</span> <span class='ocrx_word' id='word_1_503' title='bbox 1378 935 1456 969; x_wconf 87' lang='lat' dir='ltr'>aliis</span> <span class='ocrx_word' id='word_1_504' title='bbox 1489 935 1773 977; x_wconf 87' lang='lat' dir='ltr'>coniunxerunt,</span> <span class='ocrx_word' id='word_1_505' title='bbox 1813 944 1936 981; x_wconf 89' lang='lat' dir='ltr'>postea</span> <span class='ocrx_word' id='word_1_506' title='bbox 1960 950 2169 973; x_wconf 88' lang='lat' dir='ltr'>communes</span> 
     </span>
     <span class='ocr_line' id='line_1_70' title="bbox 1168 988 2169 1035; baseline 0.005 -16"><span class='ocrx_word' id='word_1_507' title='bbox 1168 992 1315 1020; x_wconf 83' lang='lat' dir='ltr'>eventus</span> <span class='ocrx_word' id='word_1_508' title='bbox 1326 993 1524 1030; x_wconf 86' lang='lat' dir='ltr'>expectare,</span> <span class='ocrx_word' id='word_1_509' title='bbox 1543 999 1616 1020; x_wconf 94' lang='lat' dir='ltr'>non</span> <span class='ocrx_word' id='word_1_510' title='bbox 1632 1000 1712 1021; x_wconf 92' lang='lat' dir='ltr'>cum</span> <span class='ocrx_word' id='word_1_511' title='bbox 1730 1000 1747 1020; x_wconf 89' lang='lat' dir='ltr'>a</span> <span class='ocrx_word' id='word_1_512' title='bbox 1759 988 1853 1022; x_wconf 88' lang='lat' dir='ltr'>facto</span> <span class='ocrx_word' id='word_1_513' title='bbox 1865 989 2056 1030; x_wconf 88' lang='lat' dir='ltr'>abfuerint,</span> <span class='ocrx_word' id='word_1_514' title='bbox 2072 996 2169 1035; x_wconf 85' lang='lat' dir='ltr'>post-</span> 
     </span>
     <span class='ocr_line' id='line_1_71' title="bbox 1168 1037 1811 1074; baseline 0.006 -4"><span class='ocrx_word' id='word_1_515' title='bbox 1168 1049 1208 1070; x_wconf 92' lang='lat' dir='ltr'>ea</span> <span class='ocrx_word' id='word_1_516' title='bbox 1228 1037 1387 1071; x_wconf 86' lang='lat' dir='ltr'>criminis</span> <span class='ocrx_word' id='word_1_517' title='bbox 1404 1039 1610 1072; x_wconf 89' lang='lat' dir='ltr'>societatem</span> <span class='ocrx_word' id='word_1_518' title='bbox 1624 1040 1811 1074; x_wconf 87' lang='lat' dir='ltr'>sustinere.</span> 
     </span>
    </p>

    <p class='ocr_par' dir='ltr' id='par_1_13' title="bbox 1167 1087 2174 2010">
     <span class='ocr_line' id='line_1_72' title="bbox 1272 1087 2169 1126; baseline 0.004 -4"><span class='ocrx_word' id='word_1_519' title='bbox 1272 1089 1454 1124; x_wconf 88' lang='lat' dir='ltr'>Hactenus</span> <span class='ocrx_word' id='word_1_520' title='bbox 1479 1090 1700 1125; x_wconf 90' lang='lat' dir='ltr'>ostendimus</span> <span class='ocrx_word' id='word_1_521' title='bbox 1722 1102 1789 1124; x_wconf 87' lang='lat' dir='ltr'>nos</span> <span class='ocrx_word' id='word_1_522' title='bbox 1814 1087 1884 1123; x_wconf 86' lang='lat' dir='ltr'>huc</span> <span class='ocrx_word' id='word_1_523' title='bbox 1909 1091 2092 1126; x_wconf 85' lang='lat' dir='ltr'>accessisse</span> <span class='ocrx_word' id='word_1_524' title='bbox 2115 1092 2169 1126; x_wconf 87' lang='lat' dir='ltr'>iu-</span> 
     </span>
     <span class='ocr_line' id='line_1_73' title="bbox 1167 1141 2170 1182; baseline 0.004 -9"><span class='ocrx_word' id='word_1_525' title='bbox 1167 1146 1259 1174; x_wconf 87' lang='lat' dir='ltr'>stam</span> <span class='ocrx_word' id='word_1_526' title='bbox 1277 1153 1419 1174; x_wconf 87' lang='lat' dir='ltr'>causam</span> <span class='ocrx_word' id='word_1_527' title='bbox 1437 1141 1644 1182; x_wconf 89' lang='lat' dir='ltr'>afferentes,</span> <span class='ocrx_word' id='word_1_528' title='bbox 1672 1142 1758 1176; x_wconf 89' lang='lat' dir='ltr'>istos</span> <span class='ocrx_word' id='word_1_529' title='bbox 1776 1153 1862 1175; x_wconf 83' lang='lat' dir='ltr'>vero</span> <span class='ocrx_word' id='word_1_530' title='bbox 1881 1141 2012 1176; x_wconf 86' lang='lat' dir='ltr'>iniusta</span> <span class='ocrx_word' id='word_1_531' title='bbox 2031 1143 2170 1177; x_wconf 90' lang='lat' dir='ltr'>violen-</span> 
     </span>
     <span class='ocr_line' id='line_1_74' title="bbox 1167 1191 2169 1237; baseline 0.005 -13"><span class='ocrx_word' id='word_1_532' title='bbox 1167 1191 1216 1224; x_wconf 90' lang='lat' dir='ltr'>tia</span> <span class='ocrx_word' id='word_1_533' title='bbox 1233 1192 1304 1230; x_wconf 92' lang='lat' dir='ltr'>uti;</span> <span class='ocrx_word' id='word_1_534' title='bbox 1338 1205 1434 1226; x_wconf 92' lang='lat' dir='ltr'>nunc</span> <span class='ocrx_word' id='word_1_535' title='bbox 1451 1193 1675 1237; x_wconf 87' lang='lat' dir='ltr'>cognoscite,</span> <span class='ocrx_word' id='word_1_536' title='bbox 1709 1206 1772 1227; x_wconf 93' lang='lat' dir='ltr'>cur</span> <span class='ocrx_word' id='word_1_537' title='bbox 1795 1205 1860 1227; x_wconf 87' lang='lat' dir='ltr'>vos</span> <span class='ocrx_word' id='word_1_538' title='bbox 1882 1205 1957 1226; x_wconf 89' lang='lat' dir='ltr'>non</span> <span class='ocrx_word' id='word_1_539' title='bbox 1980 1194 2056 1228; x_wconf 88' lang='lat' dir='ltr'>sitis</span> <span class='ocrx_word' id='word_1_540' title='bbox 2079 1195 2169 1229; x_wconf 92' lang='lat' dir='ltr'>iuste</span> 
     </span>
     <span class='ocr_line' id='line_1_75' title="bbox 1168 1244 2170 1291; baseline 0.004 -15"><span class='ocrx_word' id='word_1_541' title='bbox 1168 1255 1228 1277; x_wconf 93' lang='lat' dir='ltr'>eos</span> <span class='ocrx_word' id='word_1_542' title='bbox 1246 1244 1438 1288; x_wconf 88' lang='lat' dir='ltr'>recepturi.</span> <span class='ocrx_word' id='word_1_543' title='bbox 1486 1244 1594 1290; x_wconf 86' lang='lat' dir='ltr'>Quod</span> <span class='ocrx_word' id='word_1_544' title='bbox 1610 1244 1705 1278; x_wconf 91' lang='lat' dir='ltr'>enim</span> <span class='ocrx_word' id='word_1_545' title='bbox 1720 1245 1759 1278; x_wconf 87' lang='lat' dir='ltr'>in</span> <span class='ocrx_word' id='word_1_546' title='bbox 1775 1244 1981 1279; x_wconf 89' lang='lat' dir='ltr'>foederibus</span> <span class='ocrx_word' id='word_1_547' title='bbox 1997 1246 2170 1291; x_wconf 86' lang='lat' dir='ltr'>scripturn</span> 
     </span>
     <span class='ocr_line' id='line_1_76' title="bbox 1168 1296 2171 1341; baseline 0.004 -14"><span class='ocrx_word' id='word_1_548' title='bbox 1168 1301 1241 1334; x_wconf 88' lang='lat' dir='ltr'>est,</span> <span class='ocrx_word' id='word_1_549' title='bbox 1282 1307 1386 1340; x_wconf 89' lang='lat' dir='ltr'>posse</span> <span class='ocrx_word' id='word_1_550' title='bbox 1415 1308 1490 1329; x_wconf 92' lang='lat' dir='ltr'>non</span> <span class='ocrx_word' id='word_1_551' title='bbox 1525 1296 1720 1341; x_wconf 86' lang='lat' dir='ltr'>adscriptas</span> <span class='ocrx_word' id='word_1_552' title='bbox 1748 1296 1909 1331; x_wconf 76' lang='lat' dir='ltr'>civitates</span> <span class='ocrx_word' id='word_1_553' title='bbox 1933 1298 2099 1332; x_wconf 90' lang='lat' dir='ltr'>accedere</span> <span class='ocrx_word' id='word_1_554' title='bbox 2124 1299 2171 1332; x_wconf 89' lang='lat' dir='ltr'>ad</span> 
     </span>
     <span class='ocr_line' id='line_1_77' title="bbox 1168 1346 2171 1392; baseline 0.005 -15"><span class='ocrx_word' id='word_1_555' title='bbox 1168 1351 1269 1378; x_wconf 87' lang='lat' dir='ltr'>utros</span> <span class='ocrx_word' id='word_1_556' title='bbox 1300 1346 1431 1387; x_wconf 71' lang='lat' dir='ltr'>velint,</span> <span class='ocrx_word' id='word_1_557' title='bbox 1468 1347 1503 1380; x_wconf 93' lang='lat' dir='ltr'>id</span> <span class='ocrx_word' id='word_1_558' title='bbox 1526 1359 1602 1381; x_wconf 92' lang='lat' dir='ltr'>non</span> <span class='ocrx_word' id='word_1_559' title='bbox 1635 1347 1684 1381; x_wconf 80' lang='lat' dir='ltr'>ita</span> <span class='ocrx_word' id='word_1_560' title='bbox 1716 1347 1948 1392; x_wconf 86' lang='lat' dir='ltr'>intelligitur,</span> <span class='ocrx_word' id='word_1_561' title='bbox 1989 1349 2096 1383; x_wconf 89' lang='lat' dir='ltr'>licere</span> <span class='ocrx_word' id='word_1_562' title='bbox 2125 1350 2171 1383; x_wconf 86' lang='lat' dir='ltr'>ad</span> 
     </span>
     <span class='ocr_line' id='line_1_78' title="bbox 1168 1396 2171 1444; baseline 0.007 -16"><span class='ocrx_word' id='word_1_563' title='bbox 1168 1396 1322 1429; x_wconf 87' lang='lat' dir='ltr'>aliorum</span> <span class='ocrx_word' id='word_1_564' title='bbox 1346 1397 1542 1441; x_wconf 89' lang='lat' dir='ltr'>perniciem</span> <span class='ocrx_word' id='word_1_565' title='bbox 1570 1411 1744 1444; x_wconf 86' lang='lat' dir='ltr'>quaerere</span> <span class='ocrx_word' id='word_1_566' title='bbox 1769 1399 1975 1433; x_wconf 89' lang='lat' dir='ltr'>societatem</span> <span class='ocrx_word' id='word_1_567' title='bbox 2002 1400 2171 1442; x_wconf 88' lang='lat' dir='ltr'>aliorum,</span> 
     </span>
     <span class='ocr_line' id='line_1_79' title="bbox 1167 1448 2171 1496; baseline 0.006 -16"><span class='ocrx_word' id='word_1_568' title='bbox 1167 1448 1229 1481; x_wconf 92' lang='lat' dir='ltr'>sed</span> <span class='ocrx_word' id='word_1_569' title='bbox 1246 1448 1360 1493; x_wconf 88' lang='lat' dir='ltr'>siqua</span> <span class='ocrx_word' id='word_1_570' title='bbox 1377 1449 1513 1493; x_wconf 88' lang='lat' dir='ltr'>indiget</span> <span class='ocrx_word' id='word_1_571' title='bbox 1529 1450 1755 1491; x_wconf 88' lang='lat' dir='ltr'>defensione,</span> <span class='ocrx_word' id='word_1_572' title='bbox 1784 1463 1875 1496; x_wconf 88' lang='lat' dir='ltr'>quae</span> <span class='ocrx_word' id='word_1_573' title='bbox 1898 1463 1974 1485; x_wconf 88' lang='lat' dir='ltr'>non</span> <span class='ocrx_word' id='word_1_574' title='bbox 1997 1452 2125 1486; x_wconf 88' lang='lat' dir='ltr'>defecit</span> <span class='ocrx_word' id='word_1_575' title='bbox 2151 1465 2171 1486; x_wconf 84' lang='lat' dir='ltr'>a</span> 
     </span>
     <span class='ocr_line' id='line_1_80' title="bbox 1168 1499 2173 1549; baseline 0.006 -18"><span class='ocrx_word' id='word_1_576' title='bbox 1168 1499 1350 1543; x_wconf 90' lang='lat' dir='ltr'>prioribus</span> <span class='ocrx_word' id='word_1_577' title='bbox 1368 1500 1491 1541; x_wconf 91' lang='lat' dir='ltr'>sociis,</span> <span class='ocrx_word' id='word_1_578' title='bbox 1521 1507 1555 1534; x_wconf 91' lang='lat' dir='ltr'>et</span> <span class='ocrx_word' id='word_1_579' title='bbox 1572 1514 1664 1547; x_wconf 91' lang='lat' dir='ltr'>quae</span> <span class='ocrx_word' id='word_1_580' title='bbox 1689 1502 1944 1547; x_wconf 87' lang='lat' dir='ltr'>recipientibus</span> <span class='ocrx_word' id='word_1_581' title='bbox 1963 1502 1995 1549; x_wconf 76' lang='grc'>8)</span> <span class='ocrx_word' id='word_1_582' title='bbox 2021 1515 2097 1537; x_wconf 88' lang='lat' dir='ltr'>non</span> <span class='ocrx_word' id='word_1_583' title='bbox 2121 1504 2173 1537; x_wconf 87' lang='lat' dir='ltr'>af-</span> 
     </span>
     <span class='ocr_line' id='line_1_81' title="bbox 1167 1551 2172 1599; baseline 0.005 -16"><span class='ocrx_word' id='word_1_584' title='bbox 1167 1551 1236 1583; x_wconf 87' lang='lat' dir='ltr'>fert</span> <span class='ocrx_word' id='word_1_585' title='bbox 1252 1551 1385 1585; x_wconf 90' lang='lat' dir='ltr'>bellum</span> <span class='ocrx_word' id='word_1_586' title='bbox 1404 1564 1471 1597; x_wconf 91' lang='lat' dir='ltr'>pro</span> <span class='ocrx_word' id='word_1_587' title='bbox 1500 1565 1607 1597; x_wconf 89' lang='lat' dir='ltr'>pace,</span> <span class='ocrx_word' id='word_1_588' title='bbox 1643 1553 1680 1586; x_wconf 92' lang='lat' dir='ltr'>id</span> <span class='ocrx_word' id='word_1_589' title='bbox 1704 1555 1802 1599; x_wconf 89' lang='lat' dir='ltr'>quod</span> <span class='ocrx_word' id='word_1_590' title='bbox 1825 1555 1926 1589; x_wconf 88' lang='lat' dir='ltr'>vobis</span> <span class='ocrx_word' id='word_1_591' title='bbox 1952 1554 2106 1597; x_wconf 87' lang='lat' dir='ltr'>accidet,</span> <span class='ocrx_word' id='word_1_592' title='bbox 2141 1556 2172 1590; x_wconf 91' lang='lat' dir='ltr'>si</span> 
     </span>
     <span class='ocr_line' id='line_1_82' title="bbox 1168 1604 2174 1650; baseline 0.006 -15"><span class='ocrx_word' id='word_1_593' title='bbox 1168 1614 1234 1635; x_wconf 89' lang='lat' dir='ltr'>nos</span> <span class='ocrx_word' id='word_1_594' title='bbox 1250 1614 1326 1635; x_wconf 91' lang='lat' dir='ltr'>non</span> <span class='ocrx_word' id='word_1_595' title='bbox 1343 1604 1514 1645; x_wconf 88' lang='lat' dir='ltr'>audietis,</span> <span class='ocrx_word' id='word_1_596' title='bbox 1542 1604 1624 1650; x_wconf 86' lang='lat' dir='ltr'>quia</span> <span class='ocrx_word' id='word_1_597' title='bbox 1641 1617 1717 1638; x_wconf 90' lang='lat' dir='ltr'>non</span> <span class='ocrx_word' id='word_1_598' title='bbox 1733 1606 1849 1639; x_wconf 89' lang='lat' dir='ltr'>solum</span> <span class='ocrx_word' id='word_1_599' title='bbox 1867 1606 1942 1641; x_wconf 88' lang='lat' dir='ltr'>istis</span> <span class='ocrx_word' id='word_1_600' title='bbox 1960 1606 2083 1648; x_wconf 90' lang='lat' dir='ltr'>sociis,</span> <span class='ocrx_word' id='word_1_601' title='bbox 2111 1608 2174 1641; x_wconf 90' lang='lat' dir='ltr'>sed</span> 
     </span>
     <span class='ocr_line' id='line_1_83' title="bbox 1169 1653 2172 1700; baseline 0.006 -13"><span class='ocrx_word' id='word_1_602' title='bbox 1169 1653 1273 1687; x_wconf 90' lang='lat' dir='ltr'>nobis</span> <span class='ocrx_word' id='word_1_603' title='bbox 1293 1654 1400 1687; x_wconf 89' lang='lat' dir='ltr'>etiam</span> <span class='ocrx_word' id='word_1_604' title='bbox 1418 1667 1485 1700; x_wconf 90' lang='lat' dir='ltr'>pro</span> <span class='ocrx_word' id='word_1_605' title='bbox 1504 1656 1697 1691; x_wconf 89' lang='lat' dir='ltr'>foederatis</span> <span class='ocrx_word' id='word_1_606' title='bbox 1714 1654 1834 1692; x_wconf 90' lang='lat' dir='ltr'>hostes</span> <span class='ocrx_word' id='word_1_607' title='bbox 1858 1657 1969 1692; x_wconf 85' lang='lat' dir='ltr'>eritis.</span> <span class='ocrx_word' id='word_1_608' title='bbox 2021 1657 2172 1693; x_wconf 87' lang='lat' dir='ltr'>Necesse</span> 
     </span>
     <span class='ocr_line' id='line_1_84' title="bbox 1169 1705 2174 1755; baseline 0.006 -18"><span class='ocrx_word' id='word_1_609' title='bbox 1169 1705 1236 1738; x_wconf 88' lang='lat' dir='ltr'>erit</span> <span class='ocrx_word' id='word_1_610' title='bbox 1253 1706 1347 1739; x_wconf 91' lang='lat' dir='ltr'>enim</span> <span class='ocrx_word' id='word_1_611' title='bbox 1360 1733 1369 1747; x_wconf 93' lang='lat'>,</span> <span class='ocrx_word' id='word_1_612' title='bbox 1398 1707 1428 1740; x_wconf 91' lang='lat' dir='ltr'>si</span> <span class='ocrx_word' id='word_1_613' title='bbox 1444 1719 1545 1740; x_wconf 87' lang='lat' dir='ltr'>arma</span> <span class='ocrx_word' id='word_1_614' title='bbox 1561 1708 1682 1742; x_wconf 90' lang='lat' dir='ltr'>feretis</span> <span class='ocrx_word' id='word_1_615' title='bbox 1702 1708 1796 1742; x_wconf 90' lang='lat' dir='ltr'>inter</span> <span class='ocrx_word' id='word_1_616' title='bbox 1812 1709 1911 1750; x_wconf 88' lang='lat' dir='ltr'>istos,</span> <span class='ocrx_word' id='word_1_617' title='bbox 1932 1722 1997 1744; x_wconf 91' lang='lat' dir='ltr'>vos</span> <span class='ocrx_word' id='word_1_618' title='bbox 2015 1710 2174 1755; x_wconf 89' lang='lat' dir='ltr'>opprimi</span> 
     </span>
     <span class='ocr_line' id='line_1_85' title="bbox 1169 1756 2173 1807; baseline 0.005 -17"><span class='ocrx_word' id='word_1_619' title='bbox 1169 1770 1249 1791; x_wconf 91' lang='lat' dir='ltr'>cum</span> <span class='ocrx_word' id='word_1_620' title='bbox 1266 1757 1326 1792; x_wconf 92' lang='lat' dir='ltr'>eis.</span> <span class='ocrx_word' id='word_1_621' title='bbox 1362 1756 1497 1792; x_wconf 92' lang='lat' dir='ltr'>Iustum</span> <span class='ocrx_word' id='word_1_622' title='bbox 1514 1765 1634 1793; x_wconf 89' lang='lat' dir='ltr'>autem</span> <span class='ocrx_word' id='word_1_623' title='bbox 1654 1766 1744 1794; x_wconf 89' lang='lat' dir='ltr'>esset</span> <span class='ocrx_word' id='word_1_624' title='bbox 1760 1773 1824 1795; x_wconf 80' lang='lat' dir='ltr'>vos</span> <span class='ocrx_word' id='word_1_625' title='bbox 1842 1761 1885 1794; x_wconf 91' lang='lat' dir='ltr'>ab</span> <span class='ocrx_word' id='word_1_626' title='bbox 1900 1767 2053 1807; x_wconf 89' lang='lat' dir='ltr'>utraque</span> <span class='ocrx_word' id='word_1_627' title='bbox 2071 1768 2173 1806; x_wconf 88' lang='lat' dir='ltr'>parte</span> 
     </span>
     <span class='ocr_line' id='line_1_86' title="bbox 1169 1809 2172 1856; baseline 0.004 -14"><span class='ocrx_word' id='word_1_628' title='bbox 1169 1809 1310 1850; x_wconf 89' lang='lat' dir='ltr'>abesse,</span> <span class='ocrx_word' id='word_1_629' title='bbox 1338 1816 1419 1851; x_wconf 90' lang='lat' dir='ltr'>aut,</span> <span class='ocrx_word' id='word_1_630' title='bbox 1455 1810 1484 1844; x_wconf 92' lang='lat' dir='ltr'>si</span> <span class='ocrx_word' id='word_1_631' title='bbox 1501 1811 1579 1844; x_wconf 88' lang='lat' dir='ltr'>fieri</span> <span class='ocrx_word' id='word_1_632' title='bbox 1596 1823 1669 1845; x_wconf 91' lang='lat' dir='ltr'>non</span> <span class='ocrx_word' id='word_1_633' title='bbox 1687 1818 1826 1856; x_wconf 89' lang='lat' dir='ltr'>posset,</span> <span class='ocrx_word' id='word_1_634' title='bbox 1857 1812 2046 1847; x_wconf 89' lang='lat' dir='ltr'>nobiscum</span> <span class='ocrx_word' id='word_1_635' title='bbox 2071 1825 2172 1847; x_wconf 84' lang='lat' dir='ltr'>arma</span> 
     </span>
     <span class='ocr_line' id='line_1_87' title="bbox 1168 1861 2173 1909; baseline 0.005 -16"><span class='ocrx_word' id='word_1_636' title='bbox 1168 1862 1261 1894; x_wconf 88' lang='lat' dir='ltr'>ferre</span> <span class='ocrx_word' id='word_1_637' title='bbox 1288 1867 1414 1894; x_wconf 89' lang='lat' dir='ltr'>contra</span> <span class='ocrx_word' id='word_1_638' title='bbox 1438 1861 1546 1903; x_wconf 90' lang='lat' dir='ltr'>istos,</span> <span class='ocrx_word' id='word_1_639' title='bbox 1584 1863 1668 1909; x_wconf 88' lang='lat' dir='ltr'>quia</span> <span class='ocrx_word' id='word_1_640' title='bbox 1696 1876 1777 1897; x_wconf 90' lang='lat' dir='ltr'>cum</span> <span class='ocrx_word' id='word_1_641' title='bbox 1802 1862 2000 1899; x_wconf 89' lang='lat' dir='ltr'>Corinthiis</span> <span class='ocrx_word' id='word_1_642' title='bbox 2021 1865 2173 1898; x_wconf 88' lang='lat' dir='ltr'>manife-</span> 
     </span>
     <span class='ocr_line' id='line_1_88' title="bbox 1169 1913 2171 1963; baseline 0.005 -18"><span class='ocrx_word' id='word_1_643' title='bbox 1169 1919 1263 1946; x_wconf 87' lang='lat' dir='ltr'>stum</span> <span class='ocrx_word' id='word_1_644' title='bbox 1280 1913 1406 1947; x_wconf 88' lang='lat' dir='ltr'>foedus</span> <span class='ocrx_word' id='word_1_645' title='bbox 1424 1920 1493 1953; x_wconf 87' lang='lat' dir='ltr'>est,</span> <span class='ocrx_word' id='word_1_646' title='bbox 1529 1920 1566 1947; x_wconf 87' lang='lat' dir='ltr'>at</span> <span class='ocrx_word' id='word_1_647' title='bbox 1580 1927 1661 1948; x_wconf 89' lang='lat' dir='ltr'>cum</span> <span class='ocrx_word' id='word_1_648' title='bbox 1678 1915 1748 1950; x_wconf 89' lang='lat' dir='ltr'>illis</span> <span class='ocrx_word' id='word_1_649' title='bbox 1763 1928 1808 1949; x_wconf 91' lang='lat' dir='ltr'>ne</span> <span class='ocrx_word' id='word_1_650' title='bbox 1833 1915 1999 1950; x_wconf 88' lang='lat' dir='ltr'>induciae</span> <span class='ocrx_word' id='word_1_651' title='bbox 2025 1916 2171 1963; x_wconf 89' lang='lat' dir='ltr'>quidem</span> 
     </span>
     <span class='ocr_line' id='line_1_89' title="bbox 1168 1965 1624 2010; baseline 0.007 -13"><span class='ocrx_word' id='word_1_652' title='bbox 1168 1976 1330 2010; x_wconf 87' lang='lat' dir='ltr'>unquam</span> <span class='ocrx_word' id='word_1_653' title='bbox 1350 1965 1451 1999; x_wconf 81' lang='lat' dir='ltr'>vobis</span> <span class='ocrx_word' id='word_1_654' title='bbox 1466 1966 1624 2000; x_wconf 88' lang='lat' dir='ltr'>fuerunt.</span> 
     </span>
    </p>

    <p class='ocr_par' dir='ltr' id='par_1_14' title="bbox 1169 2016 2173 2477">
     <span class='ocr_line' id='line_1_90' title="bbox 1272 2016 2173 2065; baseline 0.003 -15"><span class='ocrx_word' id='word_1_655' title='bbox 1272 2016 1346 2050; x_wconf 90' lang='lat' dir='ltr'>Nec</span> <span class='ocrx_word' id='word_1_656' title='bbox 1363 2017 1438 2051; x_wconf 90' lang='lat' dir='ltr'>sitis</span> <span class='ocrx_word' id='word_1_657' title='bbox 1454 2019 1542 2051; x_wconf 85' lang='lat' dir='ltr'>novi</span> <span class='ocrx_word' id='word_1_658' title='bbox 1567 2018 1719 2062; x_wconf 77' lang='lat' dir='ltr'>exempli</span> <span class='ocrx_word' id='word_1_659' title='bbox 1743 2024 1905 2060; x_wconf 85' lang='lat' dir='ltr'>autores,</span> <span class='ocrx_word' id='word_1_660' title='bbox 1933 2025 1974 2053; x_wconf 91' lang='lat' dir='ltr'>ut</span> <span class='ocrx_word' id='word_1_661' title='bbox 1996 2019 2173 2065; x_wconf 88' lang='lat' dir='ltr'>recipian-</span> 
     </span>
     <span class='ocr_line' id='line_1_91' title="bbox 1170 2068 2173 2114; baseline 0.004 -13"><span class='ocrx_word' id='word_1_662' title='bbox 1170 2074 1249 2108; x_wconf 87' lang='lat' dir='ltr'>tur,</span> <span class='ocrx_word' id='word_1_663' title='bbox 1277 2068 1339 2114; x_wconf 90' lang='lat' dir='ltr'>qui</span> <span class='ocrx_word' id='word_1_664' title='bbox 1358 2069 1402 2102; x_wconf 85' lang='lat' dir='ltr'>ab</span> <span class='ocrx_word' id='word_1_665' title='bbox 1421 2069 1498 2103; x_wconf 90' lang='lat' dir='ltr'>aliis</span> <span class='ocrx_word' id='word_1_666' title='bbox 1513 2070 1730 2104; x_wconf 86' lang='lat' dir='ltr'>defecerunt.</span> <span class='ocrx_word' id='word_1_667' title='bbox 1783 2070 1878 2105; x_wconf 87' lang='lat' dir='ltr'>Nam</span> <span class='ocrx_word' id='word_1_668' title='bbox 1900 2083 1966 2104; x_wconf 92' lang='lat' dir='ltr'>nec</span> <span class='ocrx_word' id='word_1_669' title='bbox 1988 2083 2055 2105; x_wconf 89' lang='lat' dir='ltr'>nos</span> <span class='ocrx_word' id='word_1_670' title='bbox 2078 2084 2173 2105; x_wconf 86' lang='lat' dir='ltr'>rece-</span> 
     </span>
     <span class='ocr_line' id='line_1_92' title="bbox 1169 2119 2173 2168; baseline 0.005 -16"><span class='ocrx_word' id='word_1_671' title='bbox 1169 2119 1289 2164; x_wconf 85' lang='lat' dir='ltr'>pimus</span> <span class='ocrx_word' id='word_1_672' title='bbox 1303 2120 1464 2161; x_wconf 89' lang='lat' dir='ltr'>Samios,</span> <span class='ocrx_word' id='word_1_673' title='bbox 1492 2134 1571 2155; x_wconf 87' lang='lat' dir='ltr'>cum</span> <span class='ocrx_word' id='word_1_674' title='bbox 1592 2134 1611 2155; x_wconf 87' lang='lat' dir='ltr'>a</span> <span class='ocrx_word' id='word_1_675' title='bbox 1627 2122 1729 2156; x_wconf 88' lang='lat' dir='ltr'>vobis</span> <span class='ocrx_word' id='word_1_676' title='bbox 1747 2122 1974 2164; x_wconf 89' lang='lat' dir='ltr'>defecissent,</span> <span class='ocrx_word' id='word_1_677' title='bbox 2003 2129 2037 2156; x_wconf 94' lang='lat' dir='ltr'>et</span> <span class='ocrx_word' id='word_1_678' title='bbox 2052 2123 2173 2168; x_wconf 86' lang='lat' dir='ltr'>palam</span> 
     </span>
     <span class='ocr_line' id='line_1_93' title="bbox 1170 2172 2173 2214; baseline 0.005 -10"><span class='ocrx_word' id='word_1_679' title='bbox 1170 2172 1472 2214; x_wconf 84' lang='lat' dir='ltr'>contradiximus,</span> <span class='ocrx_word' id='word_1_680' title='bbox 1516 2186 1597 2207; x_wconf 92' lang='lat' dir='ltr'>cum</span> <span class='ocrx_word' id='word_1_681' title='bbox 1628 2173 1789 2207; x_wconf 86' lang='lat' dir='ltr'>diversae</span> <span class='ocrx_word' id='word_1_682' title='bbox 1828 2181 1944 2209; x_wconf 89' lang='lat' dir='ltr'>essent</span> <span class='ocrx_word' id='word_1_683' title='bbox 1976 2175 2173 2209; x_wconf 88' lang='lat' dir='ltr'>sententiae</span> 
     </span>
     <span class='ocr_line' id='line_1_94' title="bbox 1169 2223 2173 2271; baseline 0.004 -15"><span class='ocrx_word' id='word_1_684' title='bbox 1169 2223 1521 2268; x_wconf 90' lang='lat' dir='ltr'>Peloponnesiorum</span> <span class='ocrx_word' id='word_1_685' title='bbox 1535 2252 1544 2266; x_wconf 92' lang='lat'>‚</span> <span class='ocrx_word' id='word_1_686' title='bbox 1572 2237 1618 2258; x_wconf 86' lang='lat' dir='ltr'>an</span> <span class='ocrx_word' id='word_1_687' title='bbox 1636 2225 1721 2270; x_wconf 90' lang='lat' dir='ltr'>ipsis</span> <span class='ocrx_word' id='word_1_688' title='bbox 1739 2225 1991 2271; x_wconf 87' lang='lat' dir='ltr'>opitulandum</span> <span class='ocrx_word' id='word_1_689' title='bbox 2009 2233 2110 2267; x_wconf 88' lang='lat' dir='ltr'>esset,</span> <span class='ocrx_word' id='word_1_690' title='bbox 2138 2233 2173 2260; x_wconf 91' lang='lat' dir='ltr'>et</span> 
     </span>
     <span class='ocr_line' id='line_1_95' title="bbox 1170 2276 2172 2323; baseline 0.004 -15"><span class='ocrx_word' id='word_1_691' title='bbox 1170 2276 1390 2317; x_wconf 91' lang='lat' dir='ltr'>censuimus,</span> <span class='ocrx_word' id='word_1_692' title='bbox 1440 2277 1753 2323; x_wconf 89' lang='lat' dir='ltr'>unumquemlibet</span> <span class='ocrx_word' id='word_1_693' title='bbox 1793 2278 1870 2311; x_wconf 89' lang='lat' dir='ltr'>iure</span> <span class='ocrx_word' id='word_1_694' title='bbox 1906 2290 2009 2322; x_wconf 88' lang='lat' dir='ltr'>posse</span> <span class='ocrx_word' id='word_1_695' title='bbox 2042 2277 2172 2323; x_wconf 90' lang='lat' dir='ltr'>punire</span> 
     </span>
     <span class='ocr_line' id='line_1_96' title="bbox 1171 2328 2172 2375; baseline 0.005 -15"><span class='ocrx_word' id='word_1_696' title='bbox 1171 2340 1251 2368; x_wconf 87' lang='lat' dir='ltr'>eos,</span> <span class='ocrx_word' id='word_1_697' title='bbox 1278 2328 1341 2374; x_wconf 90' lang='lat' dir='ltr'>qui</span> <span class='ocrx_word' id='word_1_698' title='bbox 1357 2329 1401 2361; x_wconf 83' lang='lat' dir='ltr'>ab</span> <span class='ocrx_word' id='word_1_699' title='bbox 1420 2328 1498 2373; x_wconf 89' lang='lat' dir='ltr'>ipso</span> <span class='ocrx_word' id='word_1_700' title='bbox 1523 2329 1744 2363; x_wconf 85' lang='lat' dir='ltr'>defecissent.</span> <span class='ocrx_word' id='word_1_701' title='bbox 1797 2328 1890 2364; x_wconf 89' lang='lat' dir='ltr'>Nam</span> <span class='ocrx_word' id='word_1_702' title='bbox 1915 2330 1945 2364; x_wconf 89' lang='lat' dir='ltr'>si</span> <span class='ocrx_word' id='word_1_703' title='bbox 1967 2330 2172 2375; x_wconf 85' lang='lat' dir='ltr'>receperitis</span> 
     </span>
     <span class='ocr_line' id='line_1_97' title="bbox 1170 2379 2173 2427; baseline 0.004 -15"><span class='ocrx_word' id='word_1_704' title='bbox 1170 2379 1298 2413; x_wconf 89' lang='lat' dir='ltr'>iniuste</span> <span class='ocrx_word' id='word_1_705' title='bbox 1315 2380 1535 2421; x_wconf 84' lang='lat' dir='ltr'>deficientes,</span> <span class='ocrx_word' id='word_1_706' title='bbox 1568 2381 1681 2425; x_wconf 89' lang='lat' dir='ltr'>legem</span> <span class='ocrx_word' id='word_1_707' title='bbox 1699 2382 1868 2416; x_wconf 87' lang='lat' dir='ltr'>adversus</span> <span class='ocrx_word' id='word_1_708' title='bbox 1883 2394 1946 2416; x_wconf 85' lang='lat' dir='ltr'>vos</span> <span class='ocrx_word' id='word_1_709' title='bbox 1965 2381 2061 2427; x_wconf 90' lang='lat' dir='ltr'>ipsos</span> <span class='ocrx_word' id='word_1_710' title='bbox 2083 2383 2173 2416; x_wconf 88' lang='lat' dir='ltr'>fere-</span> 
     </span>
     <span class='ocr_line' id='line_1_98' title="bbox 1170 2432 2172 2477; baseline 0.004 -13"><span class='ocrx_word' id='word_1_711' title='bbox 1170 2432 1231 2470; x_wconf 89' lang='lat' dir='ltr'>tis;</span> <span class='ocrx_word' id='word_1_712' title='bbox 1259 2443 1335 2464; x_wconf 89' lang='lat' dir='ltr'>non</span> <span class='ocrx_word' id='word_1_713' title='bbox 1353 2432 1544 2477; x_wconf 88' lang='lat' dir='ltr'>pauciores</span> <span class='ocrx_word' id='word_1_714' title='bbox 1562 2433 1657 2466; x_wconf 88' lang='lat' dir='ltr'>enim</span> <span class='ocrx_word' id='word_1_715' title='bbox 1678 2445 1696 2466; x_wconf 91' lang='lat' dir='ltr'>a</span> <span class='ocrx_word' id='word_1_716' title='bbox 1713 2433 1814 2467; x_wconf 84' lang='lat' dir='ltr'>vobis</span> <span class='ocrx_word' id='word_1_717' title='bbox 1831 2435 1876 2467; x_wconf 80' lang='lat' dir='ltr'>ad</span> <span class='ocrx_word' id='word_1_718' title='bbox 1897 2446 1964 2468; x_wconf 93' lang='lat' dir='ltr'>nos</span> <span class='ocrx_word' id='word_1_719' title='bbox 1988 2435 2172 2469; x_wconf 87' lang='lat' dir='ltr'>accedent.</span> 
     </span>
    </p>

    <p class='ocr_par' dir='ltr' id='par_1_15' title="bbox 1170 2484 2173 2680">
     <span class='ocr_line' id='line_1_99' title="bbox 1273 2484 2172 2531; baseline 0.003 -15"><span class='ocrx_word' id='word_1_720' title='bbox 1273 2484 1325 2516; x_wconf 92' lang='lat' dir='ltr'>Ac</span> <span class='ocrx_word' id='word_1_721' title='bbox 1344 2485 1387 2517; x_wconf 92' lang='lat' dir='ltr'>de</span> <span class='ocrx_word' id='word_1_722' title='bbox 1410 2484 1488 2518; x_wconf 91' lang='lat' dir='ltr'>iure</span> <span class='ocrx_word' id='word_1_723' title='bbox 1509 2484 1594 2518; x_wconf 90' lang='lat' dir='ltr'>satis</span> <span class='ocrx_word' id='word_1_724' title='bbox 1620 2484 1753 2518; x_wconf 91' lang='lat' dir='ltr'>dictum</span> <span class='ocrx_word' id='word_1_725' title='bbox 1780 2491 1842 2520; x_wconf 87' lang='lat' dir='ltr'>cst.</span> <span class='ocrx_word' id='word_1_726' title='bbox 1900 2485 2006 2521; x_wconf 86' lang='lat' dir='ltr'>Nunc</span> <span class='ocrx_word' id='word_1_727' title='bbox 2028 2486 2172 2531; x_wconf 89' lang='lat' dir='ltr'>petitio-</span> 
     </span>
     <span class='ocr_line' id='line_1_100' title="bbox 1171 2536 2173 2582; baseline 0.003 -14"><span class='ocrx_word' id='word_1_728' title='bbox 1171 2547 1254 2568; x_wconf 92' lang='lat' dir='ltr'>nem</span> <span class='ocrx_word' id='word_1_729' title='bbox 1273 2536 1465 2577; x_wconf 84' lang='lat' dir='ltr'>addemus,</span> <span class='ocrx_word' id='word_1_730' title='bbox 1493 2536 1531 2569; x_wconf 90' lang='lat' dir='ltr'>in</span> <span class='ocrx_word' id='word_1_731' title='bbox 1548 2548 1617 2582; x_wconf 83' lang='lat' dir='ltr'>qua</span> <span class='ocrx_word' id='word_1_732' title='bbox 1636 2537 1678 2570; x_wconf 94' lang='lat' dir='ltr'>de</span> <span class='ocrx_word' id='word_1_733' title='bbox 1695 2538 1881 2571; x_wconf 88' lang='lat' dir='ltr'>referenda</span> <span class='ocrx_word' id='word_1_734' title='bbox 1896 2538 2011 2582; x_wconf 88' lang='lat' dir='ltr'>gratia</span> <span class='ocrx_word' id='word_1_735' title='bbox 2029 2550 2093 2572; x_wconf 82' lang='lat' dir='ltr'>vos</span> <span class='ocrx_word' id='word_1_736' title='bbox 2111 2538 2173 2571; x_wconf 86' lang='lat' dir='ltr'>ad-</span> 
     </span>
     <span class='ocr_line' id='line_1_101' title="bbox 1170 2587 2172 2633; baseline 0.002 -13"><span class='ocrx_word' id='word_1_737' title='bbox 1170 2587 1411 2622; x_wconf 89' lang='lat' dir='ltr'>monebimus.</span> <span class='ocrx_word' id='word_1_738' title='bbox 1466 2587 1568 2621; x_wconf 90' lang='lat' dir='ltr'>Hanc</span> <span class='ocrx_word' id='word_1_739' title='bbox 1584 2589 1738 2633; x_wconf 89' lang='lat' dir='ltr'>petimus</span> <span class='ocrx_word' id='word_1_740' title='bbox 1754 2601 1830 2623; x_wconf 92' lang='lat' dir='ltr'>non</span> <span class='ocrx_word' id='word_1_741' title='bbox 1846 2596 1887 2624; x_wconf 89' lang='lat' dir='ltr'>ut</span> <span class='ocrx_word' id='word_1_742' title='bbox 1903 2588 2022 2625; x_wconf 89' lang='lat' dir='ltr'>hostes</span> <span class='ocrx_word' id='word_1_743' title='bbox 2047 2596 2172 2623; x_wconf 85' lang='lat' dir='ltr'>contra</span> 
     </span>
     <span class='ocr_line' id='line_1_102' title="bbox 1170 2639 2172 2680; baseline 0.004 -8"><span class='ocrx_word' id='word_1_744' title='bbox 1170 2651 1255 2680; x_wconf 88' lang='lat' dir='ltr'>vos,</span> <span class='ocrx_word' id='word_1_745' title='bbox 1291 2652 1356 2673; x_wconf 91' lang='lat' dir='ltr'>nec</span> <span class='ocrx_word' id='word_1_746' title='bbox 1382 2645 1422 2673; x_wconf 91' lang='lat' dir='ltr'>ut</span> <span class='ocrx_word' id='word_1_747' title='bbox 1445 2639 1568 2680; x_wconf 87' lang='lat' dir='ltr'>amici,</span> <span class='ocrx_word' id='word_1_748' title='bbox 1603 2647 1642 2674; x_wconf 90' lang='lat' dir='ltr'>ut</span> <span class='ocrx_word' id='word_1_749' title='bbox 1658 2641 1784 2676; x_wconf 88' lang='lat' dir='ltr'>vestris</span> <span class='ocrx_word' id='word_1_750' title='bbox 1799 2642 1939 2676; x_wconf 85' lang='lat' dir='ltr'>auxiliis</span> <span class='ocrx_word' id='word_1_751' title='bbox 1953 2654 2027 2675; x_wconf 92' lang='lat' dir='ltr'>non</span> <span class='ocrx_word' id='word_1_752' title='bbox 2043 2641 2172 2676; x_wconf 88' lang='lat' dir='ltr'>debitis</span> 
     </span>
    </p>
   </div>
   <div class='ocr_carea' id='block_1_10' title="bbox 1206 2758 2122 2794">
    <p class='ocr_par' dir='ltr' id='par_1_16' title="bbox 1206 2758 2122 2794">
     <span class='ocr_line' id='line_1_103' title="bbox 1206 2758 2122 2794; baseline 0.004 -11"><span class='ocrx_word' id='word_1_753' title='bbox 1206 2758 1237 2790; x_wconf 87' lang='grc'>8)</span> <span class='ocrx_word' id='word_1_754' title='bbox 1257 2759 1467 2790; x_wconf 80' lang='lat' dir='ltr'>recipientibus]</span> <span class='ocrx_word' id='word_1_755' title='bbox 1488 2760 1539 2786; x_wconf 85' lang='lat' dir='ltr'>Ed.</span> <span class='ocrx_word' id='word_1_756' title='bbox 1561 2761 1635 2787; x_wconf 77' lang='lat'>1562.</span> <span class='ocrx_word' id='word_1_757' title='bbox 1656 2767 1755 2785; x_wconf 83' lang='lat' dir='ltr'>errore</span> <span class='ocrx_word' id='word_1_758' title='bbox 1773 2762 1902 2794; x_wconf 80' lang='lat' dir='ltr'>typogr.:</span> <span class='ocrx_word' id='word_1_759' title='bbox 1927 2762 2122 2793; x_wconf 79' lang='lat' dir='ltr'>recipentibus.</span> 
     </span>
    </p>
   </div>
   <div class='ocr_carea' id='block_1_11' title="bbox 1707 2795 1756 2831">
    <p class='ocr_par' dir='ltr' id='par_1_17' title="bbox 1707 2795 1756 2831">
     <span class='ocr_line' id='line_1_104' title="bbox 1707 2795 1756 2831; baseline 0 0"><span class='ocrx_word' id='word_1_760' title='bbox 1707 2795 1756 2831; x_wconf 88' lang='lat'>65</span> 
     </span>
    </p>
   </div>
  </div>
 </body>
</html>
