<?xml version="1.0" encoding="UTF-8"?>
<!DOCTYPE html PUBLIC "-//W3C//DTD XHTML 1.0 Transitional//EN"
    "http://www.w3.org/TR/xhtml1/DTD/xhtml1-transitional.dtd">
<html xmlns="http://www.w3.org/1999/xhtml" xml:lang="en" lang="en">
 <head>
  <title>
</title>
<meta http-equiv="Content-Type" content="text/html;charset=utf-8" />
  <meta name='ocr-system' content='tesseract 3.04.00' />
  <meta name='ocr-capabilities' content='ocr_page ocr_carea ocr_par ocr_line ocrx_word'/>
</head>
<body>
  <div class='ocr_page' id='page_1' title='image "./operaquaesupersu17melauoft/operaquaesupersu17melauoft_0368.png"; bbox 0 0 2351 2990; ppageno 0'>
   <div class='ocr_carea' id='block_1_1' title="bbox 187 128 255 162">
    <p class='ocr_par' dir='ltr' id='par_1_1' title="bbox 187 128 255 162">
     <span class='ocr_line' id='line_1_1' title="bbox 187 128 255 162; baseline -0.015 0"><span class='ocrx_word' id='word_1_1' title='bbox 187 128 255 162; x_wconf 88' lang='lat'>711</span> 
     </span>
    </p>
   </div>
   <div class='ocr_carea' id='block_1_2' title="bbox 187 208 1184 2097">
    <p class='ocr_par' dir='ltr' id='par_1_2' title="bbox 187 208 1184 2097">
     <span class='ocr_line' id='line_1_2' title="bbox 191 208 1174 255; baseline -0.007 -8"><span class='ocrx_word' id='word_1_2' title='bbox 191 213 260 247; x_wconf 82' lang='lat' dir='ltr'>suis</span> <span class='ocrx_word' id='word_1_3' title='bbox 278 212 426 245; x_wconf 69' lang='lat' dir='ltr'>xiribus:</span> <span class='ocrx_word' id='word_1_4' title='bbox 447 224 486 245; x_wconf 78' lang='lat' dir='ltr'>nc</span> <span class='ocrx_word' id='word_1_5' title='bbox 504 212 631 245; x_wconf 81' lang='lat' dir='ltr'>debere</span> <span class='ocrx_word' id='word_1_6' title='bbox 650 212 800 255; x_wconf 68' lang='lat' dir='ltr'>gratiam</span> <span class='ocrx_word' id='word_1_7' title='bbox 820 210 893 242; x_wconf 91' lang='lat' dir='ltr'>eins</span> <span class='ocrx_word' id='word_1_8' title='bbox 912 209 962 241; x_wconf 85' lang='lat' dir='ltr'>rci</span> <span class='ocrx_word' id='word_1_9' title='bbox 979 208 1174 253; x_wconf 88' lang='lat' dir='ltr'>proditori-</span> 
     </span>
     <span class='ocr_line' id='line_1_3' title="bbox 187 258 1174 308; baseline -0.006 -11"><span class='ocrx_word' id='word_1_10' title='bbox 187 266 270 301; x_wconf 76' lang='lat' dir='ltr'>bus,</span> <span class='ocrx_word' id='word_1_11' title='bbox 300 263 359 308; x_wconf 86' lang='lat' dir='ltr'>qni</span> <span class='ocrx_word' id='word_1_12' title='bbox 381 261 436 295; x_wconf 76' lang='lat' dir='ltr'>liic</span> <span class='ocrx_word' id='word_1_13' title='bbox 457 263 491 296; x_wconf 89' lang='lat' dir='ltr'>in</span> <span class='ocrx_word' id='word_1_14' title='bbox 507 263 656 308; x_wconf 77' lang='lat' dir='ltr'><strong>publicis</strong></span> <span class='ocrx_word' id='word_1_15' title='bbox 673 261 827 295; x_wconf 88' lang='lat' dir='ltr'>consiliis</span> <span class='ocrx_word' id='word_1_16' title='bbox 851 260 995 293; x_wconf 66' lang='lat' dir='ltr'>utilitati</span> <span class='ocrx_word' id='word_1_17' title='bbox 1016 258 1174 304; x_wconf 80' lang='lat' dir='ltr'>Philippi</span> 
     </span>
     <span class='ocr_line' id='line_1_4' title="bbox 192 311 1176 359; baseline -0.006 -10"><span class='ocrx_word' id='word_1_18' title='bbox 192 315 403 351; x_wconf 66' lang='lat' dir='ltr'>scrxicrunt.</span> <span class='ocrx_word' id='word_1_19' title='bbox 421 315 463 346; x_wconf 73' lang='lat' dir='ltr'>«le</span> <span class='ocrx_word' id='word_1_20' title='bbox 481 315 607 359; x_wconf 73' lang='lat' dir='ltr'>quilius</span> <span class='ocrx_word' id='word_1_21' title='bbox 621 326 681 345; x_wconf 57' lang='lat' dir='ltr'>ros</span> <span class='ocrx_word' id='word_1_22' title='bbox 693 311 904 356; x_wconf 85' lang='lat' dir='ltr'>supplicium</span> <span class='ocrx_word' id='word_1_23' title='bbox 917 323 1056 344; x_wconf 82' lang='lat' dir='ltr'>sumere</span> <span class='ocrx_word' id='word_1_24' title='bbox 1069 322 1176 354; x_wconf 86' lang='lat' dir='ltr'>opor-</span> 
     </span>
     <span class='ocr_line' id='line_1_5' title="bbox 191 360 1176 399; baseline -0.006 0"><span class='ocrx_word' id='word_1_25' title='bbox 191 366 268 399; x_wconf 81' lang='lat' dir='ltr'>tuit.</span> <span class='ocrx_word' id='word_1_26' title='bbox 298 366 365 398; x_wconf 68' lang='lat' dir='ltr'>Sed</span> <span class='ocrx_word' id='word_1_27' title='bbox 384 378 478 398; x_wconf 81' lang='lat' dir='ltr'>nunc</span> <span class='ocrx_word' id='word_1_28' title='bbox 495 377 567 397; x_wconf 88' lang='lat' dir='ltr'>non</span> <span class='ocrx_word' id='word_1_29' title='bbox 587 370 635 397; x_wconf 81' lang='lat' dir='ltr'>est</span> <span class='ocrx_word' id='word_1_30' title='bbox 654 364 749 396; x_wconf 86' lang='lat' dir='ltr'>locus</span> <span class='ocrx_word' id='word_1_31' title='bbox 768 364 811 395; x_wconf 74' lang='lat' dir='ltr'>ile</span> <span class='ocrx_word' id='word_1_32' title='bbox 829 360 883 396; x_wconf 86' lang='lat' dir='ltr'>his</span> <span class='ocrx_word' id='word_1_33' title='bbox 900 362 1052 396; x_wconf 82' lang='lat' dir='ltr'>(licendi.</span> <span class='ocrx_word' id='word_1_34' title='bbox 1090 362 1176 395; x_wconf 78' lang='lat' dir='ltr'>Cae-</span> 
     </span>
     <span class='ocr_line' id='line_1_6' title="bbox 190 412 1177 461; baseline -0.005 -11"><span class='ocrx_word' id='word_1_35' title='bbox 190 424 304 450; x_wconf 83' lang='lat' dir='ltr'>terum</span> <span class='ocrx_word' id='word_1_36' title='bbox 337 423 477 461; x_wconf 66' lang='lat' dir='ltr'>praeter</span> <span class='ocrx_word' id='word_1_37' title='bbox 507 414 610 450; x_wconf 66' lang='lat' dir='ltr'>baec,</span> <span class='ocrx_word' id='word_1_38' title='bbox 653 414 711 447; x_wconf 75' lang='lat' dir='ltr'>illa</span> <span class='ocrx_word' id='word_1_39' title='bbox 738 414 885 447; x_wconf 80' lang='lat' dir='ltr'>dicenda</span> <span class='ocrx_word' id='word_1_40' title='bbox 910 426 982 447; x_wconf 85' lang='lat' dir='ltr'>esse</span> <span class='ocrx_word' id='word_1_41' title='bbox 1008 413 1091 446; x_wconf 75' lang='lat' dir='ltr'>(luxi</span> <span class='ocrx_word' id='word_1_42' title='bbox 1116 412 1177 459; x_wconf 60' lang='grc'>22),</span> 
     </span>
     <span class='ocr_line' id='line_1_7' title="bbox 190 465 1176 514; baseline -0.005 -13"><span class='ocrx_word' id='word_1_43' title='bbox 190 480 280 514; x_wconf 67' lang='lat' dir='ltr'>quac</span> <span class='ocrx_word' id='word_1_44' title='bbox 301 467 399 500; x_wconf 69' lang='lat' dir='ltr'>vohis</span> <span class='ocrx_word' id='word_1_45' title='bbox 419 466 644 499; x_wconf 87' lang='lat' dir='ltr'>utilissimum</span> <span class='ocrx_word' id='word_1_46' title='bbox 670 472 720 499; x_wconf 81' lang='lat' dir='ltr'>est</span> <span class='ocrx_word' id='word_1_47' title='bbox 745 465 889 505; x_wconf 74' lang='lat' dir='ltr'>andire,</span> <span class='ocrx_word' id='word_1_48' title='bbox 919 471 952 498; x_wconf 86' lang='lat' dir='ltr'>et</span> <span class='ocrx_word' id='word_1_49' title='bbox 978 476 1069 510; x_wconf 75' lang='lat' dir='ltr'>qnae</span> <span class='ocrx_word' id='word_1_50' title='bbox 1093 476 1176 497; x_wconf 89' lang='lat' dir='ltr'>con-</span> 
     </span>
     <span class='ocr_line' id='line_1_8' title="bbox 189 516 1175 561; baseline -0.005 -9"><span class='ocrx_word' id='word_1_51' title='bbox 189 520 304 552; x_wconf 82' lang='lat' dir='ltr'>tinent</span> <span class='ocrx_word' id='word_1_52' title='bbox 321 518 472 550; x_wconf 71' lang='lat' dir='ltr'>maxima</span> <span class='ocrx_word' id='word_1_53' title='bbox 497 517 594 550; x_wconf 86' lang='lat' dir='ltr'>istius</span> <span class='ocrx_word' id='word_1_54' title='bbox 611 517 756 560; x_wconf 74' lang='lat' dir='ltr'>probro.</span> <span class='ocrx_word' id='word_1_55' title='bbox 810 516 845 550; x_wconf 88' lang='lat' dir='ltr'>Si</span> <span class='ocrx_word' id='word_1_56' title='bbox 864 516 942 561; x_wconf 86' lang='lat' dir='ltr'>quis</span> <span class='ocrx_word' id='word_1_57' title='bbox 960 522 1078 549; x_wconf 78' lang='lat' dir='ltr'>autem</span> <span class='ocrx_word' id='word_1_58' title='bbox 1095 528 1175 548; x_wconf 90' lang='lat' dir='ltr'>eum</span> 
     </span>
     <span class='ocr_line' id='line_1_9' title="bbox 190 567 1177 614; baseline -0.004 -12"><span class='ocrx_word' id='word_1_59' title='bbox 190 571 362 614; x_wconf 76' lang='lat' dir='ltr'>pertidum</span> <span class='ocrx_word' id='word_1_60' title='bbox 389 574 421 600; x_wconf 82' lang='lat' dir='ltr'>et</span> <span class='ocrx_word' id='word_1_61' title='bbox 446 568 628 612; x_wconf 81' lang='lat' dir='ltr'>periurum</span> <span class='ocrx_word' id='word_1_62' title='bbox 657 574 779 606; x_wconf 75' lang='lat' dir='ltr'>vocet,</span> <span class='ocrx_word' id='word_1_63' title='bbox 815 567 892 600; x_wconf 86' lang='lat' dir='ltr'>sine</span> <span class='ocrx_word' id='word_1_64' title='bbox 917 578 1177 600; x_wconf 79' lang='lat' dir='ltr'>commemora-</span> 
     </span>
     <span class='ocr_line' id='line_1_10' title="bbox 190 619 1175 663; baseline -0.003 -10"><span class='ocrx_word' id='word_1_65' title='bbox 190 622 285 653; x_wconf 82' lang='lat' dir='ltr'>tione</span> <span class='ocrx_word' id='word_1_66' title='bbox 319 631 437 652; x_wconf 84' lang='lat' dir='ltr'>rernm</span> <span class='ocrx_word' id='word_1_67' title='bbox 464 626 640 661; x_wconf 65' lang='lat' dir='ltr'>gestarum</span> <span class='ocrx_word' id='word_1_68' title='bbox 670 619 799 663; x_wconf 81' lang='lat' dir='ltr'>ipsius,</span> <span class='ocrx_word' id='word_1_69' title='bbox 832 619 1010 651; x_wconf 65' lang='lat' dir='ltr'>videbitur</span> <span class='ocrx_word' id='word_1_70' title='bbox 1036 624 1175 651; x_wconf 74' lang='lat' dir='ltr'>tantum</span> 
     </span>
     <span class='ocr_line' id='line_1_11' title="bbox 190 668 1178 714; baseline -0.002 -10"><span class='ocrx_word' id='word_1_71' title='bbox 190 671 309 704; x_wconf 71' lang='lat' dir='ltr'>inania</span> <span class='ocrx_word' id='word_1_72' title='bbox 343 670 501 703; x_wconf 71' lang='lat' dir='ltr'>convicia</span> <span class='ocrx_word' id='word_1_73' title='bbox 533 671 570 703; x_wconf 91' lang='lat' dir='ltr'>in</span> <span class='ocrx_word' id='word_1_74' title='bbox 594 682 673 703; x_wconf 87' lang='lat' dir='ltr'>eum</span> <span class='ocrx_word' id='word_1_75' title='bbox 697 670 826 703; x_wconf 81' lang='lat' dir='ltr'>dicere.</span> <span class='ocrx_word' id='word_1_76' title='bbox 886 669 1019 703; x_wconf 66' lang='lat' dir='ltr'>Verum</span> <span class='ocrx_word' id='word_1_77' title='bbox 1045 669 1073 703; x_wconf 90' lang='lat' dir='ltr'>si</span> <span class='ocrx_word' id='word_1_78' title='bbox 1100 668 1178 714; x_wconf 87' lang='lat' dir='ltr'>quis</span> 
     </span>
     <span class='ocr_line' id='line_1_12' title="bbox 191 718 1178 765; baseline -0.003 -10"><span class='ocrx_word' id='word_1_79' title='bbox 191 734 312 755; x_wconf 85' lang='lat' dir='ltr'>omnes</span> <span class='ocrx_word' id='word_1_80' title='bbox 335 722 409 755; x_wconf 89' lang='lat' dir='ltr'>eius</span> <span class='ocrx_word' id='word_1_81' title='bbox 435 734 489 755; x_wconf 78' lang='lat' dir='ltr'>res</span> <span class='ocrx_word' id='word_1_82' title='bbox 515 727 629 765; x_wconf 75' lang='lat' dir='ltr'>gestas</span> <span class='ocrx_word' id='word_1_83' title='bbox 657 721 870 761; x_wconf 75' lang='lat' dir='ltr'><strong>recensebit,</strong></span> <span class='ocrx_word' id='word_1_84' title='bbox 907 721 956 753; x_wconf 87' lang='lat' dir='ltr'>ibi</span> <span class='ocrx_word' id='word_1_85' title='bbox 981 718 1178 765; x_wconf 88' lang='lat' dir='ltr'>depreben-</span> 
     </span>
     <span class='ocr_line' id='line_1_13' title="bbox 189 772 1178 818; baseline -0.002 -12"><span class='ocrx_word' id='word_1_86' title='bbox 189 775 247 807; x_wconf 81' lang='lat' dir='ltr'>(let</span> <span class='ocrx_word' id='word_1_87' title='bbox 268 780 301 806; x_wconf 92' lang='lat' dir='ltr'>et</span> <span class='ocrx_word' id='word_1_88' title='bbox 318 773 531 817; x_wconf 73' lang='lat' dir='ltr'><strong>comperiet,</strong></span> <span class='ocrx_word' id='word_1_89' title='bbox 553 773 680 818; x_wconf 87' lang='lat' dir='ltr'>quibus</span> <span class='ocrx_word' id='word_1_90' title='bbox 698 772 854 805; x_wconf 79' lang='lat' dir='ltr'>artificiis</span> <span class='ocrx_word' id='word_1_91' title='bbox 874 772 1011 815; x_wconf 77' lang='lat' dir='ltr'>singula</span> <span class='ocrx_word' id='word_1_92' title='bbox 1030 773 1178 816; x_wconf 75' lang='lat' dir='ltr'>adeptus</span> 
     </span>
     <span class='ocr_line' id='line_1_14' title="bbox 190 821 1179 869; baseline -0.003 -11"><span class='ocrx_word' id='word_1_93' title='bbox 190 825 252 863; x_wconf 79' lang='lat' dir='ltr'>sit,</span> <span class='ocrx_word' id='word_1_94' title='bbox 279 831 312 857; x_wconf 84' lang='lat' dir='ltr'>et</span> <span class='ocrx_word' id='word_1_95' title='bbox 329 837 435 869; x_wconf 77' lang='lat' dir='ltr'>quam</span> <span class='ocrx_word' id='word_1_96' title='bbox 454 824 524 857; x_wconf 84' lang='lat' dir='ltr'>sint</span> <span class='ocrx_word' id='word_1_97' title='bbox 543 825 616 857; x_wconf 87' lang='lat' dir='ltr'>eins</span> <span class='ocrx_word' id='word_1_98' title='bbox 642 837 696 857; x_wconf 91' lang='lat' dir='ltr'>rcs</span> <span class='ocrx_word' id='word_1_99' title='bbox 721 823 894 857; x_wconf 74' lang='lat' dir='ltr'>infirmae.</span> <span class='ocrx_word' id='word_1_100' title='bbox 948 821 1071 868; x_wconf 70' lang='lat' dir='ltr'>Itaque</span> <span class='ocrx_word' id='word_1_101' title='bbox 1096 835 1179 867; x_wconf 90' lang='lat' dir='ltr'>pro-</span> 
     </span>
     <span class='ocr_line' id='line_1_15' title="bbox 188 873 1180 921; baseline -0.004 -12"><span class='ocrx_word' id='word_1_102' title='bbox 188 883 268 921; x_wconf 86' lang='lat' dir='ltr'>pter</span> <span class='ocrx_word' id='word_1_103' title='bbox 301 877 388 909; x_wconf 71' lang='lat' dir='ltr'>duas</span> <span class='ocrx_word' id='word_1_104' title='bbox 421 888 543 909; x_wconf 71' lang='lat' dir='ltr'>causas</span> <span class='ocrx_word' id='word_1_105' title='bbox 574 873 666 908; x_wconf 70' lang='lat' dir='ltr'>hanc</span> <span class='ocrx_word' id='word_1_106' title='bbox 691 875 1071 909; x_wconf 69' lang='lat' dir='ltr'>commemorationem</span> <span class='ocrx_word' id='word_1_107' title='bbox 1097 886 1180 918; x_wconf 89' lang='lat' dir='ltr'>pro-</span> 
     </span>
     <span class='ocr_line' id='line_1_16' title="bbox 190 925 1178 971; baseline -0.003 -11"><span class='ocrx_word' id='word_1_108' title='bbox 190 928 287 960; x_wconf 83' lang='lat' dir='ltr'><strong>desse</strong></span> <span class='ocrx_word' id='word_1_109' title='bbox 306 927 422 960; x_wconf 84' lang='lat' dir='ltr'>indico</span> <span class='ocrx_word' id='word_1_110' title='bbox 437 926 500 971; x_wconf 67' lang='lat'>²3),</span> <span class='ocrx_word' id='word_1_111' title='bbox 520 933 557 959; x_wconf 93' lang='lat' dir='ltr'>nt</span> <span class='ocrx_word' id='word_1_112' title='bbox 575 926 729 971; x_wconf 77' lang='lat' dir='ltr'>conspici</span> <span class='ocrx_word' id='word_1_113' title='bbox 748 925 859 970; x_wconf 82' lang='lat' dir='ltr'>possit</span> <span class='ocrx_word' id='word_1_114' title='bbox 877 938 956 958; x_wconf 88' lang='lat' dir='ltr'>eum</span> <span class='ocrx_word' id='word_1_115' title='bbox 974 925 1178 969; x_wconf 86' lang='lat' dir='ltr'>improbum</span> 
     </span>
     <span class='ocr_line' id='line_1_17' title="bbox 191 977 1179 1023; baseline -0.003 -12"><span class='ocrx_word' id='word_1_116' title='bbox 191 991 229 1011; x_wconf 79' lang='lat' dir='ltr'>ac</span> <span class='ocrx_word' id='word_1_117' title='bbox 246 979 474 1023; x_wconf 81' lang='lat' dir='ltr'>perfidiosum</span> <span class='ocrx_word' id='word_1_118' title='bbox 495 990 584 1011; x_wconf 83' lang='lat' dir='ltr'>csse:</span> <span class='ocrx_word' id='word_1_119' title='bbox 615 985 648 1011; x_wconf 89' lang='lat' dir='ltr'>et</span> <span class='ocrx_word' id='word_1_120' title='bbox 663 985 702 1011; x_wconf 87' lang='lat' dir='ltr'>ut</span> <span class='ocrx_word' id='word_1_121' title='bbox 725 977 796 1017; x_wconf 85' lang='lat' dir='ltr'>illi,</span> <span class='ocrx_word' id='word_1_122' title='bbox 825 977 887 1022; x_wconf 88' lang='lat' dir='ltr'>qni</span> <span class='ocrx_word' id='word_1_123' title='bbox 909 983 1076 1010; x_wconf 83' lang='lat' dir='ltr'>metuunt</span> <span class='ocrx_word' id='word_1_124' title='bbox 1099 988 1179 1009; x_wconf 91' lang='lat' dir='ltr'>enm</span> 
     </span>
     <span class='ocr_line' id='line_1_18' title="bbox 191 1027 1180 1075; baseline -0.003 -13"><span class='ocrx_word' id='word_1_125' title='bbox 191 1037 361 1075; x_wconf 76' lang='lat' dir='ltr'>tanquam</span> <span class='ocrx_word' id='word_1_126' title='bbox 383 1029 571 1065; x_wconf 70' lang='lat' dir='ltr'>invictum,</span> <span class='ocrx_word' id='word_1_127' title='bbox 600 1029 745 1061; x_wconf 61' lang='lat' dir='ltr'>videant</span> <span class='ocrx_word' id='word_1_128' title='bbox 763 1041 841 1061; x_wconf 91' lang='lat' dir='ltr'>eum</span> <span class='ocrx_word' id='word_1_129' title='bbox 863 1029 983 1060; x_wconf 75' lang='lat' dir='ltr'>omnia</span> <span class='ocrx_word' id='word_1_130' title='bbox 1010 1029 1068 1060; x_wconf 75' lang='lat' dir='ltr'>illa</span> <span class='ocrx_word' id='word_1_131' title='bbox 1095 1027 1180 1060; x_wconf 85' lang='lat' dir='ltr'>arti-</span> 
     </span>
     <span class='ocr_line' id='line_1_19' title="bbox 190 1079 1180 1125; baseline -0.001 -12"><span class='ocrx_word' id='word_1_132' title='bbox 190 1081 267 1114; x_wconf 77' lang='lat' dir='ltr'>ficia</span> <span class='ocrx_word' id='word_1_133' title='bbox 287 1080 544 1124; x_wconf 85' lang='lat' dir='ltr'>consumpsisse</span> <span class='ocrx_word' id='word_1_134' title='bbox 561 1080 607 1125; x_wconf 54' lang='grc' dir='ltr'>Ἦ)</span> <span class='ocrx_word' id='word_1_135' title='bbox 619 1107 628 1119; x_wconf 85' lang='grc'><em>,</em></span> <span class='ocrx_word' id='word_1_136' title='bbox 657 1080 785 1125; x_wconf 81' lang='lat' dir='ltr'>quibus</span> <span class='ocrx_word' id='word_1_137' title='bbox 803 1079 906 1112; x_wconf 89' lang='lat' dir='ltr'>initio</span> <span class='ocrx_word' id='word_1_138' title='bbox 925 1079 1063 1123; x_wconf 79' lang='lat' dir='ltr'>decepit</span> <span class='ocrx_word' id='word_1_139' title='bbox 1080 1079 1180 1118; x_wconf 76' lang='lat' dir='ltr'>alios,</span> 
     </span>
     <span class='ocr_line' id='line_1_20' title="bbox 193 1130 1180 1176; baseline -0.003 -11"><span class='ocrx_word' id='word_1_140' title='bbox 193 1139 226 1165; x_wconf 84' lang='lat' dir='ltr'>et</span> <span class='ocrx_word' id='word_1_141' title='bbox 244 1132 442 1176; x_wconf 79' lang='lat' dir='ltr'>potentiam</span> <span class='ocrx_word' id='word_1_142' title='bbox 462 1132 559 1164; x_wconf 74' lang='lat' dir='ltr'>anxit</span> <span class='ocrx_word' id='word_1_143' title='bbox 577 1138 610 1164; x_wconf 87' lang='lat' dir='ltr'>et</span> <span class='ocrx_word' id='word_1_144' title='bbox 629 1133 673 1163; x_wconf 81' lang='lat' dir='ltr'>ad</span> <span class='ocrx_word' id='word_1_145' title='bbox 690 1137 821 1163; x_wconf 80' lang='lat' dir='ltr'>metam</span> <span class='ocrx_word' id='word_1_146' title='bbox 840 1143 879 1163; x_wconf 80' lang='lat' dir='ltr'>ac</span> <span class='ocrx_word' id='word_1_147' title='bbox 898 1131 1004 1163; x_wconf 88' lang='lat' dir='ltr'>finem</span> <span class='ocrx_word' id='word_1_148' title='bbox 1020 1130 1089 1162; x_wconf 77' lang='lat' dir='ltr'>inm</span> <span class='ocrx_word' id='word_1_149' title='bbox 1100 1142 1180 1174; x_wconf 91' lang='lat' dir='ltr'>per-</span> 
     </span>
     <span class='ocr_line' id='line_1_21' title="bbox 192 1181 1180 1228; baseline -0.003 -12"><span class='ocrx_word' id='word_1_150' title='bbox 192 1183 340 1216; x_wconf 78' lang='lat' dir='ltr'>venisse.</span> <span class='ocrx_word' id='word_1_151' title='bbox 409 1182 482 1225; x_wconf 73' lang='lat' dir='ltr'>Ego</span> <span class='ocrx_word' id='word_1_152' title='bbox 508 1195 672 1228; x_wconf 90' lang='lat' dir='ltr'>quoqne,</span> <span class='ocrx_word' id='word_1_153' title='bbox 709 1182 820 1221; x_wconf 70' lang='lat' dir='ltr'>cives,</span> <span class='ocrx_word' id='word_1_154' title='bbox 857 1182 958 1214; x_wconf 77' lang='lat' dir='ltr'>valde</span> <span class='ocrx_word' id='word_1_155' title='bbox 982 1181 1180 1214; x_wconf 68' lang='lat' dir='ltr'>formidan-</span> 
     </span>
     <span class='ocr_line' id='line_1_22' title="bbox 191 1232 1178 1279; baseline -0.004 -11"><span class='ocrx_word' id='word_1_156' title='bbox 191 1236 275 1268; x_wconf 89' lang='lat' dir='ltr'>dum</span> <span class='ocrx_word' id='word_1_157' title='bbox 307 1247 378 1267; x_wconf 84' lang='lat' dir='ltr'>esse</span> <span class='ocrx_word' id='word_1_158' title='bbox 407 1232 614 1278; x_wconf 80' lang='lat' dir='ltr'>Philippum</span> <span class='ocrx_word' id='word_1_159' title='bbox 644 1245 823 1266; x_wconf 78' lang='lat' dir='ltr'>censerem</span> <span class='ocrx_word' id='word_1_160' title='bbox 847 1232 914 1279; x_wconf 69' lang='lat'>²⁵),</span> <span class='ocrx_word' id='word_1_161' title='bbox 962 1232 991 1265; x_wconf 89' lang='lat' dir='ltr'>si</span> <span class='ocrx_word' id='word_1_162' title='bbox 1021 1232 1178 1265; x_wconf 71' lang='lat' dir='ltr'>viderem</span> 
     </span>
     <span class='ocr_line' id='line_1_23' title="bbox 193 1283 1180 1328; baseline -0.003 -9"><span class='ocrx_word' id='word_1_163' title='bbox 193 1298 273 1319; x_wconf 90' lang='lat' dir='ltr'>eum</span> <span class='ocrx_word' id='word_1_164' title='bbox 292 1285 422 1318; x_wconf 71' lang='lat' dir='ltr'>virtute</span> <span class='ocrx_word' id='word_1_165' title='bbox 442 1292 476 1318; x_wconf 86' lang='lat' dir='ltr'>et</span> <span class='ocrx_word' id='word_1_166' title='bbox 493 1285 625 1318; x_wconf 78' lang='lat' dir='ltr'>institia</span> <span class='ocrx_word' id='word_1_167' title='bbox 642 1291 778 1317; x_wconf 75' lang='lat' dir='ltr'>tantam</span> <span class='ocrx_word' id='word_1_168' title='bbox 795 1283 993 1328; x_wconf 83' lang='lat' dir='ltr'>potentiam</span> <span class='ocrx_word' id='word_1_169' title='bbox 1013 1295 1180 1317; x_wconf 89' lang='lat' dir='ltr'>consecu-</span> 
     </span>
     <span class='ocr_line' id='line_1_24' title="bbox 193 1333 1180 1380; baseline -0.005 -10"><span class='ocrx_word' id='word_1_170' title='bbox 193 1344 266 1370; x_wconf 87' lang='lat' dir='ltr'>tum</span> <span class='ocrx_word' id='word_1_171' title='bbox 295 1349 378 1370; x_wconf 87' lang='lat' dir='ltr'>esse.</span> <span class='ocrx_word' id='word_1_172' title='bbox 439 1336 507 1369; x_wconf 87' lang='lat' dir='ltr'>Sed</span> <span class='ocrx_word' id='word_1_173' title='bbox 532 1349 610 1369; x_wconf 88' lang='lat' dir='ltr'>cnm</span> <span class='ocrx_word' id='word_1_174' title='bbox 635 1334 699 1369; x_wconf 81' lang='lat' dir='ltr'>has</span> <span class='ocrx_word' id='word_1_175' title='bbox 720 1348 775 1369; x_wconf 92' lang='lat' dir='ltr'>res</span> <span class='ocrx_word' id='word_1_176' title='bbox 801 1335 987 1368; x_wconf 87' lang='lat' dir='ltr'>considero</span> <span class='ocrx_word' id='word_1_177' title='bbox 1005 1334 1071 1380; x_wconf 71' lang='lat'><strong>²⁶),</strong></span> <span class='ocrx_word' id='word_1_178' title='bbox 1105 1333 1180 1366; x_wconf 77' lang='lat' dir='ltr'>ani-</span> 
     </span>
     <span class='ocr_line' id='line_1_25' title="bbox 192 1384 1181 1431; baseline -0.004 -10"><span class='ocrx_word' id='word_1_179' title='bbox 192 1389 378 1421; x_wconf 71' lang='lat' dir='ltr'>madverto</span> <span class='ocrx_word' id='word_1_180' title='bbox 395 1400 475 1420; x_wconf 81' lang='lat' dir='ltr'>enin</span> <span class='ocrx_word' id='word_1_181' title='bbox 495 1387 597 1420; x_wconf 86' lang='lat' dir='ltr'>initio</span> <span class='ocrx_word' id='word_1_182' title='bbox 614 1387 751 1431; x_wconf 75' lang='lat' dir='ltr'>egregie</span> <span class='ocrx_word' id='word_1_183' title='bbox 769 1385 1093 1430; x_wconf 87' lang='lat' dir='ltr'>nobisimposuisse</span> <span class='ocrx_word' id='word_1_184' title='bbox 1103 1384 1181 1431; x_wconf 66' lang='lat'>26³¹),</span> 
     </span>
     <span class='ocr_line' id='line_1_26' title="bbox 192 1437 1179 1484; baseline -0.003 -12"><span class='ocrx_word' id='word_1_185' title='bbox 192 1438 281 1472; x_wconf 86' lang='lat' dir='ltr'>nibil</span> <span class='ocrx_word' id='word_1_186' title='bbox 298 1439 610 1484; x_wconf 81' lang='lat' dir='ltr'>prospicientibus:</span> <span class='ocrx_word' id='word_1_187' title='bbox 638 1450 774 1483; x_wconf 89' lang='lat' dir='ltr'>nosque</span> <span class='ocrx_word' id='word_1_188' title='bbox 792 1437 828 1469; x_wconf 91' lang='lat' dir='ltr'>in</span> <span class='ocrx_word' id='word_1_189' title='bbox 852 1449 951 1470; x_wconf 80' lang='lat' dir='ltr'>suam</span> <span class='ocrx_word' id='word_1_190' title='bbox 976 1437 1179 1470; x_wconf 80' lang='lat' dir='ltr'>societatem</span> 
     </span>
     <span class='ocr_line' id='line_1_27' title="bbox 192 1487 1179 1535; baseline -0.005 -11"><span class='ocrx_word' id='word_1_191' title='bbox 192 1491 358 1529; x_wconf 74' lang='lat' dir='ltr'>traxisse,</span> <span class='ocrx_word' id='word_1_192' title='bbox 402 1503 479 1523; x_wconf 90' lang='lat' dir='ltr'>cnm</span> <span class='ocrx_word' id='word_1_193' title='bbox 508 1487 699 1535; x_wconf 69' lang='lat' dir='ltr'>Olynthios</span> <span class='ocrx_word' id='word_1_194' title='bbox 737 1489 913 1521; x_wconf 90' lang='lat' dir='ltr'>nollemus</span> <span class='ocrx_word' id='word_1_195' title='bbox 952 1488 1075 1521; x_wconf 79' lang='lat' dir='ltr'>andire</span> <span class='ocrx_word' id='word_1_196' title='bbox 1089 1515 1097 1527; x_wconf 91' lang='lat'>‚</span> <span class='ocrx_word' id='word_1_197' title='bbox 1139 1499 1179 1520; x_wconf 91' lang='lat' dir='ltr'>eo</span> 
     </span>
     <span class='ocr_line' id='line_1_28' title="bbox 194 1537 1181 1588; baseline -0.004 -13"><span class='ocrx_word' id='word_1_198' title='bbox 194 1544 290 1588; x_wconf 88' lang='lat' dir='ltr'>quod</span> <span class='ocrx_word' id='word_1_199' title='bbox 313 1542 369 1575; x_wconf 87' lang='lat' dir='ltr'>ille</span> <span class='ocrx_word' id='word_1_200' title='bbox 393 1542 646 1586; x_wconf 69' lang='lat' dir='ltr'>pollicebatur,</span> <span class='ocrx_word' id='word_1_201' title='bbox 674 1553 709 1574; x_wconf 91' lang='lat' dir='ltr'>se</span> <span class='ocrx_word' id='word_1_202' title='bbox 732 1540 836 1573; x_wconf 88' lang='lat' dir='ltr'>nobis</span> <span class='ocrx_word' id='word_1_203' title='bbox 852 1537 1087 1583; x_wconf 76' lang='lat' dir='ltr'>Amphipolin</span> <span class='ocrx_word' id='word_1_204' title='bbox 1110 1545 1181 1571; x_wconf 76' lang='lat' dir='ltr'>tra-</span> 
     </span>
     <span class='ocr_line' id='line_1_29' title="bbox 194 1591 1181 1635; baseline -0.004 -9"><span class='ocrx_word' id='word_1_205' title='bbox 194 1593 353 1626; x_wconf 89' lang='lat' dir='ltr'>diturum</span> <span class='ocrx_word' id='word_1_206' title='bbox 372 1605 464 1631; x_wconf 73' lang='lat' dir='ltr'>esse.</span> <span class='ocrx_word' id='word_1_207' title='bbox 500 1599 533 1625; x_wconf 91' lang='lat' dir='ltr'>et</span> <span class='ocrx_word' id='word_1_208' title='bbox 550 1604 719 1625; x_wconf 75' lang='lat' dir='ltr'>arcanum</span> <span class='ocrx_word' id='word_1_209' title='bbox 744 1591 851 1631; x_wconf 84' lang='lat' dir='ltr'>illud,</span> <span class='ocrx_word' id='word_1_210' title='bbox 881 1591 977 1635; x_wconf 91' lang='lat' dir='ltr'>quod</span> <span class='ocrx_word' id='word_1_211' title='bbox 1000 1591 1181 1623; x_wconf 74' lang='lat' dir='ltr'>serebatur</span> 
     </span>
     <span class='ocr_line' id='line_1_30' title="bbox 195 1640 1181 1687; baseline -0.004 -10"><span class='ocrx_word' id='word_1_212' title='bbox 195 1645 237 1677; x_wconf 89' lang='lat' dir='ltr'>de</span> <span class='ocrx_word' id='word_1_213' title='bbox 256 1644 428 1677; x_wconf 71' lang='lat' dir='ltr'>Potidaea</span> <span class='ocrx_word' id='word_1_214' title='bbox 446 1643 662 1677; x_wconf 68' lang='lat' dir='ltr'>restituenda</span> <span class='ocrx_word' id='word_1_215' title='bbox 682 1643 921 1687; x_wconf 85' lang='lat' dir='ltr'>perfecturum</span> <span class='ocrx_word' id='word_1_216' title='bbox 940 1654 1024 1675; x_wconf 89' lang='lat' dir='ltr'>esse.</span> <span class='ocrx_word' id='word_1_217' title='bbox 1072 1640 1181 1674; x_wconf 83' lang='lat' dir='ltr'>Dein-</span> 
     </span>
     <span class='ocr_line' id='line_1_31' title="bbox 195 1692 1182 1740; baseline -0.005 -11"><span class='ocrx_word' id='word_1_218' title='bbox 195 1697 236 1729; x_wconf 88' lang='lat' dir='ltr'>de</span> <span class='ocrx_word' id='word_1_219' title='bbox 261 1693 452 1740; x_wconf 71' lang='lat' dir='ltr'>Olynthios</span> <span class='ocrx_word' id='word_1_220' title='bbox 481 1707 622 1728; x_wconf 76' lang='lat' dir='ltr'>aversos</span> <span class='ocrx_word' id='word_1_221' title='bbox 648 1707 666 1726; x_wconf 77' lang='lat' dir='ltr'>a</span> <span class='ocrx_word' id='word_1_222' title='bbox 691 1700 813 1727; x_wconf 77' lang='lat' dir='ltr'>nostra</span> <span class='ocrx_word' id='word_1_223' title='bbox 836 1693 1004 1726; x_wconf 83' lang='lat' dir='ltr'>societate</span> <span class='ocrx_word' id='word_1_224' title='bbox 1029 1692 1095 1725; x_wconf 90' lang='lat' dir='ltr'>sibi</span> <span class='ocrx_word' id='word_1_225' title='bbox 1121 1693 1182 1724; x_wconf 81' lang='lat' dir='ltr'>ad-</span> 
     </span>
     <span class='ocr_line' id='line_1_32' title="bbox 195 1744 1182 1790; baseline -0.004 -10"><span class='ocrx_word' id='word_1_226' title='bbox 195 1747 308 1780; x_wconf 87' lang='lat' dir='ltr'>iunxit</span> <span class='ocrx_word' id='word_1_227' title='bbox 323 1744 390 1779; x_wconf 86' lang='lat' dir='ltr'>hoc</span> <span class='ocrx_word' id='word_1_228' title='bbox 406 1746 597 1785; x_wconf 80' lang='lat' dir='ltr'>beneficio,</span> <span class='ocrx_word' id='word_1_229' title='bbox 626 1746 721 1790; x_wconf 86' lang='lat' dir='ltr'>quod</span> <span class='ocrx_word' id='word_1_230' title='bbox 739 1744 950 1777; x_wconf 76' lang='lat' dir='ltr'>Potidaeam</span> <span class='ocrx_word' id='word_1_231' title='bbox 977 1744 1080 1777; x_wconf 91' lang='lat' dir='ltr'>nobis</span> <span class='ocrx_word' id='word_1_232' title='bbox 1109 1756 1182 1776; x_wconf 88' lang='lat' dir='ltr'>ere-</span> 
     </span>
     <span class='ocr_line' id='line_1_33' title="bbox 194 1795 1182 1842; baseline -0.003 -12"><span class='ocrx_word' id='word_1_233' title='bbox 194 1805 291 1842; x_wconf 78' lang='lat' dir='ltr'>ptam</span> <span class='ocrx_word' id='word_1_234' title='bbox 310 1797 456 1830; x_wconf 72' lang='lat' dir='ltr'>tradidit</span> <span class='ocrx_word' id='word_1_235' title='bbox 475 1798 541 1834; x_wconf 82' lang='lat' dir='ltr'>eis;</span> <span class='ocrx_word' id='word_1_236' title='bbox 568 1809 631 1829; x_wconf 89' lang='lat' dir='ltr'>nec</span> <span class='ocrx_word' id='word_1_237' title='bbox 656 1796 789 1829; x_wconf 73' lang='lat' dir='ltr'>veritus</span> <span class='ocrx_word' id='word_1_238' title='bbox 811 1801 862 1829; x_wconf 88' lang='lat' dir='ltr'>est</span> <span class='ocrx_word' id='word_1_239' title='bbox 887 1807 973 1835; x_wconf 85' lang='lat' dir='ltr'>nos,</span> <span class='ocrx_word' id='word_1_240' title='bbox 1002 1807 1080 1828; x_wconf 89' lang='lat' dir='ltr'>cnm</span> <span class='ocrx_word' id='word_1_241' title='bbox 1109 1795 1182 1827; x_wconf 89' lang='lat' dir='ltr'>eius</span> 
     </span>
     <span class='ocr_line' id='line_1_34' title="bbox 195 1844 1181 1886; baseline -0.005 -3"><span class='ocrx_word' id='word_1_242' title='bbox 195 1849 280 1883; x_wconf 88' lang='lat' dir='ltr'>socii</span> <span class='ocrx_word' id='word_1_243' title='bbox 297 1861 470 1886; x_wconf 84' lang='lat' dir='ltr'>essemus,</span> <span class='ocrx_word' id='word_1_244' title='bbox 499 1848 627 1881; x_wconf 70' lang='lat' dir='ltr'>iniuria</span> <span class='ocrx_word' id='word_1_245' title='bbox 646 1848 795 1880; x_wconf 74' lang='lat' dir='ltr'>afficere.</span> <span class='ocrx_word' id='word_1_246' title='bbox 849 1844 1041 1879; x_wconf 81' lang='lat' dir='ltr'>Thessalos</span> <span class='ocrx_word' id='word_1_247' title='bbox 1064 1852 1181 1879; x_wconf 74' lang='lat' dir='ltr'>autem</span> 
     </span>
     <span class='ocr_line' id='line_1_35' title="bbox 197 1897 1184 1944; baseline -0.004 -11"><span class='ocrx_word' id='word_1_248' title='bbox 197 1901 262 1934; x_wconf 88' lang='lat' dir='ltr'>sibi</span> <span class='ocrx_word' id='word_1_249' title='bbox 285 1901 505 1939; x_wconf 75' lang='lat' dir='ltr'>conciliavit,</span> <span class='ocrx_word' id='word_1_250' title='bbox 537 1899 715 1944; x_wconf 87' lang='lat' dir='ltr'>pollicitus</span> <span class='ocrx_word' id='word_1_251' title='bbox 741 1911 776 1931; x_wconf 82' lang='lat' dir='ltr'>se</span> <span class='ocrx_word' id='word_1_252' title='bbox 794 1898 1014 1941; x_wconf 74' lang='lat' dir='ltr'>Magnesiam</span> <span class='ocrx_word' id='word_1_253' title='bbox 1039 1897 1087 1930; x_wconf 87' lang='lat' dir='ltr'>eis</span> <span class='ocrx_word' id='word_1_254' title='bbox 1113 1904 1184 1929; x_wconf 83' lang='lat' dir='ltr'>tra-</span> 
     </span>
     <span class='ocr_line' id='line_1_36' title="bbox 196 1949 1183 1995; baseline -0.005 -10"><span class='ocrx_word' id='word_1_255' title='bbox 196 1952 354 1985; x_wconf 86' lang='lat' dir='ltr'>diturum</span> <span class='ocrx_word' id='word_1_256' title='bbox 373 1964 464 1991; x_wconf 88' lang='lat' dir='ltr'>esse,</span> <span class='ocrx_word' id='word_1_257' title='bbox 493 1958 527 1984; x_wconf 89' lang='lat' dir='ltr'>et</span> <span class='ocrx_word' id='word_1_258' title='bbox 543 1951 702 1995; x_wconf 85' lang='lat' dir='ltr'>ipsorum</span> <span class='ocrx_word' id='word_1_259' title='bbox 722 1962 825 1983; x_wconf 72' lang='lat' dir='ltr'>cansa</span> <span class='ocrx_word' id='word_1_260' title='bbox 844 1956 1028 1982; x_wconf 87' lang='lat' dir='ltr'>moturum</span> <span class='ocrx_word' id='word_1_261' title='bbox 1050 1949 1183 1981; x_wconf 87' lang='lat' dir='ltr'>bellum</span> 
     </span>
     <span class='ocr_line' id='line_1_37' title="bbox 197 1999 1184 2046; baseline -0.005 -10"><span class='ocrx_word' id='word_1_262' title='bbox 197 2005 363 2037; x_wconf 71' lang='lat' dir='ltr'>adversus</span> <span class='ocrx_word' id='word_1_263' title='bbox 379 2001 592 2036; x_wconf 83' lang='lat' dir='ltr'>Phocenses.</span> <span class='ocrx_word' id='word_1_264' title='bbox 646 2001 696 2034; x_wconf 80' lang='lat' dir='ltr'>lta</span> <span class='ocrx_word' id='word_1_265' title='bbox 724 2013 866 2040; x_wconf 87' lang='lat' dir='ltr'>omnes,</span> <span class='ocrx_word' id='word_1_266' title='bbox 895 2000 1024 2046; x_wconf 90' lang='lat' dir='ltr'>quibus</span> <span class='ocrx_word' id='word_1_267' title='bbox 1048 1999 1184 2045; x_wconf 72' lang='lat' dir='ltr'>aliquid</span> 
     </span>
     <span class='ocr_line' id='line_1_38' title="bbox 199 2049 1184 2097; baseline -0.004 -10"><span class='ocrx_word' id='word_1_268' title='bbox 199 2067 276 2088; x_wconf 88' lang='lat' dir='ltr'>cnm</span> <span class='ocrx_word' id='word_1_269' title='bbox 295 2068 336 2088; x_wconf 90' lang='lat' dir='ltr'>eo</span> <span class='ocrx_word' id='word_1_270' title='bbox 357 2054 491 2097; x_wconf 78' lang='lat' dir='ltr'>negotii</span> <span class='ocrx_word' id='word_1_271' title='bbox 508 2054 594 2092; x_wconf 86' lang='lat' dir='ltr'>suit,</span> <span class='ocrx_word' id='word_1_272' title='bbox 629 2060 703 2085; x_wconf 71' lang='lat' dir='ltr'>arte</span> <span class='ocrx_word' id='word_1_273' title='bbox 727 2052 861 2086; x_wconf 82' lang='lat' dir='ltr'>fefellit.</span> <span class='ocrx_word' id='word_1_274' title='bbox 914 2051 959 2084; x_wconf 88' lang='lat' dir='ltr'>Et</span> <span class='ocrx_word' id='word_1_275' title='bbox 982 2049 1050 2084; x_wconf 87' lang='lat' dir='ltr'>hoc</span> <span class='ocrx_word' id='word_1_276' title='bbox 1076 2052 1184 2083; x_wconf 85' lang='lat' dir='ltr'>modo</span> 
     </span>
    </p>
   </div>
   <div class='ocr_carea' id='block_1_3' title="bbox 199 2135 303 2139">
    <p class='ocr_par' dir='ltr' id='par_1_3' title="bbox 199 2135 303 2139">
     <span class='ocr_line' id='line_1_39' title="bbox 199 2135 303 2139; baseline 0 0"><span class='ocrx_word' id='word_1_277' title='bbox 199 2135 303 2139; x_wconf 95' lang='lat' dir='ltr'> </span> 
     </span>
    </p>
   </div>
   <div class='ocr_carea' id='block_1_4' title="bbox 235 2171 1187 2232">
    <p class='ocr_par' dir='ltr' id='par_1_4' title="bbox 235 2171 1187 2232">
     <span class='ocr_line' id='line_1_40' title="bbox 235 2171 1187 2203; baseline -0.003 -6"><span class='ocrx_word' id='word_1_278' title='bbox 235 2173 283 2200; x_wconf 85' lang='grc'>22)</span> <span class='ocrx_word' id='word_1_279' title='bbox 304 2173 336 2197; x_wconf 81' lang='grc' dir='ltr'>Η.</span> <span class='ocrx_word' id='word_1_280' title='bbox 356 2173 373 2197; x_wconf 92' lang='lat' dir='ltr'>l.</span> <span class='ocrx_word' id='word_1_281' title='bbox 394 2173 421 2196; x_wconf 89' lang='lat' dir='ltr'>in</span> <span class='ocrx_word' id='word_1_282' title='bbox 443 2173 490 2196; x_wconf 80' lang='lat' dir='ltr'>Ed.</span> <span class='ocrx_word' id='word_1_283' title='bbox 510 2172 594 2196; x_wconf 81' lang='lat' dir='ltr'>Rasil.</span> <span class='ocrx_word' id='word_1_284' title='bbox 614 2174 707 2197; x_wconf 85' lang='lat' dir='ltr'>annot.</span> <span class='ocrx_word' id='word_1_285' title='bbox 728 2178 829 2203; x_wconf 45' lang='lat' dir='ltr'>marga</span> <span class='ocrx_word' id='word_1_286' title='bbox 851 2171 1022 2202; x_wconf 67' lang='lat' dir='ltr'>Propositio:</span> <span class='ocrx_word' id='word_1_287' title='bbox 1047 2171 1187 2202; x_wconf 81' lang='lat' dir='ltr'>Philippus</span> 
     </span>
     <span class='ocr_line' id='line_1_41' title="bbox 267 2208 574 2232; baseline 0 -1"><span class='ocrx_word' id='word_1_288' title='bbox 267 2214 320 2231; x_wconf 91' lang='lat' dir='ltr'>nou</span> <span class='ocrx_word' id='word_1_289' title='bbox 341 2210 384 2231; x_wconf 80' lang='lat' dir='ltr'>est</span> <span class='ocrx_word' id='word_1_290' title='bbox 405 2208 574 2232; x_wconf 80' lang='lat' dir='ltr'>metuendus.</span> 
     </span>
    </p>
   </div>
   <div class='ocr_carea' id='block_1_5' title="bbox 232 2257 1187 2323">
    <p class='ocr_par' dir='ltr' id='par_1_5' title="bbox 232 2257 1187 2323">
     <span class='ocr_line' id='line_1_42' title="bbox 232 2257 1187 2287; baseline -0.003 -4"><span class='ocrx_word' id='word_1_291' title='bbox 232 2260 281 2287; x_wconf 77' lang='lat'>23)</span> <span class='ocrx_word' id='word_1_292' title='bbox 301 2260 333 2282; x_wconf 80' lang='grc' dir='ltr'>ΙΙ.</span> <span class='ocrx_word' id='word_1_293' title='bbox 354 2260 369 2283; x_wconf 89' lang='lat' dir='ltr'>l.</span> <span class='ocrx_word' id='word_1_294' title='bbox 392 2259 418 2282; x_wconf 90' lang='lat' dir='ltr'>iu</span> <span class='ocrx_word' id='word_1_295' title='bbox 439 2259 488 2283; x_wconf 79' lang='lat' dir='ltr'>Ed.</span> <span class='ocrx_word' id='word_1_296' title='bbox 507 2259 593 2282; x_wconf 82' lang='lat' dir='ltr'>Basil.</span> <span class='ocrx_word' id='word_1_297' title='bbox 614 2262 677 2282; x_wconf 84' lang='lat' dir='ltr'>nota</span> <span class='ocrx_word' id='word_1_298' title='bbox 696 2259 828 2287; x_wconf 53' lang='lat' dir='ltr'>margia:</span> <span class='ocrx_word' id='word_1_299' title='bbox 850 2257 955 2287; x_wconf 80' lang='lat' dir='ltr'>Duplex</span> <span class='ocrx_word' id='word_1_300' title='bbox 977 2263 1077 2286; x_wconf 73' lang='lat' dir='ltr'>causa,</span> <span class='ocrx_word' id='word_1_301' title='bbox 1102 2262 1187 2287; x_wconf 88' lang='lat' dir='ltr'>quare</span> 
     </span>
     <span class='ocr_line' id='line_1_43' title="bbox 269 2293 511 2323; baseline 0.004 -7"><span class='ocrx_word' id='word_1_302' title='bbox 269 2294 357 2323; x_wconf 80' lang='lat' dir='ltr'>prosit</span> <span class='ocrx_word' id='word_1_303' title='bbox 378 2294 430 2316; x_wconf 81' lang='lat' dir='ltr'>ista</span> <span class='ocrx_word' id='word_1_304' title='bbox 449 2293 511 2317; x_wconf 75' lang='lat' dir='ltr'>dici.</span> 
     </span>
    </p>
   </div>
   <div class='ocr_carea' id='block_1_6' title="bbox 235 2341 1185 2408">
    <p class='ocr_par' dir='ltr' id='par_1_6' title="bbox 235 2341 1185 2408">
     <span class='ocr_line' id='line_1_44' title="bbox 235 2341 1185 2373; baseline -0.004 -4"><span class='ocrx_word' id='word_1_305' title='bbox 235 2346 281 2372; x_wconf 68' lang='lat'>24)</span> <span class='ocrx_word' id='word_1_306' title='bbox 303 2345 334 2368; x_wconf 74' lang='lat' dir='ltr'>li.</span> <span class='ocrx_word' id='word_1_307' title='bbox 356 2345 374 2369; x_wconf 87' lang='lat' dir='ltr'>l.</span> <span class='ocrx_word' id='word_1_308' title='bbox 394 2345 419 2367; x_wconf 85' lang='lat' dir='ltr'>in</span> <span class='ocrx_word' id='word_1_309' title='bbox 440 2345 489 2368; x_wconf 81' lang='lat' dir='ltr'>Ed.</span> <span class='ocrx_word' id='word_1_310' title='bbox 509 2345 592 2368; x_wconf 82' lang='lat' dir='ltr'>Basil.</span> <span class='ocrx_word' id='word_1_311' title='bbox 614 2346 678 2367; x_wconf 89' lang='lat' dir='ltr'>nota</span> <span class='ocrx_word' id='word_1_312' title='bbox 704 2343 835 2373; x_wconf 63' lang='lat' dir='ltr'>margia:</span> <span class='ocrx_word' id='word_1_313' title='bbox 862 2342 945 2366; x_wconf 79' lang='lat' dir='ltr'>Ratio</span> <span class='ocrx_word' id='word_1_314' title='bbox 973 2341 1185 2372; x_wconf 79' lang='lat' dir='ltr'>propositionis:</span> 
     </span>
     <span class='ocr_line' id='line_1_45' title="bbox 271 2377 1101 2408; baseline -0.004 -6"><span class='ocrx_word' id='word_1_315' title='bbox 271 2379 332 2408; x_wconf 81' lang='lat' dir='ltr'>quia</span> <span class='ocrx_word' id='word_1_316' title='bbox 352 2379 441 2402; x_wconf 79' lang='lat' dir='ltr'>omnia</span> <span class='ocrx_word' id='word_1_317' title='bbox 464 2379 517 2402; x_wconf 77' lang='lat' dir='ltr'>ista</span> <span class='ocrx_word' id='word_1_318' title='bbox 540 2379 656 2402; x_wconf 80' lang='lat' dir='ltr'>artificia</span> <span class='ocrx_word' id='word_1_319' title='bbox 676 2377 864 2407; x_wconf 75' lang='lat' dir='ltr'>consumpsit,</span> <span class='ocrx_word' id='word_1_320' title='bbox 888 2377 985 2406; x_wconf 78' lang='lat' dir='ltr'>quihus</span> <span class='ocrx_word' id='word_1_321' title='bbox 1004 2377 1101 2400; x_wconf 87' lang='lat' dir='ltr'>crevit.</span> 
     </span>
    </p>
   </div>
   <div class='ocr_carea' id='block_1_7' title="bbox 236 2426 1188 2493">
    <p class='ocr_par' dir='ltr' id='par_1_7' title="bbox 236 2426 1188 2493">
     <span class='ocr_line' id='line_1_46' title="bbox 236 2426 1188 2458; baseline -0.002 -7"><span class='ocrx_word' id='word_1_322' title='bbox 236 2428 336 2456; x_wconf 73' lang='grc'>25111.</span> <span class='ocrx_word' id='word_1_323' title='bbox 362 2429 380 2452; x_wconf 91' lang='lat'>1.</span> <span class='ocrx_word' id='word_1_324' title='bbox 407 2428 432 2451; x_wconf 88' lang='lat' dir='ltr'>in</span> <span class='ocrx_word' id='word_1_325' title='bbox 454 2429 502 2452; x_wconf 83' lang='lat' dir='ltr'>Ed.</span> <span class='ocrx_word' id='word_1_326' title='bbox 523 2429 607 2452; x_wconf 83' lang='lat' dir='ltr'>Basil.</span> <span class='ocrx_word' id='word_1_327' title='bbox 634 2430 701 2452; x_wconf 86' lang='lat' dir='ltr'>uota</span> <span class='ocrx_word' id='word_1_328' title='bbox 726 2427 859 2458; x_wconf 69' lang='lat' dir='ltr'>margin.:</span> <span class='ocrx_word' id='word_1_329' title='bbox 889 2427 1068 2451; x_wconf 82' lang='lat' dir='ltr'>Confirmatio</span> <span class='ocrx_word' id='word_1_330' title='bbox 1093 2432 1110 2450; x_wconf 82' lang='lat' dir='ltr'>a</span> <span class='ocrx_word' id='word_1_331' title='bbox 1134 2426 1188 2450; x_wconf 88' lang='lat' dir='ltr'>mi-</span> 
     </span>
     <span class='ocr_line' id='line_1_47' title="bbox 271 2461 1170 2493; baseline -0.001 -8"><span class='ocrx_word' id='word_1_332' title='bbox 271 2462 340 2487; x_wconf 88' lang='lat' dir='ltr'>nori.</span> <span class='ocrx_word' id='word_1_333' title='bbox 378 2462 480 2492; x_wconf 80' lang='lat' dir='ltr'>Estque</span> <span class='ocrx_word' id='word_1_334' title='bbox 499 2466 692 2493; x_wconf 68' lang='lat' dir='ltr'>argumentum</span> <span class='ocrx_word' id='word_1_335' title='bbox 711 2465 846 2492; x_wconf 83' lang='lat' dir='ltr'>sumptum</span> <span class='ocrx_word' id='word_1_336' title='bbox 865 2468 898 2485; x_wconf 86' lang='lat' dir='ltr'>ex</span> <span class='ocrx_word' id='word_1_337' title='bbox 917 2467 1002 2485; x_wconf 83' lang='lat' dir='ltr'>causa</span> <span class='ocrx_word' id='word_1_338' title='bbox 1023 2461 1170 2484; x_wconf 82' lang='lat' dir='ltr'>efficiente.</span> 
     </span>
    </p>
   </div>
   <div class='ocr_carea' id='block_1_8' title="bbox 235 2512 1189 2611">
    <p class='ocr_par' dir='ltr' id='par_1_8' title="bbox 235 2512 1189 2611">
     <span class='ocr_line' id='line_1_48' title="bbox 235 2512 1187 2543; baseline 0 -7"><span class='ocrx_word' id='word_1_339' title='bbox 235 2512 283 2541; x_wconf 78' lang='lat'>26)</span> <span class='ocrx_word' id='word_1_340' title='bbox 309 2512 342 2536; x_wconf 83' lang='grc' dir='ltr'>Η.</span> <span class='ocrx_word' id='word_1_341' title='bbox 368 2513 386 2537; x_wconf 91' lang='lat' dir='ltr'>l.</span> <span class='ocrx_word' id='word_1_342' title='bbox 412 2512 438 2535; x_wconf 90' lang='lat' dir='ltr'>in</span> <span class='ocrx_word' id='word_1_343' title='bbox 464 2513 512 2537; x_wconf 83' lang='lat' dir='ltr'>Ed.</span> <span class='ocrx_word' id='word_1_344' title='bbox 538 2514 619 2537; x_wconf 84' lang='lat' dir='ltr'>Basil.</span> <span class='ocrx_word' id='word_1_345' title='bbox 651 2515 716 2537; x_wconf 78' lang='lat' dir='ltr'>uota</span> <span class='ocrx_word' id='word_1_346' title='bbox 741 2513 874 2543; x_wconf 77' lang='lat' dir='ltr'>margin.:</span> <span class='ocrx_word' id='word_1_347' title='bbox 899 2512 1016 2536; x_wconf 80' lang='lat' dir='ltr'>Minoris</span> <span class='ocrx_word' id='word_1_348' title='bbox 1043 2512 1187 2541; x_wconf 83' lang='lat' dir='ltr'>expositio.</span> 
     </span>
     <span class='ocr_line' id='line_1_49' title="bbox 271 2546 1189 2576; baseline 0 -7"><span class='ocrx_word' id='word_1_349' title='bbox 271 2547 379 2570; x_wconf 75' lang='lat' dir='ltr'>Minor:</span> <span class='ocrx_word' id='word_1_350' title='bbox 397 2550 573 2576; x_wconf 82' lang='lat' dir='ltr'>consumptae</span> <span class='ocrx_word' id='word_1_351' title='bbox 592 2550 655 2571; x_wconf 85' lang='lat' dir='ltr'>sunt</span> <span class='ocrx_word' id='word_1_352' title='bbox 675 2554 770 2571; x_wconf 85' lang='lat' dir='ltr'>omnes</span> <span class='ocrx_word' id='word_1_353' title='bbox 791 2547 970 2576; x_wconf 75' lang='lat' dir='ltr'>occasiones,</span> <span class='ocrx_word' id='word_1_354' title='bbox 991 2546 1081 2570; x_wconf 88' lang='lat' dir='ltr'>omnia</span> <span class='ocrx_word' id='word_1_355' title='bbox 1099 2546 1189 2569; x_wconf 84' lang='lat' dir='ltr'>artifi-</span> 
     </span>
     <span class='ocr_line' id='line_1_50' title="bbox 273 2580 723 2611; baseline 0 -6"><span class='ocrx_word' id='word_1_356' title='bbox 273 2581 325 2610; x_wconf 86' lang='lat' dir='ltr'>cia,</span> <span class='ocrx_word' id='word_1_357' title='bbox 351 2580 448 2610; x_wconf 82' lang='lat' dir='ltr'>quibus</span> <span class='ocrx_word' id='word_1_358' title='bbox 468 2581 605 2611; x_wconf 85' lang='lat' dir='ltr'>Philippus</span> <span class='ocrx_word' id='word_1_359' title='bbox 625 2583 723 2606; x_wconf 88' lang='lat' dir='ltr'>crevit.</span> 
     </span>
    </p>
   </div>
   <div class='ocr_carea' id='block_1_9' title="bbox 237 2630 1190 2765">
    <p class='ocr_par' dir='ltr' id='par_1_9' title="bbox 237 2630 1190 2765">
     <span class='ocr_line' id='line_1_51' title="bbox 237 2630 1190 2661; baseline -0.003 -5"><span class='ocrx_word' id='word_1_360' title='bbox 237 2633 302 2660; x_wconf 76' lang='lat'>262)</span> <span class='ocrx_word' id='word_1_361' title='bbox 329 2631 397 2655; x_wconf 81' lang='lat' dir='ltr'>Huic</span> <span class='ocrx_word' id='word_1_362' title='bbox 423 2632 481 2654; x_wconf 90' lang='lat' dir='ltr'>loco</span> <span class='ocrx_word' id='word_1_363' title='bbox 505 2631 532 2654; x_wconf 94' lang='lat' dir='ltr'>in</span> <span class='ocrx_word' id='word_1_364' title='bbox 557 2632 640 2655; x_wconf 82' lang='lat' dir='ltr'>Editt.</span> <span class='ocrx_word' id='word_1_365' title='bbox 668 2632 761 2661; x_wconf 64' lang='lat'>1559..</span> <span class='ocrx_word' id='word_1_366' title='bbox 789 2632 881 2661; x_wconf 70' lang='lat'>1564..</span> <span class='ocrx_word' id='word_1_367' title='bbox 910 2631 984 2657; x_wconf 67' lang='lat'><strong>¹567.</strong></span> <span class='ocrx_word' id='word_1_368' title='bbox 1014 2631 1040 2654; x_wconf 90' lang='lat' dir='ltr'>in</span> <span class='ocrx_word' id='word_1_369' title='bbox 1066 2630 1190 2657; x_wconf 60' lang='lat' dir='ltr'>margine</span> 
     </span>
     <span class='ocr_line' id='line_1_52' title="bbox 275 2665 1189 2696; baseline -0.003 -6"><span class='ocrx_word' id='word_1_370' title='bbox 275 2666 413 2695; x_wconf 80' lang='lat' dir='ltr'>adscripta</span> <span class='ocrx_word' id='word_1_371' title='bbox 433 2667 473 2688; x_wconf 79' lang='lat' dir='ltr'>est</span> <span class='ocrx_word' id='word_1_372' title='bbox 491 2667 647 2689; x_wconf 82' lang='lat' dir='ltr'>annotatio:</span> <span class='ocrx_word' id='word_1_373' title='bbox 669 2668 742 2695; x_wconf 79' lang='lat' dir='ltr'>Quos</span> <span class='ocrx_word' id='word_1_374' title='bbox 766 2666 900 2690; x_wconf 80' lang='lat' dir='ltr'>fefellerit</span> <span class='ocrx_word' id='word_1_375' title='bbox 923 2666 1081 2696; x_wconf 80' lang='lat' dir='ltr'>Pliilippus;</span> <span class='ocrx_word' id='word_1_376' title='bbox 1101 2665 1125 2688; x_wconf 88' lang='lat' dir='ltr'>in</span> <span class='ocrx_word' id='word_1_377' title='bbox 1142 2665 1189 2688; x_wconf 83' lang='lat' dir='ltr'>Ed.</span> 
     </span>
     <span class='ocr_line' id='line_1_53' title="bbox 275 2700 1190 2729; baseline -0.003 -5"><span class='ocrx_word' id='word_1_378' title='bbox 275 2701 349 2724; x_wconf 81' lang='lat'>¹570.</span> <span class='ocrx_word' id='word_1_379' title='bbox 369 2701 434 2723; x_wconf 87' lang='lat' dir='ltr'>haec</span> <span class='ocrx_word' id='word_1_380' title='bbox 459 2702 524 2723; x_wconf 86' lang='lat' dir='ltr'>nota</span> <span class='ocrx_word' id='word_1_381' title='bbox 548 2700 641 2723; x_wconf 81' lang='lat' dir='ltr'>verbis</span> <span class='ocrx_word' id='word_1_382' title='bbox 666 2701 843 2729; x_wconf 81' lang='lat' dir='ltr'>sequentibus</span> <span class='ocrx_word' id='word_1_383' title='bbox 871 2701 937 2728; x_wconf 76' lang='lat' dir='ltr'>„lta</span> <span class='ocrx_word' id='word_1_384' title='bbox 959 2706 1069 2723; x_wconf 74' lang='lat' dir='ltr'>omnes,</span> <span class='ocrx_word' id='word_1_385' title='bbox 1095 2700 1190 2729; x_wconf 82' lang='lat' dir='ltr'>quihus</span> 
     </span>
     <span class='ocr_line' id='line_1_54' title="bbox 274 2733 1159 2765; baseline -0.002 -7"><span class='ocrx_word' id='word_1_386' title='bbox 274 2735 377 2765; x_wconf 81' lang='lat' dir='ltr'>aliquid</span> <span class='ocrx_word' id='word_1_387' title='bbox 395 2741 454 2758; x_wconf 85' lang='lat' dir='ltr'>cum</span> <span class='ocrx_word' id='word_1_388' title='bbox 476 2740 507 2758; x_wconf 86' lang='lat' dir='ltr'>co</span> <span class='ocrx_word' id='word_1_389' title='bbox 527 2734 633 2765; x_wconf 81' lang='lat' dir='ltr'>negotii</span> <span class='ocrx_word' id='word_1_390' title='bbox 652 2734 717 2763; x_wconf 83' lang='lat' dir='ltr'>ruit,</span> <span class='ocrx_word' id='word_1_391' title='bbox 736 2736 799 2758; x_wconf 80' lang='lat' dir='ltr'>arte</span> <span class='ocrx_word' id='word_1_392' title='bbox 818 2733 941 2758; x_wconf 78' lang='lat' dir='ltr'>t&#39;esellit’&#39;</span> <span class='ocrx_word' id='word_1_393' title='bbox 961 2734 1089 2765; x_wconf 80' lang='lat' dir='ltr'>apposita</span> <span class='ocrx_word' id='word_1_394' title='bbox 1107 2735 1159 2757; x_wconf 81' lang='lat' dir='ltr'>est.</span> 
     </span>
    </p>
   </div>
   <div class='ocr_carea' id='block_1_10' title="bbox 758 121 1635 158">
    <p class='ocr_par' dir='ltr' id='par_1_10' title="bbox 758 121 1635 158">
     <span class='ocr_line' id='line_1_55' title="bbox 758 121 1635 158; baseline -0.001 0"><span class='ocrx_word' id='word_1_395' title='bbox 758 124 886 158; x_wconf 84' lang='lat' dir='ltr'>PHIL.</span> <span class='ocrx_word' id='word_1_396' title='bbox 919 122 1033 158; x_wconf 81' lang='lat' dir='ltr'>MEL.</span> <span class='ocrx_word' id='word_1_397' title='bbox 1066 121 1268 157; x_wconf 82' lang='lat' dir='ltr'>SCRIPTA</span> <span class='ocrx_word' id='word_1_398' title='bbox 1300 121 1635 157; x_wconf 83' lang='lat' dir='ltr'>PHILOLOGICA.</span> 
     </span>
    </p>
   </div>
   <div class='ocr_carea' id='block_1_11' title="bbox 1230 207 2224 1738">
    <p class='ocr_par' dir='ltr' id='par_1_11' title="bbox 1230 207 2224 1738">
     <span class='ocr_line' id='line_1_56' title="bbox 1231 207 2219 253; baseline 0.002 -13"><span class='ocrx_word' id='word_1_399' title='bbox 1231 208 1329 241; x_wconf 81' lang='lat' dir='ltr'>auxit</span> <span class='ocrx_word' id='word_1_400' title='bbox 1359 208 1579 253; x_wconf 77' lang='lat' dir='ltr'>potentiam,</span> <span class='ocrx_word' id='word_1_401' title='bbox 1615 209 1699 241; x_wconf 89' lang='lat' dir='ltr'>dum</span> <span class='ocrx_word' id='word_1_402' title='bbox 1723 219 1844 241; x_wconf 85' lang='lat' dir='ltr'>errore</span> <span class='ocrx_word' id='word_1_403' title='bbox 1871 207 1906 239; x_wconf 89' lang='lat' dir='ltr'>in</span> <span class='ocrx_word' id='word_1_404' title='bbox 1928 207 2089 242; x_wconf 81' lang='lat' dir='ltr'>fraudem</span> <span class='ocrx_word' id='word_1_405' title='bbox 2117 209 2219 243; x_wconf 91' lang='lat' dir='ltr'>indu-</span> 
     </span>
     <span class='ocr_line' id='line_1_57' title="bbox 1231 257 2216 304; baseline 0.002 -13"><span class='ocrx_word' id='word_1_406' title='bbox 1231 265 1305 292; x_wconf 87' lang='lat' dir='ltr'>ctos</span> <span class='ocrx_word' id='word_1_407' title='bbox 1321 260 1408 294; x_wconf 70' lang='lat' dir='ltr'>:ilios</span> <span class='ocrx_word' id='word_1_408' title='bbox 1424 260 1460 292; x_wconf 87' lang='lat' dir='ltr'>iu</span> <span class='ocrx_word' id='word_1_409' title='bbox 1479 273 1559 294; x_wconf 70' lang='lat' dir='ltr'>suus</span> <span class='ocrx_word' id='word_1_410' title='bbox 1576 266 1693 304; x_wconf 72' lang='lat' dir='ltr'>partes</span> <span class='ocrx_word' id='word_1_411' title='bbox 1711 257 1831 293; x_wconf 66' lang='lat' dir='ltr'>trahit.</span> <span class='ocrx_word' id='word_1_412' title='bbox 1884 258 1932 291; x_wconf 90' lang='lat' dir='ltr'>Ut</span> <span class='ocrx_word' id='word_1_413' title='bbox 1951 259 2058 303; x_wconf 81' lang='lat' dir='ltr'>igitur</span> <span class='ocrx_word' id='word_1_414' title='bbox 2084 258 2216 293; x_wconf 88' lang='lat' dir='ltr'>horum</span> 
     </span>
     <span class='ocr_line' id='line_1_58' title="bbox 1230 310 2216 357; baseline 0.003 -15"><span class='ocrx_word' id='word_1_415' title='bbox 1230 310 1397 344; x_wconf 70' lang='lat' dir='ltr'>societate</span> <span class='ocrx_word' id='word_1_416' title='bbox 1429 311 1622 357; x_wconf 49' lang='lat' dir='ltr'>crox-itm),</span> <span class='ocrx_word' id='word_1_417' title='bbox 1653 324 1731 344; x_wconf 89' lang='lat' dir='ltr'>cum</span> <span class='ocrx_word' id='word_1_418' title='bbox 1765 310 1893 354; x_wconf 77' lang='lat' dir='ltr'>singuli</span> <span class='ocrx_word' id='word_1_419' title='bbox 1926 311 2070 356; x_wconf 74' lang='lat' dir='ltr'>aliquod</span> <span class='ocrx_word' id='word_1_420' title='bbox 2106 311 2216 356; x_wconf 88' lang='lat' dir='ltr'>ipsius</span> 
     </span>
     <span class='ocr_line' id='line_1_59' title="bbox 1230 362 2216 406; baseline 0.003 -13"><span class='ocrx_word' id='word_1_421' title='bbox 1230 362 1439 396; x_wconf 87' lang='lat' dir='ltr'>beneficium</span> <span class='ocrx_word' id='word_1_422' title='bbox 1466 369 1709 406; x_wconf 65' lang='lat' dir='ltr'>expectarent:</span> <span class='ocrx_word' id='word_1_423' title='bbox 1749 363 1792 395; x_wconf 74' lang='lat' dir='ltr'>ila</span> <span class='ocrx_word' id='word_1_424' title='bbox 1818 362 1923 395; x_wconf 88' lang='lat' dir='ltr'>iidem</span> <span class='ocrx_word' id='word_1_425' title='bbox 1945 369 2104 396; x_wconf 75' lang='lat' dir='ltr'>evei-tent</span> <span class='ocrx_word' id='word_1_426' title='bbox 2121 375 2216 402; x_wconf 88' lang='lat' dir='ltr'>eum,</span> 
     </span>
     <span class='ocr_line' id='line_1_60' title="bbox 1230 411 2216 458; baseline 0.002 -13"><span class='ocrx_word' id='word_1_427' title='bbox 1230 419 1420 458; x_wconf 73' lang='lat' dir='ltr'>postquam</span> <span class='ocrx_word' id='word_1_428' title='bbox 1438 413 1592 446; x_wconf 82' lang='lat' dir='ltr'>viderint</span> <span class='ocrx_word' id='word_1_429' title='bbox 1609 426 1644 447; x_wconf 89' lang='lat' dir='ltr'>se</span> <span class='ocrx_word' id='word_1_430' title='bbox 1663 414 1706 446; x_wconf 73' lang='lat' dir='ltr'>ab</span> <span class='ocrx_word' id='word_1_431' title='bbox 1725 426 1766 446; x_wconf 92' lang='lat' dir='ltr'>eo</span> <span class='ocrx_word' id='word_1_432' title='bbox 1783 414 1922 447; x_wconf 84' lang='lat' dir='ltr'>delusos</span> <span class='ocrx_word' id='word_1_433' title='bbox 1947 426 2030 448; x_wconf 91' lang='lat' dir='ltr'>esse.</span> <span class='ocrx_word' id='word_1_434' title='bbox 2083 413 2123 446; x_wconf 91' lang='lat' dir='ltr'>In</span> <span class='ocrx_word' id='word_1_435' title='bbox 2147 411 2216 447; x_wconf 82' lang='lat' dir='ltr'>hoc</span> 
     </span>
     <span class='ocr_line' id='line_1_61' title="bbox 1231 463 2217 511; baseline 0.002 -16"><span class='ocrx_word' id='word_1_436' title='bbox 1231 464 1380 497; x_wconf 76' lang='lat' dir='ltr'>articulo</span> <span class='ocrx_word' id='word_1_437' title='bbox 1406 471 1488 497; x_wconf 86' lang='lat' dir='ltr'>sunt</span> <span class='ocrx_word' id='word_1_438' title='bbox 1513 464 1582 497; x_wconf 74' lang='lat' dir='ltr'>iam</span> <span class='ocrx_word' id='word_1_439' title='bbox 1605 477 1662 498; x_wconf 85' lang='lat' dir='ltr'>res</span> <span class='ocrx_word' id='word_1_440' title='bbox 1680 463 1838 509; x_wconf 87' lang='lat' dir='ltr'>Philippi</span> <span class='ocrx_word' id='word_1_441' title='bbox 1857 464 1915 511; x_wconf 59' lang='grc'>28).</span> <span class='ocrx_word' id='word_1_442' title='bbox 1968 467 2041 499; x_wconf 77' lang='lat' dir='ltr'>Aut</span> <span class='ocrx_word' id='word_1_443' title='bbox 2064 465 2217 509; x_wconf 82' lang='lat' dir='ltr'>prodeat</span> 
     </span>
     <span class='ocr_line' id='line_1_62' title="bbox 1232 513 2215 560; baseline 0.002 -14"><span class='ocrx_word' id='word_1_444' title='bbox 1232 515 1378 560; x_wconf 76' lang='lat' dir='ltr'>aliquis,</span> <span class='ocrx_word' id='word_1_445' title='bbox 1407 522 1440 548; x_wconf 89' lang='lat' dir='ltr'>et</span> <span class='ocrx_word' id='word_1_446' title='bbox 1457 513 1544 547; x_wconf 77' lang='lat' dir='ltr'>milii</span> <span class='ocrx_word' id='word_1_447' title='bbox 1566 528 1627 549; x_wconf 89' lang='lat' dir='ltr'>sen</span> <span class='ocrx_word' id='word_1_448' title='bbox 1651 516 1751 550; x_wconf 75' lang='lat' dir='ltr'>vobis</span> <span class='ocrx_word' id='word_1_449' title='bbox 1776 516 1912 560; x_wconf 87' lang='lat' dir='ltr'>potius,</span> <span class='ocrx_word' id='word_1_450' title='bbox 1942 517 2106 550; x_wconf 67' lang='lat' dir='ltr'>ostendat</span> <span class='ocrx_word' id='word_1_451' title='bbox 2128 516 2215 549; x_wconf 74' lang='lat' dir='ltr'>falsa</span> 
     </span>
     <span class='ocr_line' id='line_1_63' title="bbox 1232 564 2215 613; baseline 0 -14"><span class='ocrx_word' id='word_1_452' title='bbox 1232 578 1304 600; x_wconf 87' lang='lat' dir='ltr'>esse</span> <span class='ocrx_word' id='word_1_453' title='bbox 1332 564 1439 606; x_wconf 67' lang='lat' dir='ltr'>haec,</span> <span class='ocrx_word' id='word_1_454' title='bbox 1471 579 1561 612; x_wconf 73' lang='lat' dir='ltr'>quae</span> <span class='ocrx_word' id='word_1_455' title='bbox 1584 579 1844 606; x_wconf 71' lang='lat' dir='ltr'>comniemor03</span> <span class='ocrx_word' id='word_1_456' title='bbox 1874 574 1935 601; x_wconf 72' lang='lat' dir='ltr'>aut</span> <span class='ocrx_word' id='word_1_457' title='bbox 1959 568 2056 608; x_wconf 81' lang='lat' dir='ltr'>illos,</span> <span class='ocrx_word' id='word_1_458' title='bbox 2085 566 2146 613; x_wconf 87' lang='lat' dir='ltr'>qui</span> <span class='ocrx_word' id='word_1_459' title='bbox 2171 567 2215 600; x_wconf 80' lang='lat' dir='ltr'>ab</span> 
     </span>
     <span class='ocr_line' id='line_1_64' title="bbox 1232 616 2216 662; baseline 0 -11"><span class='ocrx_word' id='word_1_460' title='bbox 1232 630 1274 651; x_wconf 92' lang='lat' dir='ltr'>eo</span> <span class='ocrx_word' id='word_1_461' title='bbox 1310 618 1447 662; x_wconf 81' lang='lat' dir='ltr'>decepti</span> <span class='ocrx_word' id='word_1_462' title='bbox 1470 623 1572 657; x_wconf 82' lang='lat' dir='ltr'>sunt,</span> <span class='ocrx_word' id='word_1_463' title='bbox 1606 617 1643 650; x_wconf 90' lang='lat' dir='ltr'>in</span> <span class='ocrx_word' id='word_1_464' title='bbox 1667 625 1848 662; x_wconf 87' lang='lat' dir='ltr'>posterum</span> <span class='ocrx_word' id='word_1_465' title='bbox 1877 619 1908 651; x_wconf 88' lang='lat' dir='ltr'>ei</span> <span class='ocrx_word' id='word_1_466' title='bbox 1934 620 2039 652; x_wconf 85' lang='lat' dir='ltr'>fidem</span> <span class='ocrx_word' id='word_1_467' title='bbox 2065 616 2216 657; x_wconf 76' lang='lat' dir='ltr'>liabere3</span> 
     </span>
     <span class='ocr_line' id='line_1_65' title="bbox 1233 667 2217 713; baseline 0.002 -12"><span class='ocrx_word' id='word_1_468' title='bbox 1233 675 1295 702; x_wconf 77' lang='lat' dir='ltr'>aut</span> <span class='ocrx_word' id='word_1_469' title='bbox 1311 667 1501 702; x_wconf 72' lang='lat' dir='ltr'>Thessalos</span> <span class='ocrx_word' id='word_1_470' title='bbox 1517 669 1679 702; x_wconf 77' lang='lat' dir='ltr'>redactos</span> <span class='ocrx_word' id='word_1_471' title='bbox 1700 669 1736 701; x_wconf 89' lang='lat' dir='ltr'>in</span> <span class='ocrx_word' id='word_1_472' title='bbox 1763 669 1989 711; x_wconf 85' lang='lat' dir='ltr'>servitutem,</span> <span class='ocrx_word' id='word_1_473' title='bbox 2014 682 2088 703; x_wconf 91' lang='lat' dir='ltr'>non</span> <span class='ocrx_word' id='word_1_474' title='bbox 2113 681 2217 713; x_wconf 84' lang='lat' dir='ltr'>expe-</span> 
     </span>
     <span class='ocr_line' id='line_1_66' title="bbox 1232 718 2217 766; baseline 0.001 -13"><span class='ocrx_word' id='word_1_475' title='bbox 1232 727 1306 753; x_wconf 87' lang='lat' dir='ltr'>tere</span> <span class='ocrx_word' id='word_1_476' title='bbox 1322 733 1444 754; x_wconf 87' lang='lat' dir='ltr'>rursus</span> <span class='ocrx_word' id='word_1_477' title='bbox 1461 720 1674 753; x_wconf 74' lang='lat' dir='ltr'>libertatem.</span> <span class='ocrx_word' id='word_1_478' title='bbox 1728 721 1778 753; x_wconf 84' lang='lat' dir='ltr'>Ac</span> <span class='ocrx_word' id='word_1_479' title='bbox 1797 721 1824 753; x_wconf 86' lang='lat' dir='ltr'>si</span> <span class='ocrx_word' id='word_1_480' title='bbox 1842 721 1920 766; x_wconf 90' lang='lat' dir='ltr'>quis</span> <span class='ocrx_word' id='word_1_481' title='bbox 1935 719 2021 754; x_wconf 84' lang='lat' dir='ltr'>haec</span> <span class='ocrx_word' id='word_1_482' title='bbox 2038 721 2086 754; x_wconf 79' lang='lat' dir='ltr'>ita</span> <span class='ocrx_word' id='word_1_483' title='bbox 2102 733 2138 754; x_wconf 89' lang='lat' dir='ltr'>se</span> <span class='ocrx_word' id='word_1_484' title='bbox 2155 718 2217 754; x_wconf 82' lang='lat' dir='ltr'>ha-</span> 
     </span>
     <span class='ocr_line' id='line_1_67' title="bbox 1233 770 2217 817; baseline 0 -13"><span class='ocrx_word' id='word_1_485' title='bbox 1233 773 1315 805; x_wconf 90' lang='lat' dir='ltr'>bere</span> <span class='ocrx_word' id='word_1_486' title='bbox 1351 771 1515 815; x_wconf 85' lang='lat' dir='ltr'>inlelligit</span> <span class='ocrx_word' id='word_1_487' title='bbox 1537 770 1602 817; x_wconf 73' lang='lat'>²⁹),</span> <span class='ocrx_word' id='word_1_488' title='bbox 1646 783 1768 804; x_wconf 76' lang='lat' dir='ltr'>verum</span> <span class='ocrx_word' id='word_1_489' title='bbox 1803 771 1980 805; x_wconf 82' lang='lat' dir='ltr'>existimat</span> <span class='ocrx_word' id='word_1_490' title='bbox 2006 770 2217 816; x_wconf 88' lang='lat' dir='ltr'>Philippum</span> 
     </span>
     <span class='ocr_line' id='line_1_68' title="bbox 1232 823 2217 868; baseline 0.001 -13"><span class='ocrx_word' id='word_1_491' title='bbox 1232 823 1303 856; x_wconf 82' lang='lat' dir='ltr'>iam</span> <span class='ocrx_word' id='word_1_492' title='bbox 1324 823 1358 855; x_wconf 78' lang='lat' dir='ltr'>vi</span> <span class='ocrx_word' id='word_1_493' title='bbox 1378 823 1567 867; x_wconf 86' lang='lat' dir='ltr'>imperium</span> <span class='ocrx_word' id='word_1_494' title='bbox 1587 836 1688 856; x_wconf 89' lang='lat' dir='ltr'>suum</span> <span class='ocrx_word' id='word_1_495' title='bbox 1715 823 1868 856; x_wconf 87' lang='lat' dir='ltr'>retinere</span> <span class='ocrx_word' id='word_1_496' title='bbox 1891 835 2016 867; x_wconf 86' lang='lat' dir='ltr'>posse,</span> <span class='ocrx_word' id='word_1_497' title='bbox 2044 823 2127 868; x_wconf 80' lang='lat' dir='ltr'>quia</span> <span class='ocrx_word' id='word_1_498' title='bbox 2154 835 2217 867; x_wconf 90' lang='lat' dir='ltr'>op-</span> 
     </span>
     <span class='ocr_line' id='line_1_69' title="bbox 1234 872 2217 919; baseline 0 -13"><span class='ocrx_word' id='word_1_499' title='bbox 1234 874 1316 919; x_wconf 78' lang='lat' dir='ltr'>pida</span> <span class='ocrx_word' id='word_1_500' title='bbox 1344 881 1378 907; x_wconf 89' lang='lat' dir='ltr'>et</span> <span class='ocrx_word' id='word_1_501' title='bbox 1402 881 1526 919; x_wconf 89' lang='lat' dir='ltr'>portus</span> <span class='ocrx_word' id='word_1_502' title='bbox 1550 881 1740 918; x_wconf 72' lang='lat' dir='ltr'>occupatos</span> <span class='ocrx_word' id='word_1_503' title='bbox 1762 874 1949 919; x_wconf 72' lang='lat' dir='ltr'>praesidiis</span> <span class='ocrx_word' id='word_1_504' title='bbox 1978 872 2107 914; x_wconf 76' lang='lat' dir='ltr'>habet,</span> <span class='ocrx_word' id='word_1_505' title='bbox 2142 885 2217 906; x_wconf 88' lang='lat' dir='ltr'>non</span> 
     </span>
     <span class='ocr_line' id='line_1_70' title="bbox 1233 923 2218 971; baseline 0 -13"><span class='ocrx_word' id='word_1_506' title='bbox 1233 932 1327 958; x_wconf 87' lang='lat' dir='ltr'>recte</span> <span class='ocrx_word' id='word_1_507' title='bbox 1349 926 1493 960; x_wconf 76' lang='lat' dir='ltr'>indicat.</span> <span class='ocrx_word' id='word_1_508' title='bbox 1535 925 1637 959; x_wconf 89' lang='lat' dir='ltr'>Tunc</span> <span class='ocrx_word' id='word_1_509' title='bbox 1652 926 1745 959; x_wconf 90' lang='lat' dir='ltr'>enim</span> <span class='ocrx_word' id='word_1_510' title='bbox 1763 938 1907 959; x_wconf 74' lang='lat' dir='ltr'>manere</span> <span class='ocrx_word' id='word_1_511' title='bbox 1926 925 2011 960; x_wconf 86' lang='lat' dir='ltr'>socii</span> <span class='ocrx_word' id='word_1_512' title='bbox 2028 925 2064 958; x_wconf 85' lang='lat' dir='ltr'>in</span> <span class='ocrx_word' id='word_1_513' title='bbox 2079 925 2147 958; x_wconf 85' lang='lat' dir='ltr'>fide</span> <span class='ocrx_word' id='word_1_514' title='bbox 2157 923 2218 971; x_wconf 82' lang='lat'>³⁰),</span> 
     </span>
     <span class='ocr_line' id='line_1_71' title="bbox 1234 977 2220 1021; baseline -0.001 -11"><span class='ocrx_word' id='word_1_515' title='bbox 1234 983 1268 1010; x_wconf 92' lang='lat' dir='ltr'>et</span> <span class='ocrx_word' id='word_1_516' title='bbox 1291 989 1361 1010; x_wconf 83' lang='lat' dir='ltr'>una</span> <span class='ocrx_word' id='word_1_517' title='bbox 1377 977 1516 1010; x_wconf 81' lang='lat' dir='ltr'>labores</span> <span class='ocrx_word' id='word_1_518' title='bbox 1541 983 1575 1009; x_wconf 87' lang='lat' dir='ltr'>et</span> <span class='ocrx_word' id='word_1_519' title='bbox 1589 977 1743 1021; x_wconf 81' lang='lat' dir='ltr'>pericula</span> <span class='ocrx_word' id='word_1_520' title='bbox 1765 977 1863 1010; x_wconf 80' lang='lat' dir='ltr'>adire</span> <span class='ocrx_word' id='word_1_521' title='bbox 1879 978 2012 1017; x_wconf 89' lang='lat' dir='ltr'>solent,</span> <span class='ocrx_word' id='word_1_522' title='bbox 2044 989 2124 1010; x_wconf 89' lang='lat' dir='ltr'>cum</span> <span class='ocrx_word' id='word_1_523' title='bbox 2141 988 2220 1010; x_wconf 90' lang='lat' dir='ltr'>mu-</span> 
     </span>
     <span class='ocr_line' id='line_1_72' title="bbox 1234 1027 2219 1072; baseline 0 -11"><span class='ocrx_word' id='word_1_524' title='bbox 1234 1035 1294 1061; x_wconf 80' lang='lat' dir='ltr'>tua</span> <span class='ocrx_word' id='word_1_525' title='bbox 1313 1041 1372 1061; x_wconf 90' lang='lat' dir='ltr'>eos</span> <span class='ocrx_word' id='word_1_526' title='bbox 1387 1028 1634 1061; x_wconf 76' lang='lat' dir='ltr'>benevolentia</span> <span class='ocrx_word' id='word_1_527' title='bbox 1658 1028 1860 1072; x_wconf 77' lang='lat' dir='ltr'>coniungit,</span> <span class='ocrx_word' id='word_1_528' title='bbox 1897 1035 1931 1061; x_wconf 86' lang='lat' dir='ltr'>et</span> <span class='ocrx_word' id='word_1_529' title='bbox 1955 1027 2092 1072; x_wconf 71' lang='lat' dir='ltr'>pariter</span> <span class='ocrx_word' id='word_1_530' title='bbox 2116 1040 2219 1072; x_wconf 88' lang='lat' dir='ltr'>expe-</span> 
     </span>
     <span class='ocr_line' id='line_1_73' title="bbox 1235 1078 2220 1123; baseline 0 -11"><span class='ocrx_word' id='word_1_531' title='bbox 1235 1079 1285 1112; x_wconf 89' lang='lat' dir='ltr'>dit</span> <span class='ocrx_word' id='word_1_532' title='bbox 1301 1080 1468 1113; x_wconf 86' lang='lat' dir='ltr'>omnibus</span> <span class='ocrx_word' id='word_1_533' title='bbox 1486 1091 1674 1112; x_wconf 89' lang='lat' dir='ltr'>commune</span> <span class='ocrx_word' id='word_1_534' title='bbox 1691 1079 1888 1123; x_wconf 88' lang='lat' dir='ltr'>periculum</span> <span class='ocrx_word' id='word_1_535' title='bbox 1905 1079 2094 1123; x_wconf 88' lang='lat' dir='ltr'>depellere.</span> <span class='ocrx_word' id='word_1_536' title='bbox 2128 1078 2220 1112; x_wconf 91' lang='lat' dir='ltr'>Cum</span> 
     </span>
     <span class='ocr_line' id='line_1_74' title="bbox 1235 1130 2219 1175; baseline -0.001 -11"><span class='ocrx_word' id='word_1_537' title='bbox 1235 1137 1353 1164; x_wconf 76' lang='lat' dir='ltr'>autem</span> <span class='ocrx_word' id='word_1_538' title='bbox 1388 1142 1479 1164; x_wconf 90' lang='lat' dir='ltr'>unus</span> <span class='ocrx_word' id='word_1_539' title='bbox 1504 1130 1632 1175; x_wconf 78' lang='lat' dir='ltr'>aliquis</span> <span class='ocrx_word' id='word_1_540' title='bbox 1657 1131 1782 1163; x_wconf 75' lang='lat' dir='ltr'>fraude</span> <span class='ocrx_word' id='word_1_541' title='bbox 1809 1136 1841 1162; x_wconf 72' lang='lat' dir='ltr'>et</span> <span class='ocrx_word' id='word_1_542' title='bbox 1868 1131 1996 1163; x_wconf 87' lang='lat' dir='ltr'>scelere</span> <span class='ocrx_word' id='word_1_543' title='bbox 2019 1130 2219 1174; x_wconf 86' lang='lat' dir='ltr'>potentiam</span> 
     </span>
     <span class='ocr_line' id='line_1_75' title="bbox 1235 1181 2220 1227; baseline 0 -13"><span class='ocrx_word' id='word_1_544' title='bbox 1235 1188 1443 1215; x_wconf 88' lang='lat' dir='ltr'>consecutus</span> <span class='ocrx_word' id='word_1_545' title='bbox 1475 1188 1526 1215; x_wconf 87' lang='lat' dir='ltr'>est</span> <span class='ocrx_word' id='word_1_546' title='bbox 1549 1181 1616 1227; x_wconf 78' lang='lat'><strong>³¹),</strong></span> <span class='ocrx_word' id='word_1_547' title='bbox 1650 1181 1767 1225; x_wconf 79' lang='lat' dir='ltr'>prima</span> <span class='ocrx_word' id='word_1_548' title='bbox 1804 1181 1941 1215; x_wconf 76' lang='lat' dir='ltr'>occasio</span> <span class='ocrx_word' id='word_1_549' title='bbox 1967 1188 2001 1214; x_wconf 88' lang='lat' dir='ltr'>et</span> <span class='ocrx_word' id='word_1_550' title='bbox 2023 1181 2100 1214; x_wconf 80' lang='lat' dir='ltr'>leve</span> <span class='ocrx_word' id='word_1_551' title='bbox 2123 1192 2220 1214; x_wconf 87' lang='lat' dir='ltr'>erra-</span> 
     </span>
     <span class='ocr_line' id='line_1_76' title="bbox 1234 1232 2222 1277; baseline 0 -12"><span class='ocrx_word' id='word_1_552' title='bbox 1234 1239 1308 1266; x_wconf 86' lang='lat' dir='ltr'>tum</span> <span class='ocrx_word' id='word_1_553' title='bbox 1330 1233 1450 1265; x_wconf 75' lang='grc' dir='ltr'>011111ἱῆ</span> <span class='ocrx_word' id='word_1_554' title='bbox 1469 1239 1565 1265; x_wconf 87' lang='lat' dir='ltr'>retro</span> <span class='ocrx_word' id='word_1_555' title='bbox 1584 1232 1655 1276; x_wconf 80' lang='lat' dir='ltr'>agit</span> <span class='ocrx_word' id='word_1_556' title='bbox 1679 1245 1717 1265; x_wconf 72' lang='lat' dir='ltr'>ac</span> <span class='ocrx_word' id='word_1_557' title='bbox 1743 1232 1916 1266; x_wconf 85' lang='lat' dir='ltr'>dissolvit.</span> <span class='ocrx_word' id='word_1_558' title='bbox 1977 1232 2069 1267; x_wconf 73' lang='lat' dir='ltr'>Nam</span> <span class='ocrx_word' id='word_1_559' title='bbox 2095 1238 2222 1277; x_wconf 87' lang='lat' dir='ltr'>poten-</span> 
     </span>
     <span class='ocr_line' id='line_1_77' title="bbox 1235 1282 2220 1328; baseline -0.001 -12"><span class='ocrx_word' id='word_1_560' title='bbox 1235 1284 1283 1316; x_wconf 80' lang='lat' dir='ltr'>tia</span> <span class='ocrx_word' id='word_1_561' title='bbox 1313 1284 1453 1317; x_wconf 87' lang='lat' dir='ltr'>iniuriis</span> <span class='ocrx_word' id='word_1_562' title='bbox 1469 1283 1535 1328; x_wconf 66' lang='grc' dir='ltr'>3ιέ),</span> <span class='ocrx_word' id='word_1_563' title='bbox 1567 1283 1713 1327; x_wconf 76' lang='lat' dir='ltr'>perfidia</span> <span class='ocrx_word' id='word_1_564' title='bbox 1745 1290 1779 1316; x_wconf 92' lang='lat' dir='ltr'>et</span> <span class='ocrx_word' id='word_1_565' title='bbox 1801 1283 1994 1317; x_wconf 81' lang='lat' dir='ltr'>mendaciis</span> <span class='ocrx_word' id='word_1_566' title='bbox 2016 1289 2118 1327; x_wconf 75' lang='lat' dir='ltr'>parta</span> <span class='ocrx_word' id='word_1_567' title='bbox 2142 1282 2220 1328; x_wconf 47' lang='grc' dir='ltr'>δὴ),</span> 
     </span>
     <span class='ocr_line' id='line_1_78' title="bbox 1235 1333 2219 1379; baseline -0.002 -11"><span class='ocrx_word' id='word_1_568' title='bbox 1235 1346 1310 1368; x_wconf 90' lang='lat' dir='ltr'>non</span> <span class='ocrx_word' id='word_1_569' title='bbox 1336 1341 1454 1379; x_wconf 90' lang='lat' dir='ltr'>potest</span> <span class='ocrx_word' id='word_1_570' title='bbox 1477 1346 1548 1367; x_wconf 87' lang='lat' dir='ltr'>esse</span> <span class='ocrx_word' id='word_1_571' title='bbox 1571 1334 1758 1372; x_wconf 78' lang='lat' dir='ltr'>dinturna;</span> <span class='ocrx_word' id='word_1_572' title='bbox 1795 1335 1852 1366; x_wconf 82' lang='lat' dir='ltr'>sed</span> <span class='ocrx_word' id='word_1_573' title='bbox 1877 1335 1981 1367; x_wconf 80' lang='lat' dir='ltr'>durat</span> <span class='ocrx_word' id='word_1_574' title='bbox 2009 1333 2219 1379; x_wconf 79' lang='lat' dir='ltr'>aliquantis-</span> 
     </span>
     <span class='ocr_line' id='line_1_79' title="bbox 1235 1385 2218 1431; baseline -0.001 -12"><span class='ocrx_word' id='word_1_575' title='bbox 1235 1398 1316 1431; x_wconf 84' lang='lat' dir='ltr'>per;</span> <span class='ocrx_word' id='word_1_576' title='bbox 1348 1398 1387 1418; x_wconf 76' lang='lat' dir='ltr'>ac</span> <span class='ocrx_word' id='word_1_577' title='bbox 1404 1385 1479 1418; x_wconf 89' lang='lat' dir='ltr'>fieri</span> <span class='ocrx_word' id='word_1_578' title='bbox 1496 1391 1631 1429; x_wconf 88' lang='lat' dir='ltr'>potest,</span> <span class='ocrx_word' id='word_1_579' title='bbox 1654 1391 1694 1417; x_wconf 89' lang='lat' dir='ltr'>nt</span> <span class='ocrx_word' id='word_1_580' title='bbox 1711 1385 1812 1417; x_wconf 70' lang='lat' dir='ltr'>valde</span> <span class='ocrx_word' id='word_1_581' title='bbox 1830 1385 1935 1417; x_wconf 77' lang='lat' dir='ltr'>etiam</span> <span class='ocrx_word' id='word_1_582' title='bbox 1963 1385 2109 1425; x_wconf 73' lang='lat' dir='ltr'>floreat,</span> <span class='ocrx_word' id='word_1_583' title='bbox 2135 1397 2218 1429; x_wconf 88' lang='lat' dir='ltr'>pro-</span> 
     </span>
     <span class='ocr_line' id='line_1_80' title="bbox 1235 1435 2221 1482; baseline -0.002 -12"><span class='ocrx_word' id='word_1_584' title='bbox 1235 1444 1354 1482; x_wconf 78' lang='lat' dir='ltr'>pterea</span> <span class='ocrx_word' id='word_1_585' title='bbox 1374 1437 1455 1482; x_wconf 78' lang='lat' dir='ltr'>qnia</span> <span class='ocrx_word' id='word_1_586' title='bbox 1473 1436 1576 1469; x_wconf 90' lang='lat' dir='ltr'>multi</span> <span class='ocrx_word' id='word_1_587' title='bbox 1594 1448 1654 1480; x_wconf 91' lang='lat' dir='ltr'>spe</span> <span class='ocrx_word' id='word_1_588' title='bbox 1672 1435 1888 1473; x_wconf 60' lang='lat' dir='ltr'>invitantium</span> <span class='ocrx_word' id='word_1_589' title='bbox 1923 1436 1985 1469; x_wconf 86' lang='lat' dir='ltr'>sed</span> <span class='ocrx_word' id='word_1_590' title='bbox 2007 1436 2116 1480; x_wconf 81' lang='lat' dir='ltr'>paulo</span> <span class='ocrx_word' id='word_1_591' title='bbox 2138 1441 2221 1480; x_wconf 89' lang='lat' dir='ltr'>post</span> 
     </span>
     <span class='ocr_line' id='line_1_81' title="bbox 1236 1486 2221 1532; baseline -0.002 -11"><span class='ocrx_word' id='word_1_592' title='bbox 1236 1486 1455 1532; x_wconf 77' lang='lat' dir='ltr'>deprehensa</span> <span class='ocrx_word' id='word_1_593' title='bbox 1488 1487 1635 1532; x_wconf 79' lang='lat' dir='ltr'>perfidia</span> <span class='ocrx_word' id='word_1_594' title='bbox 1665 1499 1726 1520; x_wconf 78' lang='lat' dir='ltr'>sna</span> <span class='ocrx_word' id='word_1_595' title='bbox 1757 1493 1883 1531; x_wconf 85' lang='lat' dir='ltr'>sponte</span> <span class='ocrx_word' id='word_1_596' title='bbox 1923 1487 2103 1521; x_wconf 68' lang='lat' dir='ltr'>dilabitur.</span> <span class='ocrx_word' id='word_1_597' title='bbox 2170 1486 2221 1520; x_wconf 84' lang='lat' dir='ltr'>Ut</span> 
     </span>
     <span class='ocr_line' id='line_1_82' title="bbox 1236 1538 2224 1582; baseline -0.001 -10"><span class='ocrx_word' id='word_1_598' title='bbox 1236 1541 1330 1573; x_wconf 91' lang='lat' dir='ltr'>enim</span> <span class='ocrx_word' id='word_1_599' title='bbox 1354 1539 1516 1578; x_wconf 72' lang='lat' dir='ltr'>aedium,</span> <span class='ocrx_word' id='word_1_600' title='bbox 1546 1545 1606 1571; x_wconf 76' lang='lat' dir='ltr'>aut</span> <span class='ocrx_word' id='word_1_601' title='bbox 1630 1538 1784 1582; x_wconf 81' lang='lat' dir='ltr'>navigii,</span> <span class='ocrx_word' id='word_1_602' title='bbox 1818 1544 1879 1571; x_wconf 82' lang='lat' dir='ltr'>aut</span> <span class='ocrx_word' id='word_1_603' title='bbox 1902 1538 2046 1572; x_wconf 75' lang='lat' dir='ltr'>alterius</span> <span class='ocrx_word' id='word_1_604' title='bbox 2073 1538 2224 1571; x_wconf 80' lang='lat' dir='ltr'>aedificii</span> 
     </span>
     <span class='ocr_line' id='line_1_83' title="bbox 1235 1588 2223 1636; baseline -0.002 -12"><span class='ocrx_word' id='word_1_605' title='bbox 1235 1591 1466 1624; x_wconf 77' lang='lat' dir='ltr'>fundamenta</span> <span class='ocrx_word' id='word_1_606' title='bbox 1490 1589 1692 1623; x_wconf 77' lang='lat' dir='ltr'>firmissima</span> <span class='ocrx_word' id='word_1_607' title='bbox 1717 1601 1789 1623; x_wconf 90' lang='lat' dir='ltr'>esse</span> <span class='ocrx_word' id='word_1_608' title='bbox 1815 1595 1957 1633; x_wconf 84' lang='lat' dir='ltr'>oportet</span> <span class='ocrx_word' id='word_1_609' title='bbox 1979 1588 2045 1636; x_wconf 80' lang='lat'>³³),</span> <span class='ocrx_word' id='word_1_610' title='bbox 2080 1590 2128 1622; x_wconf 82' lang='lat' dir='ltr'>ita</span> <span class='ocrx_word' id='word_1_611' title='bbox 2160 1601 2223 1622; x_wconf 89' lang='lat' dir='ltr'>ne-</span> 
     </span>
     <span class='ocr_line' id='line_1_84' title="bbox 1238 1640 2220 1687; baseline -0.001 -12"><span class='ocrx_word' id='word_1_612' title='bbox 1238 1643 1416 1687; x_wconf 84' lang='lat' dir='ltr'>gotiorum</span> <span class='ocrx_word' id='word_1_613' title='bbox 1430 1654 1554 1675; x_wconf 74' lang='lat' dir='ltr'>causae</span> <span class='ocrx_word' id='word_1_614' title='bbox 1565 1641 1695 1674; x_wconf 61' lang='lat' dir='ltr'>delient</span> <span class='ocrx_word' id='word_1_615' title='bbox 1705 1652 1776 1674; x_wconf 88' lang='lat' dir='ltr'>esse</span> <span class='ocrx_word' id='word_1_616' title='bbox 1787 1640 1898 1674; x_wconf 81' lang='lat' dir='ltr'>iustae</span> <span class='ocrx_word' id='word_1_617' title='bbox 1915 1647 1949 1673; x_wconf 92' lang='lat' dir='ltr'>et</span> <span class='ocrx_word' id='word_1_618' title='bbox 1964 1652 2082 1674; x_wconf 82' lang='lat' dir='ltr'>verae.</span> <span class='ocrx_word' id='word_1_619' title='bbox 2097 1640 2220 1687; x_wconf 59' lang='lat' dir='ltr'>Mna)</span> 
     </span>
     <span class='ocr_line' id='line_1_85' title="bbox 1236 1689 2221 1738; baseline -0.003 -10"><span class='ocrx_word' id='word_1_620' title='bbox 1236 1692 1397 1738; x_wconf 83' lang='lat' dir='ltr'>Philippi</span> <span class='ocrx_word' id='word_1_621' title='bbox 1414 1706 1469 1726; x_wconf 85' lang='lat' dir='ltr'>res</span> <span class='ocrx_word' id='word_1_622' title='bbox 1484 1693 1589 1737; x_wconf 86' lang='lat' dir='ltr'>longe</span> <span class='ocrx_word' id='word_1_623' title='bbox 1607 1692 1710 1725; x_wconf 77' lang='lat' dir='ltr'>aliter</span> <span class='ocrx_word' id='word_1_624' title='bbox 1726 1704 1761 1726; x_wconf 86' lang='lat' dir='ltr'>se</span> <span class='ocrx_word' id='word_1_625' title='bbox 1778 1689 1911 1724; x_wconf 75' lang='lat' dir='ltr'>habent</span> <span class='ocrx_word' id='word_1_626' title='bbox 1925 1691 1984 1738; x_wconf 72' lang='lat'>³⁴).</span> <span class='ocrx_word' id='word_1_627' title='bbox 2020 1691 2122 1737; x_wconf 82' lang='lat' dir='ltr'>Quae</span> <span class='ocrx_word' id='word_1_628' title='bbox 2140 1704 2221 1725; x_wconf 86' lang='lat' dir='ltr'>cen-</span> 
     </span>
    </p>
   </div>
   <div class='ocr_carea' id='block_1_12' title="bbox 1273 1811 2220 1948">
    <p class='ocr_par' dir='ltr' id='par_1_12' title="bbox 1273 1811 2220 1948">
     <span class='ocr_line' id='line_1_86' title="bbox 1273 1811 2220 1842; baseline -0.003 -2"><span class='ocrx_word' id='word_1_629' title='bbox 1273 1815 1321 1841; x_wconf 80' lang='grc'>27)</span> <span class='ocrx_word' id='word_1_630' title='bbox 1343 1815 1373 1838; x_wconf 84' lang='lat' dir='ltr'>H.</span> <span class='ocrx_word' id='word_1_631' title='bbox 1395 1814 1413 1839; x_wconf 90' lang='grc' dir='ltr'>Ι.</span> <span class='ocrx_word' id='word_1_632' title='bbox 1438 1814 1465 1836; x_wconf 91' lang='grc'>111</span> <span class='ocrx_word' id='word_1_633' title='bbox 1485 1813 1534 1836; x_wconf 87' lang='lat' dir='ltr'>Ed.</span> <span class='ocrx_word' id='word_1_634' title='bbox 1553 1812 1635 1836; x_wconf 81' lang='lat' dir='ltr'>Basil.</span> <span class='ocrx_word' id='word_1_635' title='bbox 1660 1814 1727 1835; x_wconf 87' lang='lat' dir='ltr'>uota</span> <span class='ocrx_word' id='word_1_636' title='bbox 1752 1811 1884 1842; x_wconf 53' lang='lat' dir='ltr'>margia:</span> <span class='ocrx_word' id='word_1_637' title='bbox 1910 1811 2027 1835; x_wconf 78' lang='lat' dir='ltr'>Minoris</span> <span class='ocrx_word' id='word_1_638' title='bbox 2053 1812 2131 1841; x_wconf 82' lang='lat' dir='ltr'>quasi</span> <span class='ocrx_word' id='word_1_639' title='bbox 2153 1819 2220 1837; x_wconf 86' lang='lat' dir='ltr'>eon-</span> 
     </span>
     <span class='ocr_line' id='line_1_87' title="bbox 1303 1846 2220 1877; baseline -0.003 -4"><span class='ocrx_word' id='word_1_640' title='bbox 1303 1849 1397 1873; x_wconf 86' lang='lat' dir='ltr'>clusio.</span> <span class='ocrx_word' id='word_1_641' title='bbox 1434 1847 1574 1877; x_wconf 84' lang='lat' dir='ltr'>Philippus</span> <span class='ocrx_word' id='word_1_642' title='bbox 1594 1847 1694 1870; x_wconf 82' lang='lat' dir='ltr'>multos</span> <span class='ocrx_word' id='word_1_643' title='bbox 1713 1846 1837 1875; x_wconf 75' lang='lat' dir='ltr'>decepit,</span> <span class='ocrx_word' id='word_1_644' title='bbox 1862 1846 2007 1876; x_wconf 83' lang='lat' dir='ltr'>sociosque</span> <span class='ocrx_word' id='word_1_645' title='bbox 2033 1846 2128 1870; x_wconf 83' lang='lat' dir='ltr'>fraude</span> <span class='ocrx_word' id='word_1_646' title='bbox 2153 1853 2220 1872; x_wconf 87' lang='lat' dir='ltr'>con-</span> 
     </span>
     <span class='ocr_line' id='line_1_88' title="bbox 1307 1880 2220 1913; baseline -0.002 -6"><span class='ocrx_word' id='word_1_647' title='bbox 1307 1883 1415 1909; x_wconf 74' lang='lat' dir='ltr'>iunxit,</span> <span class='ocrx_word' id='word_1_648' title='bbox 1452 1882 1535 1910; x_wconf 64' lang='lat' dir='ltr'>igitur</span> <span class='ocrx_word' id='word_1_649' title='bbox 1567 1888 1626 1905; x_wconf 87' lang='lat' dir='ltr'>eum</span> <span class='ocrx_word' id='word_1_650' title='bbox 1652 1887 1757 1911; x_wconf 87' lang='lat' dir='ltr'>quoque</span> <span class='ocrx_word' id='word_1_651' title='bbox 1784 1880 1818 1903; x_wconf 85' lang='lat' dir='ltr'>ab</span> <span class='ocrx_word' id='word_1_652' title='bbox 1844 1880 1885 1903; x_wconf 86' lang='lat' dir='ltr'>eis</span> <span class='ocrx_word' id='word_1_653' title='bbox 1911 1880 2002 1904; x_wconf 86' lang='lat' dir='ltr'>deseri</span> <span class='ocrx_word' id='word_1_654' title='bbox 2026 1887 2140 1905; x_wconf 80' lang='lat' dir='ltr'>necesse</span> <span class='ocrx_word' id='word_1_655' title='bbox 2166 1883 2220 1913; x_wconf 80' lang='lat' dir='ltr'>est,</span> 
     </span>
     <span class='ocr_line' id='line_1_89' title="bbox 1310 1914 1988 1948; baseline -0.004 -7"><span class='ocrx_word' id='word_1_656' title='bbox 1310 1918 1372 1948; x_wconf 85' lang='lat' dir='ltr'>quia</span> <span class='ocrx_word' id='word_1_657' title='bbox 1391 1923 1436 1940; x_wconf 84' lang='lat' dir='ltr'>res</span> <span class='ocrx_word' id='word_1_658' title='bbox 1454 1916 1551 1940; x_wconf 78' lang='lat' dir='ltr'>fraude</span> <span class='ocrx_word' id='word_1_659' title='bbox 1569 1918 1665 1945; x_wconf 84' lang='lat' dir='ltr'>partae</span> <span class='ocrx_word' id='word_1_660' title='bbox 1684 1921 1738 1938; x_wconf 89' lang='lat' dir='ltr'>nou</span> <span class='ocrx_word' id='word_1_661' title='bbox 1758 1915 1821 1937; x_wconf 87' lang='lat' dir='ltr'>sunt</span> <span class='ocrx_word' id='word_1_662' title='bbox 1841 1914 1988 1938; x_wconf 87' lang='lat' dir='ltr'>durabiles.</span> 
     </span>
    </p>
   </div>
   <div class='ocr_carea' id='block_1_13' title="bbox 1239 1963 2224 2172">
    <p class='ocr_par' dir='ltr' id='par_1_13' title="bbox 1273 1963 2224 2065">
     <span class='ocr_line' id='line_1_90' title="bbox 1273 1963 2223 1997; baseline -0.001 -7"><span class='ocrx_word' id='word_1_663' title='bbox 1273 1970 1321 1997; x_wconf 76' lang='grc'>28)</span> <span class='ocrx_word' id='word_1_664' title='bbox 1342 1969 1374 1992; x_wconf 81' lang='grc' dir='ltr'>Η.</span> <span class='ocrx_word' id='word_1_665' title='bbox 1400 1968 1418 1992; x_wconf 83' lang='grc'>1.</span> <span class='ocrx_word' id='word_1_666' title='bbox 1444 1967 1471 1990; x_wconf 85' lang='grc'>111</span> <span class='ocrx_word' id='word_1_667' title='bbox 1490 1966 1539 1990; x_wconf 85' lang='lat' dir='ltr'>Ed.</span> <span class='ocrx_word' id='word_1_668' title='bbox 1559 1965 1641 1990; x_wconf 87' lang='lat' dir='ltr'>Basil.</span> <span class='ocrx_word' id='word_1_669' title='bbox 1666 1966 1732 1988; x_wconf 85' lang='lat' dir='ltr'>nota</span> <span class='ocrx_word' id='word_1_670' title='bbox 1756 1969 1860 1994; x_wconf 80' lang='lat' dir='ltr'>marg.:</span> <span class='ocrx_word' id='word_1_671' title='bbox 1888 1964 1944 1987; x_wconf 83' lang='lat' dir='ltr'>Res</span> <span class='ocrx_word' id='word_1_672' title='bbox 1963 1963 2080 1994; x_wconf 85' lang='lat' dir='ltr'>Philippi</span> <span class='ocrx_word' id='word_1_673' title='bbox 2104 1964 2131 1988; x_wconf 88' lang='lat' dir='ltr'>in</span> <span class='ocrx_word' id='word_1_674' title='bbox 2156 1964 2223 1989; x_wconf 80' lang='lat' dir='ltr'>illud</span> 
     </span>
     <span class='ocr_line' id='line_1_91' title="bbox 1309 1999 2224 2030; baseline -0.003 -4"><span class='ocrx_word' id='word_1_675' title='bbox 1309 2002 1457 2026; x_wconf 87' lang='lat' dir='ltr'>discrimen</span> <span class='ocrx_word' id='word_1_676' title='bbox 1476 2001 1626 2029; x_wconf 77' lang='lat' dir='ltr'>venerunt,</span> <span class='ocrx_word' id='word_1_677' title='bbox 1652 1999 1678 2022; x_wconf 89' lang='lat' dir='ltr'>in</span> <span class='ocrx_word' id='word_1_678' title='bbox 1705 2004 1755 2028; x_wconf 88' lang='lat' dir='ltr'>qno</span> <span class='ocrx_word' id='word_1_679' title='bbox 1780 2004 1895 2021; x_wconf 77' lang='lat' dir='ltr'>neeesse</span> <span class='ocrx_word' id='word_1_680' title='bbox 1921 1999 1964 2021; x_wconf 82' lang='lat' dir='ltr'>est</span> <span class='ocrx_word' id='word_1_681' title='bbox 1989 2005 2048 2022; x_wconf 89' lang='lat' dir='ltr'>eum</span> <span class='ocrx_word' id='word_1_682' title='bbox 2072 2005 2170 2030; x_wconf 85' lang='lat' dir='ltr'>ruere,</span> <span class='ocrx_word' id='word_1_683' title='bbox 2198 1999 2224 2023; x_wconf 85' lang='lat' dir='ltr'>si</span> 
     </span>
     <span class='ocr_line' id='line_1_92' title="bbox 1310 2033 1790 2065; baseline -0.013 -4"><span class='ocrx_word' id='word_1_684' title='bbox 1310 2037 1389 2061; x_wconf 84' lang='lat' dir='ltr'>modo</span> <span class='ocrx_word' id='word_1_685' title='bbox 1409 2042 1460 2060; x_wconf 87' lang='lat' dir='ltr'>nos</span> <span class='ocrx_word' id='word_1_686' title='bbox 1481 2035 1622 2065; x_wconf 83' lang='lat' dir='ltr'>quicquam</span> <span class='ocrx_word' id='word_1_687' title='bbox 1642 2033 1790 2064; x_wconf 78' lang='lat' dir='ltr'>egerimus.</span> 
     </span>
    </p>

    <p class='ocr_par' dir='ltr' id='par_1_14' title="bbox 1275 2075 2222 2108">
     <span class='ocr_line' id='line_1_93' title="bbox 1275 2075 2222 2108; baseline -0.001 -7"><span class='ocrx_word' id='word_1_688' title='bbox 1275 2081 1324 2108; x_wconf 75' lang='lat'>29)</span> <span class='ocrx_word' id='word_1_689' title='bbox 1343 2080 1375 2104; x_wconf 85' lang='grc' dir='ltr'>Η,</span> <span class='ocrx_word' id='word_1_690' title='bbox 1395 2079 1412 2103; x_wconf 90' lang='lat' dir='ltr'>l.</span> <span class='ocrx_word' id='word_1_691' title='bbox 1435 2078 1461 2101; x_wconf 90' lang='lat' dir='ltr'>iu</span> <span class='ocrx_word' id='word_1_692' title='bbox 1481 2077 1530 2100; x_wconf 84' lang='lat' dir='ltr'>Ed.</span> <span class='ocrx_word' id='word_1_693' title='bbox 1549 2076 1631 2101; x_wconf 85' lang='lat' dir='ltr'>Basil.</span> <span class='ocrx_word' id='word_1_694' title='bbox 1651 2077 1716 2099; x_wconf 88' lang='lat' dir='ltr'>uota</span> <span class='ocrx_word' id='word_1_695' title='bbox 1735 2081 1838 2105; x_wconf 57' lang='lat' dir='ltr'>marg:</span> <span class='ocrx_word' id='word_1_696' title='bbox 1857 2075 1960 2099; x_wconf 76' lang='lat' dir='ltr'>Maior:</span> <span class='ocrx_word' id='word_1_697' title='bbox 1980 2076 2039 2099; x_wconf 70' lang='lat' dir='ltr'>Non</span> <span class='ocrx_word' id='word_1_698' title='bbox 2057 2077 2134 2100; x_wconf 83' lang='lat' dir='ltr'>recte</span> <span class='ocrx_word' id='word_1_699' title='bbox 2152 2075 2222 2100; x_wconf 79' lang='lat' dir='ltr'>iudi-</span> 
     </span>
    </p>

    <p class='ocr_par' dir='ltr' id='par_1_15' title="bbox 1239 2109 2223 2172">
     <span class='ocr_line' id='line_1_94' title="bbox 1239 2109 2223 2143; baseline -0.003 -6"><span class='ocrx_word' id='word_1_700' title='bbox 1239 2116 1248 2117; x_wconf 58' lang='lat'><strong><em>‘</em></strong></span> <span class='ocrx_word' id='word_1_701' title='bbox 1311 2115 1392 2139; x_wconf 77' lang='lat' dir='ltr'>cant.</span> <span class='ocrx_word' id='word_1_702' title='bbox 1418 2113 1463 2143; x_wconf 85' lang='lat' dir='ltr'>qni</span> <span class='ocrx_word' id='word_1_703' title='bbox 1489 2111 1602 2141; x_wconf 80' lang='lat' dir='ltr'>imperia</span> <span class='ocrx_word' id='word_1_704' title='bbox 1627 2110 1654 2132; x_wconf 82' lang='lat' dir='ltr'>vi</span> <span class='ocrx_word' id='word_1_705' title='bbox 1679 2111 1706 2133; x_wconf 83' lang='lat' dir='ltr'>et</span> <span class='ocrx_word' id='word_1_706' title='bbox 1729 2109 1826 2132; x_wconf 82' lang='lat' dir='ltr'>fraude</span> <span class='ocrx_word' id='word_1_707' title='bbox 1852 2111 1932 2139; x_wconf 82' lang='lat' dir='ltr'>parta</span> <span class='ocrx_word' id='word_1_708' title='bbox 1956 2110 2049 2134; x_wconf 83' lang='lat' dir='ltr'>dicunt</span> <span class='ocrx_word' id='word_1_709' title='bbox 2074 2117 2138 2134; x_wconf 86' lang='lat' dir='ltr'>esse</span> <span class='ocrx_word' id='word_1_710' title='bbox 2161 2110 2223 2134; x_wconf 89' lang='lat' dir='ltr'>diu-</span> 
     </span>
     <span class='ocr_line' id='line_1_95' title="bbox 1312 2151 1404 2172; baseline -0.011 0"><span class='ocrx_word' id='word_1_711' title='bbox 1312 2151 1404 2172; x_wconf 86' lang='lat' dir='ltr'>turna.</span> 
     </span>
    </p>
   </div>
   <div class='ocr_carea' id='block_1_14' title="bbox 1275 2185 2224 2271">
    <p class='ocr_par' dir='ltr' id='par_1_16' title="bbox 1275 2185 2224 2271">
     <span class='ocr_line' id='line_1_96' title="bbox 1275 2185 2013 2219; baseline -0.005 -5"><span class='ocrx_word' id='word_1_712' title='bbox 1275 2191 1323 2219; x_wconf 89' lang='grc'>30)</span> <span class='ocrx_word' id='word_1_713' title='bbox 1344 2191 1376 2214; x_wconf 85' lang='lat' dir='ltr'>H.</span> <span class='ocrx_word' id='word_1_714' title='bbox 1395 2190 1414 2215; x_wconf 81' lang='lat' dir='ltr'>l.</span> <span class='ocrx_word' id='word_1_715' title='bbox 1434 2188 1462 2212; x_wconf 89' lang='lat' dir='ltr'>in</span> <span class='ocrx_word' id='word_1_716' title='bbox 1479 2188 1529 2212; x_wconf 83' lang='lat' dir='ltr'>Ed.</span> <span class='ocrx_word' id='word_1_717' title='bbox 1550 2186 1633 2210; x_wconf 84' lang='lat' dir='ltr'>Basil.</span> <span class='ocrx_word' id='word_1_718' title='bbox 1653 2186 1718 2209; x_wconf 85' lang='lat' dir='ltr'>nota</span> <span class='ocrx_word' id='word_1_719' title='bbox 1736 2191 1840 2216; x_wconf 83' lang='lat' dir='ltr'>marg.:</span> <span class='ocrx_word' id='word_1_720' title='bbox 1865 2185 2013 2216; x_wconf 83' lang='lat' dir='ltr'>Expolitio.</span> 
     </span>
     <span class='ocr_line' id='line_1_97' title="bbox 1277 2237 2224 2271; baseline -0.002 -7"><span class='ocrx_word' id='word_1_721' title='bbox 1277 2243 1326 2271; x_wconf 83' lang='lat'>31)</span> <span class='ocrx_word' id='word_1_722' title='bbox 1346 2242 1380 2265; x_wconf 82' lang='grc' dir='ltr'>Η.</span> <span class='ocrx_word' id='word_1_723' title='bbox 1398 2242 1418 2266; x_wconf 89' lang='lat' dir='ltr'>l.</span> <span class='ocrx_word' id='word_1_724' title='bbox 1437 2240 1464 2263; x_wconf 93' lang='grc'>111</span> <span class='ocrx_word' id='word_1_725' title='bbox 1483 2239 1531 2262; x_wconf 87' lang='lat' dir='ltr'>Ed.</span> <span class='ocrx_word' id='word_1_726' title='bbox 1552 2238 1631 2261; x_wconf 70' lang='lat' dir='ltr'>Basil.</span> <span class='ocrx_word' id='word_1_727' title='bbox 1658 2239 1723 2261; x_wconf 78' lang='lat' dir='ltr'>nota</span> <span class='ocrx_word' id='word_1_728' title='bbox 1747 2243 1851 2265; x_wconf 46' lang='lat' dir='ltr'>marga</span> <span class='ocrx_word' id='word_1_729' title='bbox 1879 2238 1980 2261; x_wconf 77' lang='lat' dir='ltr'>Errata</span> <span class='ocrx_word' id='word_1_730' title='bbox 2006 2240 2032 2261; x_wconf 89' lang='lat' dir='ltr'>et</span> <span class='ocrx_word' id='word_1_731' title='bbox 2057 2237 2224 2262; x_wconf 79' lang='lat' dir='ltr'>offensiones</span> 
     </span>
    </p>
   </div>
   <div class='ocr_carea' id='block_1_15' title="bbox 1313 2266 2225 2335">
    <p class='ocr_par' dir='ltr' id='par_1_17' title="bbox 1313 2266 2225 2335">
     <span class='ocr_line' id='line_1_98' title="bbox 1313 2266 2225 2302; baseline -0.003 -2"><span class='ocrx_word' id='word_1_732' title='bbox 1313 2277 1436 2301; x_wconf 82' lang='lat' dir='ltr'>alienant</span> <span class='ocrx_word' id='word_1_733' title='bbox 1455 2274 1577 2298; x_wconf 85' lang='lat' dir='ltr'>animos.</span> <span class='ocrx_word' id='word_1_734' title='bbox 1597 2272 1759 2302; x_wconf 86' lang='lat' dir='ltr'>praesertim</span> <span class='ocrx_word' id='word_1_735' title='bbox 1781 2266 1960 2296; x_wconf 73' lang='lat' dir='ltr'>inibecilliiun.</span> <span class='ocrx_word' id='word_1_736' title='bbox 2003 2272 2053 2297; x_wconf 76' lang='lat' dir='ltr'>Isti</span> <span class='ocrx_word' id='word_1_737' title='bbox 2078 2273 2147 2296; x_wconf 88' lang='lat' dir='ltr'>enim</span> <span class='ocrx_word' id='word_1_738' title='bbox 2173 2278 2225 2297; x_wconf 87' lang='lat' dir='ltr'>na-</span> 
     </span>
     <span class='ocr_line' id='line_1_99' title="bbox 1313 2306 1841 2335; baseline -0.013 0"><span class='ocrx_word' id='word_1_739' title='bbox 1313 2311 1349 2335; x_wconf 84' lang='lat' dir='ltr'>cti</span> <span class='ocrx_word' id='word_1_740' title='bbox 1369 2309 1539 2334; x_wconf 83' lang='lat' dir='ltr'>occasionem</span> <span class='ocrx_word' id='word_1_741' title='bbox 1558 2307 1687 2330; x_wconf 86' lang='lat' dir='ltr'>facillime</span> <span class='ocrx_word' id='word_1_742' title='bbox 1706 2306 1841 2331; x_wconf 82' lang='lat' dir='ltr'>deficiunt.</span> 
     </span>
    </p>
   </div>
   <div class='ocr_carea' id='block_1_16' title="bbox 1278 2358 2226 2455">
    <p class='ocr_par' dir='ltr' id='par_1_18' title="bbox 1278 2358 2226 2455">
     <span class='ocr_line' id='line_1_100' title="bbox 1278 2358 2226 2390; baseline -0.004 -4"><span class='ocrx_word' id='word_1_743' title='bbox 1278 2363 1327 2390; x_wconf 84' lang='grc'>32)</span> <span class='ocrx_word' id='word_1_744' title='bbox 1353 2364 1386 2388; x_wconf 79' lang='grc' dir='ltr'>Η,</span> <span class='ocrx_word' id='word_1_745' title='bbox 1412 2363 1429 2385; x_wconf 90' lang='lat' dir='ltr'>l.</span> <span class='ocrx_word' id='word_1_746' title='bbox 1456 2361 1482 2383; x_wconf 92' lang='lat' dir='ltr'>in</span> <span class='ocrx_word' id='word_1_747' title='bbox 1507 2360 1557 2384; x_wconf 82' lang='lat' dir='ltr'>Ed.</span> <span class='ocrx_word' id='word_1_748' title='bbox 1586 2359 1669 2382; x_wconf 80' lang='lat' dir='ltr'>Basil.</span> <span class='ocrx_word' id='word_1_749' title='bbox 1696 2359 1761 2381; x_wconf 80' lang='lat' dir='ltr'>nota</span> <span class='ocrx_word' id='word_1_750' title='bbox 1785 2358 1917 2389; x_wconf 82' lang='lat' dir='ltr'>margiu.:</span> <span class='ocrx_word' id='word_1_751' title='bbox 1951 2358 2117 2388; x_wconf 82' lang='lat' dir='ltr'>Principalia</span> <span class='ocrx_word' id='word_1_752' title='bbox 2141 2359 2226 2383; x_wconf 82' lang='lat' dir='ltr'>verba</span> 
     </span>
     <span class='ocr_line' id='line_1_101' title="bbox 1314 2392 2225 2424; baseline -0.004 -3"><span class='ocrx_word' id='word_1_753' title='bbox 1314 2396 1426 2421; x_wconf 85' lang='lat' dir='ltr'>maioris</span> <span class='ocrx_word' id='word_1_754' title='bbox 1446 2395 1512 2417; x_wconf 85' lang='lat' dir='ltr'>haec</span> <span class='ocrx_word' id='word_1_755' title='bbox 1531 2395 1603 2418; x_wconf 83' lang='lat' dir='ltr'>sunt.</span> <span class='ocrx_word' id='word_1_756' title='bbox 1642 2393 1721 2417; x_wconf 84' lang='lat' dir='ltr'>Prior</span> <span class='ocrx_word' id='word_1_757' title='bbox 1742 2392 1811 2416; x_wconf 87' lang='lat' dir='ltr'>enim</span> <span class='ocrx_word' id='word_1_758' title='bbox 1831 2392 1974 2424; x_wconf 87' lang='lat' dir='ltr'>expolitio,</span> <span class='ocrx_word' id='word_1_759' title='bbox 1995 2393 2140 2422; x_wconf 83' lang='lat' dir='ltr'>explicatio</span> <span class='ocrx_word' id='word_1_760' title='bbox 2161 2395 2225 2417; x_wconf 73' lang='lat' dir='ltr'>tau—</span> 
     </span>
     <span class='ocr_line' id='line_1_102' title="bbox 1310 2428 1575 2455; baseline -0.011 0"><span class='ocrx_word' id='word_1_761' title='bbox 1310 2434 1366 2455; x_wconf 80' lang='lat' dir='ltr'>tum</span> <span class='ocrx_word' id='word_1_762' title='bbox 1385 2429 1497 2454; x_wconf 84' lang='lat' dir='ltr'>maioris</span> <span class='ocrx_word' id='word_1_763' title='bbox 1516 2428 1575 2452; x_wconf 82' lang='lat' dir='ltr'>suit.</span> 
     </span>
    </p>
   </div>
   <div class='ocr_carea' id='block_1_17' title="bbox 1277 2477 2225 2549">
    <p class='ocr_par' dir='ltr' id='par_1_19' title="bbox 1277 2477 2225 2549">
     <span class='ocr_line' id='line_1_103' title="bbox 1277 2477 2225 2511; baseline -0.012 -5"><span class='ocrx_word' id='word_1_764' title='bbox 1277 2483 1342 2511; x_wconf 76' lang='lat'>32³)</span> <span class='ocrx_word' id='word_1_765' title='bbox 1362 2481 1431 2506; x_wconf 82' lang='lat' dir='ltr'>Huic</span> <span class='ocrx_word' id='word_1_766' title='bbox 1449 2481 1509 2504; x_wconf 89' lang='lat' dir='ltr'>loco</span> <span class='ocrx_word' id='word_1_767' title='bbox 1529 2479 1555 2502; x_wconf 90' lang='lat' dir='ltr'>in</span> <span class='ocrx_word' id='word_1_768' title='bbox 1571 2479 1653 2503; x_wconf 83' lang='lat' dir='ltr'>Editt.</span> <span class='ocrx_word' id='word_1_769' title='bbox 1668 2479 1742 2502; x_wconf 78' lang='lat'>¹559.</span> <span class='ocrx_word' id='word_1_770' title='bbox 1755 2495 1763 2508; x_wconf 77' lang='lat'><strong><em>‚</em></strong></span> <span class='ocrx_word' id='word_1_771' title='bbox 1785 2478 1877 2503; x_wconf 75' lang='lat'>1564..</span> <span class='ocrx_word' id='word_1_772' title='bbox 1899 2477 1991 2503; x_wconf 81' lang='lat'>1570..</span> <span class='ocrx_word' id='word_1_773' title='bbox 2013 2477 2087 2502; x_wconf 76' lang='lat'>1587.</span> <span class='ocrx_word' id='word_1_774' title='bbox 2106 2477 2133 2500; x_wconf 85' lang='lat' dir='ltr'>iu</span> <span class='ocrx_word' id='word_1_775' title='bbox 2149 2481 2225 2500; x_wconf 78' lang='lat' dir='ltr'>mar..</span> 
     </span>
     <span class='ocr_line' id='line_1_104' title="bbox 1312 2511 2156 2549; baseline -0.007 -9"><span class='ocrx_word' id='word_1_776' title='bbox 1312 2518 1376 2549; x_wconf 81' lang='lat' dir='ltr'>gine</span> <span class='ocrx_word' id='word_1_777' title='bbox 1395 2514 1536 2544; x_wconf 85' lang='lat' dir='ltr'>adscripta</span> <span class='ocrx_word' id='word_1_778' title='bbox 1554 2516 1617 2537; x_wconf 87' lang='lat' dir='ltr'>sunt</span> <span class='ocrx_word' id='word_1_779' title='bbox 1637 2514 1736 2536; x_wconf 80' lang='lat' dir='ltr'>verba:</span> <span class='ocrx_word' id='word_1_780' title='bbox 1768 2512 1896 2536; x_wconf 83' lang='lat' dir='ltr'>Potentia</span> <span class='ocrx_word' id='word_1_781' title='bbox 1915 2511 2051 2535; x_wconf 83' lang='lat' dir='ltr'>industria</span> <span class='ocrx_word' id='word_1_782' title='bbox 2070 2512 2156 2540; x_wconf 75' lang='lat' dir='ltr'>parta.</span> 
     </span>
    </p>
   </div>
   <div class='ocr_carea' id='block_1_18' title="bbox 1274 2561 2227 2759">
    <p class='ocr_par' dir='ltr' id='par_1_20' title="bbox 1275 2561 2227 2665">
     <span class='ocr_line' id='line_1_105' title="bbox 1275 2561 2226 2597; baseline -0.009 -4"><span class='ocrx_word' id='word_1_783' title='bbox 1275 2569 1324 2597; x_wconf 86' lang='grc'>33)</span> <span class='ocrx_word' id='word_1_784' title='bbox 1343 2569 1375 2592; x_wconf 74' lang='lat' dir='ltr'>R.</span> <span class='ocrx_word' id='word_1_785' title='bbox 1395 2568 1414 2592; x_wconf 92' lang='lat' dir='ltr'>l.</span> <span class='ocrx_word' id='word_1_786' title='bbox 1434 2566 1461 2590; x_wconf 88' lang='lat' dir='ltr'>in</span> <span class='ocrx_word' id='word_1_787' title='bbox 1480 2566 1528 2590; x_wconf 87' lang='lat' dir='ltr'>Ed.</span> <span class='ocrx_word' id='word_1_788' title='bbox 1549 2566 1632 2591; x_wconf 76' lang='lat' dir='ltr'>nasu.</span> <span class='ocrx_word' id='word_1_789' title='bbox 1651 2566 1717 2588; x_wconf 88' lang='lat' dir='ltr'>nota</span> <span class='ocrx_word' id='word_1_790' title='bbox 1735 2563 1866 2595; x_wconf 57' lang='lat' dir='ltr'>margum</span> <span class='ocrx_word' id='word_1_791' title='bbox 1885 2561 2065 2592; x_wconf 78' lang='lat' dir='ltr'>Amplificatio</span> <span class='ocrx_word' id='word_1_792' title='bbox 2083 2561 2128 2585; x_wconf 87' lang='lat' dir='ltr'>vel</span> <span class='ocrx_word' id='word_1_793' title='bbox 2148 2561 2226 2585; x_wconf 85' lang='lat' dir='ltr'>simi-</span> 
     </span>
     <span class='ocr_line' id='line_1_106' title="bbox 1309 2596 2227 2628; baseline -0.008 -2"><span class='ocrx_word' id='word_1_794' title='bbox 1309 2603 1395 2627; x_wconf 90' lang='lat' dir='ltr'>litudo</span> <span class='ocrx_word' id='word_1_795' title='bbox 1417 2603 1604 2624; x_wconf 87' lang='lat' dir='ltr'>oruamentum</span> <span class='ocrx_word' id='word_1_796' title='bbox 1624 2599 1752 2628; x_wconf 85' lang='lat' dir='ltr'>maioris;</span> <span class='ocrx_word' id='word_1_797' title='bbox 1772 2598 1798 2622; x_wconf 88' lang='lat' dir='ltr'>in</span> <span class='ocrx_word' id='word_1_798' title='bbox 1819 2597 2007 2623; x_wconf 77' lang='lat' dir='ltr'>Editt.1559.,</span> <span class='ocrx_word' id='word_1_799' title='bbox 2028 2596 2120 2627; x_wconf 67' lang='lat'>1564..</span> <span class='ocrx_word' id='word_1_800' title='bbox 2140 2596 2227 2627; x_wconf 61' lang='lat'>1570„</span> 
     </span>
     <span class='ocr_line' id='line_1_107' title="bbox 1312 2630 2226 2665; baseline -0.005 -6"><span class='ocrx_word' id='word_1_801' title='bbox 1312 2637 1388 2661; x_wconf 78' lang='lat'><strong>1587,</strong></span> <span class='ocrx_word' id='word_1_802' title='bbox 1402 2636 1426 2660; x_wconf 85' lang='lat' dir='ltr'>h.</span> <span class='ocrx_word' id='word_1_803' title='bbox 1441 2636 1458 2660; x_wconf 72' lang='lat' dir='ltr'>l,</span> <span class='ocrx_word' id='word_1_804' title='bbox 1469 2635 1494 2658; x_wconf 90' lang='lat' dir='ltr'>iu</span> <span class='ocrx_word' id='word_1_805' title='bbox 1505 2635 1627 2665; x_wconf 80' lang='lat' dir='ltr'>margine</span> <span class='ocrx_word' id='word_1_806' title='bbox 1642 2634 1744 2664; x_wconf 79' lang='lat' dir='ltr'>legitur</span> <span class='ocrx_word' id='word_1_807' title='bbox 1757 2632 1912 2656; x_wconf 83' lang='lat' dir='ltr'>annotatio:</span> <span class='ocrx_word' id='word_1_808' title='bbox 1935 2631 2029 2654; x_wconf 80' lang='lat' dir='ltr'>simile</span> <span class='ocrx_word' id='word_1_809' title='bbox 2044 2630 2226 2655; x_wconf 78' lang='lat' dir='ltr'>abaedifieiis.</span> 
     </span>
    </p>

    <p class='ocr_par' dir='ltr' id='par_1_21' title="bbox 1274 2681 2077 2716">
     <span class='ocr_line' id='line_1_108' title="bbox 1274 2681 2077 2716; baseline -0.009 -3"><span class='ocrx_word' id='word_1_810' title='bbox 1274 2689 1341 2716; x_wconf 69' lang='lat'><strong>3³2)</strong></span> <span class='ocrx_word' id='word_1_811' title='bbox 1361 2688 1411 2715; x_wconf 78' lang='lat' dir='ltr'>At]</span> <span class='ocrx_word' id='word_1_812' title='bbox 1431 2686 1472 2709; x_wconf 76' lang='lat' dir='ltr'>sic</span> <span class='ocrx_word' id='word_1_813' title='bbox 1489 2685 1538 2709; x_wconf 83' lang='lat' dir='ltr'>Ed.</span> <span class='ocrx_word' id='word_1_814' title='bbox 1559 2685 1658 2714; x_wconf 56' lang='lat' dir='ltr'>Basiln,</span> <span class='ocrx_word' id='word_1_815' title='bbox 1676 2684 1760 2708; x_wconf 85' lang='lat' dir='ltr'>Editt.</span> <span class='ocrx_word' id='word_1_816' title='bbox 1782 2684 1848 2707; x_wconf 82' lang='lat'><strong>1559</strong></span> <span class='ocrx_word' id='word_1_817' title='bbox 1867 2695 1899 2700; x_wconf 94' lang='lat'>—</span> <span class='ocrx_word' id='word_1_818' title='bbox 1920 2681 1996 2707; x_wconf 79' lang='lat'>¹587.</span> <span class='ocrx_word' id='word_1_819' title='bbox 2030 2683 2077 2707; x_wconf 79' lang='lat' dir='ltr'>Ac.</span> 
     </span>
    </p>

    <p class='ocr_par' dir='ltr' id='par_1_22' title="bbox 1274 2724 2175 2759">
     <span class='ocr_line' id='line_1_109' title="bbox 1274 2724 2175 2759; baseline -0.006 -5"><span class='ocrx_word' id='word_1_820' title='bbox 1274 2732 1323 2759; x_wconf 80' lang='lat'>34)</span> <span class='ocrx_word' id='word_1_821' title='bbox 1343 2731 1374 2754; x_wconf 80' lang='grc' dir='ltr'>Η.</span> <span class='ocrx_word' id='word_1_822' title='bbox 1400 2730 1418 2754; x_wconf 84' lang='lat' dir='ltr'>l.</span> <span class='ocrx_word' id='word_1_823' title='bbox 1439 2729 1466 2752; x_wconf 87' lang='lat' dir='ltr'>in</span> <span class='ocrx_word' id='word_1_824' title='bbox 1486 2729 1534 2752; x_wconf 82' lang='lat' dir='ltr'>Ed.</span> <span class='ocrx_word' id='word_1_825' title='bbox 1556 2728 1637 2752; x_wconf 82' lang='lat' dir='ltr'>Basil.</span> <span class='ocrx_word' id='word_1_826' title='bbox 1656 2729 1723 2752; x_wconf 84' lang='lat' dir='ltr'>nota</span> <span class='ocrx_word' id='word_1_827' title='bbox 1741 2726 1871 2758; x_wconf 62' lang='lat' dir='ltr'>margum</span> <span class='ocrx_word' id='word_1_828' title='bbox 1896 2725 2033 2756; x_wconf 77' lang='lat' dir='ltr'>Repetitio</span> <span class='ocrx_word' id='word_1_829' title='bbox 2052 2724 2175 2749; x_wconf 77' lang='lat' dir='ltr'>minoris,</span> 
     </span>
    </p>
   </div>
   <div class='ocr_carea' id='block_1_19' title="bbox 2147 124 2226 159">
    <p class='ocr_par' dir='ltr' id='par_1_23' title="bbox 2147 124 2226 159">
     <span class='ocr_line' id='line_1_110' title="bbox 2147 124 2226 159; baseline 0.013 -1"><span class='ocrx_word' id='word_1_830' title='bbox 2147 124 2226 159; x_wconf 77' lang='lat'>712</span> 
     </span>
    </p>
   </div>
  </div>
 </body>
</html>
