2351 2990
122 115 196 150 389

115 201 280 234 sitionem
317 213 400 235 suae
424 200 641 243 diligentiae.

117 265 218 285 suum
237 252 406 286 iudicium
430 253 472 284 de
490 251 625 295 Lepido
635 250 681 296 Μ)
694 277 703 291 ,
730 250 894 283 Pollione
913 255 947 282 et
963 249 1108 282 Planco.

334 327 467 361 Aliud
503 332 817 370 argumentum
835 325 894 371 45).

215 396 304 430 Sunt
333 396 457 428 breves
487 401 521 427 et
550 393 708 427 concisae
744 393 1031 426 narratiunculae
1064 393 1106 425 de

114 454 207 480 statu
224 459 342 480 rerum
361 452 441 490 post
458 457 613 489 pugnam
632 446 675 477 ad
692 444 869 478 Mutinam
883 471 892 484 ,
920 451 954 477 et
970 450 1104 489 quanto

115 498 150 530 in
172 498 326 541 periculo
344 497 414 529 iam
433 497 477 529 sit
492 496 690 540 respublica
708 495 844 529 amissis
860 496 998 528 duobus
1022 507 1104 527 con-

111 549 255 583 sulibus.
292 548 429 580 Deinde
447 554 589 586 narrat,
617 547 701 592 quid
719 547 792 591 ipse
809 547 981 580 instituat.
1016 545 1101 579 Item

109 606 231 632 narrat
248 601 289 632 de
305 599 441 643 Lepido
463 605 496 631 et
511 598 687 632 Pollione.

357 674 491 707 Aliud
528 680 855 717 argumentum.

211 741 359 775 Generis
383 749 433 775 est
457 742 699 781 deliberativi,
726 740 915 786 petitoria,
943 741 998 773 vel
1016 738 1098 773 hor-

108 792 256 833 tatoria,
299 799 338 826 ut
365 793 487 826 Cicero
513 793 707 837 prospiciat
729 791 964 835 reipublicae,
1007 803 1097 835 quae

108 856 147 875 ex
163 856 244 877 casu
262 844 445 889 utriusque
463 844 614 877 consulis
630 855 736 887 grave
753 843 881 876 vulnus
902 848 1096 885 acceperat.

105 895 214 927 Addit
249 901 365 928 autem
401 894 778 927 commemorationem
809 905 955 926 suorum
984 893 1096 925 consi-

107 946 234 978 liorum
255 947 297 978 de
315 946 558 990 persequendo
575 944 733 977 Antonio
750 951 782 976 et
799 943 958 988 reliquiis
978 944 1095 988 copia-

105 1009 202 1035 rum,
238 1008 328 1041 quae
352 998 482 1029 fractae
506 1002 539 1028 et
564 995 763 1028 infirmatae
786 1002 888 1027 erant
914 995 950 1026 in
977 1007 1093 1038 pugna

104 1046 310 1081 Mutinensi.

258 1137 441 1172 Scholia
481 1139 525 1171 in
554 1139 801 1183 epistolam
831 1138 938 1182 X.'¹⁶).

205 1214 235 1258 ξ.
263 1216 295 1248 l.
338 1218 415 1249 lVon
441 1217 524 1248 milei
550 1213 803 1261 rempublicam]
845 1214 1041 1247 Exordium
1074 1226 1092 1246 a

103 1266 442 1298 commemoratione
469 1265 665 1297 officiorum
685 1265 886 1304 Ciceronis,
926 1278 990 1308 pro
1018 1266 1093 1310 qui-

101 1317 164 1349 bus
182 1316 370 1361 pollicetur
386 1322 595 1360 perpetuam
613 1316 878 1359 gratitudinem.

202 1366 232 1410 §-
251 1370 286 1403 2.
314 1369 468 1402 Primum
483 1365 648 1414 omnium]
678 1366 978 1411 Narrationesfl).

396 1442 556 1486 Argum
569 1455 585 1476 e
597 1449 717 1476 ntum
732 1443 790 1489 '‘S).

203 1510 429 1544 NuntiatorIa
457 1517 508 1544 est
534 1511 699 1555 epistola,
742 1511 892 1555 ideoque
920 1512 990 1543 fere
1014 1523 1092 1555 per-

101 1568 205 1606 petua
227 1562 381 1606 quadam
398 1562 605 1594 narratione
623 1568 779 1601 constat,
814 1562 882 1594 nisi
906 1563 1000 1606 quod
1026 1562 1092 1594 ini-

101 1613 149 1644 tio
168 1613 345 1656 quandam
375 1612 568 1654 gratiarum
596 1613 770 1644 actionem
795 1610 899 1645 babet
924 1614 966 1645 de
987 1614 1091 1645 benc-

100 1663 252 1696 xolentia
269 1669 303 1695 et
317 1663 432 1696 studio
444 1663 623 1696 Ciceronis
641 1663 677 1695 in
693 1663 863 1706 dignitate
873 1663 975 1696 Bruti
992 1671 1091 1696 tuen-

100 1714 236 1757 dalffia).
292 1713 392 1746 Hanc
416 1713 533 1747 statim
561 1713 722 1758 sequitur
744 1714 903 1746 narratio
928 1716 970 1746 de
998 1716 1090 1758 peri-

102 1766 187 1798 culis
210 1764 424 1808 reipublicae
443 1764 746 1808 impendentibus,
775 1776 864 1809 quae
890 1765 969 1798 ideo
996 1778 1090 1798 coin-

100 1822 296 1855 memorat,
322 1821 362 1848 ut
378 1815 584 1848 Ciceronem
611 1816 655 1847 ad
676 1815 850 1847 maiorem
876 1828 996 1848 curam
1024 1817 1090 1849 rei-

101 1868 261 1912 publicae
286 1867 478 1899 extimulct.
532 1867 585 1898 Ad
610 1867 716 1898 finem
744 1866 890 1899 subiecit
909 1868 1088 1911 querelam

100 1920 142 1951 de
159 1931 220 1952 sua
240 1924 390 1962 egestate
411 1919 455 1949 ad
472 1917 718 1950 sustinendum
739 1917 943 1951 exercitum.

341 1994 475 2027 Aliud
507 2000 834 2037 argumentum.

201 2062 339 2106 Duplex
357 2068 407 2095 est
426 2067 675 2105 argumentum
695 2059 798 2094 huius
816 2061 1003 2105 epistolae:
1041 2063 1089 2094 al-

98 2120 212 2146 terum
236 2114 278 2145 de
299 2113 469 2156 praestito
498 2112 633 2151 officio,
669 2113 766 2157 quod
791 2113 1015 2151 decu-xerat,
1051 2119 1089 2145 ut

99 2164 202 2197 Bruti
226 2175 358 2196 nomen
383 2163 420 2195 in
440 2163 537 2197 fastis
561 2163 838 2199 adscribe1·etur;
875 2164 1025 2196 alterum
1046 2165 1088 2197 de

135 2283 181 2309 44)
202 2281 318 2311 Lepido]
337 2280 385 2304 Ed.
408 2281 481 2305 1571.
502 2287 597 2305 errore
617 2284 743 2313 typogr.:
770 2283 879 2312 Lepida.

137 2325 475 2382 45¹)li'gffiuprgumentum
494 2326 521 2348 et
540 2331 658 2355 sequens
677 2327 709 2349 ab
728 2326 810 2350 Editt.
830 2326 936 2349 1565-
948 2326 1019 2351 1596.
1040 2333 1087 2350 cx-

132 2403 179 2427 46)
198 2401 260 2424 Mel.
279 2402 440 2430 argumento
459 2401 537 2425 huius
553 2402 980 2432 epistolaeEditt.1537-1554.,
1004 2403 1088 2431 1557„

172 2436 262 2465 ¹560„
285 2436 359 2459 1601.
379 2437 482 2461 carent.

134 2479 180 2505 47)
201 2479 275 2501 Haec
287 2479 354 2501 nota
367 2478 394 2501 in
408 2478 492 2502 Editt.
509 2479 593 2506 1545..
615 2479 686 2503 1560.
707 2486 766 2503 cum
783 2480 958 2509 praecedenti
972 2479 997 2503 in
1011 2485 1089 2503 unam

169 2513 210 2536 sic
233 2514 275 2536 est
301 2512 458 2536 coniuncta:
494 2513 561 2537 Non
579 2514 650 2538 milii
673 2516 776 2545 remp]
804 2515 951 2538 Exordium
969 2528 1002 2534 —
1021 2520 1089 2545 gra-

169 2547 312 2570 titudinem
331 2547 393 2575 (Ed.
412 2546 487 2570 1545,
507 2547 742 2577 gratulationem).
778 2549 968 2573 Narrationes,

136 2589 181 2619 48)
203 2590 260 2613 Hoc
278 2590 467 2619 argumentum
483 2590 510 2612 et
535 2589 587 2613 duo
606 2590 746 2620 sequentia
765 2590 791 2614 in
809 2591 892 2615 Editt.
911 2591 1002 2622 1556.,
1023 2591 1089 2615 1565

171 2624 287 2647 -1596,
308 2624 426 2647 exstant.

134 2666 201 2693 48³]
218 2666 334 2695 tuenda]
363 2665 404 2690 sic
429 2665 512 2690 Editt.
535 2666 626 2697 1556„
654 2667 746 2698 1565.;

168 2700 291 2724 tenenda.

785 2667 869 2693 Editt.
892 2668 984 2694 1571..
1015 2669 1087 2693 1596.

269 112 390 149 XXIII.
431 109 741 148 ARGUMENTA
768 110 834 145 ET
862 109 1064 146 SCHOLIA
1092 105 1141 142 IN
1167 105 1315 142 EPIST.
1342 106 1454 143 FAM.
1484 108 1568 144 CIC.
1597 109 1683 146 LLB.
1702 112 1757 148 XI.
1785 113 2017 154 Rus—11.
2088 121 2162 156 390

711 198 980 232 Commemorat
1004 197 1110 230 etiam
1166 193 1368 227 calamitate
1384 195 1600 239 reipublicae
1626 204 1659 231 et
1685 199 1727 231 de
1743 198 1921 243 Antonio,
1958 217 2062 249 quem
2085 219 2158 240 non

1165 245 1359 278 admodum
1384 247 1486 280 multi
1512 248 1714 292 opprimere
1739 253 1892 287 student.
1957 255 2153 291 Exordium

1163 292 1270 329 habet
1302 300 1679 333 commemorationem
1712 299 1816 336 liuius
1839 305 1963 344 officii,
2008 314 2041 340 et
2070 321 2153 342 suae

1161 347 1408 390 gratitudinis,
1437 350 1554 383 addita
1572 352 1837 395 praedicatione
1856 355 1977 389 iudicii
1996 364 2029 390 et
2051 366 2152 392 auto-

1160 398 1274 432 ritatis
1309 399 1488 434 Ciceronis
1520 414 1584 445 per
1623 403 1862 439 collationem.
1946 407 2150 453 Sequuntur

1158 450 1382 484 narrationes
1399 452 1442 484 de
1459 453 1665 495 perturbata
1684 455 1862 499 republica
1874 484 1883 496 ,
1911 458 1954 491 de
1972 465 2065 492 statu
2081 462 2149 493 rei-

1157 500 1318 543 publicae
1341 502 1533 535 interfectis
1558 505 1777 543 consulibus;
1811 506 1895 541 item
1919 510 1962 542 de
1976 509 2148 554 Augusto,

1156 552 1198 583 de
1214 550 1395 591 Antonio,
1431 559 1464 586 et
1489 554 1563 587 eius
1587 556 1760 594 consiliis;
1795 557 1879 591 item
1903 560 1945 593 de
1960 560 2147 598 Ventidio:

1155 608 1336 645 postremo
1355 604 1397 636 de
1416 616 1479 637 suo
1496 605 1669 645 exercitu,
1706 620 1811 652 quem
1836 611 1973 655 magnis
1999 614 2147 656 sumpti-

1154 653 1217 685 bus
1235 653 1328 686 alere
1349 654 1497 697 cogitur.
1550 654 1590 687 In
1608 657 1675 689 fine
1702 658 1820 692 brevis
1847 668 1897 694 est
1923 662 2144 705 pollicitatiO,

1153 703 1248 748 quod
1266 704 1308 736 de
1325 703 1483 738 Antonio
1503 705 1539 738 in
1554 707 1654 739 brevi
1672 708 1775 751 plura
1792 711 1875 744 velit
1893 713 2056 748 scribere.

1398 787 1535 822 Aliud
1566 800 1889 834 argumentum.

1251 853 1447 888 Exordium
1476 854 1581 889 habet
1607 863 1987 896 commemorationem
2009 866 2141 899 officio-

1150 916 1249 945 rum,
1284 918 1375 951 quae
1399 906 1436 939 in
1451 907 1603 941 Brutum
1629 911 1780 943 contulit
1799 912 1941 952 Cicero,
1977 926 2042 958 pro
2064 918 2141 961 qui-

1148 956 1214 988 bus
1227 982 1235 995 ,
1263 957 1348 990 dum
1366 970 1401 990 se
1419 965 1558 1001 gratum
1575 960 1650 992 sore
1669 962 1866 1004 promittit,
1902 963 2082 1000 invehitur
2105 968 2141 1000 in

1149 1007 1390 1047 adversarios,
1418 1009 1479 1053 qui
1494 1010 1565 1043 suis
1583 1011 1747 1044 laudibus
1763 1025 1836 1046 non
1853 1015 2030 1050 favebant.
2073 1018 2141 1051 Re-

1148 1057 1243 1102 liqua
1270 1059 1439 1102 epistolae
1464 1072 1546 1104 pars
1569 1062 1813 1097 narrationem
1839 1063 1943 1099 habet
1968 1068 2009 1100 de
2035 1071 2139 1102 caede

1148 1109 1351 1149 consulum,
1380 1111 1421 1142 de
1440 1110 1617 1150 Antonio,
1645 1113 1804 1157 Augusto
1825 1122 1859 1148 et
1881 1117 1969 1151 aliis.
2024 1119 2139 1153 Porro

1146 1159 1376 1201 beneficium,
1418 1174 1484 1205 pro
1516 1175 1586 1207 quo
1618 1165 1768 1206 gratiam
1794 1168 1971 1209 promittit
1996 1169 2139 1209 Brutus,

1147 1207 1214 1242 hoc
1234 1218 1302 1251 est,
1339 1213 1436 1257 quod
1452 1212 1574 1246 Cicero
1592 1213 1695 1246 Bruti
1712 1227 1843 1249 nomen
1861 1217 1897 1250 in
1915 1220 2022 1253 fastos
2041 1220 2139 1254 iussit

1147 1262 1289 1301 referri,
1327 1269 1365 1295 ut
1394 1269 1563 1307 perpetua
1602 1266 1775 1298 memoria
1812 1274 1946 1302 extaret
1981 1272 2138 1306 nominis

1147 1311 1220 1344 eius
1245 1311 1282 1344 in
1308 1313 1457 1356 publicis
1488 1315 1585 1347 urbis
1613 1318 1866 1352 monumentis.
1934 1319 2073 1355 Recitat
2101 1323 2136 1355 id

1147 1361 1270 1395 Cicero
1287 1362 1323 1395 in
1350 1364 1497 1408 epistola
1516 1366 1575 1399 21.
1599 1366 1643 1398 ad
1660 1366 1831 1408 Brutum,
1866 1370 1927 1403 ubi
1952 1373 2059 1406 etiam
2084 1371 2139 1407 his

1147 1413 1261 1447 verbis
1285 1415 1447 1447 meminit
1474 1416 1760 1451 adversariorum
1778 1419 1899 1454 Bruti:
1935 1420 2050 1468 Atque
2077 1424 2137 1457 illo

1145 1464 1201 1496 die
1229 1466 1400 1509 cognovi,
1442 1467 1549 1510 paulo
1584 1468 1700 1510 plures
1727 1469 1763 1501 in
1786 1477 1911 1504 senatu
1937 1474 2138 1508 malevolos

1146 1528 1236 1555 esse,
1263 1528 1369 1563 quam
1389 1523 1520 1560 gratos.

1303 1607 1623 1653 Argumentum
1654 1613 1883 1656 epistolae
1911 1615 1968 1650 XL

1245 1683 1469 1731 Narratioffl)
1502 1686 1544 1718 de
1568 1684 1718 1719 Antonii
1750 1689 1971 1731 profectione
2004 1698 2037 1724 et
2067 1705 2140 1737 spe,

1145 1734 1228 1767 item
1256 1736 1299 1768 de
1327 1748 1391 1769 suo
1416 1736 1533 1769 studio
1559 1749 1624 1781 pro
1653 1739 1847 1782 republica.

1347 1813 1480 1846 Aliud
1515 1820 1830 1857 argumentum
1844 1815 1926 1861 ⁴⁹³).

1246 1878 1307 1912 Est
1339 1886 1373 1912 et
1401 1878 1487 1913 haec
1518 1881 1664 1925 epistola
1687 1883 1919 1917 nuntiatoria.
1979 1885 2136 1930 Exponit

1144 1929 1238 1962 enim
1262 1930 1443 1964 Ciceronis
1461 1938 1608 1964 conatus
1628 1933 1663 1963 in
1687 1945 1722 1965 se
1747 1934 1993 1968 confirmando
2011 1939 2135 1971 adver-

1143 1993 1199 2014 sus
1223 1980 1433 2014 Antonium.
1499 1981 1695 2015 Exordium
1724 1983 1853 2016 iterum
1878 1982 1984 2018 habet
2006 1990 2136 2030 gratia-

1143 2044 1222 2065 rum
1240 2032 1435 2071 actionem,
1462 2033 1522 2064 sed
1545 2033 1757 2067 breviorem.
1816 2034 1954 2068 Deinde
1979 2044 2029 2071 est
2054 2051 2137 2072 nar-

1142 2082 1252 2122 ratio,
1280 2083 1365 2128 quid
1382 2082 1559 2116 Antonius
1576 2083 1765 2124 moliatur,
1794 2091 1827 2117 et
1846 2086 1932 2131 quid
1951 2087 2024 2131 ipse
2045 2097 2137 2133 agat.

1141 2133 1180 2166 ln
1203 2134 1271 2166 fine
1295 2132 1460 2166 hortatur
1486 2145 1565 2167 eum
1595 2147 1674 2167 cum
1706 2136 1750 2168 ad
1779 2136 2014 2180 reipublicae,
2060 2147 2135 2174 tum

1142 2185 1247 2218 etiam
1267 2186 1310 2217 ad
1328 2185 1380 2218 sui
1397 2185 1651 2219 defensionem.
2043 2184 2046 2186 ’

1395 2269 1531 2302 Aliud
1560 2277 1887 2314 argumentum.

1242 2337 1400 2381 Epistola
1417 2343 1468 2370 est
1484 2337 1639 2370 eiusdem
1665 2338 1865 2381 argumenti
1891 2350 1969 2372 cum
1993 2353 2135 2385 praecc-

1142 2388 1266 2428 dente,
1293 2388 1330 2420 in
1348 2400 1416 2433 qua
1437 2388 1590 2432 primum
1607 2388 1828 2431 paucissimis
1852 2390 2005 2424 officium
2031 2405 2134 2437 prae-

1142 2439 1254 2479 dicat,
1288 2445 1321 2472 et
1346 2451 1445 2472 suam
1470 2438 1721 2482 gratitudinem
1746 2440 1943 2483 pollicetur.
1999 2443 2135 2479 Deinde

1175 2553 1221 2584 49)
1242 2555 1309 2579 Huic
1322 2557 1381 2580 voci
1398 2558 1424 2580 in
1437 2556 1520 2580 Editt.
1531 2557 1637 2580 1540-
1648 2557 1732 2587 1545„
1748 2557 1833 2586 1554„
1850 2557 1935 2585 1552,
1957 2559 2029 2584 ¹560.
2050 2568 2133 2591 prae-

1209 2590 1264 2612 fixa
1281 2593 1345 2614 sunt
1364 2591 1420 2615 Cic.
1439 2592 1526 2614 verba
1546 2590 1586 2622 (ξ.
1604 2592 1655 2618 l.]:
1682 2592 1790 2616 Eodem
1808 2593 1952 2622 exemplo,
1971 2594 2067 2623 quibus
2086 2598 2134 2621 hoc

1209 2627 1398 2654 argumentum
1418 2626 1445 2648 in
1464 2626 1513 2648 Ed.
1535 2625 1610 2649 1537.
1630 2626 1658 2648 in
1676 2626 1801 2656 margine
1821 2628 1863 2649 est
1883 2628 2045 2656 appositum.

1175 2666 1242 2694 49³]
1260 2669 1318 2691 Hoc
1335 2670 1525 2697 argumentum
1544 2670 1571 2692 et
1589 2669 1640 2693 duo
1659 2668 1802 2699 sequentia
1823 2669 1849 2692 in
1874 2669 1956 2694 Editt.
1969 2671 2052 2695 ¹556..
2071 2673 2135 2697 1565

1217 2714 1243 2718 ——
1255 2703 1328 2726 1596.
1348 2702 1510 2726 afferuntur.

1502 2735 1555 2747 ‘aaz

1470 2740 1545 2772 20·
