2351 2990
279 112 401 148 XXIV.
450 109 652 146 SCHOLIA
674 109 721 146 IN
745 108 995 146 CICERONIS
1023 107 1262 155 QUATUOR
1289 106 1562 144 ORATIONES
1588 108 1635 144 IN
1664 110 1705 145 L.
1734 110 2006 151 CATILINAM.

129 114 205 151 565
2072 117 2145 153 566

293 196 432 227 busdam
460 194 538 235 aliss
568 197 603 224 in
635 195 768 225 Calilitt.
804 201 837 224 ct
865 192 1028 232 Iugurth.
1056 192 1184 222 Salust.
1217 190 1336 222 Iacobi
1365 192 1589 223 Bononiensis
1618 193 1925 229 Annolaliunculis.
1990 198 2145 231 Coloniae

294 240 510 278 Agrippinae
525 236 768 267 Emeudcbalur
784 236 967 268 Gualllzero
991 235 1148 265 Fabricio
1172 234 1235 265 IV.
1258 235 1299 265 L.
1320 234 1420 265 Anno
1446 237 1538 267 1556.
1582 237 1612 267 8.
1653 237 1696 268 30
1710 241 1828 277 plagg„
1851 241 1872 260 ὓ
1896 249 1925 270 et
1950 243 2004 272 litt,
2029 246 2132 273 ..x-Z

294 283 431 312 Aa—Fs
449 283 520 319 sign.
556 281 590 320 (S
613 281 676 309 soll.
707 291 763 309 nou
794 291 873 309 num.
896 286 925 309 ct
956 279 1012 309 191
1039 289 1124 318 pagg·
1147 288 1241 314 num„
1280 278 1295 308 1
1320 289 1386 316 pag.
1410 281 1492 315 alba,
1528 289 1590 318 seq.
1617 289 1682 319 pag.
1705 283 1830 310 eundem
1855 285 1983 312 continet
2007 267 2144 322 indicem:

293 335 381 363 quem
406 325 434 352 in
457 324 513 352 Ed.
537 324 599 351 Col.
623 323 717 354 1550.
749 324 853 352 eodem
884 323 944 350 loco
975 322 1077 359 habet,
1115 321 1284 355 Coloniae,
1320 319 1419 349 Anno
1443 321 1492 350 M.
1510 321 1552 351 D.
1569 321 1684 358 LVI„
1722 334 1807 361 quem
1832 335 1918 363 pagg.
1943 326 2130 359 192—333‚

295 368 311 397 1
334 377 401 405 pag.
424 367 505 402 alba,
542 365 584 395 62
606 366 669 394 soll.
693 376 751 394 non
775 376 854 394 num.
879 371 907 393 et
937 365 957 394 2
980 366 1042 393 l'oll.
1073 365 1139 392 alba
1165 369 1347 401 sequuntur,
1384 364 1414 392 in
1444 365 1546 403 quibus
1575 366 1706 395 omnibus
1733 367 1806 395 haec
1828 368 1884 397 Ed.
1915 378 1980 397 cum
2010 352 2144 407 proxime,

294 409 484 448 praecedenti
505 408 672 446 congruit.).

248 457 282 490 G.
307 457 417 497 Crispi
436 456 582 487 Salustii
609 458 648 486 de
671 455 837 488 Catilinae
865 458 1096 487 coniuratione
1124 465 1165 485 ac
1195 453 1277 484 bello
1301 454 1506 494 Iugurthino
1529 455 1702 488 historiae.

290 500 398 531 thenis
420 503 660 530 annotationes.
704 499 885 538 Lugduni,
907 499 990 529 Aul.
1018 499 1210 530 Vincentius
1237 497 1330 527 1561.
1376 497 1424 528 12.
1441 499 1482 537 *).

246 567 287 574 -
310 550 350 579 de
380 550 546 581 Catilinae
574 552 807 581 coniuratione
836 561 876 580 ac
903 549 985 580 bello
1016 547 1219 586 Iugurthino
1249 546 1416 577 historiae.
1466 547 1526 577 Ea:
1557 549 1839 586 castigationibus
1868 552 1963 583 Ioan.
1984 553 2087 584 Riuii
2112 562 2144 586 ct

291 593 389 623 alior.
418 593 542 623 doctor.
572 596 676 623 viror.
707 595 883 622 nouissime
911 594 1113 630 recog-ailae.
1173 590 1251 620 Cum
1280 595 1446 620 annotatt.
1477 590 1722 628 marginalibus
1754 592 1841 623 Phil.
1865 594 2142 628 Melanchthonis.

287 635 369 666 Ace.
391 637 427 664 in
449 634 597 666 Salustii
610 636 748 675 fragm,
765 635 832 665 Ην.
851 634 1015 666 Glareani
1037 637 1201 662 annotat-t.
1224 642 1298 661 cum
1321 631 1472 670 quibus-cl.
1495 634 1573 662 aliis
1589 633 1660 664 Iac.
1678 634 1902 666 Bononiensis
1926 643 2145 671 annotatiun-

289 678 385 708 culis.
430 677 581 709 Coloniae
602 677 775 718 Agripp.‚
805 678 851 708 ad
873 678 1109 717 intersignium
1130 675 1354 704 Monoeci-otis
1380 675 1474 704 1567.
1518 676 1551 705 8.

245 729 291 757 Ex
315 729 360 757 his
381 730 561 758 Editionihus
584 730 636 757 has
658 735 772 766 septem
795 730 821 757 in
847 730 977 757 manibus
1000 735 1149 756 tenemus:
1184 725 1218 764 1)
1241 725 1297 754 Ed.
1321 726 1421 754 Colon.
1447 723 1555 763 1532„
1591 724 1629 762 2)
1650 726 1705 754 Ed.
1727 727 1862 765 Lugdun.
1888 729 1996 769 1533.,
2031 732 2067 769 3)
2089 735 2146 765 Ed.

119 770 254 808 Lugdun.
280 771 391 809 1536„
419 771 454 811 4)
478 772 535 801 Ed.
548 773 650 800 Colou.
676 770 785 808 1539.,
812 771 848 809 5)
872 771 926 800 Ed.
940 770 1042 798 solon.
1067 768 1175 805 1544.,
1198 766 1233 806 6)
1255 768 1311 797 Ed.
1327 768 1428 796 Colon·
1454 767 1547 798 1550.
1563 767 1761 807 (—l554.),
1784 770 1818 809 7)
1839 772 1894 801 Ed.
1911 774 2012 803 Colon.
2041 776 2132 806 1556.

120 823 190 851 quas
213 814 240 842 iu
265 815 318 842 hac
342 821 441 842 nostra
462 814 517 844 Ed.
541 815 608 842 solis
630 824 787 849 annorum,
814 814 917 849 quibus
941 813 1130 849 prodierunt,
1158 810 1286 838 numeris
1309 810 1510 839 indicabimus.
2136 799 2146 814 ³

247 857 280 884 In
308 857 439 894 margine
461 857 628 884 Editiouum
653 855 761 891 1532„
787 854 896 892 15:33„
921 853 1013 883 1539.
1036 854 1224 882 inveniuntur
1247 854 1277 889 a)
1303 852 1499 880 Melanthonis
1527 851 1635 880 scholia
1657 852 1787 881 Sallustii
1817 854 1957 893 historiis,
1994 859 2143 888 Ciceronis

118 899 147 926 in
171 899 323 927 Catilinam
347 899 521 927 orationibus
545 904 574 926 et
594 899 682 926 Portii
703 898 837 926 Latronis
857 897 1057 925 declamationi
1080 896 1243 932 adscripta,
1284 894 1316 934 b)
1340 895 1460 922 alterius
1489 895 1635 922 cuiusdam
1662 895 1834 935 (Hutteni'3)
1857 898 1968 927 scholia
1998 903 2140 938 omnibus,

120 949 196 978 quae
218 942 247 968 in
270 941 312 968 his
326 941 417 969 Editt.
441 941 643 976 continentur,
671 940 785 977 scriptis
807 940 962 976 adspersa,
991 940 1018 974 c)
1044 938 1176 966 lectionis
1196 938 1319 965 varietas
1342 937 1445 964 iisdem
1469 938 1582 975 scriptis
1605 938 1712 966 addita.
1756 939 1953 969 Melanthonis
1975 943 2084 971 scholia
2106 946 2143 972 ab

118 982 240 1011 alterius
263 983 292 1010 in
315 983 383 1010 solis
405 982 495 1010 Editt.
514 980 623 1018 1532„
648 980 741 1011 1539.
763 991 798 1009 eo
821 983 1057 1018 distinguuntur,
1080 980 1157 1018 quod
1181 979 1253 1007 llaec
1273 980 1407 1008 asterisco
1431 980 1542 1017 signata
1565 980 1700 1017 sunt**),
1723 981 1919 1010 Melanthonis
1942 991 2039 1012 autem
2063 987 2145 1016 siano

118 1031 238 1058 carent,
260 1031 288 1052 at
302 1026 330 1052 in
344 1025 398 1053 Ed.
417 1022 509 1053 1533.
527 1025 677 1062 utriusque
693 1024 801 1052 scholia
815 1025 878 1052 sine
897 1024 955 1052 ullo
969 1023 1134 1051 discrimine
1157 1022 1303 1059 adscripta
1326 1028 1403 1050 sunt.
1427 1037 1468 1042 —
1501 1022 1651 1050 Editiones
1670 1022 1774 1059 1536„
1798 1023 1902 1061 1544„
1925 1024 2028 1063 1550„
2050 1016 2143 1058 1556.

118 1066 314 1094 Melanthonis
337 1066 462 1100 scholia,
492 1067 593 1104 quibus
617 1068 704 1096 etiam
727 1067 847 1095 alterius
868 1067 992 1095 auctoris
1014 1065 1157 1093 nonnulla
1179 1065 1242 1092 sine
1266 1065 1325 1092 ullo
1350 1064 1515 1093 discrimine
1538 1064 1668 1093 admixta
1690 1072 1772 1102 sunt,
1803 1073 1833 1095 et
1857 1067 1987 1097 lectionis
2010 1071 2140 1099 varieta-

118 1114 178 1137 tem
201 1110 230 1136 in
255 1110 386 1146 margine
408 1109 558 1137 exhibent.

245 1151 441 1179 Melanthonis
464 1150 573 1178 scholia
596 1151 768 1188 marginalia
792 1150 864 1178 varii
886 1150 1005 1188 generis
1033 1155 1116 1184 sunt,
1151 1149 1208 1177 alia
1236 1149 1312 1177 enim
1343 1148 1487 1177 rhetorica
1517 1147 1653 1177 historiae
1684 1148 1731 1177 vel
1761 1152 1898 1179 orationis
1927 1153 2143 1191 dispositionem

118 1192 267 1230 indicant,
301 1194 357 1221 alia
380 1193 506 1230 singulas
529 1202 575 1221 res
598 1201 743 1230 vocesque
764 1193 1012 1229 interpretantur,
1047 1192 1103 1219 alia
1126 1191 1254 1229 denique
1277 1191 1394 1218 nomina
1416 1197 1445 1219 et
1469 1192 1557 1219 verba
1580 1197 1678 1219 textus
1704 1192 1766 1221 sine
1789 1194 1850 1221 ulla
1874 1195 2068 1232 explicatione
2091 1198 2144 1226 ad-

118 1235 179 1263 dita
199 1241 350 1272 repetunt.
408 1235 454 1262 Ex
477 1235 520 1262 his
543 1235 657 1271 elucet,
694 1233 807 1263 nonnisi
830 1235 886 1262 duo
910 1235 1007 1272 priora
1029 1233 1203 1261 scholiorum
1226 1242 1337 1271 genera
1360 1234 1485 1261 fructum
1511 1234 1655 1271 praebere
1676 1240 1765 1271 atque
1789 1236 1875 1274 digna
1898 1246 1980 1274 esse,
2016 1249 2092 1277 quae
2114 1241 2145 1269 iu

118 1277 195 1306 hanc
216 1277 389 1305 scholiorum
411 1277 614 1305 collectionem
638 1277 833 1314 recipiantur,
857 1278 973 1304 tertium
998 1282 1094 1304 autem
1119 1285 1211 1313 genus
1234 1285 1299 1303 esse
1323 1276 1525 1303 omittendum.

243 1320 335 1348 Sicuti
359 1320 387 1347 in
409 1320 473 1347 aliis
496 1318 578 1346 libris
601 1329 618 1347 a
640 1319 831 1347 Melanthone
854 1319 1012 1354 enarratis,
1048 1318 1137 1345 etiam
1159 1318 1188 1345 in
1220 1317 1264 1345 his
1286 1317 1436 1345 Editiones
1466 1327 1500 1345 eo
1529 1326 1620 1355 saepe
1650 1318 1725 1345 inter
1755 1327 1787 1347 se
1815 1319 1972 1359 differunt,
2010 1324 2084 1361 quod
2116 1326 2145 1353 in

118 1362 221 1390 iisdem
243 1363 355 1399 paginis
379 1361 482 1389 eadem
505 1361 615 1389 scholia
638 1362 760 1389 diversis
784 1362 854 1389 locis
879 1361 1025 1398 adscripta
1047 1366 1131 1396 sunt,
1171 1369 1257 1398 quam
1281 1360 1316 1387 ob
1340 1369 1452 1387 causam
1476 1359 1552 1387 haud
1577 1369 1641 1387 raro
1672 1360 1794 1389 difficile
1823 1368 1867 1391 est
1896 1364 2070 1403 diiudicare,
2107 1369 2144 1396 ad

117 1413 261 1442 quaenam
285 1410 381 1432 textus
405 1404 490 1431 verba
513 1412 551 1431 ex
574 1404 664 1441 ipsius
686 1404 811 1432 auctoris
835 1404 979 1432 sententia
1002 1407 1147 1440 spectent.
1198 1402 1301 1439 Itaque
1329 1409 1449 1439 praeter
1478 1402 1548 1429 alias
1570 1402 1737 1430 Editionum
1768 1404 1950 1435 diversitates
1979 1409 2064 1436 etiam
2094 1409 2145 1438 has

118 1446 147 1473 in
169 1446 243 1473 notis
266 1446 370 1474 criticis
394 1446 695 1474 commemorabimus.

1753 457 1839 490 Ace.
1864 458 1951 491 Phil.
1974 459 2144 494 Melanch-

149 1553 182 1585 ss)
203 1555 277 1579 Haec
294 1555 345 1580 Ed.
366 1556 393 1578 et
413 1561 551 1585 sequens,
576 1559 644 1583 quas
664 1553 824 1584 Schweiger
843 1554 862 1577 l.
882 1554 900 1577 l.
920 1560 944 1583 p.
959 1552 1011 1577 874
1027 1559 1068 1583 sq.
1088 1554 1297 1583 commemorat.
1318 1553 1454 1582 hucusque
1472 1551 1499 1576 in
1519 1558 1616 1576 manus
1636 1558 1710 1576 meas
1731 1559 1785 1577 non
1806 1558 1949 1581 venerunt.

151 1598 203 1627 **)
223 1598 275 1622 Hic
295 1598 449 1620 asteriscus
470 1597 496 1620 iu
515 1596 564 1619 Ed.
581 1596 656 1619 1539.
677 1595 703 1618 in
724 1597 848 1625 pluribus
868 1596 996 1622 scholiis,
1018 1602 1086 1626 quac
1109 1595 1137 1619 in
1155 1596 1204 1620 Ed.
1226 1595 1301 1619 1532.
1321 1600 1352 1619 eo
1372 1596 1467 1618 notata
1487 1597 1570 1626 sunt,
1591 1595 1713 1619 omissus
1732 1599 1791 1628 est,
1812 1602 1978 1630 quapropter
1997 1604 2145 1628 cavendum

223 1634 285 1663 est,
311 1638 345 1655 ne
365 1632 497 1656 eiusmodi
514 1630 619 1654 scholia
637 1630 807 1655 Melautnoni
826 1630 1020 1655 attribuantur.

279 1819 311 1855 1.
372 1817 434 1855 IN
468 1815 802 1854 CICERONIS
840 1813 1212 1852 ORATIONEM
1249 1813 1710 1851 CATILINARIAM
1742 1817 1986 1856 PRIMAM

706 1883 914 1914 SCHOLlA
946 1883 1159 1912 PHILiPPl
1190 1882 1555 1912 MELANTHONIS.

115 1977 219 2040 Gap.
235 1994 263 2030 I.
302 1993 440 2041 §.1.¹).
486 1995 659 2040 Quousque
690 1995 826 2027 tandem
857 1993 992 2026 abutere
1023 1990 1108 2038 eto]

116 2046 244 2082 Oratio
273 2052 324 2080 est
347 2045 484 2090 generis
510 2044 753 2085 deliberativi,
797 2055 867 2089 qua
902 2043 939 2076 in
969 2055 1107 2077 summa

117 2097 291 2145 praecipit
308 2097 500 2136 Catilinae,
528 2103 568 2130 ut
586 2096 629 2129 ab
646 2096 733 2129 urhe
759 2094 936 2134 discedat,
970 2094 1109 2127 orditur

119 2157 237 2185 autem
259 2154 397 2181 tantum
414 2160 431 2180 a
449 2145 689 2182 schematibus
706 2145 914 2191 peregrinis.

220 2206 251 2252 ξ.
267 2210 303 2243 2.
333 2209 359 2242 O
375 2206 545 2251 tempora!
573 2219 590 2241 o
606 2206 733 2241 mores!
768 2204 852 2252 eta]
885 2202 1068 2238 Invehitur
1077 2204 1107 2249 2)

120 2260 157 2293 in
174 2265 316 2293 senatus
331 2258 620 2292 imbecillitatem.
698 2260 754 2292 Ad
775 2262 913 2290 mortem.
937 2262 986 2296 ie,
1015 2258 1109 2290 Catt-

117 2313 211 2351 lina,
235 2311 311 2344 duci
328 2307 456 2356 etc.³)]
474 2308 676 2353 Amplificat
694 2309 738 2341 ab
756 2308 924 2352 exemplis
942 2306 1108 2350 colligens

119 2363 190 2395 iam
210 2361 344 2394 dudum
366 2360 563 2405 oportuisse
579 2360 699 2394 necari
716 2359 920 2393 Catilinam.

153 2478 183 2511 1)
204 2477 329 2508 Capitum
347 2477 374 2500 et
392 2474 625 2506 paragr-aphorum
643 2480 789 2505 numeros⁷
813 2474 909 2504 quibus
930 2473 1052 2503 utrisque
1073 2472 1108 2495 il-

186 2514 231 2537 lae
248 2512 334 2537 Editt.
354 2511 466 2539 carent,
485 2509 632 2532 secundum
649 2509 699 2532 Ed.
716 2510 802 2534 oren.
821 2508 1027 2538 adscripsimus.

153 2556 186 2585 Ξ)
205 2554 346 2579 Invehitur
365 2553 431 2581 etc]
450 2551 500 2577 Ed.
521 2551 595 2575 1533.
614 2551 807 2580 Epipnonema.
844 2551 985 2574 Invehitur
1005 2553 1055 2574 etc.

153 2598 184 2630 3)
203 2598 252 2622 His
272 2597 326 2621 Cic.
346 2596 438 2619 verbis
456 2595 522 2618 haec
538 2595 603 2617 nota
621 2593 648 2617 in
668 2594 752 2618 Editt.
774 2594 860 2621 1544..
882 2594 967 2620 1550..
989 2593 1062 2616 1556.
1083 2593 1109 2615 in

187 2632 312 2663 margine
333 2632 375 2654 est
394 2630 536 2659 apposita.
562 2628 588 2651 in
608 2628 690 2651 Editt.
709 2628 800 2655 1532.,
821 2628 894 2651 1539.
915 2628 1006 2651 vernis
1028 2633 1109 2656 prac—

188 2666 277 2690 cedd.:
297 2666 382 2689 notat
401 2666 429 2689 et
446 2664 579 2694 desiynut
598 2662 707 2694 oculis,
727 2662 844 2685 inEditt.
861 2661 946 2689 1533..
969 2662 1042 2685 1536.
1060 2667 1107 2684 se-

189 2700 332 2730 quentibus
352 2699 393 2729 (S.
406 2699 463 2727 3.):
489 2698 534 2723 An
551 2703 620 2722 vero
639 2697 688 2722 vir
707 2697 916 2727 amplissimus,
936 2696 968 2722 P.
985 2696 1091 2727 ‚Sc-ipio.

1263 1989 1293 2036 ἓ.
1310 1992 1345 2027 3.
1380 1994 1478 2032 Fuit,
1508 1992 1616 2038 sitifi)
1643 1995 1708 2027 ista
1733 1995 1963 2044 quondam¹⁵)]
1991 1997 2150 2043 Epipho-

1159 2054 1275 2077 nema.
1357 2044 1526 2077 Habemus
1551 2044 1677 2090 enimss)
1701 2051 1838 2079 senatus
1865 2049 1899 2081 C.
1918 2047 2001 2095 etc.]
2039 2050 2150 2085 Casti-

1158 2093 1253 2137 gatio
1289 2093 1482 2138 superioris
1513 2095 1727 2136 sententiae,
1769 2109 1847 2130 cum
1873 2098 2053 2134 Gracchus
2088 2115 2150 2146 op-

1158 2151 1349 2189 pugnasset
1363 2144 1582 2178 Aventinum
1607 2158 1685 2179 cum
1706 2154 1842 2181 armata
1868 2150 2094 2186 multitudine
2105 2153 2148 2197 7).

1261 2213 1346 2257 Cap.
1364 2211 1405 2247 Π.
1434 2212 1463 2258 ξ.
1484 2211 1517 2246 4.
1553 2215 1673 2257 Cupio,
1708 2217 1830 2249 Patres
1857 2221 2057 2261 conscripti,
2095 2234 2145 2254 me

1157 2276 1226 2297 esse
1242 2266 1431 2298 clementem
1454 2262 1538 2311 etc.]
1565 2265 1597 2296 A
1614 2277 1674 2297 sua
1693 2278 1856 2309 persona.

1192 2403 1222 2430 4)
1241 2401 1329 2433 Fuit,
1347 2402 1422 2434 fuit]
1441 2403 1490 2427 Ed.
1514 2401 1590 2427 1539.
1609 2401 1690 2426 Fuit.

1192 2453 1221 2485 5)
1242 2454 1272 2477 In
1297 2454 1380 2477 Editt.
1403 2455 1495 2485 1544.‚
1530 2453 1603 2477 1550.
1631 2454 1696 2476 hacc
1721 2454 1786 2476 nota
1811 2455 1951 2481 antecedd,
1977 2456 2030 2481 Cic.
2057 2461 2147 2483 verbis

1226 2488 1302 2512 Nam
1321 2489 1376 2513 illa
1393 2489 1479 2513 nimis
1499 2489 1621 2519 antiqua
1641 2489 1812 2519 praetereo,
1838 2489 1979 2519 adscripta
2002 2494 2053 2516 est.

1191 2540 1222 2568 6)
1241 2540 1384 2564 Habemus
1412 2539 1500 2567 enim]
1528 2539 1568 2562 sic
1594 2538 1658 2562 illae
1682 2538 1699 2562 7
1716 2538 1800 2561 Editt.
1831 2545 1925 2563 omnes
1950 2543 1976 2564 et
2001 2543 2071 2567 aliae
2097 2546 2144 2572 [ab

1229 2574 1334 2597 Orellio
1354 2574 1379 2597 in
1400 2576 1465 2597 nota
1483 2573 1543 2597 crit.
1563 2573 1596 2596 ad
1616 2574 1639 2595 Ιι.
1657 2573 1673 2597 l.
1694 2574 1900 2604 emnneratae];
1921 2575 1967 2600 Ed,
1982 2576 2065 2602 osen·
2081 2580 2144 2603 1111-

1228 2608 1322 2632 bemus
1341 2610 1406 2636 (oin.
1427 2608 1525 2635 enitn).

1192 2658 1223 2688 ¹7)
1242 2664 1301 2682 cum
1325 2659 1464 2684 Gracchus
1482 2670 1516 2677 —
1534 2657 1731 2687 multitudiue]
1763 2660 1828 2683 haec
1859 2659 1887 2684 in
1912 2660 1961 2684 Ed.
1982 2661 2054 2687 1533.
2080 2666 2144 2688 sunt

1227 2693 1340 2718 omissa.

1551 2726 1600 2760 36
1615 2724 1633 2742 ³¹⁵
