2351 2990
169 135 237 170 451
742 123 864 159 PHIL.
899 121 1011 157 MEL.
1045 118 1248 155 SCRIPTA
1283 118 1620 155 PHILOLOGICA.

272 216 301 254 ξ’.
319 216 352 250 5.
376 217 461 254 Sal,
498 227 537 247 ne
561 210 678 259 plura]
707 210 813 244 Aliud
837 213 1084 251 argumentum
1111 206 1155 238 ab

182 256 283 302 xuics
301 265 621 300 commendatione.
706 261 923 302 Quamobrem
940 256 1032 306 peto]
1068 257 1160 291 Con-

177 319 295 352 (lusio.

403 391 537 425 Aliud
567 385 937 432 argumentumss).

282 461 364 495 Non
382 470 488 492 unam
509 456 553 487 ob
572 465 713 486 causam
730 452 909 497 sequentis
933 451 1014 485 libri
1037 451 1166 496 episto-

183 514 234 545 lae
272 507 614 543 connui-iulationem
650 510 684 537 et
719 503 939 547 diligentiam
972 509 1167 542 merentur,

184 566 242 597 sed
267 562 412 594 omnino
439 556 672 601 plurimarum
696 554 890 587 utilitatum
916 554 1029 598 gratia
1054 552 1168 587 omni—

186 616 248 646 bns
265 606 630 644 coinmendatissimae
649 617 721 638 esse
740 606 879 638 debent.
932 605 1055 638 Primo
1074 604 1168 638 enim

187 665 268 708 quia
287 674 358 694 nno
381 659 478 705 quasi
498 657 657 700 exemplo
677 662 709 688 et
728 662 938 699 argumento
963 655 1170 694 consistunt,

189 727 258 758 quo
277 713 468 744 admodum
489 707 671 752 perspicue
689 706 762 739 sine
781 707 878 739 ouini
901 707 1113 740 obscuritate
1139 712 1171 738 et

189 777 242 797 res
260 770 291 795 et
311 774 481 806 personae
499 758 812 797 connneinlantur‚
840 764 873 790 et
890 770 1055 801 magnam
1072 769 1171 801 prae-

189 816 272 847 bent
291 813 429 857 copiam
447 811 635 843 verborum
656 814 689 840 et
707 808 899 851 figurarum
926 816 959 841 et
984 819 1173 841 ornamen-

192 873 328 903 torum,
358 863 484 907 quibus
502 861 623 893 eadem
642 871 696 892 res
713 859 807 891 varie
827 860 1035 902 pertractari
1054 858 1174 903 possit.

191 916 328 949 Deinde
352 927 429 946 cum
456 913 529 944 eius
552 912 686 942 formae
711 909 878 952 epistolae
905 922 1008 953 saepe
1033 922 1051 941 a
1073 908 1176 941 nobis

193 967 397 1001 scribendae
414 964 502 1001 sint,
529 961 655 1006 quibus
676 959 763 993 alios
780 959 856 993 aliis
875 961 1176 998 commendamus,

197 1019 337 1062 prodest
355 1015 482 1048 babere
503 1013 536 1044 in
558 1017 726 1054 promptu
744 1011 853 1042 nmlta
874 1011 1051 1054 exempla,
1086 1022 1177 1055 quae

197 1076 229 1101 et
261 1082 314 1100 res
344 1078 466 1107 [araxes
493 1070 525 1095 et
555 1061 719 1094 honestas
742 1066 775 1092 et
798 1067 923 1093 ornata
947 1062 1054 1094 verba
1076 1060 1178 1093 nobis

197 1118 477 1152 subministrant.
544 1111 664 1156 ltaque
691 1111 785 1143 velut
809 1123 849 1143 ex
874 1124 967 1155 penu
991 1110 1072 1145 huic
1096 1112 1179 1144 ado-

199 1171 364 1202 lescentes
395 1163 542 1198 illustria
571 1161 922 1194 connnendationum
957 1162 1117 1206 exempla
1148 1168 1181 1194 et

200 1219 402 1264 perspicuae
422 1213 592 1248 orationis
609 1213 746 1257 copiam
772 1224 812 1244 ac
833 1213 1041 1245 varietatem
1063 1218 1180 1256 petere

199 1271 337 1303 debent.
392 1269 579 1299 Praeterea
604 1264 640 1295 in
666 1262 841 1307 plerisque
867 1264 1034 1307 exemplis
1059 1264 1181 1296 Cicero

201 1334 242 1354 eo
274 1319 420 1352 artificio
451 1323 483 1349 et
514 1315 660 1348 consilio
694 1314 824 1353 utitur,
858 1315 954 1358 quod
978 1314 1080 1347 nobis
1104 1313 1183 1346 usui

202 1384 275 1405 esse
312 1369 418 1414 possit
449 1368 491 1400 ad
523 1365 724 1409 ingenium,
766 1364 936 1397 iudicium
967 1371 1000 1397 et
1029 1370 1182 1397 mentem

200 1422 424 1456 formandam
456 1418 611 1463 quodam
643 1414 803 1448 acumine
835 1421 868 1447 et
896 1415 1108 1460 exquisita7)
1131 1426 1185 1447 re-

201 1486 280 1507 rum
302 1471 593 1504 inveniendarum
615 1467 765 1499 ratione.
824 1466 943 1510 Quare
961 1466 1108 1509 diligens
1123 1464 1185 1498 lla-

203 1537 282 1558 rum
307 1522 533 1566 epistolarum
559 1518 660 1550 lectio
686 1516 845 1560 proderit
877 1518 920 1549 ad
955 1517 1185 1549 imbuendum

205 1576 365 1608 animum
395 1572 548 1617 quadam
579 1574 653 1600 arte
687 1573 720 1599 et
753 1567 899 1600 consilio
931 1569 1123 1611 prudenter
1154 1573 1187 1600 et

207 1625 342 1659 erudite
373 1620 558 1655 scribendi.
627 1618 696 1650 Has
727 1618 895 1651 utilitates
918 1625 1034 1661 petere
1059 1619 1189 1651 debent

207 1677 444 1709 adolescentes
476 1684 515 1703 ex
546 1669 611 1703 boc
637 1669 726 1701 libro
750 1675 783 1700 et
806 1669 993 1712 praecipue
1018 1669 1188 1702 orationis

206 1726 404 1760 mirabilem
432 1722 569 1766 copiam
598 1718 653 1752 bic
679 1720 885 1759 observare,
918 1726 957 1752 ut
983 1725 1191 1764 comparent

209 1777 273 1811 sibi
292 1775 468 1820 quandam
485 1772 685 1805 facultatem
705 1770 843 1802 diverso
869 1771 1040 1803 orationis
1067 1769 1190 1803 habitu

207 1840 282 1861 rem
302 1826 446 1858 eandem
469 1822 698 1866 exprimendi.

313 1876 400 1909 Cum
419 1880 535 1907 autem
554 1884 675 1905 onmes
698 1870 866 1914 epistolae
889 1868 994 1903 liuius
1019 1870 1100 1903 libri
1122 1870 1192 1904 sint

213 1925 542 1963 commendaticiae,
571 1928 703 1955 constat
731 1933 787 1954 eas
813 1921 949 1964 generis
972 1920 1192 1953 deliberativi

213 1991 284 2014 esse
315 1984 349 2011 et
373 1980 662 2019 argumentorum
688 1971 848 2004 omnium
870 1972 966 2004 locos
989 1984 1060 2004 esse
1083 1969 1193 2004 hone-

213 2037 325 2069 stum,
351 2027 454 2065 utile,
481 2025 601 2064 facile,
635 2022 817 2067 possibile,
851 2022 1108 2062 necessarium,
1142 2028 1193 2055 at-

214 2093 281 2127 que
298 2078 350 2112 his
367 2077 496 2111 similes
508 2102 516 2115 ,
544 2075 670 2120 quibus
686 2073 907 2105 deliberativi
925 2073 1061 2116 generis
1084 2079 1194 2105 mate-

212 2133 285 2165 riae
303 2127 445 2163 tractari
461 2127 585 2160 solent.
637 2124 709 2158 Nec
727 2136 852 2167 magna
873 2123 1119 2156 dissimilitudo
1145 2130 1195 2157 est

217 2176 566 2226 argumentorunst),
603 2175 729 2220 quibus
755 2174 876 2207 Cicero
899 2174 937 2206 in
964 2174 1104 2214 amicis,
1137 2186 1194 2207 eo-

217 2243 366 2277 rumque
396 2227 506 2261 causis
530 2233 563 2258 et
586 2225 734 2268 negotiis
758 2225 1048 2258 commendandis
1073 2224 1194 2258 utitur.

215 2284 304 2317 Nam
330 2278 588 2326 propemodum
620 2288 661 2308 ex
684 2275 806 2308 iisdem
831 2275 915 2308 locis
940 2282 1079 2319 sumpta
1103 2282 1195 2316 sunt,

216 2334 282 2366 nisi
299 2333 393 2378 quod
411 2329 586 2361 interdum
603 2327 775 2371 quaedam
794 2338 834 2358 ex
851 2326 1120 2360 circumstantiis
1137 2328 1196 2358 ad-

217 2385 302 2416 iecta
326 2387 425 2420 sunt,
459 2386 492 2412 et
512 2378 580 2410 alia
604 2377 680 2410 aliis
704 2377 813 2419 inagis
837 2382 1023 2415 exornata,
1050 2377 1196 2421 aliisque

219 2433 336 2477 figuris
359 2433 540 2463 illustrata.
592 2426 714 2472 ltaque
739 2439 803 2460 nos
825 2426 1042 2469 singularum
1070 2428 1197 2471 episto—

218 2484 332 2517 larum
367 2485 572 2523 argumenta
605 2478 752 2510 minime
790 2476 1051 2510 annotabimus.
1129 2478 1197 2511 Sed

254 2590 285 2618 6)
305 2589 362 2611 Hoc
379 2588 566 2616 argumentum
585 2588 612 2610 et
631 2587 682 2611 duo
701 2585 844 2617 sequentia
868 2585 896 2609 in
915 2584 1000 2610 Editt.
1021 2585 1113 2617 15561,
1133 2585 1198 2609 1565

293 2635 319 2640 —-
332 2622 404 2645 ¹596.
423 2621 604 2644 inveniuntur.

253 2666 284 2694 7)
303 2663 450 2694 exquisita]
471 2662 519 2685 Ed.
541 2662 614 2687 1571.
632 2668 727 2686 errore
745 2663 871 2693 typogr.:
895 2660 1058 2691 exquisitae.

253 2709 285 2738 8)
302 2705 538 2737 argumentorum]
558 2704 607 2730 Ed.
623 2704 696 2729 1571.
715 2710 810 2729 errore
828 2706 954 2735 tuingia:
981 2704 1179 2735 argumentum.

2123 119 2199 156 452

1210 217 1282 239 una
1311 206 1463 250 quadam
1487 206 1642 249 generali
1660 206 1773 239 forma
1791 216 1913 238 earum
1929 204 2199 249 dispositionem

1214 256 1405 290 ostendisse
1421 257 1580 291 sufficiat.
1622 257 1666 290 Et
1683 257 1804 290 Cicero
1822 256 1945 289 sercin
1963 256 2109 300 singulis
2126 257 2201 300 epi-

1215 307 1312 341 stolis
1328 319 1448 341 causas
1466 308 1652 351 diligenter
1667 314 1700 341 et
1716 307 1922 352 planissime
1941 307 2096 351 exponit.
2148 305 2201 340 Ita

1217 358 1311 391 enim
1327 358 1398 391 sere
1422 365 1690 402 argumentatur
1711 358 1747 391 in
1770 359 1884 391 forma
1911 356 2200 403 enthymematis:

1217 408 1348 452 Magna
1367 406 1455 441 mihi
1472 415 1522 443 est
1539 422 1617 443 cum
1634 409 1700 443 isto
1717 407 1861 442 bomine
1876 409 2118 449 familiaritas,
2145 420 2202 441 me

1219 459 1405 503 diligenter
1422 460 1602 500 observat,
1628 467 1679 494 est
1697 458 1880 494 honestate
1902 466 1935 493 et
1957 460 2075 493 multis
2093 459 2204 492 virtu-

1221 510 1313 544 tibus
1329 510 1528 554 praeditus,
1555 523 1618 544 nec
1642 511 1781 544 difficile
1804 518 1854 544 est
1878 510 1943 544 tibi
1969 523 2049 544 eum
2074 521 2204 543 ornare

1221 567 1255 594 et
1272 558 1486 605 provehere;
1523 561 1629 601 item,
1655 563 1779 595 reddet
1802 562 1866 595 tibi
1890 562 2061 606 gratiam,
2088 560 2204 605 capies

1221 612 1374 645 fructum
1399 624 1440 644 ex
1462 611 1535 646 eius
1559 612 1777 646 defensione:
1825 625 1907 657 ergo
1942 624 2022 646 eum
2054 623 2116 646 seu
2150 622 2206 644 res

1223 663 1298 696 eius
1316 662 1379 695 tibi
1397 664 1662 696 commendatas
1679 675 1751 697 esse
1772 664 1887 709 cupio.

1324 712 1363 746 ln
1380 711 1445 746 hac
1461 713 1577 758 prima
1603 713 1749 757 epistola
1774 720 1825 747 est
1848 713 1972 758 petitio
1993 725 2074 746 vere
2100 711 2209 745 artifi—

1225 763 1331 798 ciosa.
1383 764 1474 798 Nam
1494 764 1616 797 Cicero
1634 764 1722 808 petit
1740 776 1758 797 a
1770 764 1940 797 Memmio
1950 762 2097 797 Athenis
2114 761 2210 796 aedi-

1226 814 1345 848 ficanti
1354 814 1404 860 ⁹),
1430 827 1474 848 ne
1493 828 1556 849 suo
1576 815 1734 848 aedificio
1752 816 1854 848 aedes
1870 814 2036 848 Patronis
2053 812 2209 858 philoso-

1228 863 1289 909 phi
1305 864 1472 909 Epicurei
1487 866 1604 900 minus
1628 867 1833 900 commodas
1854 865 1979 905 saciat,
2012 866 2072 899 sed
2093 870 2127 898 et
2148 874 2211 908 pa-

1228 916 1351 949 rietem
1384 917 1562 961 quendam
1594 917 1775 950 concedat.
1843 916 1932 949 Erat
1952 922 2070 950 autem
2091 913 2210 948 nescio

1230 978 1298 1012 qua
1316 978 1354 999 re
1373 967 1525 1001 offensus
1541 967 1729 1001 Memmius
1747 979 1767 1000 a
1783 967 1965 1011 petitione.
2017 965 2139 1011 Itaque
2156 963 2214 998 Ci-

1231 1028 1330 1056 cero,
1355 1023 1394 1050 ut
1411 1017 1479 1051 sibi
1494 1019 1538 1050 ad
1555 1016 1645 1051 hanc
1662 1019 1782 1063 aliquo
1806 1019 1913 1050 modo
1941 1016 2100 1050 odiosam
2123 1015 2215 1060 peti-

1232 1068 1365 1100 tionem
1386 1074 1488 1111 paret
1512 1068 1637 1100 callida
1661 1068 1899 1101 insinuatione
1916 1067 2070 1107 aditum,
2097 1066 2135 1098 in
2158 1077 2214 1098 ex-

1233 1117 1334 1151 ordio
1357 1117 1468 1151 utitur
1493 1118 1744 1162 occupatione,
1783 1118 1982 1162 significans
2005 1129 2040 1150 se
2065 1117 2215 1149 libenter

1233 1169 1333 1201 illum
1356 1166 1504 1202 Athenis
1527 1169 1647 1202 videre
1672 1169 1843 1206 voluisse;
1883 1169 1944 1201 sed
1973 1167 2058 1213 quia
2081 1167 2117 1200 id
2143 1176 2217 1198 non

1234 1219 1391 1259 licuerit,
1432 1231 1467 1253 se
1501 1219 1626 1253 litteris
1656 1219 1798 1252 interim
1824 1231 1902 1252 cum
1929 1230 1970 1251 eo
1996 1216 2218 1251 familiariter

1235 1276 1414 1308 acturum;
1452 1282 1516 1303 nec
1540 1271 1717 1310 diffidere,
1760 1270 1846 1314 quin
1869 1281 2008 1303 summa
2034 1269 2218 1302 voluntate

1235 1320 1301 1353 sibi
1319 1332 1464 1363 operam
1484 1321 1629 1354 daturus
1652 1321 1707 1354 sit.
1768 1320 1859 1353 Huic
1884 1319 2118 1354 insinuationi
2139 1318 2219 1352 sub-

1237 1370 1309 1403 iicit
1326 1370 1589 1411 narrationem,
1623 1383 1693 1416 qua
1714 1377 1827 1404 totum
1854 1371 2035 1414 negotium
2063 1367 2220 1414 exponit,

1237 1427 1270 1454 et
1287 1433 1405 1454 causas
1424 1422 1603 1465 petitionis
1620 1421 1792 1461 ostendit,
1819 1434 1859 1454 ex
1876 1421 2003 1466 quibus
2021 1420 2117 1454 ducit
2138 1431 2222 1463 pro-

1238 1471 1466 1515 positionem:
1504 1473 1612 1512 Peto,
1645 1478 1684 1505 ut
1711 1472 1942 1505 offensionem
1965 1472 2002 1504 in
2026 1472 2222 1505 Patronem

1238 1522 1454 1566 Epicureum
1469 1523 1645 1567 deponas,
1673 1529 1706 1555 et
1727 1523 1759 1555 ei
1783 1523 2042 1567 aliquantulum
2065 1532 2222 1554 commo-

1239 1574 1310 1606 des.
1362 1573 1484 1606 Prima
1502 1573 1722 1606 confirmatio
1742 1579 1792 1606 est
1808 1585 1827 1605 a
1842 1573 1937 1605 facili
1960 1574 2109 1617 figurata
2131 1570 2222 1604 anti·

1240 1622 1330 1657 thesi
1360 1629 1394 1656 et
1424 1625 1636 1669 amplificata
1669 1624 1832 1668 congerie
1858 1635 2063 1663 causarum,
2096 1621 2224 1667 quibus

1240 1675 1377 1707 Patron
1390 1673 1434 1720 ¹⁰)
1461 1675 1496 1707 id
1519 1688 1538 1707 a
1564 1674 1734 1707 Memmio
1760 1675 1962 1708 contendat.
2014 1673 2175 1707 Secunda
2202 1683 2223 1703 a

1242 1725 1459 1769 professione
1478 1725 1551 1758 eius
1568 1723 1735 1764 hominis,
1757 1737 1847 1769 quae
1865 1725 1908 1757 ab
1925 1724 2088 1757 omnibus
2104 1729 2225 1756 tamen

1243 1788 1315 1807 non
1335 1777 1610 1815 condemnatur,
1638 1782 1742 1820 atque
1760 1775 1809 1807 ibi
1826 1775 1968 1820 quidem
1985 1774 2097 1808 utitur
2120 1785 2225 1816 argu-

1243 1832 1380 1858 mento:
1409 1826 1446 1859 Si
1461 1824 1551 1859 hanc
1566 1826 1731 1859 Patronis
1746 1826 1953 1869 petitionem
1978 1825 2141 1858 volumus
2164 1824 2224 1856 de-

1245 1877 1377 1917 ridere,
1403 1889 1541 1910 necesse
1558 1883 1628 1917 est,
1654 1883 1694 1909 ut
1707 1874 2008 1920 reprehendamus
2022 1882 2134 1908 totam
2150 1874 2225 1907 eius

1246 1927 1515 1971 professionem3
1542 1928 1603 1960 sed
1620 1939 1697 1959 eam
1713 1938 1786 1959 non
1802 1924 2111 1970 reprehendimus:
2141 1935 2225 1968 ergo

1246 1978 1451 2022 petitionem
1480 1978 1553 2010 eius
1574 1977 1733 2010 deridere
1755 1989 1829 2009 non
1855 1978 2035 2010 debemus.
2103 1974 2226 2009 Tertia

1246 2030 1290 2062 ab
1324 2029 1512 2061 autoritate
1541 2027 1733 2072 Pomponii
1753 2027 1880 2068 Attici,
1921 2027 1983 2073 qui
2004 2027 2097 2060 idem
2121 2023 2227 2059 vehe-

1247 2085 1383 2112 menter
1407 2079 1551 2123 ssagitet.
1608 2078 1777 2122 Epilogus
1801 2078 1928 2122 repetit
1954 2077 2227 2122 propositiones,

1247 2136 1281 2163 et
1306 2136 1445 2174 partem
1470 2128 1622 2169 exordii,
1665 2141 1733 2173 qua
1750 2128 1870 2162 Cicero
1896 2128 2065 2161 indicavit
2086 2140 2122 2161 se
2144 2139 2228 2160 con-

1246 2182 1373 2220 fidere,
1415 2181 1511 2225 quod
1533 2191 1606 2212 non
1629 2180 1821 2223 gravatim,
1856 2181 1917 2214 sed
1939 2179 2089 2212 libenter
2111 2178 2156 2213 sit
2177 2178 2228 2210 fa-

1249 2239 1378 2265 cturus.

1486 2304 1623 2338 Aliud

1349 2373 1462 2405 Totus
1478 2371 1568 2404 liber
1585 2379 1722 2405 constat
1738 2373 1894 2417 epistolis
1915 2371 2228 2407 commendaticiis.

1250 2424 1343 2456 Haec
1360 2423 1475 2467 prima
1493 2422 1621 2467 scripta
1641 2430 1691 2456 est
1711 2436 1729 2456 a
1748 2424 1917 2458 Cicerone
1936 2425 2039 2468 longe
2056 2429 2136 2456 ante
2153 2422 2226 2455 bel-

1249 2476 1322 2508 lum
1347 2473 1467 2513 civile,
1498 2485 1577 2506 cum
1606 2473 1644 2506 in
1676 2474 1898 2519 provinciam
1920 2475 2078 2509 Ciliciam
2102 2473 2227 2512 abiret,

1249 2527 1287 2558 in
1302 2536 1369 2570 qua
1386 2524 1568 2557 contendit
1581 2525 1741 2569 pluribus
1760 2538 1779 2559 a
1796 2526 1987 2567 Memmio,
2013 2531 2052 2559 ut
2072 2522 2229 2569 philoso-

1661 2313 1989 2350 argumentum.

1282 2623 1501 2684 9)fiaeaditficanti]
1519 2624 1560 2649 sic
1577 2625 1626 2649 Ed.
1646 2626 1738 2659 1556.;
1755 2627 1838 2653 Editt.
1852 2628 1938 2658 ¹5⁶5„
1954 2627 2039 2659 15⁷1„
2059 2627 2132 2652 1596.
2150 2626 2227 2652 aedi-

1337 2668 1351 2683 e
1371 2667 1385 2683 n
1401 2666 1424 2682 e.

1284 2701 1329 2734 10)
1347 2702 1465 2732 Patron]
1484 2701 1525 2727 sic
1537 2702 1619 2729 Euat.
1630 2702 1716 2735 1556„
1736 2702 1827 2735 1565.;
1845 2703 1929 2728 Editt.
1941 2703 2028 2735 1571„
2048 2703 2122 2728 1596.
2134 2703 2226 2728 Patro.
