2351 2990
130 119 227 157 1115

734 109 856 145 PHIL.
885 107 998 143 MEL.
1025 106 1229 142 SCRIPTA
1255 105 1591 142 PHILOLOGICA.

134 210 238 238 Postea
261 206 331 233 haec
357 201 567 239 interpretatio
591 208 692 227 recusa
716 204 758 225 cst
782 197 810 224 in
836 196 914 223 hisce
939 193 1017 222 libris
1040 194 1095 221 iam
1119 201 1207 231 supra
1231 202 1260 230 p.
1276 190 1337 221 641
1355 202 1399 230 sq.
1421 198 1451 220 et
1477 202 1506 230 p.
1519 192 1585 223 689
1601 203 1665 232 sqq.
1686 193 1858 230 descriptis:

218 257 246 287 1.
277 258 305 284 in
330 254 419 281 Libro
443 253 618 281 selectarum
643 248 895 277 Declamationum
920 244 1137 281 Melanthonis‚
1166 245 1215 282 qui
1243 242 1467 281 Argentorau'
1490 243 1583 274 1541.
1606 245 1731 283 prodiit,
1766 245 1794 272 in
1819 244 1898 272 cuius
1920 243 1980 272 fine
2003 253 2032 282 p.
2047 242 2161 273 860-

303 296 378 327 862.
403 296 473 323 haec
499 295 589 322 oratio
613 292 771 320 exhibetur
803 290 843 317 sie
873 289 1028 326 iuscripta:
1064 288 1175 316 Critiae
1203 287 1294 315 oratio
1323 292 1423 315 contra
1444 286 1678 325 Theramenem,
1714 297 1752 316 ex
1774 286 1989 325 Xenophonte,
2024 285 2161 324 Philippo

299 338 489 369 Melanthone
512 338 694 372 interprete3

213 391 245 421 2.
274 393 302 419 in
325 388 523 418 Melanthonis
547 384 765 413 praefationum
798 389 827 410 et
851 381 1024 410 Orationum
1045 380 1139 408 Tomo
1169 380 1298 408 secundo
1328 390 1344 408 a
1367 381 1507 409 Gerbelio
1536 381 1644 419 septies
1668 378 1894 419 Argentorate*
1916 378 2027 416 1544„
2057 378 2163 416 1546„

303 431 415 465 1555„
442 428 552 463 1553„
576 426 690 460 1559.‚
715 424 829 459 1564„
854 422 948 453 1569.
972 430 1001 452 et
1023 423 1116 451 semel
1140 420 1315 451 Servestae
1338 422 1432 452 1587.
1455 423 1547 460 edito,
1578 423 1681 451 iisdem
1705 424 1799 452 verbis
1822 423 1977 460 inscripta3

211 483 244 514 3.
276 485 304 512 iu
328 480 524 511 Melanthonis
546 477 798 506 Declamationum
827 485 844 503 a
867 474 1024 503 Richardio
1049 471 1274 511 Argentorati
1297 471 1390 502 1570.
1420 473 1564 501 editarum
1594 473 1686 500 Tomo
1716 473 1826 510 primo,
1862 472 1964 501 iisdem
1993 471 2087 500 verbis
2114 472 2162 499 in-

300 526 423 562 scripta3

214 578 246 607 4.
277 579 354 606 inter
378 575 536 603 Orationes
561 581 598 600 ex
622 571 740 599 historia
765 569 948 606 Thucydidis
971 574 1001 596 et
1025 567 1198 605 insigniores
1227 567 1339 605 aliquot
1361 565 1567 594 Demosthenis
1597 572 1628 594 et
1657 567 1780 594 aliorum
1803 566 1960 596 Oratorum
1983 566 2164 594 Graecorum

297 630 314 647 a
337 617 530 646 Melanthonc
554 616 583 643 in
607 615 729 643 latinum
753 621 919 641 sermonem
944 619 1117 646 conversas,
1147 618 1163 637 a
1186 610 1318 638 Peucero
1347 606 1555 647 ”suffici-gae
1579 607 1674 639 1562.
1697 609 1806 645 editas,
1842 609 1890 637 ubi
1919 610 1959 638 sic
1987 614 2031 637 est
2059 607 2163 636 inscri-

301 668 366 701 pta:
397 661 507 688 Critiae
531 658 621 686 oratio
645 663 745 685 contra
767 656 1002 690 Theramenem,
1031 661 1068 681 ex
1091 652 1300 690 Xenophonte.

259 722 370 751 Harum
393 721 553 750 editionum
576 719 628 747 has
652 724 765 755 septem
789 718 817 745 in
841 716 974 744 manibus
1004 721 1107 743 teneo:
1147 710 1181 752 1)
1205 712 1260 741 Ed.
1286 708 1426 748 Ragau.
1453 707 1565 748 1525„
1601 708 1637 749 2)
1661 710 1716 739 Ed.
1740 707 1883 747 Argent.
1909 706 2018 745 1541.=,
2051 706 2089 747 3)
2108 708 2165 738 Ed.

133 762 281 802 Argent.
307 764 421 802 1559„
451 764 485 803 4)
509 762 564 791 Ed.
593 757 706 790 Witeb.
730 759 840 797 1562,
868 758 903 797 5)
925 758 982 800 Ed.
1000 756 1149 794 Argent.
1173 754 1287 790 1564„
1316 753 1352 791 6)
1377 753 1431 782 Ed.
1448 752 1598 791 Argent.
1622 752 1734 791 1570„
1763 751 1798 792 ¹7)
1823 753 1877 782 Ed.
1893 749 2036 780 Servest.
2061 749 2167 788 1587„

135 817 204 845 quas
228 807 295 838 solis
318 817 460 836 annorum
483 805 613 834 numeris
636 804 836 832 indicabimus.
867 818 909 823 —-

975 801 1040 829 Hae
1062 800 1156 829 Editt.
1189 808 1224 827 eo
1253 797 1319 826 fere
1349 797 1426 824 inter
1457 805 1488 825 se
1510 795 1668 833 differunt,
1702 795 1781 834 quod
1802 796 1895 825 Editt.
1920 793 2031 831 1559„
2061 792 2166 831 1564„

132 849 226 880 1570.
251 852 380 889 quinque
404 857 433 879 et
458 849 513 877 Ed.
539 846 632 878 1587.
658 852 782 885 quatuor
805 845 913 874 scholia
936 843 1109 882 marginalia
1131 842 1257 876 habent,
1287 840 1390 878 quibus
1412 845 1529 868 ceterae
1552 839 1644 869 Editt.
1667 844 1777 867 carent.

194 1079 459 1119 CRITIAE
504 1075 745 1115 ORATIO
792 1072 1048 1111 CONTRA
1089 1069 1519 1107 THERAMENEM
1558 1069 1639 1104 EX
1678 1068 2094 1106 XENOPHONTE

598 1144 850 1176 pumero
883 1140 1259 1171 MELANTHONE
1290 1135 1698 1177 INTERPRETEl).

121 1240 179 1297 Si
201 1259 279 1305 quis
305 1272 321 1291 e
347 1258 467 1297 vobis,
504 1256 654 1295 iudices,
697 1254 893 1288 arbitratur
916 1253 1036 1297 plures
1060 1263 1120 1284 ne-

123 1311 218 1351 cari,
248 1322 355 1357 quam
374 1321 440 1354 par
456 1308 519 1349 sit,
548 1307 576 1341 is
601 1307 648 1340 ita
670 1307 764 1351 apud
789 1317 825 1339 se
851 1305 998 1348 cogitet,
1032 1302 1120 1336 haec

122 1363 281 1397 accidere
317 1361 451 1400 solere,
495 1358 635 1405 quoties
667 1357 830 1403 publicus
861 1362 972 1390 status
1005 1361 1121 1388 muta-

122 1416 233 1460 tur'·').
287 1413 411 1459 Neque
430 1411 506 1445 fieri
532 1416 667 1456 potest,
702 1409 789 1455 quin
812 1407 960 1453 plurimi
982 1407 1052 1441 sint
1076 1405 1119 1438 iis

120 1465 252 1505 hostes,
280 1465 342 1510 qui
359 1463 581 1498 multitudini
599 1462 800 1495 libertatem
821 1458 991 1503 eripiunt,
1019 1469 1120 1502 prae-

123 1518 245 1552 sertim
263 1529 342 1550 cum
368 1528 443 1549 non
471 1515 540 1547 alia
567 1514 651 1547 urbs
679 1512 771 1544 inter
788 1509 982 1556 Graecasss)
1007 1522 1121 1554 popu—

122 1569 233 1603 losior
250 1568 313 1608 sit,
348 1575 409 1601 aut
433 1566 495 1600 ubi
519 1565 652 1598 (liutius
675 1563 838 1596 libertate
863 1562 1015 1606 populus
1037 1572 1121 1594 usus

123 1621 178 1655 sit.
244 1619 361 1652 Porro
392 1631 457 1652 nos
482 1629 523 1650 ex
545 1617 727 1649 voluntate
748 1612 1120 1647 Lacedaemoniorum

122 1671 380 1716 rempublicam
399 1668 667 1707 constituimus,
697 1679 776 1699 cum
794 1665 1013 1704 videremus,
1048 1664 1121 1708 pri-

124 1736 223 1756 mum
250 1722 354 1755 nobis
378 1720 444 1754 hoc
469 1732 590 1753 reruni
615 1724 707 1753 statu
732 1729 805 1751 uon
823 1729 895 1751 esse
914 1722 1030 1750 tutum
1057 1729 1120 1761 po-

124 1775 208 1818 pulo
226 1773 387 1818 permitti
406 1773 605 1805 libertatem
619 1798 628 1811 ,
657 1769 785 1803 deinde
802 1781 867 1802 nec
882 1768 1122 1801 Lacedaemo-

121 1826 210 1866 niis,
238 1824 299 1870 qui
317 1836 497 1870 superesse
514 1835 580 1857 nos
596 1822 760 1861 voluere,
796 1821 936 1865 plebem
963 1821 1121 1854 suturam

122 1890 196 1911 esse
222 1877 351 1916 fidam,
393 1876 582 1921 optimates
611 1880 729 1908 autem
763 1873 801 1906 in
836 1873 902 1905 fide
933 1884 1122 1906 mansuros

122 1941 207 1963 esse.
260 1927 417 1961 Proinde
441 1927 470 1961 si
494 1938 600 1972 quem
625 1925 797 1960 sentimus
823 1924 1004 1968 potentiae
1031 1923 1122 1969 opti-

120 1980 272 2014 matium
292 1979 473 2020 insidiari,
501 1976 596 2011 hunc
613 1990 631 2011 e
647 1977 766 2011 medio
783 1976 923 2010 auferre
940 1977 1121 2009 decretum

123 2038 185 2066 est.
251 2030 419 2076 Inprimis
450 2037 591 2070 autem,
631 2030 658 2063 si
686 2029 764 2076 quis
788 2041 805 2061 e
830 2036 954 2063 nostro
983 2027 1123 2068 ordine,

122 2082 218 2117 hunc
234 2089 365 2117 statum
384 2083 580 2115 labefacere
597 2088 746 2115 conatus
761 2079 887 2121 suerit,
915 2080 952 2113 in
971 2092 1052 2113 eum
1068 2092 1122 2112 ren

122 2134 244 2169 tulerit
267 2134 564 2167 animadvertere.

225 2194 342 2228 Porro
359 2191 624 2227 Theramenem
643 2192 882 2238 comperimus
899 2192 1004 2237 plane
1019 2191 1123 2225 nobis

123 2244 324 2279 machinari
342 2245 488 2280 exitium
499 2246 530 2292 ²²)
543 2272 552 2285 ,
580 2245 688 2291 idque
704 2241 998 2289 deprehendetis,
1027 2243 1056 2277 si
1072 2243 1123 2276 di-

120 2297 274 2341 ligenter
293 2297 524 2342 contemplati
542 2296 699 2337 fueritis,
727 2296 909 2330 neminem
934 2307 1027 2336 esse,
1063 2295 1124 2341 qui

159 2418 189 2447 1)
210 2415 255 2440 sic
274 2417 340 2440 haec
359 2415 448 2440 oratio
468 2414 691 2445 inEditt.1525.,
711 2414 800 2443 1541..
822 2413 909 2444 1559..
931 2413 1016 2443 1564.,
1037 2412 1125 2443 1570.,

195 2450 272 2476 1587.
301 2450 432 2480 inscripta
456 2452 515 2481 est3
551 2450 580 2473 in
598 2450 650 2475 Ed.
665 2449 757 2474 1562.;
790 2448 896 2473 Critiae
921 2447 1011 2472 oratio
1029 2448 1126 2472 contra

194 2486 391 2509 Theramenem
410 2491 444 2508 ex
462 2485 656 2515 Xenophonte.

155 2537 188 2567 2)
211 2537 243 2561 Η.
264 2537 282 2561 Ι,
302 2536 330 2560 ἰιι
349 2535 432 2561 Editt.
454 2536 547 2567 1559.,
568 2537 660 2567 1564.,
682 2535 777 2568 1570„
797 2535 873 2561 1587.
900 2535 967 2560 nota
986 2533 1128 2566 margina-

193 2572 244 2596 lis:
272 2570 389 2595 Mutatio
408 2570 507 2600 publici
528 2572 629 2596 status.

157 2622 188 2652 3)
208 2621 280 2646 inter
299 2621 438 2650 Graecas]
459 2620 499 2645 sic
517 2621 567 2646 Ed.
585 2622 660 2648 1525.
680 2630 714 2645 =
732 2621 857 2652 Xenoph.
874 2619 932 2645 τῶν
946 2618 1127 2651 Ἑλληνίδωνς

196 2657 306 2680 ceterae
325 2655 426 2680 Editt.:
454 2655 526 2680 inter
547 2656 680 2681 Graecos.

158 2709 190 2736 4)
209 2707 242 2731 Η,
262 2708 280 2731 l.
306 2707 333 2731 in
352 2706 436 2731 Editt.
460 2707 554 2737 ¹559„
576 2707 651 2731 1564.
664 2724 671 2738 ,
692 2707 787 2738 1570.‚
808 2707 882 2732 1587.
909 2709 976 2732 nota
994 2706 1127 2739 margia:

192 2742 375 2767 Theramenes
396 2741 484 2767 suasit
509 2747 604 2773 pacem
623 2748 685 2767 cum
703 2742 937 2768 Lacedaemoniis.

1174 1251 1322 1296 perinde
1338 1250 1577 1284 calumnietur
1591 1255 1814 1293 praesentem
1839 1254 1968 1282 statum
1982 1275 1991 1288 ‚
2025 1255 2060 1281 et
2083 1252 2172 1294 quo'-

1174 1303 1240 1336 ties
1265 1302 1420 1348 aliquem
1446 1301 1658 1346 popularem
1684 1297 1866 1332 rhetorem
1890 1312 2077 1340 necamus,
2116 1311 2171 1333 re-

1175 1354 1314 1387 clamet.
1384 1353 1491 1398 Quod
1517 1352 1546 1387 si
1572 1364 1590 1384 a
1617 1350 1796 1396 principio
1821 1357 2025 1385 consuescet
2039 1351 2093 1396 ⁵),
2134 1351 2173 1383 in

1174 1403 1331 1439 hostium
1347 1417 1499 1438 numero
1517 1410 1611 1437 recte
1629 1401 1833 1436 haberetur.
1896 1402 1966 1436 Sed
1991 1414 2072 1436 cum
2098 1401 2172 1447 ipse

1174 1457 1277 1490 nobis
1302 1463 1407 1490 autor
1431 1455 1540 1489 fuerit
1564 1454 1746 1488 faciendae
1776 1466 1855 1488 cum
1878 1453 2174 1489 Lacedaemoniis

1174 1508 1290 1553 pacis,
1318 1515 1352 1541 et
1368 1507 1572 1552 eripiendae
1590 1505 1763 1540 libertatis
1779 1506 1933 1551 populo,
1967 1506 2079 1540 immo
2106 1506 2173 1539 irn-

1174 1560 1306 1605 pulerit
1324 1572 1408 1600 nos,
1436 1566 1475 1593 ut
1489 1559 1703 1604 supplicium
1719 1570 1941 1593 sumeremus
1956 1559 2000 1592 de
2016 1558 2078 1599 iis,
2111 1557 2175 1604 qui

1175 1612 1284 1657 primi
1302 1612 1476 1656 impetum
1501 1612 1539 1645 in
1561 1624 1627 1646 nos
1652 1611 1786 1651 fecere,
1822 1622 1917 1644 nunc
1942 1611 2086 1644 demum
2112 1610 2174 1643 ad-

1175 1670 1357 1705 versatur,
1384 1670 1423 1697 ut
1439 1664 1513 1708 ipse
1529 1663 1567 1696 in
1582 1670 1659 1697 tuto
1676 1662 1741 1703 sit,
1766 1674 1784 1695 a
1801 1662 1904 1696 nobis
1922 1675 2039 1707 poena
2057 1663 2174 1707 exiga-

1176 1722 1235 1749 tur
1251 1723 1400 1760 propter
1416 1727 1476 1756 ea,
1505 1727 1596 1761 quae
1623 1714 1804 1759 gessimus.
1868 1714 2026 1748 Proinde
2051 1715 2094 1748 de
2119 1727 2174 1755 eo,

1175 1779 1250 1800 non
1266 1774 1306 1801 ut
1323 1769 1366 1801 de
1383 1765 1503 1807 hoste,
1530 1768 1590 1800 sed
1605 1773 1645 1800 ut
1662 1767 1705 1799 de
1726 1765 1933 1810 proditore,
1959 1767 2176 1812 supplicium

1176 1821 1317 1853 sumite.
1386 1818 1449 1853 Est
1482 1818 1577 1852 enim
1614 1817 1772 1863 proditio
1809 1816 1878 1851 hoc
1911 1818 2175 1852 formidabilior

1175 1871 1268 1905 bello
1279 1870 1332 1919 ⁶),
1360 1872 1457 1916 quod
1480 1870 1657 1905 difficilius
1681 1876 1731 1905 est
1755 1869 1991 1907 clandestinas
2014 1870 2175 1911 insidias,

1177 1935 1285 1969 quam
1304 1929 1465 1968 apertam
1483 1923 1556 1956 vim
1575 1933 1711 1957 cavere.
1763 1921 1827 1956 Est
1850 1922 1935 1956 item
1960 1922 2041 1956 ideo
2067 1922 2175 1956 etiam

1175 1975 1215 2008 in
1232 1975 1369 2009 maiore
1387 1975 1470 2008 odio
1488 1975 1654 2020 proditor
1670 1986 1779 2021 quam
1805 1971 1937 2015 hostis,
1973 1975 2069 2020 quod
2094 1987 2175 2009 cum

1177 2025 1280 2061 hoste
1302 2039 1567 2073 nonnunquam
1592 2028 1629 2060 in
1654 2026 1806 2071 gratiam
1831 2026 1987 2067 reditur,
2023 2032 2057 2060 et
2079 2027 2176 2060 bona

1176 2080 1244 2112 fide
1263 2091 1333 2124 pax
1355 2079 1540 2119 convenit3
1576 2091 1655 2113 cum
1679 2077 1864 2123 proditore
1884 2090 1991 2112 nemo
2014 2090 2176 2125 unquam

1177 2130 1214 2164 in
1233 2131 1385 2175 gratiam
1403 2131 1529 2172 rediit,
1556 2143 1641 2172 nec,
1665 2130 1693 2164 si
1710 2129 1813 2171 velit,
1840 2136 1960 2176 queat.

1281 2182 1350 2216 Sed
1371 2189 1412 2216 ut
1432 2195 1507 2216 non
1530 2194 1625 2217 nunc
1650 2181 1807 2226 primum
1843 2182 2064 2227 cognoscatis
2087 2180 2175 2216 haec

1178 2233 1305 2278 agitari
1329 2246 1349 2268 a
1377 2232 1626 2275 Theramene,
1669 2240 1703 2267 et
1732 2240 1901 2267 naturam
1932 2234 2072 2269 finxisse
2093 2246 2176 2269 eum

1177 2286 1400 2331 proditorem
1412 2313 1422 2327 ‚
1449 2287 1638 2321 recensebo
1657 2286 1833 2332 quaedam
1850 2286 1924 2320 eius
1940 2287 2045 2321 facta.
2083 2285 2176 2321 Cum

1178 2337 1281 2372 initio
1302 2350 1320 2371 a
1338 2339 1441 2384 plebe
1455 2339 1648 2373 secundum
1666 2344 1804 2382 patrem
1818 2338 1966 2383 plurimi
1982 2338 2100 2379 fieret,
2121 2338 2176 2371 in-

1179 2390 1281 2425 cessit
1297 2403 1377 2425 eum
1403 2391 1531 2436 cupido
1558 2389 1703 2435 imperii
1727 2402 1746 2423 a
1769 2390 1904 2435 populo
1931 2391 1977 2424 ad
2002 2390 2174 2436 quadrin-

1179 2449 1303 2488 gentos
1319 2442 1556 2478 transferendi
1566 2442 1617 2489 ⁷),
1645 2442 1738 2476 inter
1760 2454 1849 2488 quos
1869 2442 1943 2487 ipse
1967 2443 2102 2487 primas
2122 2442 2173 2475 fa-

1216 2566 1249 2594 5)
1268 2564 1447 2594 consuescet]
1465 2562 1506 2587 sic
1523 2562 1572 2588 Ed.
1594 2562 1687 2594 1525.;
1714 2563 1823 2587 ceterae
1841 2561 1938 2588 Editt.:
1964 2564 2138 2590 consuesset.

1215 2617 1248 2647 6)
1268 2618 1302 2643 Η.
1320 2618 1339 2641 1.
1363 2615 1393 2640 in
1410 2615 1493 2640 Editt.
1515 2615 1606 2646 1559„
1626 2616 1722 2647 1564„
1741 2615 1836 2647 157o.‚
1854 2615 1932 2642 1587.
1956 2616 2023 2642 nota
2041 2615 2174 2648 margum

1251 2650 1375 2676 Proditio
1393 2650 1465 2675 bello
1482 2650 1690 2675 formidabilior.

1215 2702 1245 2736 7)
1267 2705 1300 2729 11.
1320 2703 1337 2727 l.
1357 2702 1386 2726 in
1404 2701 1489 2727 Editt.
1507 2701 1599 2733 1559„
1620 2701 1712 2734 1564„
1731 2701 1807 2728 1570.
1825 2704 1893 2729 nota
1909 2701 2041 2734 margin.:
2068 2702 2173 2728 Thera·

1251 2738 1338 2764 menis
1358 2738 1440 2762 facta.

2069 105 2169 142 1116
2197 119 2208 128 ’
