2351 2990
121 126 221 164 1057

117 219 236 248 essent
268 211 511 252 convocandi,
546 211 634 245 socii
672 211 708 244 in
743 212 952 246 servitutem
981 212 1117 245 redacti

116 272 200 300 sunt
221 271 364 309 praeter
391 276 458 297 nos
488 269 524 297 et
549 260 669 296 Chios.
735 262 915 298 Hactenus
939 276 1023 307 ergo
1050 276 1116 297 nos

116 317 221 350 liberi
245 313 361 349 adhuc
385 315 461 349 solo
488 314 592 347 titulo
609 314 843 349 militavimus
862 316 1006 361 quidem
1031 327 1115 354 una,

117 370 178 403 sed
202 367 352 401 ducibus
375 364 649 400 Atheniensium
680 378 807 410 parum
841 368 949 400 fidere
973 373 1115 412 potera-

117 432 216 459 mus,
244 420 342 465 quod
360 424 588 451 versarentur
607 417 711 451 nobis
730 419 775 451 ob
795 419 917 453 oculos
933 419 1113 453 sociorum

117 471 292 515 exempla.
351 469 434 505 Non
464 469 559 502 enim
595 476 874 504 consentaneum
900 477 996 510 erat,
1033 482 1113 503 cum

118 529 278 570 caeteros
309 521 424 555 socios
454 520 492 553 in
526 521 733 554 servitutem
762 522 1006 566 redegissent,
1039 533 1114 554 non

116 574 212 607 idem
228 574 386 607 facturos
401 584 475 606 esse
497 578 620 606 contra
639 585 723 613 nos,
751 573 780 607 si
806 574 878 607 ullo
900 575 1007 607 modo
1032 585 1113 617 pos-

116 631 206 660 sent.
258 624 294 658 Si
313 624 409 657 enim
426 624 531 657 liberi
549 637 704 658 essemus
724 623 839 659 adhuc
865 638 1007 664 omnes,
1035 624 1114 669 plus

115 676 197 710 fidei
215 676 300 721 ipsis
318 673 551 716 haberemus,
580 677 676 722 quod
695 677 778 708 novi
798 675 888 710 nihil
905 683 1028 709 contra
1048 688 1114 709 nos

115 727 279 761 molituri
297 733 424 761 essent.
477 726 568 761 Cum
586 734 705 760 autem
722 728 911 774 plerosque
930 740 1051 761 servos
1066 728 1114 760 fe-

117 780 250 819 cerint,
278 791 364 819 nos,
394 778 457 824 qui
477 779 544 812 soli
568 779 699 824 reliqui
719 792 859 820 sumus,
887 780 977 814 sicut
996 777 1115 812 hacte-

115 843 204 871 nus,
232 842 347 877 aequo
374 842 454 863 cum
482 830 568 874 ipsis
591 830 668 863 iure
695 831 748 863 uti
775 832 929 876 amplius
954 844 1028 864 non
1052 843 1114 875 pa-

116 882 263 916 tientur.
311 882 391 927 Qua
409 881 446 914 in
463 893 500 914 re
516 881 588 914 iam
604 889 854 926 processerunt
872 883 1036 923 multum,
1059 895 1115 916 so-

116 934 160 968 lis
186 933 290 967 nobis
317 933 575 967 resistentibus.
628 932 754 979 quue
779 935 891 978 magis
908 935 1115 978 procedent,

117 997 191 1031 quo
228 984 339 1028 magis
370 984 439 1029 ipsi
471 991 651 1024 crescunt,
692 997 758 1019 nos
786 987 890 1020 sociis
924 987 1116 1019 nudamur.

116 1036 234 1070 Metus
251 1041 396 1069 mutuus
414 1036 597 1069 vinculum
615 1043 666 1070 est
683 1037 796 1071 fidelis
812 1038 1008 1075 societatis;
1033 1049 1116 1070 nam

116 1088 242 1121 volens
266 1087 489 1131 transgredi,
522 1087 551 1121 si
574 1100 648 1120 non
673 1089 862 1122 antecellat
887 1089 924 1121 in
945 1089 1118 1122 invaden-

117 1140 186 1180 do,
212 1139 444 1172 absterretur.

221 1190 297 1225 Nos
323 1202 408 1223 vero
440 1189 555 1223 relicti
587 1203 709 1223 sumus
734 1190 839 1223 liberi
868 1203 943 1224 non
974 1191 1043 1223 alia
1075 1192 1118 1223 de

115 1254 242 1282 causa,
277 1254 386 1287 quam
418 1247 456 1274 ut
483 1241 627 1285 negotia
660 1241 870 1275 viderentur
893 1248 1054 1286 suscepta
1079 1243 1119 1274 il-

114 1294 159 1327 lis
212 1294 257 1326 ad
295 1292 488 1337 imperium
525 1292 815 1326 constituendum
854 1294 948 1326 bona
991 1293 1120 1337 specie,

116 1351 153 1379 et
175 1344 315 1378 consilii
335 1349 524 1388 praetextu
552 1344 685 1387 magis,
721 1356 830 1389 quam
859 1344 1051 1384 violentia,
1087 1351 1121 1377 et

116 1403 158 1430 ut
194 1395 401 1430 testimonio
437 1401 562 1428 nostro
604 1401 729 1428 contra
772 1395 887 1429 socios
921 1402 1120 1435 uterentur,

119 1448 223 1494 quasi
255 1447 443 1493 sequuturi
474 1459 549 1479 non
579 1446 786 1487 fuissemus,
820 1447 890 1482 nisi
917 1453 1122 1492 peccassent

118 1499 257 1546 aliquid
275 1497 333 1539 hi,
362 1511 452 1544 quos
469 1498 689 1532 invaserunt.
743 1498 1010 1533 Contraxerunt
1037 1511 1120 1543 ergo

117 1551 277 1598 primum
299 1551 393 1584 vires
421 1549 597 1584 maximas
628 1556 752 1583 contra
778 1550 1049 1591 imbecilliores,
1083 1557 1123 1584 ut

118 1603 267 1638 sublat1s
299 1602 427 1636 mediis
458 1608 615 1635 extrema
640 1601 886 1647 relinquerent
910 1602 1123 1636 infirmiora.

118 1655 158 1689 Si
173 1667 193 1688 a
209 1654 313 1689 nobis
330 1653 542 1699 coepissent,
553 1654 639 1688 dum
657 1653 745 1687 socii
759 1652 875 1688 adhuc
890 1655 1003 1687 robur
1019 1667 1122 1688 suum

118 1705 346 1747 habuerunt,
382 1712 417 1739 et
442 1705 545 1739 licuit
572 1705 678 1740 nobis
707 1717 784 1738 rem
817 1706 1014 1750 integram,
1051 1718 1122 1751 quo

120 1759 381 1804 potuissemus,
406 1757 602 1798 inclinare,
629 1769 705 1790 non
728 1757 778 1791 sic
802 1758 1024 1791 domuissent
1046 1769 1123 1791 nos.

124 1810 253 1845 Classis
270 1810 367 1843 enim
385 1815 509 1843 nostra
526 1809 656 1843 terruit
674 1821 746 1849 eos,
770 1809 915 1850 scilicet,
943 1822 987 1842 ne
1006 1808 1124 1843 seiun-

121 1869 178 1896 cta
204 1863 248 1896 ab
272 1862 379 1906 ipsis,
408 1861 464 1894 vel
489 1861 614 1894 addita
640 1861 761 1901 vobis,
795 1867 857 1894 aut
879 1861 986 1894 alicui
1010 1860 1124 1901 alteri,

121 1913 209 1959 ipsis
232 1913 432 1959 periculum
456 1919 605 1947 crearet.
663 1911 727 1946 Est
754 1924 838 1956 ergo
870 1913 990 1958 aliqua
1017 1913 1123 1946 etiam

123 1978 249 2007 causa,
277 1965 376 2011 quod
395 1965 528 2010 reliqui
553 1976 693 2004 sumus,
722 1965 819 2009 quod
841 1965 951 1998 coluit
971 1977 1036 1998 nos
1054 1977 1125 1998 res-

123 2017 268 2063 publica
297 2029 423 2051 eorum
457 2022 494 2049 et
525 2017 631 2050 duces
655 2022 804 2061 propter
829 2016 988 2050 classem.
1057 2016 1126 2050 Sed

124 2069 288 2114 exemplo
303 2068 484 2103 sociorum
510 2067 676 2102 videmur
691 2079 767 2100 non
783 2067 845 2102 diu
868 2067 1025 2112 potuisse
1052 2080 1125 2102 esse

123 2121 250 2161 liberi,
277 2119 347 2154 nisi
363 2118 432 2153 hoc
448 2120 583 2154 bellum
599 2119 792 2154 incidisset.

228 2172 331 2218 Quae
347 2171 457 2216 igitur
471 2170 560 2206 haec
575 2178 695 2217 potest
711 2183 784 2206 esse
800 2169 959 2204 amicitia
977 2176 1039 2204 aut
1055 2170 1124 2204 fida

124 2224 292 2265 libertas,
320 2223 359 2257 in
377 2236 448 2269 qua
464 2230 608 2269 praeter
630 2223 743 2257 animi
767 2223 992 2257 voluntatem
1015 2221 1127 2267 suspi-

127 2276 222 2310 ciose
242 2288 310 2310 nos
331 2281 459 2309 mutuo
484 2275 742 2310 observamus?
784 2273 841 2308 Illi
858 2274 943 2308 belli
965 2280 1127 2318 tempore

125 2340 193 2362 nos
208 2333 326 2367 metu,
350 2339 417 2361 nos
437 2326 592 2361 vicissim
615 2327 712 2373 pacis
741 2334 904 2372 tempore
926 2333 1025 2359 metu
1049 2325 1128 2359 illos

127 2379 292 2415 similiter
306 2378 493 2413 coluimus.
521 2379 684 2425 Cumque
700 2379 778 2413 aliis
792 2380 898 2412 fidem
914 2377 1128 2411 benevolen-

127 2431 177 2465 tia
201 2436 406 2472 conservet,
430 2430 535 2465 nobis
558 2443 637 2464 eam
665 2438 782 2465 metus
805 2431 946 2464 firmam
969 2429 1130 2474 praebet,

128 2483 284 2528 denique
300 2481 389 2516 socii
402 2494 526 2517 sumus
541 2489 639 2516 metu
652 2483 765 2528 magis
782 2495 890 2529 quam
902 2481 1059 2515 amicitia
1071 2481 1130 2515 de-

129 2534 254 2569 vincti.
295 2533 397 2567 Utris
413 2533 509 2567 enirn
525 2534 624 2578 prius
640 2535 810 2569 securitas
827 2534 1012 2568 audaciam
1028 2544 1131 2578 prae-

129 2587 282 2626 buisset,
306 2585 332 2618 ii
347 2585 487 2630 priores
503 2592 607 2619 erant
621 2586 828 2620 societatem
846 2584 1027 2619 violaturi.

234 2636 379 2683 Itaque,
405 2636 435 2671 si
453 2637 511 2671 cui
527 2636 692 2671 videmur
717 2638 848 2672 iniuste
868 2638 1005 2677 facere,
1034 2636 1131 2682 quod

131 2689 232 2734 prius
257 2688 460 2729 deficimus,
492 2700 602 2734 quam
625 2689 678 2722 illi
700 2690 838 2736 aliquid
862 2701 985 2734 aspere
1012 2688 1049 2720 in
1067 2699 1132 2721 nos

132 2747 385 2777 exercuerunt,
431 2752 548 2786 neque
582 2747 826 2785 expectamus,
872 2742 986 2774 donec
1014 2740 1132 2784 palam

181 2798 363 2830 MenAN'ru.
388 2798 495 2829 opta.
521 2798 607 2830 Vm..
630 2798 740 2831 XVII.

370 124 477 162 XLII.
522 124 924 160 INTERPRETATIO
951 123 1249 160 ORATIONUM
1276 123 1340 158 EX
1367 121 1661 158 THUCYDIDIS
1689 122 1837 157 LIBRO
1859 122 1918 159 111.

2070 124 2167 159 1058

1169 212 1250 252 fiat,
1279 212 1384 257 quale
1401 211 1489 245 illud
1506 210 1666 243 futurum
1692 209 1757 250 sit,
1784 209 1842 243 ille
1865 222 1940 244 non
1962 215 2056 243 recte
2084 222 2167 243 con-

1169 262 1314 296 siderat.
1374 263 1411 297 Si
1441 274 1625 307 possemus
1656 261 1752 295 enim
1782 273 1886 306 pares
1915 275 1987 296 esse
2018 260 2166 301 viribus,

1169 326 1342 359 quorsum
1362 314 1547 353 attineret,
1575 325 1641 347 nos
1664 324 1806 357 semper
1830 325 1908 346 cum
1936 320 2032 346 metu
2055 313 2090 346 in
2107 325 2165 346 eo-

1170 377 1249 398 rum
1275 372 1449 410 potestate
1473 364 1572 399 esse?
1610 365 1680 398 Sed
1699 377 1778 398 cum
1796 376 1904 409 penes
1924 365 2002 398 illos
2024 376 2165 409 semper

1167 417 1275 450 fuerit
1298 429 1365 451 nos
1389 418 1614 461 opprimere,
1649 416 1695 450 sit
1719 416 1826 449 etiam
1849 429 1958 461 penes
1979 428 2066 456 nos,
2102 416 2165 449 ubi

1167 467 1329 507 videtur,
1358 480 1528 514 quaerere
1546 468 1802 502 defensionem.

1273 519 1346 553 Has
1363 532 1442 553 cum
1459 518 1654 553 habeamus
1671 531 1814 559 causas,
1833 519 2036 553 defecimus.
2075 517 2166 551 Sunt

1168 577 1286 603 autem
1306 568 1373 603 hae
1392 583 1516 605 causae
1533 570 1617 604 satis
1642 570 1850 615 perspicuae
1873 570 2099 603 audientibus
2121 570 2166 602 ad

1168 622 1420 662 iudicandum,
1455 623 1551 667 quod
1577 628 1671 655 recte
1695 621 1902 663 fecerimus,
1931 628 1965 655 et
1987 622 2070 656 satis
2095 621 2167 654 effi-

1167 685 1265 707 caces
1282 674 1327 706 ad
1343 675 1528 707 terrendos
1544 686 1623 713 nos,
1651 679 1690 706 ut
1708 674 1750 706 de
1767 674 1971 707 muniendis
1987 673 2091 706 nobis
2108 685 2166 705 co-

1167 725 1374 769 gitaremus.
1425 724 1535 770 quue
1557 725 1642 757 olim
1663 724 1770 757 etiam
1791 725 1989 764 voluimus,
2019 725 2164 770 quando

1167 783 1331 820 tempore
1372 777 1470 821 pacis
1510 775 1672 809 misimus
1709 776 1754 808 ad
1785 788 1848 809 vos
1880 777 1922 810 de
1954 775 2166 817 defectione,

1169 840 1248 861 cnm
1272 839 1347 861 non
1364 827 1569 872 receperitis
1592 840 1676 867 nos,
1705 825 1890 870 prohibiti.
1943 826 2047 861 Nunc
2069 834 2165 871 post-

1169 891 1277 925 quam
1289 879 1433 912 Boeotii
1450 879 1558 913 vestri
1573 878 1714 923 cognati
1730 878 1929 912 invitarunt
1946 890 2012 913 nos
2032 880 2075 911 ad
2092 891 2166 912 cer-

1169 938 1222 965 tas
1239 931 1483 971 conditiones,
1507 930 1628 964 statim
1647 930 1860 964 assensimus
1872 956 1880 970 ,
1909 937 1943 964 et
1959 930 2166 974 putavimus

1171 995 1244 1016 esse
1260 982 1494 1016 deficiendum
1506 988 1654 1026 propter
1670 982 1759 1015 duas
1775 993 1914 1015 causas:
1940 988 2017 1015 tum
2035 993 2079 1014 ne
2094 994 2166 1014 una

1171 1046 1251 1067 cum
1269 1032 1548 1067 Atheniensibus
1565 1033 1801 1077 affligeremus
1819 1033 1977 1079 reliquos
1996 1033 2167 1073 Graecos,

1171 1087 1232 1120 sed
1248 1092 1288 1119 ut
1308 1086 1427 1130 potius
1443 1085 1554 1119 simus
1572 1085 1659 1119 socii
1676 1085 1925 1123 liberantium3
1955 1092 2031 1119 tum
2049 1091 2088 1118 ut
2105 1096 2169 1117 an-

1172 1143 1402 1177 tevertamus,
1425 1149 1469 1170 ne
1488 1137 1587 1181 prius
1604 1137 1647 1168 ab
1664 1136 1748 1180 ipsis
1764 1137 2025 1180 opprimamur.
2059 1136 2168 1169 Prae-

1173 1195 1268 1221 terea
1285 1189 1434 1221 defectio
1456 1194 1577 1221 nostra
1595 1187 1741 1221 celerius
1757 1189 1795 1220 fit
1823 1194 1857 1221 et
1879 1188 1953 1221 sine
1975 1199 2168 1232 praepara-

1173 1240 1290 1280 tione,
1318 1252 1359 1273 eo
1377 1240 1490 1283 magis
1509 1238 1676 1272 convenit
1696 1252 1761 1273 nos
1785 1239 1943 1283 recipere
1969 1246 2002 1272 et
2027 1240 2168 1273 mittere

1174 1291 1326 1331 auxilia,
1353 1297 1393 1324 ut
1419 1291 1614 1324 videamini
1637 1303 1741 1335 opem
1765 1292 1879 1330 serre,
1907 1290 2036 1336 quibus
2061 1303 2170 1335 opor-

1175 1349 1242 1382 tet,
1271 1349 1306 1375 et
1319 1342 1425 1376 simul
1440 1341 1559 1376 hostes
1574 1342 1726 1376 laedere.
1779 1342 1834 1375 Ad
1851 1355 1959 1388 quam
1975 1354 2051 1375 rem
2069 1354 2170 1376 occa—

1174 1393 1226 1426 sio
1252 1394 1335 1426 data
1360 1400 1431 1434 est,
1457 1400 1498 1427 ut
1523 1394 1621 1427 nulla
1650 1400 1766 1427 antea.
1818 1393 1911 1427 Nam
1934 1391 2171 1428 Athenienses

1175 1445 1279 1478 valde
1300 1444 1469 1478 diminuti
1492 1451 1575 1478 sunt
1595 1451 1712 1489 peste,
1740 1451 1775 1477 et
1796 1445 1880 1478 belli
1895 1446 2096 1490 sumptibus
2114 1458 2172 1479 ex-

1175 1494 1305 1530 hausti.
1373 1495 1512 1529 Deinde
1547 1496 1665 1530 classis
1701 1508 1826 1529 eorum
1867 1497 2000 1541 partim
2029 1498 2075 1531 ad
2106 1509 2172 1530 no-

1176 1555 1287 1582 stram
1310 1547 1465 1582 insulam
1491 1545 1635 1587 haeret,
1676 1547 1807 1592 partim
1838 1554 1889 1581 est
1917 1549 1962 1581 ad
1992 1549 2173 1594 Pelopon-

1176 1612 1314 1634 nesum.
1387 1599 1514 1645 Neque
1546 1605 1597 1633 est
1628 1605 1927 1640 consentaneum,
1970 1600 2090 1644 plures
2124 1600 2174 1634 eis

1176 1663 1285 1685 naves
1308 1650 1346 1683 in
1368 1657 1542 1695 promptu
1561 1652 1638 1683 fore
1654 1677 1664 1691 ,
1706 1651 1736 1684 si
1759 1648 1826 1684 hac
1857 1657 1990 1685 aestate
2024 1652 2176 1686 navibus

1177 1710 1212 1736 et
1234 1703 1399 1748 peditatu
1422 1702 1460 1735 in
1485 1714 1545 1736 eos
1568 1714 1691 1735 rursus
1716 1702 1890 1746 impetum
1915 1703 2086 1741 feceritis;
2114 1704 2176 1737 sed

1179 1762 1241 1789 aut
1261 1767 1325 1788 vos
1348 1766 1423 1787 non
1446 1754 1640 1798 repellent,
1674 1753 1737 1786 ubi
1764 1754 1998 1794 accesseritis,
2035 1761 2097 1789 aut
2121 1767 2177 1788 re-

1178 1807 1303 1840 cedent
1326 1818 1346 1839 a
1365 1805 1481 1839 Lesbo
1506 1812 1540 1838 et
1556 1805 1820 1849 Peloponneso.
1873 1805 1989 1839 Nemo
2008 1818 2044 1839 se
2068 1805 2175 1839 etiam

1178 1858 1354 1892 existimet
1376 1858 1419 1891 de
1444 1857 1559 1890 aliena
1585 1863 1678 1889 terra
1705 1855 1940 1890 domesticum
1964 1857 2063 1890 adire
2082 1857 2177 1902 peri-

1179 1911 1310 1944 culum.
1365 1908 1432 1942 Cui
1452 1908 1548 1941 enim
1574 1908 1716 1941 videtur
1741 1908 1868 1951 procul
1892 1908 2012 1942 abesse
2029 1908 2177 1949 Lesbus,

1178 1962 1238 1995 ille
1262 1961 1368 2001 sciat,
1405 1972 1484 1994 eam
1515 1972 1684 2004 magnam
1716 1965 1898 2004 praestare
1923 1960 2114 1994 utilitatem
2140 1961 2179 1993 in

1179 2013 1399 2058 propinquo.
1452 2011 1536 2046 Non
1555 2012 1650 2045 enim
1674 2011 1711 2043 in
1727 2010 1842 2043 Attica
1866 2011 1999 2045 bellum
2027 2013 2111 2053 erit,
2139 2018 2179 2046 ut

1180 2065 1309 2111 aliquis
1333 2069 1458 2109 putat,
1498 2064 1558 2097 sed
1585 2063 1654 2104 ibi,
1695 2062 1757 2096 ubi
1787 2060 1896 2096 habet
1917 2063 2033 2096 Attica
2066 2063 2179 2109 pluri-

1180 2130 1279 2150 mum
1305 2115 1490 2161 pecuniae.
1543 2114 1608 2148 Est
1634 2120 1753 2147 autem
1780 2114 1916 2148 reditus
1941 2115 2178 2160 pecuniarum

1181 2168 1307 2202 Atticis
1324 2180 1342 2201 a
1358 2167 1481 2207 sociis,
1507 2173 1541 2199 et
1565 2166 1633 2199 erit
1656 2166 1774 2199 maior
1796 2166 1950 2207 reditus,
1978 2167 2007 2201 si
2032 2179 2098 2201 nos
2116 2169 2180 2201 do-

1181 2220 1351 2254 muerint.
1410 2219 1503 2253 Nam
1530 2218 1591 2251 alii
1622 2230 1697 2251 non
1732 2218 1916 2251 audebunt
1943 2219 2111 2259 deficere,
2147 2226 2182 2253 et

1182 2279 1305 2307 nostra
1328 2271 1444 2305 insula
1472 2271 1626 2303 accedet.
1689 2269 1802 2303 Nobis
1826 2281 1912 2303 vero
1935 2270 2088 2305 servitus
2114 2270 2182 2305 erit

1182 2324 1330 2358 tristior.
1391 2322 1500 2368 Quod
1523 2322 1552 2356 si
1574 2334 1637 2355 vos
1659 2321 1729 2354 cito
1756 2333 1862 2366 opem
1887 2321 2061 2363 tuleritis,
2091 2322 2182 2356 acci-

1182 2376 1286 2421 pietis
1304 2374 1506 2414 civitatem,
1533 2386 1624 2419 quae
1651 2373 1796 2407 classem
1823 2370 1950 2414 habet,
1986 2386 2055 2420 qua
2079 2374 2182 2409 vobis

1184 2440 1273 2473 opus
1289 2434 1360 2467 est,
1388 2432 1422 2459 et
1438 2425 1575 2459 facilius
1592 2425 1671 2458 illos
1691 2425 1879 2459 destruetis
1891 2452 1900 2466 ,
1929 2425 2013 2471 quia
2029 2425 2090 2459 alii
2103 2426 2183 2461 iun-

1184 2486 1268 2525 gent
1282 2492 1318 2514 se
1334 2478 1437 2512 vohis
1452 2475 1707 2517 confidentius,
1730 2482 1765 2510 et
1790 2476 1966 2521 effugietis
1982 2477 2082 2511 illam
2097 2490 2183 2524 que-

1184 2532 1317 2572 relam,
1345 2542 1436 2576 quae
1453 2536 1504 2564 est
1520 2530 1563 2563 de
1582 2527 1702 2569 vobis,
1731 2529 1829 2574 quod
1845 2541 1920 2562 non
1937 2529 2060 2563 feratis
2077 2542 2183 2574 opem

1185 2583 1443 2617 deficientibus.
1496 2581 1534 2615 Si
1561 2579 1918 2626 autemjjvidebimini
1936 2581 2089 2615 liberare
2105 2593 2184 2622 nos,

1185 2634 1363 2669 habebitis
1381 2634 1492 2667 robur
1509 2633 1656 2667 navium
1676 2644 1741 2677 per
1757 2643 1836 2667 nos.

1289 2686 1547 2720 Erubescentes
1569 2685 1680 2730 igitur
1705 2696 1784 2728 spes
1811 2683 2035 2718 Graecorum
2057 2684 2100 2716 de
2124 2695 2188 2716 vo-

1302 2739 1548 2772 erubescentes
1578 2736 1699 2769 Iovem
1726 2734 1978 2782 Olympicum,
2017 2734 2055 2768 in
2089 2735 2188 2771 cuius

1573 2788 1619 2822 67

1186 2739 1240 2773 bis
1252 2766 1260 2775 .
