2351 2990
120 128 219 164 1037

119 227 263 255 sumuS,
296 216 357 249 sed
382 215 433 248 illi
456 215 518 249 diu
541 214 757 256 deliberent,
794 216 855 262 qui
882 217 960 250 aliis
985 217 1118 251 illaturi

120 273 205 301 sunt
222 267 404 301 iniuriam.
437 266 628 300 Decernite
644 267 753 311 igitur
768 268 914 309 bellum,
941 275 980 302 ut
990 269 1119 314 Sparta

118 318 268 362 dignum
295 325 364 360 est,
390 331 455 352 nec
476 318 582 352 sinite
604 330 760 352 crescere
776 318 1028 361 Athenienses,
1056 333 1121 354 nec

119 370 234 404 socios
251 372 465 414 prodamus;
493 370 554 404 sed
563 369 640 403 Deo
658 370 802 405 iuvante
819 372 1030 406 Invademus
1049 384 1121 413 eos,

121 422 184 467 qui
198 421 336 466 priores
351 421 482 456 iniuria
501 434 567 456 nos
586 422 792 458 affecerunt.

305 524 467 559 Oratio
498 524 854 560 Corinthiorum
873 526 932 574 ¹⁶).

224 593 307 628 Non
342 594 502 628 accusari
540 595 612 628 iam
646 595 923 628 Lacedaemonii
961 598 1122 639 possunt,

122 646 219 690 quod
248 657 322 678 non
349 646 546 680 decernunt
568 647 721 687 bellum,
759 659 838 680 cum
860 659 926 680 nos
951 646 1122 688 suffraga-

120 696 231 730 tionis
248 708 351 731 causa
369 699 677 742 congregaverint.
720 698 814 733 Nam
832 711 911 739 eos,
940 698 1001 743 qui
1020 708 1123 742 prae-

121 754 206 782 sunt
222 749 435 790 foederatis,
464 757 607 794 oportet
622 750 767 796 quidem
786 751 823 783 in
844 749 993 795 privatis
1015 748 1122 782 rebus

120 800 375 845 aequalitatem
403 813 566 842 servare,
610 802 646 834 in
669 802 821 847 publicis
844 814 930 835 vero
957 801 1034 845 plus
1059 797 1122 832 ha—

117 851 202 885 bere
220 852 442 893 autoritatis,
471 859 510 886 ut
528 853 605 887 aliis
622 854 863 898 prospiciant,
895 864 1047 898 eamque
1077 852 1122 884 ob

120 915 263 937 causam
287 916 306 936 a
330 904 478 937 caeteris
502 902 640 938 honore
664 906 880 939 afficiuntur.
938 904 1014 938 Nec
1036 915 1122 936 vero

118 967 206 996 nos,
233 955 295 1001 qui
322 955 430 988 alieni
457 968 579 990 sumus
605 957 648 989 ab
670 955 968 996 Atheniensibus,
1001 954 1125 988 doceri

120 1018 211 1051 opus
230 1013 301 1047 est,
328 1013 369 1040 ut
385 1007 429 1040 ab
447 1007 495 1041 eis
513 1020 714 1043 caveamus.
768 1009 836 1042 Sed
856 1021 935 1049 eos,
963 1007 1025 1053 qui
1042 1013 1126 1040 sunt

119 1057 159 1091 in
176 1057 263 1092 loeis
281 1058 573 1100 mediterraneis,
609 1066 643 1093 et
666 1061 710 1093 ad
736 1072 828 1106 quae
853 1072 928 1093 non
953 1059 1127 1092 accedunt

119 1122 250 1150 naves,
278 1110 368 1143 scire
387 1117 546 1155 oportet,
572 1124 637 1144 nec
655 1124 735 1146 suas
751 1113 870 1156 fruges
886 1123 921 1145 se
940 1116 1126 1144 evecturos

121 1173 215 1202 esse,
242 1173 308 1194 nec
335 1169 542 1206 recepturos
567 1175 622 1197 res
644 1164 882 1203 necessarias,
917 1174 1009 1208 quae
1033 1161 1126 1194 mari

121 1211 372 1254 advehuntur,
400 1213 470 1247 nisi
488 1227 593 1259 opem
608 1215 725 1247 ferant
740 1210 819 1255 his,
844 1214 905 1260 qui
930 1214 1051 1246 littora
1076 1219 1126 1246 te-

119 1271 219 1299 nent.
271 1264 345 1299 Nec
364 1265 435 1298 sint
452 1266 556 1309 pravi
571 1266 704 1299 iudices
720 1266 965 1310 praesentium
987 1264 1127 1309 pericu-

118 1316 260 1356 lorum,
299 1316 402 1361 quasi
435 1318 480 1349 ad
512 1329 572 1350 eos
602 1329 676 1349 non
712 1318 934 1361 pertineant,
978 1316 1039 1349 sed
1070 1327 1127 1348 ex—

120 1373 265 1413 pectent
303 1367 473 1412 neglectis
508 1368 726 1402 littoralibus
745 1395 754 1409 ,
802 1367 1043 1402 calamitatem
1082 1366 1127 1398 ad

121 1420 220 1464 ipsos
237 1431 382 1464 quoque
397 1426 652 1463 perventuram
671 1432 763 1461 esse,
789 1426 823 1453 et
839 1431 935 1453 nunc
951 1424 1125 1463 tanquam

122 1472 167 1505 de
185 1470 336 1516 proprio
353 1470 514 1515 periculo
536 1471 753 1512 deliberent,
782 1484 846 1505 nec
862 1476 1027 1504 recusent
1052 1469 1127 1502 bel-

124 1524 201 1557 lum
223 1522 414 1567 suscipere.

226 1574 277 1608 Ut
291 1574 387 1607 enim
405 1573 579 1608 modestia
598 1581 661 1615 est,
690 1574 883 1620 quiescere,
909 1573 938 1607 si
960 1585 1035 1606 non
1052 1573 1127 1605 affi-

124 1625 229 1660 ciaris
253 1625 406 1666 iniuria,
434 1626 483 1659 ita
512 1625 645 1660 iustitia
672 1632 742 1667 est,
771 1639 850 1659 cum
871 1625 1003 1658 iniuria
1019 1624 1127 1657 affici-

124 1690 226 1719 mur,
258 1677 392 1711 bellum
419 1678 499 1723 paci
525 1678 715 1718 anteferri,
745 1684 779 1710 et
804 1689 963 1722 repressa
993 1676 1125 1709 iniuria

124 1736 208 1775 post
229 1729 364 1763 bellum
393 1741 516 1763 rursus
543 1742 667 1774 pacem
692 1730 828 1770 facere,
868 1741 934 1762 nec
961 1734 1022 1762 aut
1049 1740 1126 1761 suc-

125 1794 225 1816 cessu
241 1780 393 1814 inbellis
411 1781 522 1815 elatos
538 1782 642 1826 plura
667 1788 854 1827 appetere,
882 1792 947 1813 nec
972 1779 1047 1824 pati
1072 1780 1126 1811 in-

123 1833 237 1868 iurias
252 1833 404 1866 mollitie
422 1839 456 1866 et
472 1845 596 1867 amore
611 1833 687 1868 otii.
740 1833 833 1868 Nam
851 1838 885 1865 et
902 1831 964 1877 qui
978 1837 1127 1876 propter

125 1885 350 1930 voluptatem
383 1884 550 1930 quiescit,
593 1885 662 1918 cito
688 1897 727 1918 ea
750 1884 971 1930 privabitur,
1007 1890 1041 1916 et
1064 1882 1126 1928 qui

127 1943 278 1983 propter
312 1949 491 1971 successus
523 1937 560 1970 in
583 1937 684 1971 bellis
711 1937 750 1970 fit
780 1935 1012 1975 insolentior,
1051 1946 1127 1967 non

126 1989 260 2034 cogitat
274 2001 310 2024 se
328 1988 449 2022 efferri
465 2001 567 2022 caeca
588 1988 741 2029 ferocia,
768 2001 858 2034 quae
873 2000 948 2020 non
963 1987 1031 2020 erit
1048 1987 1126 2020 diu-

127 2047 247 2075 turna.
310 2040 424 2085 Saepe
448 2040 543 2074 enim
569 2041 676 2074 etiam
700 2040 806 2074 stulta
835 2038 1003 2079 consilia,
1046 2050 1126 2072 cum

126 2092 189 2127 alii
204 2098 314 2137 agunt
324 2092 478 2133 stultius,
496 2090 630 2126 habent
646 2093 761 2126 bonos
778 2098 938 2131 eventus,
956 2103 996 2123 ac
1011 2090 1126 2124 multo

125 2144 266 2190 saepius
287 2156 326 2177 ea
340 2170 350 2184 ,
377 2156 469 2189 quae
485 2145 576 2178 bene
596 2144 789 2178 deliberata
811 2143 1047 2182 videbantur,
1075 2154 1127 2176 se—

127 2210 188 2231 cus
214 2196 366 2236 cadunt,
395 2208 474 2230 cum
500 2196 561 2229 alii
587 2203 670 2230 sunt
694 2195 834 2230 intenti.
887 2195 1004 2230 Nemo
1029 2193 1125 2227 enim

127 2262 218 2294 opus
243 2247 450 2294 exequitur,
485 2254 524 2281 ut
548 2249 768 2282 confidenter
792 2246 941 2292 cogitat;
980 2258 1066 2279 nam
1090 2245 1128 2278 in

127 2301 364 2335 deliberando
398 2297 563 2334 homines
596 2300 730 2341 securi,
771 2306 894 2344 postea
928 2298 965 2330 in
988 2298 1127 2342 agendo

126 2353 219 2387 fiunt
245 2351 388 2397 trepidi.
456 2351 531 2386 Nos
565 2358 658 2386 certe
692 2351 814 2386 multis
838 2350 979 2384 iniuriis
1010 2349 1128 2382 affecti

125 2405 261 2438 bellum
298 2416 505 2443 movemus,
541 2415 629 2449 quas
664 2417 743 2438 cum
772 2400 1128 2449 represserimus¹⁷),

126 2468 251 2492 rursus
269 2467 369 2488 arma
389 2456 621 2500 deponemus.

233 2506 285 2540 Ac
304 2513 584 2542 consentaneum
610 2513 662 2541 est
683 2519 749 2540 nos
770 2507 847 2540 fore
871 2504 1023 2538 victores
1042 2516 1127 2548 pro-

127 2566 207 2605 pter
225 2559 349 2594 multa.
401 2559 566 2592 Primum
584 2559 678 2592 enim
696 2557 924 2592 multitudine
943 2563 977 2590 et
993 2569 1058 2590 usu
1074 2555 1127 2589 rei

165 2691 213 2717 16)
232 2689 353 2720 Thucyd.
368 2689 396 2720 1,
417 2688 575 2714 120—124.

166 2734 212 2762 17]
236 2732 472 2763 represserimus]
497 2732 547 2757 Ed.
566 2731 641 2756 1562.
666 2737 762 2755 errore
789 2732 918 2762 typogr.:
951 2727 1124 2760 represseri-

200 2774 295 2793 rimuS.

388 126 494 163 XLII.
534 126 935 164 INTERPRETATIO
964 128 1261 165 ORATIONUM
1286 129 1351 165 EX
1377 130 1672 166 THUCYDIDIS
1699 132 1847 168 LIBRO
1864 134 1889 170 I.

2070 138 2167 174 1038

1172 217 1339 252 militaris
1377 218 1632 253 antecellimus.
1708 218 1847 253 Deinde
1883 221 2027 257 classem
2047 251 2057 266 ,
2097 238 2169 271 qua

1172 269 1224 302 illi
1243 270 1472 311 antecellunt,
1495 277 1528 304 et
1543 283 1609 304 nos
1627 282 1750 315 parem
1769 272 2004 315 instruemus,
2032 276 2167 320 partim

1173 321 1305 355 nostris
1328 322 1574 363 facultatibus,
1615 323 1645 356 si
1667 323 1797 367 singuli
1823 324 1999 368 imperata
2026 327 2169 369 facient,

1173 373 1305 417 partim
1320 379 1446 407 mutuo
1462 380 1602 418 sumpta
1618 375 1767 418 pecunia
1784 387 1825 409 ex
1834 374 1983 420 Delphis
2000 384 2033 411 et
2043 378 2172 424 Olym-

1174 424 1254 469 pia,
1281 425 1377 457 unde
1392 423 1666 459 Atheniensium
1695 426 1824 461 milites
1847 427 1985 462 maiore
2010 431 2175 464 mercede

1176 476 1427 511 conducemus.
1471 477 1564 511 Nam
1583 477 1756 512 exercitus
1773 479 1934 523 ipsorum
1952 480 2064 525 magis
2080 494 2173 514 mer-

1176 528 1260 560 cede
1286 529 1481 562 conductus
1510 535 1580 568 est,
1623 542 1732 574 quam
1761 543 1802 563 ex
1828 531 1962 566 civibus
1987 533 2173 571 collectus;

1176 586 1298 612 noster
1315 592 1357 612 ex
1374 579 1509 614 civibus
1536 586 1606 620 est,
1634 581 1718 626 quia
1741 582 1854 626 magis
1879 595 2031 617 numero
2059 582 2177 617 homi-

1176 643 1262 664 num
1288 631 1532 666 antecellimus
1557 644 1664 677 quam
1690 634 1853 677 pecunia.
1920 633 1967 668 Et
1994 647 2073 669 cum
2098 648 2173 669 uno

1176 682 1315 727 proelio
1338 683 1459 715 navali
1486 690 1723 727 superantur,
1752 686 1795 717 de
1817 685 1865 720 eis
1883 692 2000 720 actum
2020 693 2087 725 est;
2122 687 2178 721 sin

1176 741 1295 767 autem
1314 735 1444 767 ducent
1461 735 1615 775 bellum,
1640 748 1706 769 nos
1730 749 1873 782 quoque
1897 750 1964 771 usu
1987 738 2177 782 peritiores

1177 786 1329 826 erimus,
1356 792 1391 819 et
1411 799 1491 819 cum
1517 786 1585 820 erit
1609 787 1737 831 peritia
1762 800 1848 832 par,
1875 789 2086 823 fortitudine
2110 790 2177 824 eri-

1177 850 1256 871 mus
1279 838 1494 882 superiores.
1554 838 1647 872 Nam
1676 845 1810 879 artem,
1845 852 1915 885 qua
1942 840 1999 874 isti
2027 842 2179 874 antecel-

1176 889 1274 929 lunt,
1298 902 1364 923 usu
1380 890 1515 923 discere
1531 902 1738 934 possumus3
1766 891 1824 924 isti
1847 904 1921 925 non
1940 899 2090 936 possunt
2106 894 2178 925 for-

1177 940 1388 981 titudinem,
1418 954 1487 987 qua
1506 954 1572 976 nos
1589 948 1718 975 natura
1738 950 1981 987 praestamus,
2009 945 2174 978 doctrina

1179 992 1245 1026 sibi
1263 1005 1455 1027 assumere.

1282 1094 1478 1128 Pecuniam
1498 1106 1584 1126 vero
1603 1095 1840 1129 conferemus.
1870 1095 1959 1129 Cum
1977 1096 2072 1129 enim
2093 1098 2181 1131 socii

1180 1146 1341 1190 ipsorum
1368 1158 1442 1178 non
1468 1152 1632 1179 recusent
1657 1147 1839 1187 conferre,
1876 1160 1920 1180 ne
1945 1154 2085 1181 mutent
2107 1161 2180 1183 ser-

1180 1198 1352 1237 vitutem,
1389 1209 1451 1230 cur
1474 1209 1540 1230 nos
1562 1209 1637 1230 non
1663 1199 1888 1232 conferemus
1910 1200 2030 1243 potius
2056 1201 2100 1233 ad
2124 1213 2180 1234 re-

1180 1249 1389 1293 primendos
1407 1247 1546 1289 hostes,
1575 1255 1610 1281 et
1626 1250 1670 1281 ad
1688 1256 1832 1283 nostrae
1856 1250 2032 1285 libertatis
2060 1252 2179 1285 defen-

1181 1300 1339 1340 sionem,
1368 1307 1401 1333 et
1426 1313 1470 1333 ne
1495 1300 1563 1344 ipsi
1587 1300 1692 1345 potiti
1716 1308 1838 1335 nostra
1863 1303 2014 1346 pecunia
2032 1315 2098 1337 nos
2118 1316 2182 1348 op-

1180 1351 1352 1395 primant.
1416 1351 1533 1385 Erunt
1557 1358 1591 1384 et
1623 1352 1713 1385 aliae
1738 1365 1794 1386 res
1825 1354 1929 1388 nobis
1956 1354 2179 1396 adiumento,

1182 1403 1331 1435 defectio
1358 1403 1537 1436 sociorum
1556 1409 1590 1435 et
1607 1404 1788 1448 ademptio
1814 1405 2016 1446 redituum,
2052 1407 2183 1452 quibus

1181 1454 1338 1498 pollent,
1367 1454 1526 1494 obsidio,
1555 1460 1589 1486 et
1606 1455 1675 1487 loci
1695 1455 1843 1490 alicuius
1862 1457 1899 1489 in
1923 1457 2070 1501 regione
2090 1458 2183 1502 ipso-

1182 1518 1263 1539 rum
1281 1506 1456 1545 munitio,
1486 1512 1520 1538 et
1535 1505 1603 1538 alia
1617 1533 1626 1545 ,
1655 1519 1746 1551 quae
1771 1507 1842 1540 iam
1866 1520 1941 1541 non
1959 1509 2184 1554 prospiciun-

1181 1563 1251 1591 tur.
1304 1556 1405 1590 Bella
1433 1557 1528 1590 enim
1551 1557 1701 1590 minime
1726 1560 1927 1602 procedunt
1949 1573 1991 1593 ex
2009 1562 2186 1605 praescri-

1180 1615 1263 1653 pto;
1302 1610 1363 1642 sed
1388 1609 1500 1642 multa
1527 1609 1597 1642 alia
1624 1610 1755 1643 bellum
1783 1623 1824 1643 ex
1847 1623 1941 1652 sese,
1968 1619 2112 1656 praeter
2130 1625 2185 1654 ea,

1182 1672 1274 1705 quae
1303 1672 1344 1693 ex
1372 1660 1620 1704 praesentibus
1656 1662 1902 1697 occasionibus
1934 1663 2184 1705 instituuntur,

1182 1711 1324 1751 obiicit,
1354 1724 1446 1757 quae
1464 1712 1493 1745 si
1512 1712 1592 1758 quis
1610 1711 1657 1745 ita
1677 1714 1826 1758 excipit,
1854 1727 1900 1748 ne
1922 1716 2061 1748 turbari
2078 1729 2113 1750 se
2130 1716 2182 1749 ira

1180 1763 1358 1808 patiatur,
1395 1764 1506 1797 tutius
1537 1775 1612 1797 rem
1639 1765 1742 1808 gerit.
1804 1766 1877 1811 Qui
1902 1765 1939 1798 in
1963 1766 2053 1799 iram
2079 1779 2184 1812 prae-

1182 1827 1262 1859 ceps
1287 1821 1358 1855 est,
1381 1827 1445 1859 per
1470 1815 1694 1848 iracundiam
1723 1817 1836 1850 multa
1862 1817 2051 1864 delinquit.
2113 1819 2182 1853 Co-

1181 1867 1333 1912 gitemus
1351 1873 1385 1899 et
1402 1864 1469 1900 hoc
1481 1894 1490 1907 ,
1518 1868 1616 1912 quod
1634 1867 1663 1901 si
1678 1868 1797 1901 forent
1815 1868 1962 1913 singulis
1979 1869 2083 1903 nobis
2101 1883 2182 1904 cum

1181 1918 1253 1952 suis
1278 1919 1491 1952 adversariis
1514 1931 1674 1952 seorsum
1700 1922 1948 1954 contentiones
1972 1922 2016 1955 de
2039 1922 2183 1963 finibus,

1181 1970 1302 2016 aliquo
1327 1971 1437 2003 modo
1463 1970 1499 2003 id
1522 1971 1709 2004 serendum
1737 1977 1838 2005 esset.
1891 1972 1960 2005 Sed
1982 1971 2181 2007 Athenien-

1181 2034 1235 2056 ses
1273 2034 1352 2056 cum
1391 2022 1590 2056 coniunctis
1617 2023 1721 2056 nobis
1749 2023 1926 2058 universis
1961 2037 2064 2069 pares
2100 2026 2184 2067 sint,

1182 2080 1318 2119 quanto
1350 2074 1489 2108 facilius
1520 2087 1599 2107 cum
1630 2075 1777 2119 singulis
1805 2075 1939 2109 bellum
1966 2082 2108 2121 gerent,
2148 2084 2183 2111 et

1181 2126 1249 2160 nisi
1285 2125 1445 2169 gentium
1477 2132 1512 2159 et
1540 2125 1685 2160 urbium
1720 2126 1943 2171 singularum
1981 2129 2181 2163 coniunctis

1182 2184 1217 2211 et
1240 2178 1489 2223 frequentibus
1522 2178 1662 2212 auxiliis
1687 2191 1760 2212 uno
1784 2179 1907 2212 animo
1935 2179 1984 2213 eis
2008 2180 2181 2214 restiteri-

1181 2242 1273 2269 mus,
1301 2229 1488 2263 distractos
1502 2241 1568 2263 nos
1580 2242 1654 2262 non
1672 2241 1803 2274 magno
1819 2230 1943 2264 labore
1962 2232 2181 2275 oppriment.

1180 2281 1379 2314 Victoriam
1416 2293 1502 2314 vero
1537 2279 1837 2322 Atheniensium,
1879 2282 1944 2316 etsi
1977 2282 2015 2315 id
2055 2283 2182 2317 auditu

1182 2345 1288 2378 grave
1312 2339 1364 2367 est
1381 2359 1390 2373 ,
1433 2333 1557 2367 scitote
1581 2340 1703 2366 tamen
1732 2332 1830 2366 aliud
1856 2333 1960 2368 nobis
1985 2334 2181 2368 allaturam

1181 2383 1291 2425 nihil,
1318 2384 1387 2418 nisi
1407 2390 1541 2417 certam
1558 2385 1779 2418 servitutem.
1831 2384 1956 2430 Turpe
1974 2392 2026 2419 est
2045 2392 2180 2428 autem,

1180 2436 1453 2481 Peloponnesiis
1469 2436 1635 2470 omnibus
1650 2448 1746 2470 nunc
1756 2434 1825 2470 hoc
1843 2436 1880 2469 in
1893 2438 2179 2472 controversiam

1182 2490 1378 2529 adducere,
1406 2494 1441 2521 et
1458 2487 1592 2521 interea
1610 2488 1706 2532 pati,
1733 2494 1773 2521 ut
1790 2494 1844 2521 tot
1861 2488 2023 2522 civitates
2049 2495 2103 2523 tot
2127 2489 2182 2522 in-

1181 2540 1284 2574 iuriis
1306 2541 1349 2573 ab
1373 2552 1446 2573 una
1476 2539 1688 2573 afficiantur.
1755 2539 1954 2575 Ostenditis
1986 2540 2081 2574 enim
2113 2538 2182 2574 hac

1181 2592 1406 2632 contatione,
1441 2592 1539 2637 quod
1562 2591 1617 2624 vel
1642 2591 1732 2624 iuste
1757 2591 1968 2635 affligimur,
2003 2593 2058 2625 vel
2083 2593 2181 2637 quod

1179 2643 1370 2679 timiditate
1392 2644 1546 2689 quadam
1574 2649 1608 2676 et
1627 2642 1768 2687 ignavia
1792 2655 1940 2688 prorsus
1958 2656 1977 2676 a
1999 2643 2181 2676 maiorum

1179 2702 1385 2730 nostrorum
1418 2694 1549 2728 virtute
1578 2694 1924 2738 degeneraverimus.
1991 2693 2046 2727 Illi
2088 2695 2183 2728 enirn

1178 2747 1350 2783 Graeciae
1373 2746 1559 2781 universae
1581 2747 1783 2780 libertatem
1798 2747 2044 2781 defenderunt.
2107 2745 2184 2781 Nos
