<?xml version="1.0" encoding="UTF-8"?>
<!DOCTYPE html PUBLIC "-//W3C//DTD XHTML 1.0 Transitional//EN"
    "http://www.w3.org/TR/xhtml1/DTD/xhtml1-transitional.dtd">
<html xmlns="http://www.w3.org/1999/xhtml" xml:lang="en" lang="en">
 <head>
  <title>
</title>
<meta http-equiv="Content-Type" content="text/html;charset=utf-8" />
  <meta name='ocr-system' content='tesseract 3.04.00' />
  <meta name='ocr-capabilities' content='ocr_page ocr_carea ocr_par ocr_line ocrx_word'/>
</head>
<body>
  <div class='ocr_page' id='page_1' title='image "./operaquaesupersu17melauoft/operaquaesupersu17melauoft_0281.png"; bbox 0 0 2351 2990; ppageno 0'>
   <div class='ocr_carea' id='block_1_1' title="bbox 131 109 2173 156">
    <p class='ocr_par' dir='ltr' id='par_1_1' title="bbox 131 109 2173 156">
     <span class='ocr_line' id='line_1_1' title="bbox 131 109 2173 156; baseline 0.004 -8"><span class='ocrx_word' id='word_1_1' title='bbox 131 110 207 148; x_wconf 79' lang='lat'>537</span> <span class='ocrx_word' id='word_1_2' title='bbox 261 110 381 147; x_wconf 81' lang='lat' dir='ltr'>XXIII.</span> <span class='ocrx_word' id='word_1_3' title='bbox 425 109 736 146; x_wconf 83' lang='lat' dir='ltr'><strong>ARGUMENTA</strong></span> <span class='ocrx_word' id='word_1_4' title='bbox 761 109 826 144; x_wconf 90' lang='lat' dir='ltr'>ET</span> <span class='ocrx_word' id='word_1_5' title='bbox 854 109 1057 144; x_wconf 87' lang='lat' dir='ltr'>SCHOLIA</span> <span class='ocrx_word' id='word_1_6' title='bbox 1082 110 1130 146; x_wconf 92' lang='lat' dir='ltr'>IN</span> <span class='ocrx_word' id='word_1_7' title='bbox 1158 111 1305 149; x_wconf 91' lang='lat' dir='ltr'>EPIST.</span> <span class='ocrx_word' id='word_1_8' title='bbox 1328 112 1441 150; x_wconf 85' lang='lat' dir='ltr'>FAM.</span> <span class='ocrx_word' id='word_1_9' title='bbox 1469 113 1554 150; x_wconf 88' lang='lat' dir='ltr'>CIC.</span> <span class='ocrx_word' id='word_1_10' title='bbox 1582 113 1670 151; x_wconf 91' lang='lat' dir='ltr'>LIB.</span> <span class='ocrx_word' id='word_1_11' title='bbox 1681 116 1755 152; x_wconf 91' lang='lat' dir='ltr'>XV.</span> <span class='ocrx_word' id='word_1_12' title='bbox 1781 117 1853 154; x_wconf 87' lang='grc' dir='ltr'>ΕΡ.</span> <span class='ocrx_word' id='word_1_13' title='bbox 1871 119 2047 156; x_wconf 81' lang='lat'>13—16.</span> <span class='ocrx_word' id='word_1_14' title='bbox 2098 118 2173 156; x_wconf 82' lang='lat'>538</span> 
     </span>
    </p>
   </div>
   <div class='ocr_carea' id='block_1_2' title="bbox 128 196 1127 1001">
    <p class='ocr_par' dir='ltr' id='par_1_2' title="bbox 128 196 1127 1001">
     <span class='ocr_line' id='line_1_2' title="bbox 131 196 1123 242; baseline -0.001 -12"><span class='ocrx_word' id='word_1_15' title='bbox 131 204 254 231; x_wconf 89' lang='lat' dir='ltr'>tonem</span> <span class='ocrx_word' id='word_1_16' title='bbox 277 210 296 230; x_wconf 89' lang='lat' dir='ltr'>a</span> <span class='ocrx_word' id='word_1_17' title='bbox 319 210 354 231; x_wconf 90' lang='lat' dir='ltr'>se</span> <span class='ocrx_word' id='word_1_18' title='bbox 379 197 456 242; x_wconf 88' lang='lat' dir='ltr'>ipso</span> <span class='ocrx_word' id='word_1_19' title='bbox 482 197 519 230; x_wconf 88' lang='lat' dir='ltr'>in</span> <span class='ocrx_word' id='word_1_20' title='bbox 534 196 652 230; x_wconf 87' lang='lat' dir='ltr'>Africa</span> <span class='ocrx_word' id='word_1_21' title='bbox 678 202 906 231; x_wconf 88' lang='lat' dir='ltr'>conventum.</span> <span class='ocrx_word' id='word_1_22' title='bbox 959 196 1045 230; x_wconf 82' lang='lat' dir='ltr'>Vult</span> <span class='ocrx_word' id='word_1_23' title='bbox 1063 209 1123 230; x_wconf 91' lang='lat' dir='ltr'>au-</span> 
     </span>
     <span class='ocr_line' id='line_1_3' title="bbox 132 248 1122 294; baseline -0.001 -12"><span class='ocrx_word' id='word_1_24' title='bbox 132 255 202 282; x_wconf 88' lang='lat' dir='ltr'>tem</span> <span class='ocrx_word' id='word_1_25' title='bbox 227 249 351 282; x_wconf 87' lang='lat' dir='ltr'>Cicero</span> <span class='ocrx_word' id='word_1_26' title='bbox 375 249 563 282; x_wconf 84' lang='lat' dir='ltr'><strong>defendere</strong></span> <span class='ocrx_word' id='word_1_27' title='bbox 585 261 689 282; x_wconf 84' lang='lat' dir='ltr'>suurn</span> <span class='ocrx_word' id='word_1_28' title='bbox 715 248 923 288; x_wconf 86' lang='lat' dir='ltr'>consilium,</span> <span class='ocrx_word' id='word_1_29' title='bbox 966 248 1029 294; x_wconf 87' lang='lat' dir='ltr'>qui</span> <span class='ocrx_word' id='word_1_30' title='bbox 1052 260 1122 281; x_wconf 92' lang='lat' dir='ltr'>una</span> 
     </span>
     <span class='ocr_line' id='line_1_4' title="bbox 131 299 1124 343; baseline -0.001 -10"><span class='ocrx_word' id='word_1_31' title='bbox 131 312 211 334; x_wconf 89' lang='lat' dir='ltr'>cum</span> <span class='ocrx_word' id='word_1_32' title='bbox 232 300 353 334; x_wconf 77' lang='lat' dir='ltr'>Cassio</span> <span class='ocrx_word' id='word_1_33' title='bbox 370 306 447 334; x_wconf 90' lang='lat' dir='ltr'>erat</span> <span class='ocrx_word' id='word_1_34' title='bbox 464 300 501 332; x_wconf 91' lang='lat' dir='ltr'>in</span> <span class='ocrx_word' id='word_1_35' title='bbox 518 299 612 333; x_wconf 92' lang='lat' dir='ltr'>bello</span> <span class='ocrx_word' id='word_1_36' title='bbox 630 299 726 332; x_wconf 83' lang='lat' dir='ltr'>civili</span> <span class='ocrx_word' id='word_1_37' title='bbox 743 312 818 332; x_wconf 88' lang='lat' dir='ltr'>non</span> <span class='ocrx_word' id='word_1_38' title='bbox 841 299 1068 343; x_wconf 86' lang='lat' dir='ltr'>adiungendo</span> <span class='ocrx_word' id='word_1_39' title='bbox 1089 312 1124 333; x_wconf 92' lang='lat' dir='ltr'>se</span> 
     </span>
     <span class='ocr_line' id='line_1_5' title="bbox 132 350 1125 396; baseline 0.001 -12"><span class='ocrx_word' id='word_1_40' title='bbox 132 352 189 385; x_wconf 70' lang='lat' dir='ltr'>vel</span> <span class='ocrx_word' id='word_1_41' title='bbox 206 351 349 385; x_wconf 81' lang='lat' dir='ltr'><strong>Caesari</strong></span> <span class='ocrx_word' id='word_1_42' title='bbox 373 352 428 385; x_wconf 77' lang='lat' dir='ltr'>vel</span> <span class='ocrx_word' id='word_1_43' title='bbox 442 351 630 396; x_wconf 91' lang='lat' dir='ltr'>Pompeio.</span> <span class='ocrx_word' id='word_1_44' title='bbox 682 350 806 396; x_wconf 87' lang='lat' dir='ltr'>Itaque</span> <span class='ocrx_word' id='word_1_45' title='bbox 834 351 957 384; x_wconf 81' lang='lat' dir='ltr'>scribit</span> <span class='ocrx_word' id='word_1_46' title='bbox 980 352 1024 384; x_wconf 91' lang='lat' dir='ltr'>ad</span> <span class='ocrx_word' id='word_1_47' title='bbox 1043 351 1125 385; x_wconf 89' lang='lat' dir='ltr'>Cas-</span> 
     </span>
     <span class='ocr_line' id='line_1_6' title="bbox 132 401 1126 443; baseline -0.001 -7"><span class='ocrx_word' id='word_1_48' title='bbox 132 403 223 437; x_wconf 90' lang='lat' dir='ltr'>sium</span> <span class='ocrx_word' id='word_1_49' title='bbox 235 429 245 443; x_wconf 94' lang='lat'>,</span> <span class='ocrx_word' id='word_1_50' title='bbox 272 401 538 436; x_wconf 87' lang='lat' dir='ltr'>honestissimas</span> <span class='ocrx_word' id='word_1_51' title='bbox 555 415 677 436; x_wconf 86' lang='lat' dir='ltr'>causas</span> <span class='ocrx_word' id='word_1_52' title='bbox 693 402 797 436; x_wconf 88' lang='lat' dir='ltr'>fuisse</span> <span class='ocrx_word' id='word_1_53' title='bbox 815 402 889 436; x_wconf 90' lang='lat' dir='ltr'>eius</span> <span class='ocrx_word' id='word_1_54' title='bbox 907 402 1064 442; x_wconf 88' lang='lat' dir='ltr'>consilii,</span> <span class='ocrx_word' id='word_1_55' title='bbox 1092 409 1126 435; x_wconf 93' lang='lat' dir='ltr'>et</span> 
     </span>
     <span class='ocr_line' id='line_1_7' title="bbox 132 454 1126 500; baseline 0 -13"><span class='ocrx_word' id='word_1_56' title='bbox 132 454 159 487; x_wconf 90' lang='lat' dir='ltr'>si</span> <span class='ocrx_word' id='word_1_57' title='bbox 185 454 271 500; x_wconf 92' lang='lat' dir='ltr'>quid</span> <span class='ocrx_word' id='word_1_58' title='bbox 296 461 454 487; x_wconf 86' lang='lat' dir='ltr'>erratum</span> <span class='ocrx_word' id='word_1_59' title='bbox 480 455 544 494; x_wconf 90' lang='lat' dir='ltr'>sit,</span> <span class='ocrx_word' id='word_1_60' title='bbox 579 454 614 487; x_wconf 90' lang='lat' dir='ltr'>id</span> <span class='ocrx_word' id='word_1_61' title='bbox 638 460 752 488; x_wconf 86' lang='lat' dir='ltr'>totum</span> <span class='ocrx_word' id='word_1_62' title='bbox 777 455 943 487; x_wconf 84' lang='lat' dir='ltr'>fortunae</span> <span class='ocrx_word' id='word_1_63' title='bbox 970 455 1126 487; x_wconf 89' lang='lat' dir='ltr'>tribuen-</span> 
     </span>
     <span class='ocr_line' id='line_1_8' title="bbox 132 503 1124 549; baseline -0.001 -11"><span class='ocrx_word' id='word_1_64' title='bbox 132 507 216 539; x_wconf 89' lang='lat' dir='ltr'>dum</span> <span class='ocrx_word' id='word_1_65' title='bbox 237 517 321 539; x_wconf 91' lang='lat' dir='ltr'>esse.</span> <span class='ocrx_word' id='word_1_66' title='bbox 371 505 569 539; x_wconf 79' lang='lat' dir='ltr'>Exordium</span> <span class='ocrx_word' id='word_1_67' title='bbox 593 503 701 539; x_wconf 90' lang='lat' dir='ltr'>habet</span> <span class='ocrx_word' id='word_1_68' title='bbox 725 506 1019 549; x_wconf 70' lang='lat' dir='ltr'>occupationem,</span> <span class='ocrx_word' id='word_1_69' title='bbox 1046 511 1124 549; x_wconf 87' lang='lat' dir='ltr'>post</span> 
     </span>
     <span class='ocr_line' id='line_1_9' title="bbox 132 555 1125 602; baseline -0.002 -12"><span class='ocrx_word' id='word_1_70' title='bbox 132 569 240 602; x_wconf 91' lang='lat' dir='ltr'>quam</span> <span class='ocrx_word' id='word_1_71' title='bbox 264 555 412 601; x_wconf 91' lang='lat' dir='ltr'>ponitur</span> <span class='ocrx_word' id='word_1_72' title='bbox 436 557 649 601; x_wconf 80' lang='lat' dir='ltr'>propositio.</span> <span class='ocrx_word' id='word_1_73' title='bbox 716 556 854 590; x_wconf 84' lang='lat' dir='ltr'><strong>Deinde</strong></span> <span class='ocrx_word' id='word_1_74' title='bbox 887 564 937 590; x_wconf 89' lang='lat' dir='ltr'>est</span> <span class='ocrx_word' id='word_1_75' title='bbox 965 556 1125 590; x_wconf 87' lang='lat' dir='ltr'>narratio</span> 
     </span>
     <span class='ocr_line' id='line_1_10' title="bbox 132 607 1127 653; baseline -0.002 -12"><span class='ocrx_word' id='word_1_76' title='bbox 132 608 188 641; x_wconf 89' lang='lat' dir='ltr'>sni</span> <span class='ocrx_word' id='word_1_77' title='bbox 205 607 363 648; x_wconf 87' lang='lat' dir='ltr'>consilii,</span> <span class='ocrx_word' id='word_1_78' title='bbox 400 609 496 653; x_wconf 90' lang='lat' dir='ltr'>quod</span> <span class='ocrx_word' id='word_1_79' title='bbox 520 608 736 641; x_wconf 88' lang='lat' dir='ltr'>conferendo</span> <span class='ocrx_word' id='word_1_80' title='bbox 764 621 842 641; x_wconf 91' lang='lat' dir='ltr'>cum</span> <span class='ocrx_word' id='word_1_81' title='bbox 873 608 1024 642; x_wconf 82' lang='lat' dir='ltr'>alioruin</span> <span class='ocrx_word' id='word_1_82' title='bbox 1051 607 1127 651; x_wconf 90' lang='lat' dir='ltr'>opi-</span> 
     </span>
     <span class='ocr_line' id='line_1_11' title="bbox 130 657 1125 704; baseline -0.001 -12"><span class='ocrx_word' id='word_1_83' title='bbox 130 659 299 693; x_wconf 87' lang='lat' dir='ltr'>nionibus</span> <span class='ocrx_word' id='word_1_84' title='bbox 334 659 418 693; x_wconf 91' lang='lat' dir='ltr'>satis</span> <span class='ocrx_word' id='word_1_85' title='bbox 454 660 640 704; x_wconf 74' lang='lat' dir='ltr'>probabile</span> <span class='ocrx_word' id='word_1_86' title='bbox 674 660 779 693; x_wconf 82' lang='lat' dir='ltr'>fuisse</span> <span class='ocrx_word' id='word_1_87' title='bbox 809 660 974 694; x_wconf 84' lang='lat' dir='ltr'>ostendit.</span> <span class='ocrx_word' id='word_1_88' title='bbox 1043 657 1125 691; x_wconf 86' lang='lat' dir='ltr'>Ideo</span> 
     </span>
     <span class='ocr_line' id='line_1_12' title="bbox 132 710 1127 754; baseline -0.002 -11"><span class='ocrx_word' id='word_1_89' title='bbox 132 711 239 743; x_wconf 87' lang='lat' dir='ltr'>etiam</span> <span class='ocrx_word' id='word_1_90' title='bbox 271 710 475 754; x_wconf 78' lang='lat' dir='ltr'>longissime</span> <span class='ocrx_word' id='word_1_91' title='bbox 501 711 538 743; x_wconf 93' lang='lat' dir='ltr'>in</span> <span class='ocrx_word' id='word_1_92' title='bbox 562 723 603 744; x_wconf 93' lang='lat' dir='ltr'>eo</span> <span class='ocrx_word' id='word_1_93' title='bbox 628 711 841 754; x_wconf 86' lang='lat' dir='ltr'>exponendo</span> <span class='ocrx_word' id='word_1_94' title='bbox 871 716 1127 749; x_wconf 73' lang='lat' dir='ltr'>commoratur,</span> 
     </span>
     <span class='ocr_line' id='line_1_13' title="bbox 132 760 1126 807; baseline -0.002 -13"><span class='ocrx_word' id='word_1_95' title='bbox 132 768 167 794; x_wconf 87' lang='lat' dir='ltr'>et</span> <span class='ocrx_word' id='word_1_96' title='bbox 182 761 375 805; x_wconf 88' lang='lat' dir='ltr'>significat,</span> <span class='ocrx_word' id='word_1_97' title='bbox 402 774 492 807; x_wconf 87' lang='lat' dir='ltr'>quae</span> <span class='ocrx_word' id='word_1_98' title='bbox 518 762 625 795; x_wconf 87' lang='lat' dir='ltr'>fuerit</span> <span class='ocrx_word' id='word_1_99' title='bbox 649 762 723 795; x_wconf 91' lang='lat' dir='ltr'>eius</span> <span class='ocrx_word' id='word_1_100' title='bbox 745 762 933 795; x_wconf 88' lang='lat' dir='ltr'>sententia.</span> <span class='ocrx_word' id='word_1_101' title='bbox 993 760 1033 793; x_wconf 91' lang='lat' dir='ltr'>In</span> <span class='ocrx_word' id='word_1_102' title='bbox 1059 761 1126 793; x_wconf 88' lang='lat' dir='ltr'>fine</span> 
     </span>
     <span class='ocr_line' id='line_1_14' title="bbox 128 811 1126 858; baseline -0.003 -12"><span class='ocrx_word' id='word_1_103' title='bbox 128 811 235 846; x_wconf 86' lang='lat' dir='ltr'>huius</span> <span class='ocrx_word' id='word_1_104' title='bbox 254 813 485 857; x_wconf 85' lang='lat' dir='ltr'>expositionis</span> <span class='ocrx_word' id='word_1_105' title='bbox 505 813 657 852; x_wconf 89' lang='lat' dir='ltr'>indicat,</span> <span class='ocrx_word' id='word_1_106' title='bbox 685 824 776 858; x_wconf 85' lang='lat' dir='ltr'>quae</span> <span class='ocrx_word' id='word_1_107' title='bbox 799 813 906 845; x_wconf 88' lang='lat' dir='ltr'>suerit</span> <span class='ocrx_word' id='word_1_108' title='bbox 930 812 1126 856; x_wconf 70' lang='lat' dir='ltr'>expectatio</span> 
     </span>
     <span class='ocr_line' id='line_1_15' title="bbox 132 863 1127 907; baseline -0.002 -10"><span class='ocrx_word' id='word_1_109' title='bbox 132 866 306 898; x_wconf 77' lang='lat' dir='ltr'>adventus</span> <span class='ocrx_word' id='word_1_110' title='bbox 325 864 485 898; x_wconf 89' lang='lat' dir='ltr'>Caesaris</span> <span class='ocrx_word' id='word_1_111' title='bbox 511 864 548 896; x_wconf 89' lang='lat' dir='ltr'>in</span> <span class='ocrx_word' id='word_1_112' title='bbox 566 863 717 897; x_wconf 91' lang='lat' dir='ltr'>Italiam.</span> <span class='ocrx_word' id='word_1_113' title='bbox 768 864 879 897; x_wconf 83' lang='lat' dir='ltr'>Addit</span> <span class='ocrx_word' id='word_1_114' title='bbox 903 863 1127 907; x_wconf 81' lang='lat' dir='ltr'>petitionem,</span> 
     </span>
     <span class='ocr_line' id='line_1_16' title="bbox 131 915 1126 958; baseline -0.002 -10"><span class='ocrx_word' id='word_1_115' title='bbox 131 922 170 948; x_wconf 91' lang='lat' dir='ltr'>ut</span> <span class='ocrx_word' id='word_1_116' title='bbox 188 915 327 949; x_wconf 87' lang='lat' dir='ltr'>Cassius</span> <span class='ocrx_word' id='word_1_117' title='bbox 346 928 447 949; x_wconf 89' lang='lat' dir='ltr'>suam</span> <span class='ocrx_word' id='word_1_118' title='bbox 465 916 508 948; x_wconf 90' lang='lat' dir='ltr'>de</span> <span class='ocrx_word' id='word_1_119' title='bbox 525 915 675 949; x_wconf 88' lang='lat' dir='ltr'>Caesare</span> <span class='ocrx_word' id='word_1_120' title='bbox 692 915 907 948; x_wconf 68' lang='lat' dir='ltr'>sententiam</span> <span class='ocrx_word' id='word_1_121' title='bbox 929 915 974 947; x_wconf 92' lang='lat' dir='ltr'>ad</span> <span class='ocrx_word' id='word_1_122' title='bbox 991 927 1026 948; x_wconf 88' lang='lat' dir='ltr'>se</span> <span class='ocrx_word' id='word_1_123' title='bbox 1048 926 1126 958; x_wconf 90' lang='lat' dir='ltr'>per-</span> 
     </span>
     <span class='ocr_line' id='line_1_17' title="bbox 130 967 395 1001; baseline -0.004 0"><span class='ocrx_word' id='word_1_124' title='bbox 130 967 281 1001; x_wconf 84' lang='lat' dir='ltr'>scribere</span> <span class='ocrx_word' id='word_1_125' title='bbox 300 967 395 1000; x_wconf 90' lang='lat' dir='ltr'>velit.</span> 
     </span>
    </p>
   </div>
   <div class='ocr_carea' id='block_1_3' title="bbox 373 1049 886 1095">
    <p class='ocr_par' dir='ltr' id='par_1_3' title="bbox 373 1049 886 1095">
     <span class='ocr_line' id='line_1_18' title="bbox 373 1049 886 1095; baseline 0.002 -12"><span class='ocrx_word' id='word_1_126' title='bbox 373 1049 513 1084; x_wconf 89' lang='lat' dir='ltr'>Aliud</span> <span class='ocrx_word' id='word_1_127' title='bbox 548 1056 886 1095; x_wconf 80' lang='lat' dir='ltr'>argumentum.</span> 
     </span>
    </p>
   </div>
   <div class='ocr_carea' id='block_1_4' title="bbox 127 1117 1126 1614">
    <p class='ocr_par' dir='ltr' id='par_1_4' title="bbox 127 1117 1126 1614">
     <span class='ocr_line' id='line_1_19' title="bbox 229 1117 1126 1163; baseline -0.002 -10"><span class='ocrx_word' id='word_1_128' title='bbox 229 1118 462 1153; x_wconf 88' lang='lat' dir='ltr'>Excusatoria</span> <span class='ocrx_word' id='word_1_129' title='bbox 499 1124 552 1152; x_wconf 86' lang='lat' dir='ltr'>est</span> <span class='ocrx_word' id='word_1_130' title='bbox 587 1118 735 1163; x_wconf 88' lang='lat' dir='ltr'>epistola</span> <span class='ocrx_word' id='word_1_131' title='bbox 749 1144 758 1158; x_wconf 90' lang='lat'>,</span> <span class='ocrx_word' id='word_1_132' title='bbox 813 1118 932 1151; x_wconf 88' lang='lat' dir='ltr'>addita</span> <span class='ocrx_word' id='word_1_133' title='bbox 970 1117 1126 1163; x_wconf 81' lang='lat' dir='ltr'>querela.</span> 
     </span>
     <span class='ocr_line' id='line_1_20' title="bbox 129 1169 1125 1214; baseline -0.004 -9"><span class='ocrx_word' id='word_1_134' title='bbox 129 1171 283 1205; x_wconf 77' lang='lat' dir='ltr'>Excusat</span> <span class='ocrx_word' id='word_1_135' title='bbox 298 1170 393 1203; x_wconf 90' lang='lat' dir='ltr'>enim</span> <span class='ocrx_word' id='word_1_136' title='bbox 410 1182 446 1203; x_wconf 90' lang='lat' dir='ltr'>se</span> <span class='ocrx_word' id='word_1_137' title='bbox 464 1175 497 1202; x_wconf 87' lang='lat' dir='ltr'>et</span> <span class='ocrx_word' id='word_1_138' title='bbox 508 1169 667 1203; x_wconf 87' lang='lat' dir='ltr'>Cassium</span> <span class='ocrx_word' id='word_1_139' title='bbox 686 1171 728 1203; x_wconf 88' lang='lat' dir='ltr'>de</span> <span class='ocrx_word' id='word_1_140' title='bbox 744 1169 838 1202; x_wconf 87' lang='lat' dir='ltr'>bello</span> <span class='ocrx_word' id='word_1_141' title='bbox 856 1169 971 1209; x_wconf 74' lang='lat' dir='ltr'>civili,</span> <span class='ocrx_word' id='word_1_142' title='bbox 999 1170 1035 1201; x_wconf 92' lang='lat' dir='ltr'>in</span> <span class='ocrx_word' id='word_1_143' title='bbox 1055 1181 1125 1214; x_wconf 91' lang='lat' dir='ltr'>quo</span> 
     </span>
     <span class='ocr_line' id='line_1_21' title="bbox 129 1218 1126 1268; baseline -0.004 -12"><span class='ocrx_word' id='word_1_144' title='bbox 129 1230 279 1268; x_wconf 86' lang='lat' dir='ltr'>uterque</span> <span class='ocrx_word' id='word_1_145' title='bbox 295 1221 344 1254; x_wconf 90' lang='lat' dir='ltr'>ita</span> <span class='ocrx_word' id='word_1_146' title='bbox 361 1234 397 1255; x_wconf 90' lang='lat' dir='ltr'>se</span> <span class='ocrx_word' id='word_1_147' title='bbox 414 1221 570 1265; x_wconf 72' lang='lat' dir='ltr'>gesserst,</span> <span class='ocrx_word' id='word_1_148' title='bbox 593 1227 633 1254; x_wconf 91' lang='lat' dir='ltr'>ut</span> <span class='ocrx_word' id='word_1_149' title='bbox 648 1218 864 1265; x_wconf 87' lang='lat' dir='ltr'>reprehendi</span> <span class='ocrx_word' id='word_1_150' title='bbox 881 1221 1029 1253; x_wconf 88' lang='lat' dir='ltr'>minime</span> <span class='ocrx_word' id='word_1_151' title='bbox 1046 1233 1126 1264; x_wconf 88' lang='lat' dir='ltr'>pos-</span> 
     </span>
     <span class='ocr_line' id='line_1_22' title="bbox 127 1272 1126 1318; baseline -0.004 -11"><span class='ocrx_word' id='word_1_152' title='bbox 127 1275 217 1314; x_wconf 82' lang='lat' dir='ltr'>sint,</span> <span class='ocrx_word' id='word_1_153' title='bbox 245 1279 279 1306; x_wconf 87' lang='lat' dir='ltr'>et</span> <span class='ocrx_word' id='word_1_154' title='bbox 295 1273 400 1306; x_wconf 88' lang='lat' dir='ltr'>simul</span> <span class='ocrx_word' id='word_1_155' title='bbox 417 1272 649 1318; x_wconf 86' lang='lat' dir='ltr'>conqueritur</span> <span class='ocrx_word' id='word_1_156' title='bbox 665 1273 707 1305; x_wconf 91' lang='lat' dir='ltr'>de</span> <span class='ocrx_word' id='word_1_157' title='bbox 726 1272 916 1305; x_wconf 85' lang='lat' dir='ltr'>sceleribus</span> <span class='ocrx_word' id='word_1_158' title='bbox 934 1278 967 1304; x_wconf 88' lang='lat' dir='ltr'>et</span> <span class='ocrx_word' id='word_1_159' title='bbox 983 1272 1126 1305; x_wconf 89' lang='lat' dir='ltr'>seditio-</span> 
     </span>
     <span class='ocr_line' id='line_1_23' title="bbox 127 1323 1126 1368; baseline -0.003 -10"><span class='ocrx_word' id='word_1_160' title='bbox 127 1326 232 1358; x_wconf 83' lang='lat' dir='ltr'>nibus</span> <span class='ocrx_word' id='word_1_161' title='bbox 249 1324 287 1357; x_wconf 89' lang='lat' dir='ltr'>in</span> <span class='ocrx_word' id='word_1_162' title='bbox 303 1323 497 1368; x_wconf 86' lang='lat' dir='ltr'>republica.</span> <span class='ocrx_word' id='word_1_163' title='bbox 549 1323 747 1356; x_wconf 83' lang='lat' dir='ltr'>Exordium</span> <span class='ocrx_word' id='word_1_164' title='bbox 764 1324 955 1367; x_wconf 86' lang='lat' dir='ltr'>figuratum</span> <span class='ocrx_word' id='word_1_165' title='bbox 984 1329 1035 1356; x_wconf 87' lang='lat' dir='ltr'>est</span> <span class='ocrx_word' id='word_1_166' title='bbox 1057 1323 1126 1355; x_wconf 92' lang='lat' dir='ltr'>col-</span> 
     </span>
     <span class='ocr_line' id='line_1_24' title="bbox 128 1374 1125 1420; baseline -0.003 -11"><span class='ocrx_word' id='word_1_167' title='bbox 128 1377 262 1410; x_wconf 85' lang='lat' dir='ltr'>latione</span> <span class='ocrx_word' id='word_1_168' title='bbox 296 1376 338 1408; x_wconf 90' lang='lat' dir='ltr'>de</span> <span class='ocrx_word' id='word_1_169' title='bbox 368 1374 635 1419; x_wconf 87' lang='lat' dir='ltr'>praedicatione</span> <span class='ocrx_word' id='word_1_170' title='bbox 660 1375 847 1420; x_wconf 91' lang='lat' dir='ltr'>utriusque</span> <span class='ocrx_word' id='word_1_171' title='bbox 870 1374 1064 1408; x_wconf 88' lang='lat' dir='ltr'>voluntatis</span> <span class='ocrx_word' id='word_1_172' title='bbox 1093 1380 1125 1406; x_wconf 84' lang='lat' dir='ltr'>et</span> 
     </span>
     <span class='ocr_line' id='line_1_25' title="bbox 129 1424 1123 1470; baseline -0.004 -9"><span class='ocrx_word' id='word_1_173' title='bbox 129 1430 173 1461; x_wconf 89' lang='lat' dir='ltr'>de</span> <span class='ocrx_word' id='word_1_174' title='bbox 193 1438 296 1460; x_wconf 87' lang='lat' dir='ltr'>causa</span> <span class='ocrx_word' id='word_1_175' title='bbox 313 1426 503 1460; x_wconf 86' lang='lat' dir='ltr'>scribendi.</span> <span class='ocrx_word' id='word_1_176' title='bbox 555 1426 725 1460; x_wconf 84' lang='lat' dir='ltr'>Narratio</span> <span class='ocrx_word' id='word_1_177' title='bbox 742 1424 849 1459; x_wconf 85' lang='lat' dir='ltr'>babet</span> <span class='ocrx_word' id='word_1_178' title='bbox 867 1426 1123 1470; x_wconf 79' lang='lat' dir='ltr'>expositionem</span> 
     </span>
     <span class='ocr_line' id='line_1_26' title="bbox 130 1476 1124 1511; baseline -0.003 0"><span class='ocrx_word' id='word_1_179' title='bbox 130 1478 361 1511; x_wconf 90' lang='lat' dir='ltr'>consiliorum</span> <span class='ocrx_word' id='word_1_180' title='bbox 381 1483 415 1509; x_wconf 93' lang='lat' dir='ltr'>et</span> <span class='ocrx_word' id='word_1_181' title='bbox 432 1476 554 1509; x_wconf 84' lang='lat' dir='ltr'>iudicii</span> <span class='ocrx_word' id='word_1_182' title='bbox 577 1478 620 1509; x_wconf 93' lang='lat' dir='ltr'>de</span> <span class='ocrx_word' id='word_1_183' title='bbox 643 1477 737 1509; x_wconf 90' lang='lat' dir='ltr'>bello</span> <span class='ocrx_word' id='word_1_184' title='bbox 763 1477 870 1510; x_wconf 75' lang='lat' dir='ltr'>civili.</span> <span class='ocrx_word' id='word_1_185' title='bbox 929 1477 1016 1509; x_wconf 90' lang='lat' dir='ltr'>Post</span> <span class='ocrx_word' id='word_1_186' title='bbox 1043 1489 1124 1509; x_wconf 89' lang='lat' dir='ltr'>nar-</span> 
     </span>
     <span class='ocr_line' id='line_1_27' title="bbox 130 1526 1125 1573; baseline -0.002 -11"><span class='ocrx_word' id='word_1_187' title='bbox 130 1529 307 1562; x_wconf 85' lang='lat' dir='ltr'>rationem</span> <span class='ocrx_word' id='word_1_188' title='bbox 323 1527 472 1572; x_wconf 81' lang='lat' dir='ltr'>ponitnr</span> <span class='ocrx_word' id='word_1_189' title='bbox 489 1527 607 1561; x_wconf 80' lang='lat' dir='ltr'>brevis</span> <span class='ocrx_word' id='word_1_190' title='bbox 634 1528 791 1573; x_wconf 87' lang='lat' dir='ltr'>querela.</span> <span class='ocrx_word' id='word_1_191' title='bbox 846 1528 1037 1562; x_wconf 89' lang='lat' dir='ltr'>Conclusio</span> <span class='ocrx_word' id='word_1_192' title='bbox 1063 1526 1125 1560; x_wconf 88' lang='lat' dir='ltr'>ha-</span> 
     </span>
     <span class='ocr_line' id='line_1_28' title="bbox 129 1577 815 1614; baseline -0.001 0"><span class='ocrx_word' id='word_1_193' title='bbox 129 1581 190 1614; x_wconf 88' lang='lat' dir='ltr'>bet</span> <span class='ocrx_word' id='word_1_194' title='bbox 206 1577 496 1613; x_wconf 82' lang='lat' dir='ltr'>adhortationem</span> <span class='ocrx_word' id='word_1_195' title='bbox 513 1579 558 1612; x_wconf 92' lang='lat' dir='ltr'>ad</span> <span class='ocrx_word' id='word_1_196' title='bbox 575 1579 815 1613; x_wconf 87' lang='lat' dir='ltr'>scribendum.</span> 
     </span>
    </p>
   </div>
   <div class='ocr_carea' id='block_1_5' title="bbox 377 1663 877 1708">
    <p class='ocr_par' dir='ltr' id='par_1_5' title="bbox 377 1663 877 1708">
     <span class='ocr_line' id='line_1_29' title="bbox 377 1663 877 1708; baseline 0.004 -12"><span class='ocrx_word' id='word_1_197' title='bbox 377 1663 515 1697; x_wconf 88' lang='lat' dir='ltr'>Aliud</span> <span class='ocrx_word' id='word_1_198' title='bbox 548 1671 877 1708; x_wconf 85' lang='lat' dir='ltr'>argumentum.</span> 
     </span>
    </p>
   </div>
   <div class='ocr_carea' id='block_1_6' title="bbox 128 1731 1125 2136">
    <p class='ocr_par' dir='ltr' id='par_1_6' title="bbox 128 1731 1125 2136">
     <span class='ocr_line' id='line_1_30' title="bbox 231 1731 1123 1778; baseline -0.002 -12"><span class='ocrx_word' id='word_1_199' title='bbox 231 1731 429 1766; x_wconf 87' lang='lat' dir='ltr'>Exordium</span> <span class='ocrx_word' id='word_1_200' title='bbox 446 1742 465 1764; x_wconf 85' lang='lat' dir='ltr'>a</span> <span class='ocrx_word' id='word_1_201' title='bbox 483 1731 803 1772; x_wconf 85' lang='lat' dir='ltr'>circumductione,</span> <span class='ocrx_word' id='word_1_202' title='bbox 839 1745 856 1764; x_wconf 91' lang='lat' dir='ltr'>a</span> <span class='ocrx_word' id='word_1_203' title='bbox 874 1745 937 1766; x_wconf 91' lang='lat' dir='ltr'>suo</span> <span class='ocrx_word' id='word_1_204' title='bbox 948 1732 993 1778; x_wconf 63' lang='lat'>⁵³²³)</span> <span class='ocrx_word' id='word_1_205' title='bbox 1009 1732 1123 1765; x_wconf 79' lang='lat' dir='ltr'>officio</span> 
     </span>
     <span class='ocr_line' id='line_1_31' title="bbox 130 1782 1124 1828; baseline -0.002 -10"><span class='ocrx_word' id='word_1_206' title='bbox 130 1790 325 1828; x_wconf 89' lang='lat' dir='ltr'>sumptum.</span> <span class='ocrx_word' id='word_1_207' title='bbox 378 1782 533 1816; x_wconf 81' lang='lat' dir='ltr'>Additur</span> <span class='ocrx_word' id='word_1_208' title='bbox 556 1783 742 1817; x_wconf 86' lang='lat' dir='ltr'>correctio.</span> <span class='ocrx_word' id='word_1_209' title='bbox 800 1783 940 1816; x_wconf 89' lang='lat' dir='ltr'>Deinde</span> <span class='ocrx_word' id='word_1_210' title='bbox 964 1783 1124 1828; x_wconf 83' lang='lat' dir='ltr'>sequitur</span> 
     </span>
     <span class='ocr_line' id='line_1_32' title="bbox 128 1834 1124 1880; baseline -0.001 -11"><span class='ocrx_word' id='word_1_211' title='bbox 128 1835 271 1880; x_wconf 83' lang='lat' dir='ltr'>longior</span> <span class='ocrx_word' id='word_1_212' title='bbox 294 1835 456 1868; x_wconf 86' lang='lat' dir='ltr'>narratio</span> <span class='ocrx_word' id='word_1_213' title='bbox 489 1835 532 1867; x_wconf 90' lang='lat' dir='ltr'>de</span> <span class='ocrx_word' id='word_1_214' title='bbox 563 1834 746 1868; x_wconf 87' lang='lat' dir='ltr'>sententiis</span> <span class='ocrx_word' id='word_1_215' title='bbox 770 1841 804 1868; x_wconf 82' lang='lat' dir='ltr'>et</span> <span class='ocrx_word' id='word_1_216' title='bbox 830 1836 872 1868; x_wconf 93' lang='lat' dir='ltr'>de</span> <span class='ocrx_word' id='word_1_217' title='bbox 895 1835 989 1867; x_wconf 85' lang='lat' dir='ltr'>exitu</span> <span class='ocrx_word' id='word_1_218' title='bbox 1013 1835 1124 1868; x_wconf 80' lang='lat' dir='ltr'>civilis</span> 
     </span>
     <span class='ocr_line' id='line_1_33' title="bbox 128 1885 1123 1930; baseline -0.002 -10"><span class='ocrx_word' id='word_1_219' title='bbox 128 1887 213 1921; x_wconf 87' lang='lat' dir='ltr'>belli</span> <span class='ocrx_word' id='word_1_220' title='bbox 229 1887 322 1919; x_wconf 89' lang='lat' dir='ltr'>inter</span> <span class='ocrx_word' id='word_1_221' title='bbox 340 1886 527 1919; x_wconf 88' lang='lat' dir='ltr'>Caesarem</span> <span class='ocrx_word' id='word_1_222' title='bbox 547 1892 581 1918; x_wconf 89' lang='lat' dir='ltr'>et</span> <span class='ocrx_word' id='word_1_223' title='bbox 597 1885 824 1930; x_wconf 88' lang='lat' dir='ltr'>Pompeium.</span> <span class='ocrx_word' id='word_1_224' title='bbox 876 1885 1044 1930; x_wconf 88' lang='lat' dir='ltr'>Inprimis</span> <span class='ocrx_word' id='word_1_225' title='bbox 1063 1898 1123 1919; x_wconf 87' lang='lat' dir='ltr'>au-</span> 
     </span>
     <span class='ocr_line' id='line_1_34' title="bbox 130 1936 1123 1981; baseline -0.002 -9"><span class='ocrx_word' id='word_1_226' title='bbox 130 1946 201 1972; x_wconf 89' lang='lat' dir='ltr'>tem</span> <span class='ocrx_word' id='word_1_227' title='bbox 232 1936 300 1971; x_wconf 91' lang='lat' dir='ltr'>hac</span> <span class='ocrx_word' id='word_1_228' title='bbox 330 1937 539 1970; x_wconf 86' lang='lat' dir='ltr'>narratione</span> <span class='ocrx_word' id='word_1_229' title='bbox 564 1937 640 1970; x_wconf 67' lang='lat' dir='ltr'>vult</span> <span class='ocrx_word' id='word_1_230' title='bbox 664 1937 883 1981; x_wconf 84' lang='lat' dir='ltr'>significare,</span> <span class='ocrx_word' id='word_1_231' title='bbox 922 1949 957 1970; x_wconf 87' lang='lat' dir='ltr'>sc</span> <span class='ocrx_word' id='word_1_232' title='bbox 984 1950 1123 1981; x_wconf 79' lang='lat' dir='ltr'>semper</span> 
     </span>
     <span class='ocr_line' id='line_1_35' title="bbox 128 1988 1125 2033; baseline -0.002 -9"><span class='ocrx_word' id='word_1_233' title='bbox 128 1989 282 2024; x_wconf 81' lang='lat' dir='ltr'>extitisse</span> <span class='ocrx_word' id='word_1_234' title='bbox 306 1995 469 2022; x_wconf 85' lang='lat' dir='ltr'>autorem</span> <span class='ocrx_word' id='word_1_235' title='bbox 492 1988 600 2033; x_wconf 87' lang='lat' dir='ltr'>pacis.</span> <span class='ocrx_word' id='word_1_236' title='bbox 668 1988 708 2022; x_wconf 91' lang='lat' dir='ltr'>In</span> <span class='ocrx_word' id='word_1_237' title='bbox 733 1989 801 2021; x_wconf 76' lang='lat' dir='ltr'>fine</span> <span class='ocrx_word' id='word_1_238' title='bbox 832 1988 1050 2021; x_wconf 77' lang='lat' dir='ltr'>narrationis</span> <span class='ocrx_word' id='word_1_239' title='bbox 1074 1995 1125 2022; x_wconf 90' lang='lat' dir='ltr'>est</span> 
     </span>
     <span class='ocr_line' id='line_1_36' title="bbox 128 2037 1123 2086; baseline -0.003 -11"><span class='ocrx_word' id='word_1_240' title='bbox 128 2041 246 2075; x_wconf 91' lang='lat' dir='ltr'>brevis</span> <span class='ocrx_word' id='word_1_241' title='bbox 277 2040 432 2086; x_wconf 87' lang='lat' dir='ltr'>querela.</span> <span class='ocrx_word' id='word_1_242' title='bbox 494 2040 666 2085; x_wconf 84' lang='lat' dir='ltr'>Epilogus</span> <span class='ocrx_word' id='word_1_243' title='bbox 688 2038 796 2073; x_wconf 88' lang='lat' dir='ltr'>habet</span> <span class='ocrx_word' id='word_1_244' title='bbox 821 2037 1123 2080; x_wconf 83' lang='lat' dir='ltr'>adhortationem,</span> 
     </span>
     <span class='ocr_line' id='line_1_37' title="bbox 131 2091 1020 2136; baseline -0.002 -9"><span class='ocrx_word' id='word_1_245' title='bbox 131 2099 171 2127; x_wconf 93' lang='lat' dir='ltr'>ut</span> <span class='ocrx_word' id='word_1_246' title='bbox 187 2093 229 2125; x_wconf 88' lang='lat' dir='ltr'>de</span> <span class='ocrx_word' id='word_1_247' title='bbox 248 2091 413 2126; x_wconf 88' lang='lat' dir='ltr'>omnibus</span> <span class='ocrx_word' id='word_1_248' title='bbox 428 2091 534 2126; x_wconf 90' lang='lat' dir='ltr'>rebus</span> <span class='ocrx_word' id='word_1_249' title='bbox 551 2091 821 2136; x_wconf 87' lang='lat' dir='ltr'>diligentissime</span> <span class='ocrx_word' id='word_1_250' title='bbox 838 2091 1020 2125; x_wconf 84' lang='lat' dir='ltr'>rescribat.</span> 
     </span>
    </p>
   </div>
   <div class='ocr_carea' id='block_1_7' title="bbox 375 2173 876 2219">
    <p class='ocr_par' dir='ltr' id='par_1_7' title="bbox 375 2173 876 2219">
     <span class='ocr_line' id='line_1_38' title="bbox 375 2173 876 2219; baseline 0.006 -13"><span class='ocrx_word' id='word_1_251' title='bbox 375 2173 511 2209; x_wconf 92' lang='lat' dir='ltr'>Aliud</span> <span class='ocrx_word' id='word_1_252' title='bbox 546 2186 698 2219; x_wconf 85' lang='lat' dir='ltr'>argum</span> <span class='ocrx_word' id='word_1_253' title='bbox 712 2181 876 2209; x_wconf 87' lang='lat' dir='ltr'>entum.</span> 
     </span>
    </p>
   </div>
   <div class='ocr_carea' id='block_1_8' title="bbox 125 2240 1122 2596">
    <p class='ocr_par' dir='ltr' id='par_1_8' title="bbox 125 2240 1122 2596">
     <span class='ocr_line' id='line_1_39' title="bbox 230 2240 1122 2277; baseline 0.002 -2"><span class='ocrx_word' id='word_1_254' title='bbox 230 2240 296 2275; x_wconf 89' lang='lat' dir='ltr'>Est</span> <span class='ocrx_word' id='word_1_255' title='bbox 319 2242 480 2276; x_wconf 88' lang='lat' dir='ltr'>narratio</span> <span class='ocrx_word' id='word_1_256' title='bbox 508 2255 655 2277; x_wconf 89' lang='lat' dir='ltr'>suorum</span> <span class='ocrx_word' id='word_1_257' title='bbox 684 2243 915 2276; x_wconf 88' lang='lat' dir='ltr'>consiliorum</span> <span class='ocrx_word' id='word_1_258' title='bbox 949 2244 992 2276; x_wconf 88' lang='lat' dir='ltr'>de</span> <span class='ocrx_word' id='word_1_259' title='bbox 1028 2243 1122 2277; x_wconf 81' lang='lat' dir='ltr'>exitu</span> 
     </span>
     <span class='ocr_line' id='line_1_40' title="bbox 127 2293 1122 2338; baseline -0.001 -10"><span class='ocrx_word' id='word_1_260' title='bbox 127 2293 212 2328; x_wconf 86' lang='lat' dir='ltr'>belli</span> <span class='ocrx_word' id='word_1_261' title='bbox 239 2293 371 2335; x_wconf 81' lang='lat' dir='ltr'>civilis,</span> <span class='ocrx_word' id='word_1_262' title='bbox 411 2306 451 2327; x_wconf 90' lang='lat' dir='ltr'>ac</span> <span class='ocrx_word' id='word_1_263' title='bbox 484 2294 704 2338; x_wconf 82' lang='lat' dir='ltr'>praedicatio</span> <span class='ocrx_word' id='word_1_264' title='bbox 734 2294 846 2328; x_wconf 83' lang='lat' dir='ltr'>Cassii</span> <span class='ocrx_word' id='word_1_265' title='bbox 879 2295 1122 2336; x_wconf 83' lang='lat' dir='ltr'>consiliorum,</span> 
     </span>
     <span class='ocr_line' id='line_1_41' title="bbox 129 2344 1122 2392; baseline 0 -13"><span class='ocrx_word' id='word_1_266' title='bbox 129 2346 192 2392; x_wconf 89' lang='lat' dir='ltr'>qui</span> <span class='ocrx_word' id='word_1_267' title='bbox 209 2344 353 2379; x_wconf 84' lang='lat' dir='ltr'>Caesari</span> <span class='ocrx_word' id='word_1_268' title='bbox 376 2357 412 2378; x_wconf 92' lang='lat' dir='ltr'>se</span> <span class='ocrx_word' id='word_1_269' title='bbox 434 2345 676 2387; x_wconf 87' lang='lat' dir='ltr'>coniunxerit,</span> <span class='ocrx_word' id='word_1_270' title='bbox 712 2345 857 2391; x_wconf 89' lang='lat' dir='ltr'>eiusque</span> <span class='ocrx_word' id='word_1_271' title='bbox 887 2346 1042 2380; x_wconf 86' lang='lat' dir='ltr'>consiliis</span> <span class='ocrx_word' id='word_1_272' title='bbox 1069 2346 1122 2379; x_wconf 88' lang='lat' dir='ltr'>in-</span> 
     </span>
     <span class='ocr_line' id='line_1_42' title="bbox 128 2395 1121 2443; baseline 0 -12"><span class='ocrx_word' id='word_1_273' title='bbox 128 2397 240 2431; x_wconf 84' lang='lat' dir='ltr'>tersit.</span> <span class='ocrx_word' id='word_1_274' title='bbox 291 2395 466 2440; x_wconf 87' lang='lat' dir='ltr'>Deplorat</span> <span class='ocrx_word' id='word_1_275' title='bbox 492 2403 610 2430; x_wconf 83' lang='lat' dir='ltr'>autem</span> <span class='ocrx_word' id='word_1_276' title='bbox 639 2409 739 2431; x_wconf 88' lang='lat' dir='ltr'>suam</span> <span class='ocrx_word' id='word_1_277' title='bbox 766 2397 990 2437; x_wconf 84' lang='lat' dir='ltr'>felicitatem,</span> <span class='ocrx_word' id='word_1_278' title='bbox 1025 2399 1121 2443; x_wconf 91' lang='lat' dir='ltr'>quod</span> 
     </span>
     <span class='ocr_line' id='line_1_43' title="bbox 127 2447 1122 2493; baseline 0 -11"><span class='ocrx_word' id='word_1_279' title='bbox 127 2449 165 2482; x_wconf 89' lang='lat' dir='ltr'>in</span> <span class='ocrx_word' id='word_1_280' title='bbox 192 2447 294 2481; x_wconf 88' lang='lat' dir='ltr'>Italia</span> <span class='ocrx_word' id='word_1_281' title='bbox 330 2447 395 2488; x_wconf 92' lang='lat' dir='ltr'>sit,</span> <span class='ocrx_word' id='word_1_282' title='bbox 436 2459 455 2480; x_wconf 88' lang='lat' dir='ltr'>a</span> <span class='ocrx_word' id='word_1_283' title='bbox 491 2460 561 2493; x_wconf 89' lang='lat' dir='ltr'>qua</span> <span class='ocrx_word' id='word_1_284' title='bbox 590 2448 720 2482; x_wconf 91' lang='lat' dir='ltr'>Caesar</span> <span class='ocrx_word' id='word_1_285' title='bbox 746 2454 819 2481; x_wconf 89' lang='lat' dir='ltr'>tam</span> <span class='ocrx_word' id='word_1_286' title='bbox 847 2448 908 2482; x_wconf 92' lang='lat' dir='ltr'>diu</span> <span class='ocrx_word' id='word_1_287' title='bbox 936 2449 1045 2489; x_wconf 89' lang='lat' dir='ltr'>absit,</span> <span class='ocrx_word' id='word_1_288' title='bbox 1089 2456 1122 2482; x_wconf 93' lang='lat' dir='ltr'>et</span> 
     </span>
     <span class='ocr_line' id='line_1_44' title="bbox 125 2498 1121 2545; baseline 0.001 -12"><span class='ocrx_word' id='word_1_289' title='bbox 125 2506 249 2544; x_wconf 86' lang='lat' dir='ltr'>rogat,</span> <span class='ocrx_word' id='word_1_290' title='bbox 276 2498 363 2545; x_wconf 89' lang='lat' dir='ltr'>quid</span> <span class='ocrx_word' id='word_1_291' title='bbox 388 2505 524 2544; x_wconf 89' lang='lat' dir='ltr'>speret,</span> <span class='ocrx_word' id='word_1_292' title='bbox 549 2505 590 2532; x_wconf 90' lang='lat' dir='ltr'>ut</span> <span class='ocrx_word' id='word_1_293' title='bbox 615 2499 798 2545; x_wconf 87' lang='lat' dir='ltr'>significet.</span> <span class='ocrx_word' id='word_1_294' title='bbox 850 2499 957 2534; x_wconf 89' lang='lat' dir='ltr'>Initio</span> <span class='ocrx_word' id='word_1_295' title='bbox 986 2507 1038 2534; x_wconf 84' lang='lat' dir='ltr'>est</span> <span class='ocrx_word' id='word_1_296' title='bbox 1063 2513 1121 2534; x_wconf 92' lang='lat' dir='ltr'>oc-</span> 
     </span>
     <span class='ocr_line' id='line_1_45' title="bbox 129 2551 283 2596; baseline 0 -11"><span class='ocrx_word' id='word_1_297' title='bbox 129 2551 283 2596; x_wconf 88' lang='lat' dir='ltr'>cupatio.</span> 
     </span>
    </p>
   </div>
   <div class='ocr_carea' id='block_1_9' title="bbox 157 2683 1145 2744">
    <p class='ocr_par' dir='ltr' id='par_1_9' title="bbox 157 2683 1145 2744">
     <span class='ocr_line' id='line_1_46' title="bbox 157 2683 1145 2739; baseline -0.001 -29"><span class='ocrx_word' id='word_1_298' title='bbox 157 2686 206 2713; x_wconf 80' lang='lat'>58)</span> <span class='ocrx_word' id='word_1_299' title='bbox 224 2690 241 2708; x_wconf 84' lang='lat' dir='ltr'>a</span> <span class='ocrx_word' id='word_1_300' title='bbox 262 2686 328 2715; x_wconf 85' lang='lat' dir='ltr'>suo]</span> <span class='ocrx_word' id='word_1_301' title='bbox 353 2684 396 2709; x_wconf 83' lang='lat' dir='ltr'>sic</span> <span class='ocrx_word' id='word_1_302' title='bbox 420 2683 505 2709; x_wconf 84' lang='lat' dir='ltr'>Editt.</span> <span class='ocrx_word' id='word_1_303' title='bbox 528 2684 620 2714; x_wconf 74' lang='lat'>1556.,</span> <span class='ocrx_word' id='word_1_304' title='bbox 641 2684 735 2716; x_wconf 79' lang='lat'>1565.;</span> <span class='ocrx_word' id='word_1_305' title='bbox 770 2685 854 2711; x_wconf 74' lang='lat' dir='ltr'>mitt.</span> <span class='ocrx_word' id='word_1_306' title='bbox 876 2685 969 2717; x_wconf 81' lang='lat'>1571.,</span> <span class='ocrx_word' id='word_1_307' title='bbox 991 2686 1066 2712; x_wconf 76' lang='lat'>1596.</span> <span class='ocrx_word' id='word_1_308' title='bbox 1092 2687 1118 2710; x_wconf 85' lang='lat' dir='ltr'>et</span> <span class='ocrx_word' id='word_1_309' title='bbox 1141 2702 1145 2739; x_wconf 59' lang='grc' dir='ltr'>Ι</span> 
     </span>
     <span class='ocr_line' id='line_1_47' title="bbox 192 2725 286 2744; baseline 0.011 -1"><span class='ocrx_word' id='word_1_310' title='bbox 192 2725 209 2743; x_wconf 77' lang='lat' dir='ltr'><strong>a</strong></span> <span class='ocrx_word' id='word_1_311' title='bbox 228 2725 286 2744; x_wconf 80' lang='lat' dir='ltr'><strong>SUO·</strong></span> 
     </span>
    </p>
   </div>
   <div class='ocr_carea' id='block_1_10' title="bbox 1317 201 2031 247">
    <p class='ocr_par' dir='ltr' id='par_1_10' title="bbox 1317 201 2031 247">
     <span class='ocr_line' id='line_1_48' title="bbox 1317 201 2031 247; baseline 0.01 -14"><span class='ocrx_word' id='word_1_312' title='bbox 1317 201 1647 245; x_wconf 81' lang='lat' dir='ltr'>Argumentum</span> <span class='ocrx_word' id='word_1_313' title='bbox 1682 202 1911 247; x_wconf 88' lang='lat' dir='ltr'>epistolae</span> <span class='ocrx_word' id='word_1_314' title='bbox 1939 204 2031 241; x_wconf 79' lang='lat' dir='ltr'>XVI.</span> 
     </span>
    </p>
   </div>
   <div class='ocr_carea' id='block_1_11' title="bbox 1176 275 2175 374">
    <p class='ocr_par' dir='ltr' id='par_1_11' title="bbox 1176 275 2175 374">
     <span class='ocr_line' id='line_1_49' title="bbox 1278 275 2175 324; baseline 0.008 -14"><span class='ocrx_word' id='word_1_315' title='bbox 1278 275 1474 324; x_wconf 75' lang='lat' dir='ltr'>Iocatur59)</span> <span class='ocrx_word' id='word_1_316' title='bbox 1494 277 1531 310; x_wconf 90' lang='lat' dir='ltr'>in</span> <span class='ocrx_word' id='word_1_317' title='bbox 1548 277 1708 312; x_wconf 90' lang='lat' dir='ltr'>Cassium</span> <span class='ocrx_word' id='word_1_318' title='bbox 1727 279 1945 324; x_wconf 86' lang='lat' dir='ltr'>Epicureum</span> <span class='ocrx_word' id='word_1_319' title='bbox 1967 283 2113 324; x_wconf 88' lang='lat' dir='ltr'>factum,</span> <span class='ocrx_word' id='word_1_320' title='bbox 2141 290 2175 317; x_wconf 88' lang='lat' dir='ltr'>et</span> 
     </span>
     <span class='ocr_line' id='line_1_50' title="bbox 1176 326 1772 374; baseline 0.01 -14"><span class='ocrx_word' id='word_1_321' title='bbox 1176 326 1437 372; x_wconf 83' lang='lat' dir='ltr'>Epicureorum</span> <span class='ocrx_word' id='word_1_322' title='bbox 1454 329 1606 374; x_wconf 89' lang='lat' dir='ltr'>ineptias</span> <span class='ocrx_word' id='word_1_323' title='bbox 1621 331 1772 366; x_wconf 82' lang='lat' dir='ltr'>deridet.</span> 
     </span>
    </p>
   </div>
   <div class='ocr_carea' id='block_1_12' title="bbox 1404 413 1959 465">
    <p class='ocr_par' dir='ltr' id='par_1_12' title="bbox 1404 413 1959 465">
     <span class='ocr_line' id='line_1_51' title="bbox 1404 413 1959 465; baseline 0.011 -18"><span class='ocrx_word' id='word_1_324' title='bbox 1404 413 1543 448; x_wconf 88' lang='lat' dir='ltr'>Aliud</span> <span class='ocrx_word' id='word_1_325' title='bbox 1569 416 1959 465; x_wconf 68' lang='lat' dir='ltr'>argumentumffl).</span> 
     </span>
    </p>
   </div>
   <div class='ocr_carea' id='block_1_13' title="bbox 1179 481 2177 1389">
    <p class='ocr_par' dir='ltr' id='par_1_13' title="bbox 1179 481 2177 1389">
     <span class='ocr_line' id='line_1_52' title="bbox 1280 481 2174 530; baseline 0.006 -16"><span class='ocrx_word' id='word_1_326' title='bbox 1280 481 1391 516; x_wconf 89' lang='lat' dir='ltr'>Plena</span> <span class='ocrx_word' id='word_1_327' title='bbox 1409 490 1460 517; x_wconf 91' lang='lat' dir='ltr'>est</span> <span class='ocrx_word' id='word_1_328' title='bbox 1478 483 1565 517; x_wconf 90' lang='lat' dir='ltr'>iocis</span> <span class='ocrx_word' id='word_1_329' title='bbox 1583 490 1616 517; x_wconf 92' lang='lat' dir='ltr'>et</span> <span class='ocrx_word' id='word_1_330' title='bbox 1631 485 1756 519; x_wconf 89' lang='lat' dir='ltr'>ironiis</span> <span class='ocrx_word' id='word_1_331' title='bbox 1774 486 1936 530; x_wconf 83' lang='lat' dir='ltr'>epistola.</span> <span class='ocrx_word' id='word_1_332' title='bbox 1983 486 2076 521; x_wconf 89' lang='lat' dir='ltr'>Nam</span> <span class='ocrx_word' id='word_1_333' title='bbox 2095 498 2174 520; x_wconf 91' lang='lat' dir='ltr'>cum</span> 
     </span>
     <span class='ocr_line' id='line_1_53' title="bbox 1181 531 2176 581; baseline 0.006 -16"><span class='ocrx_word' id='word_1_334' title='bbox 1181 531 1320 567; x_wconf 82' lang='lat' dir='ltr'>Cassius</span> <span class='ocrx_word' id='word_1_335' title='bbox 1352 540 1434 566; x_wconf 89' lang='lat' dir='ltr'>ante</span> <span class='ocrx_word' id='word_1_336' title='bbox 1465 546 1604 567; x_wconf 87' lang='lat' dir='ltr'>caesum</span> <span class='ocrx_word' id='word_1_337' title='bbox 1628 536 1842 581; x_wconf 88' lang='lat' dir='ltr'>Pompeium</span> <span class='ocrx_word' id='word_1_338' title='bbox 1875 538 1997 571; x_wconf 88' lang='lat' dir='ltr'>suisset</span> <span class='ocrx_word' id='word_1_339' title='bbox 2025 538 2176 578; x_wconf 82' lang='lat' dir='ltr'>Stoicus,</span> 
     </span>
     <span class='ocr_line' id='line_1_54' title="bbox 1180 585 2175 634; baseline 0.008 -19"><span class='ocrx_word' id='word_1_340' title='bbox 1180 590 1302 627; x_wconf 90' lang='lat' dir='ltr'>postea</span> <span class='ocrx_word' id='word_1_341' title='bbox 1320 585 1529 619; x_wconf 85' lang='lat' dir='ltr'>coniunctus</span> <span class='ocrx_word' id='word_1_342' title='bbox 1551 598 1630 619; x_wconf 89' lang='lat' dir='ltr'>cum</span> <span class='ocrx_word' id='word_1_343' title='bbox 1649 587 1799 621; x_wconf 87' lang='lat' dir='ltr'>Caesare</span> <span class='ocrx_word' id='word_1_344' title='bbox 1816 589 1963 622; x_wconf 76' lang='lat' dir='ltr'>descivit</span> <span class='ocrx_word' id='word_1_345' title='bbox 1985 590 2030 622; x_wconf 93' lang='lat' dir='ltr'>ad</span> <span class='ocrx_word' id='word_1_346' title='bbox 2044 588 2175 634; x_wconf 84' lang='lat' dir='ltr'>Epicu·</span> 
     </span>
     <span class='ocr_line' id='line_1_55' title="bbox 1180 636 2176 684; baseline 0.006 -18"><span class='ocrx_word' id='word_1_347' title='bbox 1180 646 1276 667; x_wconf 90' lang='lat' dir='ltr'>ream</span> <span class='ocrx_word' id='word_1_348' title='bbox 1290 642 1433 670; x_wconf 89' lang='lat' dir='ltr'>sectam.</span> <span class='ocrx_word' id='word_1_349' title='bbox 1461 636 1612 670; x_wconf 84' lang='lat' dir='ltr'>Mirifice</span> <span class='ocrx_word' id='word_1_350' title='bbox 1627 638 1734 681; x_wconf 86' lang='lat' dir='ltr'>igitur</span> <span class='ocrx_word' id='word_1_351' title='bbox 1749 639 1841 672; x_wconf 89' lang='lat' dir='ltr'>ridet</span> <span class='ocrx_word' id='word_1_352' title='bbox 1852 652 1963 684; x_wconf 85' lang='lat' dir='ltr'>nugas</span> <span class='ocrx_word' id='word_1_353' title='bbox 1979 646 2012 673; x_wconf 89' lang='lat' dir='ltr'>et</span> <span class='ocrx_word' id='word_1_354' title='bbox 2024 641 2176 680; x_wconf 90' lang='lat' dir='ltr'>somnia,</span> 
     </span>
     <span class='ocr_line' id='line_1_56' title="bbox 1181 687 2177 732; baseline 0.007 -15"><span class='ocrx_word' id='word_1_355' title='bbox 1181 698 1271 730; x_wconf 85' lang='lat' dir='ltr'>quae</span> <span class='ocrx_word' id='word_1_356' title='bbox 1299 687 1499 720; x_wconf 84' lang='lat' dir='ltr'>docuerunt</span> <span class='ocrx_word' id='word_1_357' title='bbox 1520 687 1699 732; x_wconf 90' lang='lat' dir='ltr'>Epicurei.</span> <span class='ocrx_word' id='word_1_358' title='bbox 1759 689 1865 723; x_wconf 87' lang='lat' dir='ltr'>Initio</span> <span class='ocrx_word' id='word_1_359' title='bbox 1890 697 2008 724; x_wconf 89' lang='lat' dir='ltr'>autem</span> <span class='ocrx_word' id='word_1_360' title='bbox 2036 699 2177 726; x_wconf 85' lang='lat' dir='ltr'>accusat</span> 
     </span>
     <span class='ocr_line' id='line_1_57' title="bbox 1181 737 2174 787; baseline 0.007 -19"><span class='ocrx_word' id='word_1_361' title='bbox 1181 737 1432 780; x_wconf 82' lang='lat' dir='ltr'>negligentiam</span> <span class='ocrx_word' id='word_1_362' title='bbox 1461 738 1572 772; x_wconf 90' lang='lat' dir='ltr'>Cassii</span> <span class='ocrx_word' id='word_1_363' title='bbox 1602 739 1639 772; x_wconf 92' lang='lat' dir='ltr'>in</span> <span class='ocrx_word' id='word_1_364' title='bbox 1670 740 1858 775; x_wconf 86' lang='lat' dir='ltr'>scribendo</span> <span class='ocrx_word' id='word_1_365' title='bbox 1892 743 2076 777; x_wconf 86' lang='lat' dir='ltr'>conserens</span> <span class='ocrx_word' id='word_1_366' title='bbox 2109 755 2174 787; x_wconf 86' lang='lat' dir='ltr'>per</span> 
     </span>
     <span class='ocr_line' id='line_1_58' title="bbox 1182 785 2177 838; baseline 0.006 -17"><span class='ocrx_word' id='word_1_367' title='bbox 1182 785 1432 835; x_wconf 62' lang='grc' dir='ltr'>ἇνῖίθεσινω)</span> <span class='ocrx_word' id='word_1_368' title='bbox 1451 802 1551 823; x_wconf 88' lang='lat' dir='ltr'>suam</span> <span class='ocrx_word' id='word_1_369' title='bbox 1577 791 1818 836; x_wconf 74' lang='lat' dir='ltr'>diligentiam,</span> <span class='ocrx_word' id='word_1_370' title='bbox 1854 806 1961 838; x_wconf 88' lang='lat' dir='ltr'>quam</span> <span class='ocrx_word' id='word_1_371' title='bbox 1984 794 2065 827; x_wconf 88' lang='lat' dir='ltr'>ideo</span> <span class='ocrx_word' id='word_1_372' title='bbox 2090 794 2177 827; x_wconf 84' lang='lat' dir='ltr'>dicit</span> 
     </span>
     <span class='ocr_line' id='line_1_59' title="bbox 1182 840 2174 887; baseline 0.006 -16"><span class='ocrx_word' id='word_1_373' title='bbox 1182 851 1254 872; x_wconf 86' lang='lat' dir='ltr'>esse</span> <span class='ocrx_word' id='word_1_374' title='bbox 1287 840 1482 881; x_wconf 85' lang='lat' dir='ltr'>maiorem,</span> <span class='ocrx_word' id='word_1_375' title='bbox 1518 841 1620 887; x_wconf 88' lang='lat' dir='ltr'>quia,</span> <span class='ocrx_word' id='word_1_376' title='bbox 1656 855 1734 876; x_wconf 89' lang='lat' dir='ltr'>cum</span> <span class='ocrx_word' id='word_1_377' title='bbox 1758 844 1899 884; x_wconf 86' lang='lat' dir='ltr'>scribit,</span> <span class='ocrx_word' id='word_1_378' title='bbox 1936 851 2011 878; x_wconf 89' lang='lat' dir='ltr'>tum</span> <span class='ocrx_word' id='word_1_379' title='bbox 2034 845 2174 879; x_wconf 86' lang='lat' dir='ltr'>Cassius</span> 
     </span>
     <span class='ocr_line' id='line_1_60' title="bbox 1181 890 2175 930; baseline 0.007 -8"><span class='ocrx_word' id='word_1_380' title='bbox 1181 890 1291 924; x_wconf 89' lang='lat' dir='ltr'>oculis</span> <span class='ocrx_word' id='word_1_381' title='bbox 1309 891 1380 925; x_wconf 90' lang='lat' dir='ltr'>suis</span> <span class='ocrx_word' id='word_1_382' title='bbox 1402 891 1543 926; x_wconf 81' lang='lat' dir='ltr'>videtur</span> <span class='ocrx_word' id='word_1_383' title='bbox 1572 893 1766 928; x_wconf 73' lang='lat' dir='ltr'>observari.</span> <span class='ocrx_word' id='word_1_384' title='bbox 1828 895 1919 928; x_wconf 89' lang='lat' dir='ltr'>Hinc</span> <span class='ocrx_word' id='word_1_385' title='bbox 1943 896 2051 929; x_wconf 88' lang='lat' dir='ltr'>sumit</span> <span class='ocrx_word' id='word_1_386' title='bbox 2076 909 2175 930; x_wconf 87' lang='lat' dir='ltr'>occa-</span> 
     </span>
     <span class='ocr_line' id='line_1_61' title="bbox 1180 941 2174 991; baseline 0.006 -16"><span class='ocrx_word' id='word_1_387' title='bbox 1180 941 1315 975; x_wconf 88' lang='lat' dir='ltr'>sionem</span> <span class='ocrx_word' id='word_1_388' title='bbox 1336 943 1478 976; x_wconf 85' lang='lat' dir='ltr'>iocandi</span> <span class='ocrx_word' id='word_1_389' title='bbox 1498 950 1531 976; x_wconf 83' lang='lat' dir='ltr'>et</span> <span class='ocrx_word' id='word_1_390' title='bbox 1548 944 1720 978; x_wconf 87' lang='lat' dir='ltr'>irridendi</span> <span class='ocrx_word' id='word_1_391' title='bbox 1744 946 1897 991; x_wconf 85' lang='lat' dir='ltr'>ineptias</span> <span class='ocrx_word' id='word_1_392' title='bbox 1913 946 2107 991; x_wconf 88' lang='lat' dir='ltr'>Epicureas</span> <span class='ocrx_word' id='word_1_393' title='bbox 2131 949 2174 980; x_wconf 92' lang='lat' dir='ltr'>de</span> 
     </span>
     <span class='ocr_line' id='line_1_62' title="bbox 1180 993 2177 1043; baseline 0.007 -18"><span class='ocrx_word' id='word_1_394' title='bbox 1180 993 1266 1027; x_wconf 88' lang='lat' dir='ltr'>ideis</span> <span class='ocrx_word' id='word_1_395' title='bbox 1282 1000 1316 1027; x_wconf 92' lang='lat' dir='ltr'>et</span> <span class='ocrx_word' id='word_1_396' title='bbox 1331 993 1552 1028; x_wconf 85' lang='lat' dir='ltr'>simulachris</span> <span class='ocrx_word' id='word_1_397' title='bbox 1572 1008 1704 1037; x_wconf 89' lang='lat' dir='ltr'>rerum,</span> <span class='ocrx_word' id='word_1_398' title='bbox 1728 1010 1818 1043; x_wconf 87' lang='lat' dir='ltr'>quae</span> <span class='ocrx_word' id='word_1_399' title='bbox 1836 998 2085 1042; x_wconf 88' lang='lat' dir='ltr'>concipiuntur</span> <span class='ocrx_word' id='word_1_400' title='bbox 2102 999 2177 1032; x_wconf 89' lang='lat' dir='ltr'>ani-</span> 
     </span>
     <span class='ocr_line' id='line_1_63' title="bbox 1179 1045 2176 1095; baseline 0.007 -18"><span class='ocrx_word' id='word_1_401' title='bbox 1179 1045 1246 1078; x_wconf 88' lang='lat' dir='ltr'>mis</span> <span class='ocrx_word' id='word_1_402' title='bbox 1264 1046 1509 1089; x_wconf 81' lang='lat' dir='ltr'>cogitantium.</span> <span class='ocrx_word' id='word_1_403' title='bbox 1549 1047 1817 1093; x_wconf 56' lang='lat' dir='ltr'>BamEpicurei</span> <span class='ocrx_word' id='word_1_404' title='bbox 1833 1056 1867 1082; x_wconf 89' lang='lat' dir='ltr'>et</span> <span class='ocrx_word' id='word_1_405' title='bbox 1883 1050 1976 1082; x_wconf 91' lang='lat' dir='ltr'>inter</span> <span class='ocrx_word' id='word_1_406' title='bbox 1991 1048 2056 1084; x_wconf 92' lang='lat' dir='ltr'>hos</span> <span class='ocrx_word' id='word_1_407' title='bbox 2074 1063 2176 1095; x_wconf 83' lang='lat' dir='ltr'>prae-</span> 
     </span>
     <span class='ocr_line' id='line_1_64' title="bbox 1180 1096 2176 1145; baseline 0.006 -18"><span class='ocrx_word' id='word_1_408' title='bbox 1180 1096 1303 1140; x_wconf 91' lang='lat' dir='ltr'>cipuus</span> <span class='ocrx_word' id='word_1_409' title='bbox 1328 1097 1502 1145; x_wconf 63' lang='lat' dir='ltr'>Catiusffl)</span> <span class='ocrx_word' id='word_1_410' title='bbox 1527 1098 1670 1143; x_wconf 85' lang='lat' dir='ltr'>quidam</span> <span class='ocrx_word' id='word_1_411' title='bbox 1686 1127 1695 1141; x_wconf 86' lang='lat'>‚</span> <span class='ocrx_word' id='word_1_412' title='bbox 1730 1100 1828 1134; x_wconf 89' lang='lat' dir='ltr'>cuius</span> <span class='ocrx_word' id='word_1_413' title='bbox 1852 1099 1910 1134; x_wconf 88' lang='lat' dir='ltr'>hic</span> <span class='ocrx_word' id='word_1_414' title='bbox 1931 1102 2096 1135; x_wconf 86' lang='lat' dir='ltr'>meminit</span> <span class='ocrx_word' id='word_1_415' title='bbox 2120 1101 2176 1135; x_wconf 92' lang='lat' dir='ltr'>Ci-</span> 
     </span>
     <span class='ocr_line' id='line_1_65' title="bbox 1181 1149 2177 1198; baseline 0.005 -18"><span class='ocrx_word' id='word_1_416' title='bbox 1181 1160 1280 1187; x_wconf 81' lang='lat' dir='ltr'>cero,</span> <span class='ocrx_word' id='word_1_417' title='bbox 1308 1149 1486 1182; x_wconf 86' lang='lat' dir='ltr'>finxerunt</span> <span class='ocrx_word' id='word_1_418' title='bbox 1509 1149 1680 1194; x_wconf 77' lang='lat' dir='ltr'>imagines</span> <span class='ocrx_word' id='word_1_419' title='bbox 1702 1152 1934 1195; x_wconf 84' lang='lat' dir='ltr'>cogitantium</span> <span class='ocrx_word' id='word_1_420' title='bbox 1954 1153 1995 1185; x_wconf 92' lang='lat' dir='ltr'>de</span> <span class='ocrx_word' id='word_1_421' title='bbox 2020 1165 2177 1198; x_wconf 85' lang='lat' dir='ltr'>quacun-</span> 
     </span>
     <span class='ocr_line' id='line_1_66' title="bbox 1181 1201 2175 1245; baseline 0.005 -14"><span class='ocrx_word' id='word_1_422' title='bbox 1181 1211 1248 1244; x_wconf 89' lang='lat' dir='ltr'>que</span> <span class='ocrx_word' id='word_1_423' title='bbox 1274 1211 1312 1232; x_wconf 93' lang='lat' dir='ltr'>re</span> <span class='ocrx_word' id='word_1_424' title='bbox 1338 1201 1433 1245; x_wconf 89' lang='lat' dir='ltr'>apud</span> <span class='ocrx_word' id='word_1_425' title='bbox 1458 1201 1618 1235; x_wconf 88' lang='lat' dir='ltr'>animum</span> <span class='ocrx_word' id='word_1_426' title='bbox 1643 1209 1825 1236; x_wconf 88' lang='lat' dir='ltr'>concretas</span> <span class='ocrx_word' id='word_1_427' title='bbox 1848 1203 1956 1236; x_wconf 87' lang='lat' dir='ltr'>etiam</span> <span class='ocrx_word' id='word_1_428' title='bbox 1984 1204 2094 1238; x_wconf 89' lang='lat' dir='ltr'>oculis</span> <span class='ocrx_word' id='word_1_429' title='bbox 2118 1216 2175 1237; x_wconf 88' lang='lat' dir='ltr'>oc-</span> 
     </span>
     <span class='ocr_line' id='line_1_67' title="bbox 1181 1252 2176 1294; baseline 0.004 -11"><span class='ocrx_word' id='word_1_430' title='bbox 1181 1262 1335 1285; x_wconf 87' lang='lat' dir='ltr'>currere.</span> <span class='ocrx_word' id='word_1_431' title='bbox 1403 1252 1498 1284; x_wconf 92' lang='lat' dir='ltr'>Haec</span> <span class='ocrx_word' id='word_1_432' title='bbox 1531 1253 1765 1287; x_wconf 68' lang='lat' dir='ltr'>deliramenta</span> <span class='ocrx_word' id='word_1_433' title='bbox 1792 1254 1929 1287; x_wconf 92' lang='lat' dir='ltr'>deridet</span> <span class='ocrx_word' id='word_1_434' title='bbox 1956 1255 2100 1294; x_wconf 88' lang='lat' dir='ltr'>Cicero,</span> <span class='ocrx_word' id='word_1_435' title='bbox 2142 1262 2176 1287; x_wconf 84' lang='lat' dir='ltr'>et</span> 
     </span>
     <span class='ocr_line' id='line_1_68' title="bbox 1179 1302 2174 1347; baseline 0.006 -14"><span class='ocrx_word' id='word_1_436' title='bbox 1179 1308 1299 1345; x_wconf 91' lang='lat' dir='ltr'>postea</span> <span class='ocrx_word' id='word_1_437' title='bbox 1320 1314 1382 1346; x_wconf 90' lang='lat' dir='ltr'>per</span> <span class='ocrx_word' id='word_1_438' title='bbox 1400 1302 1517 1336; x_wconf 87' lang='lat' dir='ltr'>iocum</span> <span class='ocrx_word' id='word_1_439' title='bbox 1536 1303 1664 1339; x_wconf 83' lang='lat' dir='ltr'>invitat</span> <span class='ocrx_word' id='word_1_440' title='bbox 1684 1305 1864 1347; x_wconf 77' lang='lat' dir='ltr'>Cassium,</span> <span class='ocrx_word' id='word_1_441' title='bbox 1891 1313 1931 1340; x_wconf 87' lang='lat' dir='ltr'>ut</span> <span class='ocrx_word' id='word_1_442' title='bbox 1947 1306 2033 1340; x_wconf 81' lang='lat' dir='ltr'>velit</span> <span class='ocrx_word' id='word_1_443' title='bbox 2058 1306 2174 1340; x_wconf 86' lang='lat' dir='ltr'>redire</span> 
     </span>
     <span class='ocr_line' id='line_1_69' title="bbox 1181 1353 1562 1389; baseline 0.008 -4"><span class='ocrx_word' id='word_1_444' title='bbox 1181 1354 1225 1385; x_wconf 86' lang='lat' dir='ltr'>ad</span> <span class='ocrx_word' id='word_1_445' title='bbox 1242 1353 1398 1386; x_wconf 87' lang='lat' dir='ltr'>Stoicam</span> <span class='ocrx_word' id='word_1_446' title='bbox 1418 1361 1562 1389; x_wconf 89' lang='lat' dir='ltr'>sectam.</span> 
     </span>
    </p>
   </div>
   <div class='ocr_carea' id='block_1_14' title="bbox 1423 1438 1933 1485">
    <p class='ocr_par' dir='ltr' id='par_1_14' title="bbox 1423 1438 1933 1485">
     <span class='ocr_line' id='line_1_70' title="bbox 1423 1438 1933 1485; baseline 0.012 -14"><span class='ocrx_word' id='word_1_447' title='bbox 1423 1438 1564 1473; x_wconf 88' lang='lat' dir='ltr'>Aliud</span> <span class='ocrx_word' id='word_1_448' title='bbox 1603 1448 1933 1485; x_wconf 82' lang='lat' dir='ltr'>argumentum.</span> 
     </span>
    </p>
   </div>
   <div class='ocr_carea' id='block_1_15' title="bbox 1176 1504 2175 1952">
    <p class='ocr_par' dir='ltr' id='par_1_15' title="bbox 1176 1504 2175 1952">
     <span class='ocr_line' id='line_1_71' title="bbox 1279 1504 2174 1551; baseline 0.007 -13"><span class='ocrx_word' id='word_1_449' title='bbox 1279 1504 1387 1539; x_wconf 82' lang='lat' dir='ltr'>Initio</span> <span class='ocrx_word' id='word_1_450' title='bbox 1404 1504 1636 1551; x_wconf 88' lang='lat' dir='ltr'>reprehendit</span> <span class='ocrx_word' id='word_1_451' title='bbox 1653 1508 1831 1543; x_wconf 88' lang='lat' dir='ltr'>silentium</span> <span class='ocrx_word' id='word_1_452' title='bbox 1853 1510 1964 1545; x_wconf 89' lang='lat' dir='ltr'>Cassii</span> <span class='ocrx_word' id='word_1_453' title='bbox 1984 1511 2174 1544; x_wconf 90' lang='lat' dir='ltr'>collatione</span> 
     </span>
     <span class='ocr_line' id='line_1_72' title="bbox 1179 1557 2175 1601; baseline 0.006 -11"><span class='ocrx_word' id='word_1_454' title='bbox 1179 1568 1262 1590; x_wconf 89' lang='lat' dir='ltr'>suae</span> <span class='ocrx_word' id='word_1_455' title='bbox 1286 1557 1494 1601; x_wconf 81' lang='lat' dir='ltr'>diligentiae</span> <span class='ocrx_word' id='word_1_456' title='bbox 1518 1559 1556 1591; x_wconf 92' lang='lat' dir='ltr'>in</span> <span class='ocrx_word' id='word_1_457' title='bbox 1581 1559 1782 1595; x_wconf 88' lang='lat' dir='ltr'>scribendo.</span> <span class='ocrx_word' id='word_1_458' title='bbox 1849 1561 1988 1596; x_wconf 85' lang='lat' dir='ltr'>Deinde</span> <span class='ocrx_word' id='word_1_459' title='bbox 2011 1563 2175 1596; x_wconf 90' lang='lat' dir='ltr'>urbanis-</span> 
     </span>
     <span class='ocr_line' id='line_1_73' title="bbox 1178 1608 2174 1660; baseline 0.004 -18"><span class='ocrx_word' id='word_1_460' title='bbox 1178 1608 1265 1642; x_wconf 89' lang='lat' dir='ltr'>sime</span> <span class='ocrx_word' id='word_1_461' title='bbox 1283 1621 1363 1642; x_wconf 82' lang='lat' dir='ltr'>culn</span> <span class='ocrx_word' id='word_1_462' title='bbox 1379 1622 1420 1642; x_wconf 91' lang='lat' dir='ltr'>eo</span> <span class='ocrx_word' id='word_1_463' title='bbox 1437 1610 1576 1643; x_wconf 86' lang='lat' dir='ltr'>iocatur</span> <span class='ocrx_word' id='word_1_464' title='bbox 1594 1612 1636 1644; x_wconf 86' lang='lat' dir='ltr'>de</span> <span class='ocrx_word' id='word_1_465' title='bbox 1653 1613 1798 1656; x_wconf 84' lang='lat' dir='ltr'>spectris</span> <span class='ocrx_word' id='word_1_466' title='bbox 1811 1613 2084 1657; x_wconf 87' lang='lat' dir='ltr'>Epicureorum,</span> <span class='ocrx_word' id='word_1_467' title='bbox 2112 1614 2174 1660; x_wconf 89' lang='lat' dir='ltr'>qui</span> 
     </span>
     <span class='ocr_line' id='line_1_74' title="bbox 1178 1660 2174 1710; baseline 0.006 -17"><span class='ocrx_word' id='word_1_468' title='bbox 1178 1660 1379 1693; x_wconf 86' lang='lat' dir='ltr'>sentiebant</span> <span class='ocrx_word' id='word_1_469' title='bbox 1398 1660 1606 1706; x_wconf 90' lang='lat' dir='ltr'>simpliciter</span> <span class='ocrx_word' id='word_1_470' title='bbox 1629 1663 1671 1696; x_wconf 91' lang='lat' dir='ltr'>de</span> <span class='ocrx_word' id='word_1_471' title='bbox 1694 1664 1839 1708; x_wconf 89' lang='lat' dir='ltr'>singulis</span> <span class='ocrx_word' id='word_1_472' title='bbox 1862 1665 2070 1710; x_wconf 89' lang='lat' dir='ltr'>corporibus</span> <span class='ocrx_word' id='word_1_473' title='bbox 2095 1678 2174 1699; x_wconf 90' lang='lat' dir='ltr'>sen-</span> 
     </span>
     <span class='ocr_line' id='line_1_75' title="bbox 1178 1712 2175 1762; baseline 0.007 -19"><span class='ocrx_word' id='word_1_474' title='bbox 1178 1712 1296 1745; x_wconf 91' lang='lat' dir='ltr'>sibiles</span> <span class='ocrx_word' id='word_1_475' title='bbox 1322 1712 1494 1756; x_wconf 84' lang='lat' dir='ltr'>imagines</span> <span class='ocrx_word' id='word_1_476' title='bbox 1517 1713 1630 1747; x_wconf 82' lang='lat' dir='ltr'>sundi.</span> <span class='ocrx_word' id='word_1_477' title='bbox 1683 1715 1871 1749; x_wconf 85' lang='lat' dir='ltr'>Postremo</span> <span class='ocrx_word' id='word_1_478' title='bbox 1898 1717 1977 1750; x_wconf 90' lang='lat' dir='ltr'>loco</span> <span class='ocrx_word' id='word_1_479' title='bbox 1994 1717 2175 1762; x_wconf 87' lang='lat' dir='ltr'>vituperat</span> 
     </span>
     <span class='ocr_line' id='line_1_76' title="bbox 1179 1764 2173 1811; baseline 0.005 -16"><span class='ocrx_word' id='word_1_480' title='bbox 1179 1775 1277 1803; x_wconf 89' lang='lat' dir='ltr'>enm,</span> <span class='ocrx_word' id='word_1_481' title='bbox 1304 1765 1400 1809; x_wconf 90' lang='lat' dir='ltr'>quod</span> <span class='ocrx_word' id='word_1_482' title='bbox 1417 1764 1462 1797; x_wconf 92' lang='lat' dir='ltr'>sit</span> <span class='ocrx_word' id='word_1_483' title='bbox 1479 1765 1591 1798; x_wconf 83' lang='lat' dir='ltr'>factus</span> <span class='ocrx_word' id='word_1_484' title='bbox 1608 1765 1805 1811; x_wconf 89' lang='lat' dir='ltr'>Epicureus</span> <span class='ocrx_word' id='word_1_485' title='bbox 1818 1794 1827 1806; x_wconf 90' lang='lat'>,</span> <span class='ocrx_word' id='word_1_486' title='bbox 1862 1769 2051 1802; x_wconf 85' lang='lat' dir='ltr'>ostendens</span> <span class='ocrx_word' id='word_1_487' title='bbox 2073 1781 2108 1802; x_wconf 89' lang='lat' dir='ltr'>se</span> <span class='ocrx_word' id='word_1_488' title='bbox 2134 1775 2173 1801; x_wconf 90' lang='lat' dir='ltr'>ut</span> 
     </span>
     <span class='ocr_line' id='line_1_77' title="bbox 1178 1815 2174 1860; baseline 0.004 -13"><span class='ocrx_word' id='word_1_489' title='bbox 1178 1815 1330 1848; x_wconf 89' lang='lat' dir='ltr'>amicum</span> <span class='ocrx_word' id='word_1_490' title='bbox 1348 1816 1516 1848; x_wconf 88' lang='lat' dir='ltr'>daturum</span> <span class='ocrx_word' id='word_1_491' title='bbox 1534 1828 1680 1860; x_wconf 87' lang='lat' dir='ltr'>operam</span> <span class='ocrx_word' id='word_1_492' title='bbox 1692 1845 1701 1858; x_wconf 87' lang='lat'>,</span> <span class='ocrx_word' id='word_1_493' title='bbox 1727 1824 1768 1851; x_wconf 87' lang='lat' dir='ltr'>ut</span> <span class='ocrx_word' id='word_1_494' title='bbox 1786 1819 1915 1852; x_wconf 87' lang='lat' dir='ltr'>iterum</span> <span class='ocrx_word' id='word_1_495' title='bbox 1933 1820 1970 1852; x_wconf 92' lang='lat' dir='ltr'>in</span> <span class='ocrx_word' id='word_1_496' title='bbox 1987 1820 2174 1853; x_wconf 82' lang='lat' dir='ltr'>Academi-</span> 
     </span>
     <span class='ocr_line' id='line_1_78' title="bbox 1178 1866 2171 1912; baseline 0.008 -15"><span class='ocrx_word' id='word_1_497' title='bbox 1178 1878 1254 1898; x_wconf 90' lang='lat' dir='ltr'>cam</span> <span class='ocrx_word' id='word_1_498' title='bbox 1271 1866 1327 1898; x_wconf 81' lang='lat' dir='ltr'>vel</span> <span class='ocrx_word' id='word_1_499' title='bbox 1343 1866 1497 1899; x_wconf 89' lang='lat' dir='ltr'>Stoicam</span> <span class='ocrx_word' id='word_1_500' title='bbox 1516 1874 1667 1910; x_wconf 88' lang='lat' dir='ltr'>sectam,</span> <span class='ocrx_word' id='word_1_501' title='bbox 1692 1871 1787 1903; x_wconf 92' lang='lat' dir='ltr'>unde</span> <span class='ocrx_word' id='word_1_502' title='bbox 1803 1869 1838 1902; x_wconf 87' lang='lat' dir='ltr'>vi</span> <span class='ocrx_word' id='word_1_503' title='bbox 1856 1870 2011 1905; x_wconf 88' lang='lat' dir='ltr'>deiectus</span> <span class='ocrx_word' id='word_1_504' title='bbox 2030 1877 2092 1912; x_wconf 87' lang='lat' dir='ltr'>est,</span> <span class='ocrx_word' id='word_1_505' title='bbox 2117 1883 2171 1904; x_wconf 83' lang='lat' dir='ltr'>re—</span> 
     </span>
     <span class='ocr_line' id='line_1_79' title="bbox 1176 1917 1356 1952; baseline 0.006 -1"><span class='ocrx_word' id='word_1_506' title='bbox 1176 1917 1356 1952; x_wconf 88' lang='lat' dir='ltr'>stituatur.</span> 
     </span>
    </p>
   </div>
   <div class='ocr_carea' id='block_1_16' title="bbox 1422 2000 1916 2046">
    <p class='ocr_par' dir='ltr' id='par_1_16' title="bbox 1422 2000 1916 2046">
     <span class='ocr_line' id='line_1_80' title="bbox 1422 2000 1916 2046; baseline 0.01 -12"><span class='ocrx_word' id='word_1_507' title='bbox 1422 2000 1561 2035; x_wconf 89' lang='lat' dir='ltr'>Aliud</span> <span class='ocrx_word' id='word_1_508' title='bbox 1590 2010 1916 2046; x_wconf 85' lang='lat' dir='ltr'>argumentum.</span> 
     </span>
    </p>
   </div>
   <div class='ocr_carea' id='block_1_17' title="bbox 1175 2068 2170 2324">
    <p class='ocr_par' dir='ltr' id='par_1_17' title="bbox 1175 2068 2170 2324">
     <span class='ocr_line' id='line_1_81' title="bbox 1277 2068 2170 2113; baseline 0.007 -11"><span class='ocrx_word' id='word_1_509' title='bbox 1277 2068 1437 2113; x_wconf 88' lang='lat' dir='ltr'>Epistola</span> <span class='ocrx_word' id='word_1_510' title='bbox 1457 2077 1509 2104; x_wconf 92' lang='lat' dir='ltr'>est</span> <span class='ocrx_word' id='word_1_511' title='bbox 1525 2070 1656 2105; x_wconf 88' lang='lat' dir='ltr'>iocosa.</span> <span class='ocrx_word' id='word_1_512' title='bbox 1708 2071 1905 2106; x_wconf 84' lang='lat' dir='ltr'>Exordium</span> <span class='ocrx_word' id='word_1_513' title='bbox 1933 2073 2091 2107; x_wconf 88' lang='lat' dir='ltr'>continet</span> <span class='ocrx_word' id='word_1_514' title='bbox 2113 2086 2170 2108; x_wconf 91' lang='lat' dir='ltr'>re-</span> 
     </span>
     <span class='ocr_line' id='line_1_82' title="bbox 1175 2118 2167 2170; baseline 0.005 -17"><span class='ocrx_word' id='word_1_515' title='bbox 1175 2118 1449 2164; x_wconf 84' lang='lat' dir='ltr'>prehensionem</span> <span class='ocrx_word' id='word_1_516' title='bbox 1496 2122 1759 2158; x_wconf 84' lang='lat' dir='ltr'>taciturnitatis.</span> <span class='ocrx_word' id='word_1_517' title='bbox 1839 2124 2007 2170; x_wconf 88' lang='lat' dir='ltr'>Sequitur</span> <span class='ocrx_word' id='word_1_518' title='bbox 2050 2125 2167 2159; x_wconf 89' lang='lat' dir='ltr'>irrisio</span> 
     </span>
     <span class='ocr_line' id='line_1_83' title="bbox 1176 2172 2170 2220; baseline 0.006 -16"><span class='ocrx_word' id='word_1_519' title='bbox 1176 2178 1289 2205; x_wconf 91' lang='lat' dir='ltr'>sectae</span> <span class='ocrx_word' id='word_1_520' title='bbox 1304 2172 1563 2217; x_wconf 83' lang='lat' dir='ltr'>Epicureorum</span> <span class='ocrx_word' id='word_1_521' title='bbox 1583 2180 1755 2220; x_wconf 86' lang='lat' dir='ltr'>tanquam</span> <span class='ocrx_word' id='word_1_522' title='bbox 1772 2176 1954 2209; x_wconf 90' lang='lat' dir='ltr'>doctrinae</span> <span class='ocrx_word' id='word_1_523' title='bbox 1980 2174 2103 2217; x_wconf 89' lang='lat' dir='ltr'>nihili,</span> <span class='ocrx_word' id='word_1_524' title='bbox 2130 2183 2170 2210; x_wconf 83' lang='lat' dir='ltr'>ut</span> 
     </span>
     <span class='ocr_line' id='line_1_84' title="bbox 1176 2223 2169 2268; baseline 0.006 -13"><span class='ocrx_word' id='word_1_525' title='bbox 1176 2235 1267 2268; x_wconf 90' lang='lat' dir='ltr'>quae</span> <span class='ocrx_word' id='word_1_526' title='bbox 1287 2223 1466 2257; x_wconf 88' lang='lat' dir='ltr'>interdum</span> <span class='ocrx_word' id='word_1_527' title='bbox 1486 2225 1688 2259; x_wconf 84' lang='lat' dir='ltr'>stultissime</span> <span class='ocrx_word' id='word_1_528' title='bbox 1704 2227 1839 2260; x_wconf 86' lang='lat' dir='ltr'>rixetur</span> <span class='ocrx_word' id='word_1_529' title='bbox 1858 2228 1900 2261; x_wconf 92' lang='lat' dir='ltr'>de</span> <span class='ocrx_word' id='word_1_530' title='bbox 1923 2228 2028 2261; x_wconf 87' lang='lat' dir='ltr'>rebus</span> <span class='ocrx_word' id='word_1_531' title='bbox 2052 2234 2086 2261; x_wconf 90' lang='lat' dir='ltr'>et</span> <span class='ocrx_word' id='word_1_532' title='bbox 2106 2241 2169 2261; x_wconf 82' lang='lat' dir='ltr'>vo-</span> 
     </span>
     <span class='ocr_line' id='line_1_85' title="bbox 1177 2274 2169 2324; baseline 0.005 -17"><span class='ocrx_word' id='word_1_533' title='bbox 1177 2275 1321 2309; x_wconf 86' lang='lat' dir='ltr'>cabulis.</span> <span class='ocrx_word' id='word_1_534' title='bbox 1373 2274 1535 2310; x_wconf 90' lang='lat' dir='ltr'>Irrisioni</span> <span class='ocrx_word' id='word_1_535' title='bbox 1560 2277 1702 2311; x_wconf 89' lang='lat' dir='ltr'>additur</span> <span class='ocrx_word' id='word_1_536' title='bbox 1719 2278 1891 2322; x_wconf 88' lang='lat' dir='ltr'>praecisio</span> <span class='ocrx_word' id='word_1_537' title='bbox 1910 2291 1990 2313; x_wconf 89' lang='lat' dir='ltr'>cum</span> <span class='ocrx_word' id='word_1_538' title='bbox 2009 2279 2087 2312; x_wconf 89' lang='lat' dir='ltr'>ioco</span> <span class='ocrx_word' id='word_1_539' title='bbox 2105 2291 2169 2324; x_wconf 91' lang='lat' dir='ltr'>per</span> 
     </span>
    </p>
   </div>
   <div class='ocr_carea' id='block_1_18' title="bbox 1208 2393 2166 2526">
    <p class='ocr_par' dir='ltr' id='par_1_18' title="bbox 1208 2393 2166 2526">
     <span class='ocr_line' id='line_1_86' title="bbox 1208 2393 2166 2428; baseline 0.005 -11"><span class='ocrx_word' id='word_1_540' title='bbox 1208 2393 1257 2421; x_wconf 79' lang='lat'>59)</span> <span class='ocrx_word' id='word_1_541' title='bbox 1277 2393 1346 2417; x_wconf 79' lang='lat' dir='ltr'>Huic</span> <span class='ocrx_word' id='word_1_542' title='bbox 1375 2393 1436 2417; x_wconf 82' lang='lat' dir='ltr'>voci</span> <span class='ocrx_word' id='word_1_543' title='bbox 1461 2393 1487 2417; x_wconf 85' lang='lat' dir='ltr'>in</span> <span class='ocrx_word' id='word_1_544' title='bbox 1511 2394 1594 2419; x_wconf 78' lang='lat' dir='ltr'>Editt.</span> <span class='ocrx_word' id='word_1_545' title='bbox 1617 2394 1826 2426; x_wconf 73' lang='lat'>1540—1545.‚</span> <span class='ocrx_word' id='word_1_546' title='bbox 1852 2395 1945 2427; x_wconf 57' lang='lat'>1554„</span> <span class='ocrx_word' id='word_1_547' title='bbox 1970 2396 2063 2428; x_wconf 65' lang='lat'>1552,</span> <span class='ocrx_word' id='word_1_548' title='bbox 2089 2397 2166 2424; x_wconf 78' lang='lat'>1560.</span> 
     </span>
     <span class='ocr_line' id='line_1_87' title="bbox 1242 2427 2165 2463; baseline 0.008 -13"><span class='ocrx_word' id='word_1_549' title='bbox 1242 2428 1365 2458; x_wconf 83' lang='lat' dir='ltr'>praefixa</span> <span class='ocrx_word' id='word_1_550' title='bbox 1383 2431 1448 2452; x_wconf 87' lang='lat' dir='ltr'>sunt</span> <span class='ocrx_word' id='word_1_551' title='bbox 1464 2429 1517 2452; x_wconf 79' lang='lat' dir='ltr'>Cic,</span> <span class='ocrx_word' id='word_1_552' title='bbox 1537 2430 1621 2452; x_wconf 83' lang='lat' dir='ltr'>verba</span> <span class='ocrx_word' id='word_1_553' title='bbox 1641 2427 1681 2460; x_wconf 83' lang='lat'>(§.</span> <span class='ocrx_word' id='word_1_554' title='bbox 1697 2429 1751 2457; x_wconf 85' lang='lat'>1.):</span> <span class='ocrx_word' id='word_1_555' title='bbox 1776 2430 1850 2454; x_wconf 79' lang='lat' dir='ltr'>Puto</span> <span class='ocrx_word' id='word_1_556' title='bbox 1869 2432 1898 2454; x_wconf 81' lang='lat' dir='ltr'>te</span> <span class='ocrx_word' id='word_1_557' title='bbox 1915 2431 1974 2455; x_wconf 83' lang='lat' dir='ltr'>iam</span> <span class='ocrx_word' id='word_1_558' title='bbox 1992 2433 2165 2463; x_wconf 64' lang='lat' dir='ltr'>supputere,</span> 
     </span>
     <span class='ocr_line' id='line_1_88' title="bbox 1243 2462 2163 2520; baseline 0.005 -35"><span class='ocrx_word' id='word_1_559' title='bbox 1243 2462 1341 2492; x_wconf 86' lang='lat' dir='ltr'>quibus</span> <span class='ocrx_word' id='word_1_560' title='bbox 1359 2463 1410 2520; x_wconf 49' lang='lat'>¹2⁰⁰</span> <span class='ocrx_word' id='word_1_561' title='bbox 1427 2465 1617 2494; x_wconf 72' lang='lat' dir='ltr'>argumentum</span> <span class='ocrx_word' id='word_1_562' title='bbox 1637 2464 1663 2486; x_wconf 86' lang='lat' dir='ltr'>in</span> <span class='ocrx_word' id='word_1_563' title='bbox 1682 2464 1731 2487; x_wconf 84' lang='lat' dir='ltr'>Ed.</span> <span class='ocrx_word' id='word_1_564' title='bbox 1753 2464 1827 2490; x_wconf 80' lang='lat'>1537.</span> <span class='ocrx_word' id='word_1_565' title='bbox 1853 2464 1881 2488; x_wconf 88' lang='lat' dir='ltr'>in</span> <span class='ocrx_word' id='word_1_566' title='bbox 1904 2465 2029 2497; x_wconf 72' lang='lat' dir='ltr'>margIne</span> <span class='ocrx_word' id='word_1_567' title='bbox 2054 2466 2163 2490; x_wconf 82' lang='lat' dir='ltr'>adscri-</span> 
     </span>
     <span class='ocr_line' id='line_1_89' title="bbox 1242 2499 1388 2526; baseline 0.021 -7"><span class='ocrx_word' id='word_1_568' title='bbox 1242 2499 1316 2526; x_wconf 83' lang='lat' dir='ltr'>ptum</span> <span class='ocrx_word' id='word_1_569' title='bbox 1336 2503 1366 2520; x_wconf 86' lang='lat' dir='ltr'>es</span> <span class='ocrx_word' id='word_1_570' title='bbox 1381 2516 1388 2522; x_wconf 92' lang='lat'>.</span> 
     </span>
    </p>
   </div>
   <div class='ocr_carea' id='block_1_19' title="bbox 1205 2547 2165 2606">
    <p class='ocr_par' dir='ltr' id='par_1_19' title="bbox 1205 2547 2165 2606">
     <span class='ocr_line' id='line_1_90' title="bbox 1205 2547 2165 2584; baseline 0.007 -14"><span class='ocrx_word' id='word_1_571' title='bbox 1205 2547 1254 2576; x_wconf 79' lang='lat'>60)</span> <span class='ocrx_word' id='word_1_572' title='bbox 1273 2549 1331 2571; x_wconf 84' lang='lat' dir='ltr'>Hoc</span> <span class='ocrx_word' id='word_1_573' title='bbox 1350 2549 1540 2578; x_wconf 82' lang='lat' dir='ltr'>argumentum</span> <span class='ocrx_word' id='word_1_574' title='bbox 1562 2549 1589 2572; x_wconf 81' lang='lat' dir='ltr'>et</span> <span class='ocrx_word' id='word_1_575' title='bbox 1611 2549 1663 2573; x_wconf 91' lang='lat' dir='ltr'>duo</span> <span class='ocrx_word' id='word_1_576' title='bbox 1682 2549 1827 2580; x_wconf 79' lang='lat' dir='ltr'>sequentia</span> <span class='ocrx_word' id='word_1_577' title='bbox 1846 2550 1873 2575; x_wconf 91' lang='lat' dir='ltr'>in</span> <span class='ocrx_word' id='word_1_578' title='bbox 1888 2550 2079 2584; x_wconf 79' lang='lat' dir='ltr'>Editt.1556.‚</span> <span class='ocrx_word' id='word_1_579' title='bbox 2099 2552 2165 2577; x_wconf 79' lang='lat'>1565</span> 
     </span>
     <span class='ocr_line' id='line_1_91' title="bbox 1240 2582 1564 2606; baseline -0.003 0"><span class='ocrx_word' id='word_1_580' title='bbox 1240 2582 1360 2606; x_wconf 80' lang='lat'>—1596.</span> <span class='ocrx_word' id='word_1_581' title='bbox 1378 2583 1564 2606; x_wconf 82' lang='lat' dir='ltr'>inveniuntur.</span> 
     </span>
    </p>
   </div>
   <div class='ocr_carea' id='block_1_20' title="bbox 1206 2629 1778 2663">
    <p class='ocr_par' dir='ltr' id='par_1_20' title="bbox 1206 2629 1778 2663">
     <span class='ocr_line' id='line_1_92' title="bbox 1206 2629 1778 2663; baseline 0.005 -7"><span class='ocrx_word' id='word_1_582' title='bbox 1206 2633 1254 2662; x_wconf 86' lang='grc'>61)</span> <span class='ocrx_word' id='word_1_583' title='bbox 1273 2629 1431 2663; x_wconf 70' lang='grc' dir='ltr'>ἀντίθεσιν]</span> <span class='ocrx_word' id='word_1_584' title='bbox 1450 2634 1500 2659; x_wconf 89' lang='lat' dir='ltr'>Ed.</span> <span class='ocrx_word' id='word_1_585' title='bbox 1523 2635 1598 2660; x_wconf 80' lang='lat'>1556.</span> <span class='ocrx_word' id='word_1_586' title='bbox 1617 2634 1778 2659; x_wconf 80' lang='lat' dir='ltr'>antithesin.</span> 
     </span>
    </p>
   </div>
   <div class='ocr_carea' id='block_1_21' title="bbox 1203 2683 2160 2745">
    <p class='ocr_par' dir='ltr' id='par_1_21' title="bbox 1203 2683 2160 2745">
     <span class='ocr_line' id='line_1_93' title="bbox 1203 2683 2160 2744; baseline 0.008 -37"><span class='ocrx_word' id='word_1_587' title='bbox 1203 2683 1252 2715; x_wconf 80' lang='grc'>62)</span> <span class='ocrx_word' id='word_1_588' title='bbox 1272 2684 1442 2744; x_wconf 48' lang='lat' dir='ltr'>Clatiugtsic</span> <span class='ocrx_word' id='word_1_589' title='bbox 1460 2686 1536 2710; x_wconf 86' lang='lat' dir='ltr'>recte</span> <span class='ocrx_word' id='word_1_590' title='bbox 1549 2686 1633 2712; x_wconf 80' lang='lat' dir='ltr'>Editt.</span> <span class='ocrx_word' id='word_1_591' title='bbox 1651 2687 1738 2719; x_wconf 61' lang='lat'>1556„</span> <span class='ocrx_word' id='word_1_592' title='bbox 1760 2687 1852 2719; x_wconf 81' lang='lat'>1565.;</span> <span class='ocrx_word' id='word_1_593' title='bbox 1877 2688 1961 2714; x_wconf 82' lang='lat' dir='ltr'>Editt.</span> <span class='ocrx_word' id='word_1_594' title='bbox 1978 2689 2063 2721; x_wconf 62' lang='lat'>1571„</span> <span class='ocrx_word' id='word_1_595' title='bbox 2085 2690 2160 2716; x_wconf 79' lang='lat'>1596.</span> 
     </span>
     <span class='ocr_line' id='line_1_94' title="bbox 1239 2725 1441 2745; baseline -0.005 -2"><span class='ocrx_word' id='word_1_596' title='bbox 1239 2725 1282 2743; x_wconf 82' lang='lat' dir='ltr'>ma</span> <span class='ocrx_word' id='word_1_597' title='bbox 1296 2725 1325 2743; x_wconf 87' lang='lat' dir='ltr'>e:</span> <span class='ocrx_word' id='word_1_598' title='bbox 1371 2725 1441 2745; x_wconf 79' lang='lat' dir='ltr'>aius,</span> 
     </span>
    </p>
   </div>
  </div>
 </body>
</html>
