2351 2990
76 122 152 158 849

76 208 188 240 latam
207 207 251 240 ad
268 206 344 252 ipsa
364 207 506 251 negotia
519 234 528 247 ,
554 219 649 240 nunc
665 220 721 240 me
738 207 830 240 serio
848 214 988 241 accusat
1006 207 1075 240 exi-

77 259 228 293 stimans
250 259 327 292 sore
355 266 540 292 oratorum
563 265 762 298 certamen,
808 271 882 291 non
907 260 949 292 de
971 259 1076 292 rebus

78 311 204 354 gestis,
239 322 354 356 neque
373 312 415 344 de
438 310 591 343 utilitate
616 310 787 350 civitatis,
821 311 881 344 sed
904 312 947 344 de
972 311 1076 344 laude

80 361 318 407 eloquentiae.
370 362 508 395 Deinde
524 362 627 395 ass'ert
643 359 824 407 sophisma
839 389 847 401 ‚
873 363 971 395 iubet
988 362 1077 395 obli-

79 413 167 446 visci
184 412 393 457 opinionem
413 415 522 447 domo
548 414 692 446 allatam
719 414 761 446 de
782 420 955 459 utroque,
983 420 1022 447 ut
1048 413 1077 447 si

78 471 258 497 mercator
291 465 496 499 existimans
521 466 673 498 multum
699 477 881 509 superesse
904 465 1076 510 pecuniae

78 516 205 560 positis
223 515 381 556 calculis,
409 516 587 550 invenerit
609 515 700 550 nihil
725 529 926 561 superesse,
962 522 1078 550 mutat

82 567 310 612 opinionem:
329 567 376 600 ita
395 580 491 601 1111110
511 568 586 602 vult
603 581 686 601 suae
706 569 862 601 orationi
879 581 942 601 vos
959 579 1077 601 assen-

80 619 154 652 tiri.
206 617 351 659 Videte,
381 632 489 665 quam
508 619 718 664 languidum
736 620 781 654 sit
797 626 925 653 natura
939 646 948 659 ,
977 618 1076 664 quic-

80 669 168 715 quid
183 681 259 702 non
276 671 316 703 fit
332 670 434 705 iuste.
488 670 528 704 In
545 669 612 704 hoc
630 671 705 716 ipso
725 671 819 704 bello
838 671 999 714 exemplo
1025 671 1077 703 sa-

78 727 173 754 tetur
189 733 252 754 vos
270 721 318 754 ita
345 722 496 762 sentire,
530 735 585 755 me
608 735 674 767 pro
700 722 835 768 patria,
870 722 986 766 ipsum
1010 733 1076 765 pro

77 770 249 816 Philippo
266 773 405 807 dixisse.
459 773 535 807 Nisi
554 774 649 807 enim
665 772 752 807 haec
769 774 811 807 de
830 780 984 818 utroque
1000 772 1077 817 opi-

77 823 140 857 nio
161 830 270 864 esset,
298 837 372 858 nou
392 825 529 858 iuberet
546 838 641 859 nunc
657 839 720 859 vos
738 825 841 858 aliter
857 825 1002 858 sentire.

180 875 371 920 Perspicue
394 883 512 910 autem
537 877 723 910 ostendam
746 876 863 920 ipsum
887 888 961 909 11011
985 876 1077 909 iusta

78 926 263 972 postulare
280 940 354 961 non
373 928 515 962 calculis
532 928 667 972 positis.
703 927 895 962 Dissimilis
914 934 965 961 est
981 927 1076 960 euim

77 976 167 1011 haec
185 979 425 1023 computatio,
453 980 515 1013 sed
530 979 675 1024 negotia
699 980 775 1024 ipsa
797 980 955 1012 breviter
976 978 1078 1012 vobis

78 1029 118 1062 in
140 1030 354 1064 memoriam
376 1031 558 1076 redigens,
599 1038 640 1064 ut
662 1044 725 1065 vos
753 1031 820 1075 ipsi
846 1037 879 1064 et
909 1037 1014 1065 testes
1044 1036 1079 1064 et

79 1081 322 1116 confutatores
347 1082 434 1117 sitis.
487 1083 578 1116 Meis
604 1083 779 1123 consiliis,
815 1095 906 1128 quae
931 1082 995 1116 iste
1022 1094 1078 1115 ac-

78 1138 198 1173 cusat,
217 1131 285 1166 hoc
303 1134 466 1168 effectum
484 1141 553 1174 est,
572 1146 616 1167 ne
628 1132 795 1168 Thebani
811 1147 891 1168 cum
908 1132 1078 1178 Philippo

77 1183 253 1229 impetum
274 1185 432 1219 facerent
456 1186 493 1218 in
516 1185 692 1226 Atticam,
730 1187 827 1232 quod
853 1186 1002 1219 omnino
1024 1186 1079 1219 su-

77 1241 201 1269 turum
221 1242 317 1277 erat,
354 1238 415 1271 sed
430 1237 617 1270 nobiscum
643 1244 776 1271 stantes
802 1238 839 1270 in
863 1237 936 1270 acie
961 1237 1078 1281 ipsum

77 1293 259 1326 arcerent3
276 1287 361 1321 item
381 1300 426 1321 ne
445 1286 584 1322 hostilis
601 1289 773 1322 exercitus
791 1289 829 1321 in
842 1288 998 1321 Atticam
1015 1289 1079 1322 du-

78 1345 236 1379 ceretur,
276 1340 338 1373 sed
370 1339 408 1371 in
429 1339 509 1373 1000
533 1340 725 1380 Boeotiae,
762 1340 824 1386 qui
847 1339 1079 1384 septingentis

78 1390 202 1424 stadiis
218 1402 235 1422 a
254 1397 377 1424 nostra
393 1391 529 1425 ditione
548 1392 676 1432 distat,
705 1397 885 1430 maneret3
922 1391 1006 1424 item
1034 1403 1079 1424 ne

78 1442 281 1487 praedones
298 1454 339 1476 ex
354 1442 500 1476 Euboea
516 1444 778 1488 popularentur
797 1455 901 1488 agros
924 1449 1080 1483 nostros,

79 1494 143 1528 sed
159 1500 235 1527 toto
251 1494 335 1527 belli
353 1500 513 1539 tempore
530 1507 630 1528 mare
653 1501 820 1539 pacatum
846 1493 1079 1533 haberemus;

79 1545 166 1578 item
182 1557 227 1578 ne
241 1545 409 1591 Byzantii
425 1544 607 1587 hostibus,
635 1547 697 1580 sed
720 1547 823 1581 nobis
846 1546 1006 1580 adiuncti
1029 1559 1080 1580 es-

79 1603 169 1631 sent.
224 1597 291 1630 Hic
309 1610 439 1643 quaeso
452 1625 460 1638 ,
487 1610 534 1631 an
551 1597 640 1631 haec
655 1599 797 1643 negotia
817 1605 857 1632 ut
872 1598 998 1632 calculi
1013 1597 1080 1631 tol-

78 1648 186 1682 lenda
214 1655 316 1689 sunt,
351 1662 398 1682 an
427 1661 511 1683 vero
537 1656 748 1695 perpetuam
771 1663 844 1685 esse
868 1648 999 1683 harum
1025 1661 1081 1682 re-

78 1712 162 1733 rum
182 1700 398 1734 memoriam
424 1702 613 1745 oporteat?
648 1702 722 1736 Nec
745 1702 816 1735 iam
841 1702 954 1741 addo,
983 1701 1081 1747 quod

79 1752 326 1786 crudelitatem
358 1753 471 1797 regis,
517 1765 626 1798 quam
658 1754 834 1793 exercuit,
875 1753 1080 1798 ubicunque

79 1803 202 1850 aliquo
234 1804 313 1837 loco
346 1804 481 1848 potitus
513 1810 583 1845 est,
619 1804 697 1838 aliis
726 1804 880 1849 experiri
914 1804 1080 1847 contigit3

77 1853 314 1890 humanitatis
337 1868 444 1896 vero,
479 1867 586 1901 quam
612 1856 822 1896 simulabat,
856 1855 995 1901 reliqua
1018 1868 1079 1888 ne-

79 1908 178 1953 gotia
211 1907 363 1941 moliens
392 1920 456 1940 vos
477 1913 571 1940 recte
595 1907 758 1941 faciendo
781 1908 936 1941 fructum
958 1919 1080 1952 perce-

79 1959 193 2004 pistis.
247 1959 315 1993 Sed
335 1956 390 1992 his
409 1958 548 1992 omissis
571 1956 639 1992 hoc
662 1965 802 1993 tantum
829 1960 977 1992 addam:
1007 1958 1079 2003 Qui

80 2011 119 2044 in
137 2017 318 2044 oratorem
336 2011 446 2051 iuste,
464 2022 539 2043 non
557 2010 776 2044 calumniose
793 2011 869 2044 vult
883 2010 1078 2056 inquirere,

80 2074 157 2095 non
174 2063 269 2095 dicat
292 2062 398 2104 talia,
427 2062 547 2108 qualia
572 2075 668 2096 nunc
695 2063 888 2102 afferebas‚
917 2075 996 2096 cum
1022 2075 1079 2095 ex-

82 2114 199 2159 empla
218 2114 386 2158 fingeres,
419 2121 453 2147 et
469 2114 576 2147 verba
595 2115 772 2160 quaedam
791 2127 830 2147 ac
847 2120 963 2158 gestus
986 2114 1079 2147 deri-

81 2167 194 2200 deres.
248 2166 332 2200 Non
358 2164 454 2198 enim
478 2165 516 2198 in
541 2178 582 2199 eo
605 2167 771 2199 fortunae
790 2166 961 2199 Graeciae
985 2165 1080 2211 posi-

81 2224 139 2251 tae
158 2218 323 2258 fuerunt,
357 2216 387 2250 si
401 2214 469 2250 hoc
487 2217 543 2250 vel
554 2217 616 2250 illo
644 2219 754 2251 verbo
777 2230 859 2251 usus
885 2230 983 2257 sum,
1018 2224 1080 2251 aut

81 2267 152 2303 huc
176 2269 233 2302 vel
255 2269 339 2303 illuc
364 2280 513 2302 manum
536 2269 646 2304 movi.
706 2270 774 2303 Sed
801 2282 842 2302 ex
866 2269 1022 2304 0011511115
1046 2275 1080 2302 et

83 2321 285 2355 actionibus
310 2322 352 2354 de
375 2332 417 2354 eo
441 2320 642 2354 faciendum
667 2334 740 2356 esse
768 2321 938 2355 iudicium
963 2327 1080 2355 osten-

81 2373 166 2406 dam
178 2400 187 2413 ,
215 2385 306 2418 quae
321 2372 456 2406 fuerint
472 2372 673 2408 occasiones
691 2386 812 2407 rerum
830 2374 1080 2418 gerendarum,

82 2436 174 2470 quae
192 2424 344 2458 civitatis
359 2423 471 2464 vires,
507 2437 585 2458 cum
610 2425 744 2459 bellum
768 2426 884 2460 subito
910 2425 1014 2459 nobis
1040 2425 1081 2458 il-

82 2476 195 2510 latum
211 2482 281 2517 est,
310 2488 399 2522 quos
416 2475 530 2510 500105
547 2477 651 2511 nohis
668 2477 892 2511 adiunxerim
904 2504 913 2518 ‚
941 2483 1081 2522 postea-

84 2539 192 2573 quam
219 2528 263 2561 ad
287 2525 375 2561 haec
400 2527 547 2562 consilia
571 2529 720 2570 accessi,
756 2536 790 2563 et
815 2536 949 2575 quanta
973 2529 1082 2563 suerit

82 2576 242 2613 hostium
264 2579 438 2625 potentia.
497 2580 549 2613 Ac
575 2580 604 2614 si
623 2581 711 2615 meis
739 2581 895 2616 consiliis
927 2581 1082 2615 diminu-

84 2636 142 2664 tae
160 2638 275 2665 essent
292 2631 444 2665 civitatis
460 2631 566 2672 vires,
581 2638 665 2665 tunc
680 2645 762 2666 vere
780 2633 817 2666 111
837 2634 939 2678 culpa
958 2645 1081 2674 essem,

86 2693 127 2715 ac
145 2683 235 2716 iuste
253 2695 456 2722 accusarer3
484 2683 539 2717 sin
559 2690 677 2717 autem
696 2691 818 2719 auctae
838 2698 877 2719 ac
895 2686 1082 2719 confirma-

85 2739 142 2767 tae
161 2741 292 2775 essent,
309 2735 506 2769 calumnias
522 2735 639 2769 omitti
657 2738 858 2781 oportebat.
913 2737 1002 2771 Cum
1021 2749 1082 2771 au-

134 2792 318 2825 MELANTH.
337 2794 443 2826 011111.
477 2794 562 2825 Von.
580 2795 686 2825 xvu.

325 121 464 156 XXXV.
491 119 890 156 INTERPRETATIO
918 117 1180 155 ORATIONIS
1205 117 1549 154 DEMOSTHENIS
1576 117 1640 152 DE
1670 118 1880 154 CORONA.

2053 120 2128 157 850

1129 211 1200 239 tem
1218 203 1311 239 hanc
1329 205 1458 239 iustam
1485 205 1674 239 accusandi
1699 206 1875 238 rationem
1899 207 2032 251 fugias,
2062 221 2125 252 ego

1129 270 1208 290 mea
1227 258 1318 290 facta
1336 269 1524 302 exponam.
1579 256 1711 291 Nostra
1731 257 1853 291 civitas
1881 259 1994 292 socias
2019 257 2127 293 habe-

1128 309 1190 341 bat
1207 315 1345 342 tautum
1364 321 1495 353 paucas
1511 315 1545 342 et
1560 308 1740 342 tenuiores
1758 308 1901 343 insulas.
1946 310 2040 344 Nam
2061 324 2126 345 nec

1131 358 1240 394 Chius
1263 372 1327 393 nec
1354 358 1525 401 Rhodus,
1559 372 1624 394 nec
1649 360 1804 404 Corcyra
1832 361 2017 394 nobiscum
2043 375 2127 396 con-

1130 411 1249 445 iuncta
1286 418 1373 445 erat.
1435 411 1586 445 Tributa
1617 418 1735 445 autem
1758 412 1995 456 quadraginta
2024 414 2127 459 quin-

1130 475 1199 507 que
1217 463 1349 495 talenta
1376 460 1549 503 habebat,
1578 469 1612 496 et
1634 461 1722 496 haec
1745 469 1826 496 ante
1849 470 1988 508 tempus
2014 466 2127 509 exige-

1129 514 1272 547 bantur.
1327 513 1466 547 Deinde
1482 526 1547 547 nec
1565 515 1700 559 equites
1717 527 1781 547 nec
1800 516 1936 559 pedites
1953 516 2042 549 alios
2058 517 2125 550 nisi

1130 565 1344 598 domesticos
1379 562 1545 599 habebat.
1611 566 1800 599 Postremo
1833 568 1930 612 quod
1964 569 2126 602 omnium

1130 616 1284 649 maxime
1302 616 1461 649 terribile
1478 623 1573 656 erat,
1603 624 1636 649 et
1652 617 1847 661 plurimum
1870 619 2041 663 proderat
2064 618 2128 653 ho-

1130 667 1260 707 stibus,
1286 666 1343 700 isti
1362 668 1523 701 omnium
1541 668 1743 701 vicinorum
1759 670 1898 704 animos
1916 670 2128 706 alienarant.

1131 718 1230 752 Talis
1247 730 1327 751 cum
1346 725 1434 752 esset
1459 725 1570 753 status
1593 726 1735 752 nostrae
1763 721 1931 762 civitatis,
1969 722 2129 756 conside-

1130 776 1207 803 rate
1224 769 1314 811 iam,
1339 782 1446 815 quam
1463 771 1655 804 instructus
1674 771 1781 804 suerit
1798 770 1920 807 hostis.
1964 773 2129 807 Primum

1131 821 1206 865 ipse
1224 828 1301 854 erat
1316 822 1441 856 unicus
1457 822 1527 855 dux
1543 823 1705 855 omnium
1731 823 1910 856 sociorum
1923 850 1932 864 ‚
1967 827 2064 869 quod
2090 826 2129 858 in

1130 873 1225 906 bello
1243 873 1441 907 maximum
1460 879 1528 911 est3
1558 874 1684 907 deinde
1704 886 1843 919 semper
1861 881 1937 908 erat
1952 875 1990 908 in
2008 876 2130 918 armis,

1132 931 1166 957 et
1182 925 1332 969 pecunia
1359 925 1586 965 abundabat,
1622 932 1655 958 et
1673 925 1817 969 agebat,
1853 939 1943 972 quae
1960 940 2024 960 suo
2045 940 2130 961 con-

1131 976 1210 1010 silio
1229 977 1454 1018 decreverat,
1482 989 1556 1009 11011
1574 976 1672 1021 prius
1696 978 1852 1011 reserens
1877 980 1921 1011 ad
1943 980 2131 1023 populum,

1132 1040 1197 1061 nec
1216 1028 1416 1062 deliberans
1440 1029 1477 1061 in
1504 1029 1630 1072 vulgo,
1658 1041 1722 1062 nec
1751 1028 2014 1075 impediebatur
2039 1031 2131 1064 iudi-

1132 1079 1270 1112 ciorum
1290 1085 1325 1112 et
1341 1079 1603 1113 calumniarum
1621 1086 1738 1121 metu,
1762 1093 1827 1115 nec
1843 1082 2037 1125 cogebatur
2051 1083 2131 1116 red-

1132 1131 1216 1164 dere
1235 1131 1413 1164 rationem
1430 1144 1576 1165 suorum
1595 1132 1846 1172 consiliorum,
1868 1134 1928 1167 sed
1945 1145 2037 1167 unus
2055 1140 2132 1167 erat

1132 1182 1300 1216 dominus
1317 1189 1351 1216 et
1367 1184 1456 1224 dux,
1484 1189 1518 1217 et
1534 1183 1655 1217 omnia
1680 1184 1717 1217 in
1742 1190 1916 1228 potestate
1938 1197 2001 1218 sua
2023 1182 2132 1218 habe-

1131 1235 1204 1269 bat.
1256 1234 1333 1278 Ego
1352 1232 1434 1268 huic
1452 1235 1513 1268 tali
1529 1235 1611 1270 duci
1629 1236 1814 1280 oppositus
1832 1236 1932 1284 (nam
1951 1233 2019 1269 1100
2043 1248 2132 1281 (1110-

1134 1297 1202 1331 (1110
1235 1286 1535 1320 considerandum
1574 1288 1641 1335 est)
1675 1287 1762 1333 quid
1792 1287 1828 1321 in
1851 1300 1930 1322 mea
1956 1294 2131 1332 potestate

1133 1334 1336 1370 habebam?
1370 1337 1467 1371 Haec
1484 1338 1559 1382 ipsa
1584 1345 1740 1384 potestas
1764 1339 1925 1380 dicendi,
1961 1351 2030 1384 qua
2054 1340 2131 1373 sola

1134 1388 1333 1434 aequaliter
1362 1390 1415 1422 uti
1446 1396 1629 1434 poteram,
1675 1392 1875 1425 communis
1905 1398 2026 1424 tamen
2054 1397 2132 1424 erat

1134 1452 1215 1473 cum
1238 1439 1301 1480 iis,
1336 1440 1397 1484 qui
1416 1441 1459 1473 ab
1478 1441 1539 1474 illo
1558 1442 1720 1476 mercede
1747 1443 1914 1477 conducti
1939 1449 2059 1483 erant,
2098 1448 2132 1476 et

1135 1491 1275 1537 quoties
1293 1491 1436 1525 illorum
1453 1494 1626 1527 sententia
1644 1494 1723 1538 plus
1739 1495 1869 1535 valuit,
1895 1500 1935 1528 ut
1953 1506 2057 1539 saepe
2076 1505 2132 1527 ac-

1135 1542 1221 1576 cidit
1252 1543 1493 1590 qualicunque
1523 1547 1729 1586 occasione,
1770 1546 1980 1590 suffragatio
2013 1552 2132 1579 vestra

1134 1592 1295 1628 hostibus
1314 1596 1495 1639 proderat.
1546 1596 1643 1631 Inter
1658 1595 1743 1630 haee
1759 1604 1857 1631 tanta
1874 1597 2131 1642 impedimenta

1134 1652 1256 1679 tamen
1273 1646 1374 1680 vobis
1392 1647 1538 1681 adiunxi
1554 1650 1688 1689 socios,
1717 1649 1779 1694 qui
1799 1649 1929 1683 auxilia
1958 1648 2133 1683 miserunt

1137 1695 1262 1732 15000
1279 1698 1440 1742 peditum
1459 1701 1610 1735 012000
1628 1700 1788 1747 equitum
1811 1707 1954 1746 praeter
1976 1701 2132 1735 urbanas

1135 1750 1266 1794 copias.
1322 1750 1457 1796 Collegi
1473 1751 1599 1793 etiam,
1628 1759 1803 1798 quantum
1820 1753 1992 1797 pecuniae
2017 1751 2132 1797 potui.

1135 1801 1243 1847 Quod
1268 1808 1387 1835 autem
1411 1815 1507 1836 nunc
1530 1803 1707 1848 disputas,
1741 1816 1816 1837 non
1838 1804 1944 1838 fuisse
1965 1804 2132 1850 aequales

1133 1859 1296 1898 sumptus
1328 1860 1472 1888 nostrae
1505 1853 1658 1889 civitatis
1682 1862 1716 1889 et
1739 1855 1938 1897 sociorum,
1972 1856 2132 1900 primum

1133 1905 1279 1949 ignoras
1296 1905 1404 1939 etiam
1422 1912 1526 1940 antea
1543 1905 1581 1939 in
1596 1906 1761 1951 periculis
1773 1907 2034 1948 communibus,
2052 1919 2133 1940 cum

1133 1963 1209 1990 tota
1227 1957 1345 1991 classis
1362 1964 1451 1991 esset
1468 1964 1708 1993 trecentarum
1730 1959 1930 1993 triremium
1942 1987 1951 2000 ,
1969 1965 2132 1993 nostram

1134 2008 1312 2041 civitatem
1332 2009 1539 2043 instruxisse
1555 2010 1724 2045 ducentas
1735 2037 1744 2051 ,
1766 2024 1831 2044 1100
1846 2011 1944 2044 illam
1960 2011 2133 2056 inaequa-

1132 2060 1271 2093 litatem
1296 2061 1491 2105 defugisse,
1530 2074 1646 2108 neque
1671 2075 1833 2097 suasores
1858 2069 2050 2108 propterea
2076 2074 2133 2095 ac-

1133 2124 1290 2152 cusasse,
1326 2113 1362 2146 id
1381 2113 1476 2146 enim
1496 2119 1599 2157 turpe
1623 2114 1764 2155 suisset,
1797 2115 1858 2148 sed
1875 2114 1953 2148 Deo
1980 2113 2132 2158 gratiam

1133 2162 1319 2205 habuisse,
1357 2166 1454 2210 quod
1471 2165 1508 2198 in
1534 2167 1717 2199 communi
1740 2166 1898 2211 periculo
1926 2166 2036 2211 duplo
2059 2177 2134 2199 ma-

1133 2215 1210 2249 iora
1226 2228 1335 2249 onera
1353 2229 1420 2261 pro
1441 2217 1554 2250 salute
1570 2218 1710 2262 publica
1727 2218 1934 2253 sustinebat.
1988 2218 2132 2251 Postre-

1134 2280 1193 2301 mo
1217 2266 1283 2301 hac
1309 2269 1486 2302 calumnia
1520 2268 1665 2302 inanem
1697 2269 1849 2314 gratiam
1881 2270 1972 2303 inire
2002 2269 2134 2309 studes,

1133 2332 1229 2354 nunc
1259 2319 1365 2361 dicis,
1409 2320 1495 2367 quid
1525 2321 1583 2365 agi
1611 2321 1830 2366 oportuerit,
1867 2328 1952 2355 tunc
1978 2321 2134 2362 tacebas,

1134 2384 1214 2405 cum
1251 2372 1395 2418 quidem
1431 2373 1580 2407 adesses.
1649 2373 1722 2407 Cur
1747 2380 1831 2407 tunc
1854 2385 1930 2407 non
1954 2373 2134 2408 scribebas

1134 2421 1242 2464 haec,
1269 2424 1298 2458 si
1317 2424 1499 2469 possibilia
1520 2425 1648 2458 erant?
1676 2438 1717 2459 eo
1733 2432 1895 2470 tempore
1914 2439 1989 2460 non
2012 2426 2134 2473 qualia

1127 2476 1363 2527 yolebamus,
1391 2478 1452 2511 sed
1470 2477 1589 2522 qualia
1609 2489 1664 2511 res
1682 2478 1942 2520 concedebant,
1971 2478 2131 2523 eligenda

1135 2534 1248 2562 erant.
1298 2529 1447 2563 Praesto
1468 2528 1563 2562 enim
1581 2536 1658 2563 erat
1673 2527 1804 2572 hostis,
1831 2530 1892 2576 qui
1917 2530 2088 2564 alienatos
2112 2541 2133 2562 a

1134 2580 1239 2614 nobis
1253 2593 1338 2614 mox
1353 2580 1558 2614 licitabatur
1570 2607 1579 2621 ‚
1607 2587 1642 2614 et
1657 2582 1724 2616 sibi
1748 2583 1965 2627 adiungebat
1987 2583 2133 2627 insuper

1136 2633 1242 2666 etiam
1261 2633 1449 2677 pecuniam
1467 2632 1633 2676 largiens.

1240 2684 1328 2718 Cum
1347 2691 1466 2718 autem
1483 2696 1579 2717 nunc
1594 2684 1741 2719 retentis
1760 2684 1798 2718 in
1815 2685 1932 2719 officio
1959 2684 2062 2719 sociis
2088 2697 2130 2718 eo

1137 2734 1396 2781 reprehendat,
1426 2737 1522 2782 quod
1539 2748 1615 2770 11011
1640 2736 1787 2772 duriora
1811 2749 1920 2771 onera
1942 2737 1991 2772 eis
2016 2737 2131 2782 impo-

1517 2785 1567 2822 54
