2351 2990
197 112 271 148 919

194 207 270 233 tum
290 212 407 232 meum
426 199 637 245 quibusdam
663 201 887 241 ostenderes,
916 206 1087 245 tanquam
1115 212 1189 233 me-

196 258 270 285 tum
288 251 442 296 aliquem
461 257 494 283 et
513 252 674 285 dolorem
696 264 780 296 prae
797 264 853 284 me
878 252 1006 284 serrem
1021 278 1029 291 ‚
1065 257 1100 284 et
1127 263 1188 283 vo·-

196 314 278 336 cans
315 314 371 335 me
406 303 650 346 cornigerum,
692 304 917 346 praedicares
953 309 985 335 te
1014 314 1185 335 coronam

194 360 422 397 sumpturum
442 366 535 393 esse,
563 355 591 388 si
610 354 694 398 quid
715 355 853 388 adversi
872 355 1075 387 Alexandro
1099 354 1188 386 aeci-

193 405 304 438 deret.
358 404 397 437 ln
422 411 518 437 tanta
543 404 725 438 occasione
750 403 839 438 nihil
866 405 1021 449 gessisti,
1056 405 1188 439 scilicet

194 456 361 489 disserens
375 456 519 489 consilia
539 456 575 488 in
593 457 815 490 commodius
834 457 978 502 aliquod
998 463 1149 501 tempus.

296 507 363 540 Sed
383 506 520 540 omissis
536 507 622 546 illis,
638 507 754 540 dicam
773 508 815 540 de
831 505 905 548 his,
923 520 1013 554 quae
1031 508 1067 540 in
1083 520 1186 552 prae-

192 557 306 592 sentia
343 564 418 590 acta
447 564 541 591 sunt.
600 557 876 592 Lacedaemonii
911 566 944 593 et
973 558 1186 593 conducticii

193 609 321 642 milites
344 609 481 652 proelio
506 609 597 642 sacto
623 622 701 643 cum
724 608 929 655 Corrhago,
965 611 1086 656 copias
1112 610 1186 643 eius

193 660 410 694 deleverunt.
478 660 748 694 Coniunxerant
789 668 907 695 autem
949 674 986 696 se
1022 675 1100 696 cum
1138 661 1186 695 eis

193 723 316 744 omnes
338 710 415 744 Elei
434 710 478 757 l⁵)
505 718 539 745 et
560 710 694 746 Achaei
723 720 866 757 praeter
889 713 1117 753 Pellenaeos,
1153 719 1187 746 et

191 768 264 795 tota
285 762 436 795 Arcadia
454 769 594 807 praeter
613 776 779 808 magnam
802 765 946 803 urbem3
980 763 1067 798 haec
1091 764 1185 798 enim

190 813 421 857 premebatur
455 814 659 855 obsidione,
694 822 727 848 et
752 815 911 861 quotidie
935 816 1124 849 videbatur
1150 815 1187 848 in

190 862 347 898 hostium
373 871 585 910 potestatem
611 873 773 901 ventura.
835 867 1039 901 Alexander
1067 873 1186 901 autern

189 917 316 960 procul
334 922 430 949 extra
457 917 736 962 septentrionem
764 924 798 951 et
823 931 936 963 paene
962 925 1059 952 extra
1083 930 1188 952 mun-

190 968 275 1001 dum
295 968 429 1002 aberat.
481 969 671 1013 Antipater
689 975 808 1002 autem
833 977 1025 1015 occupatus
1050 976 1126 1003 erat
1149 970 1187 1002 in

189 1017 444 1053 contrahendis
475 1020 667 1060 militibus,
710 1026 744 1053 et
780 1021 893 1055 exitus
933 1028 1009 1055 erat
1046 1021 1186 1056 dubius.

188 1070 257 1104 Hic
278 1071 443 1111 ostende,
479 1071 565 1116 quid
590 1071 804 1115 susceperis,
839 1084 886 1105 an
909 1073 1097 1107 consilium
1123 1073 1186 1105 ali-

190 1123 287 1167 quod
322 1122 457 1155 civitati
487 1123 638 1157 dederis.
699 1123 807 1168 Quod
837 1124 866 1157 si
894 1124 966 1166 vis,
999 1124 1186 1169 tantisper,

188 1174 275 1207 dum
293 1173 440 1213 recitas,
467 1175 589 1207 cedam
608 1174 673 1207 tibi
691 1175 734 1207 de
751 1181 927 1219 suggestO.
981 1175 1075 1221 Quia
1098 1187 1184 1209 vero

189 1230 302 1264 taces,
335 1224 479 1268 ignosco
505 1225 570 1258 tibi
595 1226 794 1265 dubitanti;
833 1239 956 1260 verum
983 1239 1076 1273 quae
1100 1235 1186 1261 tunc

188 1275 339 1315 dixeris,
367 1288 430 1321 ego
448 1288 542 1310 nunc
560 1278 864 1312 commemorabo.

289 1327 371 1361 Non
387 1328 599 1362 meministis
615 1329 689 1363 eius
706 1329 824 1373 turpia
842 1335 877 1362 et
892 1329 1045 1363 absurda
1064 1329 1185 1369 verba,

188 1389 279 1424 quae
313 1391 376 1412 vos
412 1379 519 1412 ferrei
547 1380 670 1413 audire
691 1379 925 1420 sustinuistis,
961 1381 1106 1426 quando
1130 1380 1184 1413 in-

188 1429 283 1474 quit:
319 1430 477 1474 Quidam
493 1431 719 1465 vindemiant
736 1433 861 1465 urbem
873 1457 882 1471 ,
917 1437 1105 1475 amputant
1120 1444 1184 1476 po-

186 1481 311 1525 pulum
329 1488 501 1527 tanquam
520 1483 704 1527 palmites,
732 1482 944 1526 praecidunt
960 1494 1081 1516 rerum
1103 1494 1184 1515 ner-

187 1543 268 1570 vos;
297 1533 547 1577 compellimur
570 1534 608 1566 in
633 1540 769 1567 arctum
796 1533 892 1567 velut
914 1540 1076 1578 sportae,
1105 1534 1183 1579 qui-

186 1583 270 1616 dam
289 1584 386 1617 velut
402 1596 467 1618 acu
493 1585 656 1618 dissuunt
678 1597 754 1618 nos.
807 1585 904 1618 Haec
927 1591 1048 1618 utrum
1074 1585 1181 1618 verba

187 1646 233 1666 an
250 1640 415 1678 portenta
435 1636 668 1670 existimanda
694 1636 800 1669 sunt?
827 1635 875 1669 Et
900 1648 1041 1677 rursus,
1070 1648 1182 1682 quan-

186 1686 233 1718 do
263 1686 410 1719 volvens
442 1693 474 1719 te
503 1688 593 1720 circa
628 1687 805 1732 pulpitum
832 1687 970 1727 dixisti,
1007 1694 1180 1733 tanquam

184 1736 389 1770 Alexandro
407 1739 615 1772 adversans:
651 1738 783 1771 Fateor
797 1752 854 1773 me
877 1737 1038 1773 Lacones
1064 1739 1182 1773 conci-

185 1794 296 1828 tasse,
323 1789 438 1822 fateor
458 1801 515 1822 me
542 1788 731 1824 Thessalos
755 1796 787 1823 et
803 1788 1027 1824 Perrhaebos
1054 1792 1098 1824 ad
1121 1792 1181 1824 de-

184 1839 373 1872 sectionem
400 1840 592 1885 impulisse.
646 1841 704 1875 Tu
728 1853 839 1875 unum
863 1841 981 1875 vicum
1006 1855 1182 1882 moveres,

185 1902 265 1924 cum
284 1892 329 1924 ad
346 1892 492 1925 domum
509 1893 666 1933 nullam,
694 1893 731 1925 in
751 1905 820 1938 qua
845 1893 982 1938 aliquid
1009 1900 1060 1928 est
1088 1893 1181 1938 peri-

185 1942 274 1983 culi,
307 1944 439 1977 nedum
473 1945 517 1977 ad
541 1944 665 1977 urbem
690 1944 847 1990 aliquam
874 1945 1039 1978 accedere
1064 1945 1181 1979 ausis?

184 1993 254 2027 Sed
287 1994 349 2027 ubi
375 1995 525 2039 pecunia
551 1995 616 2028 tibi
641 1995 828 2036 obiicitur,
862 1996 1039 2036 adcurris,
1072 2009 1181 2041 nego-

185 2045 274 2078 tium
293 2052 411 2078 autem
435 2046 513 2080 viro
540 2047 686 2091 dignum
710 2059 896 2092 nunquam
922 2059 1044 2091 gerere
1069 2049 1180 2087 soles;

184 2098 244 2130 sed
263 2097 328 2129 tibi
352 2097 494 2131 laudem
520 2110 686 2142 arrogas,
723 2098 752 2132 si
776 2099 860 2144 quid
885 2100 977 2131 sorte
1000 2099 1180 2141 acciderit,

185 2154 218 2181 et
234 2154 334 2181 tuum
351 2161 486 2182 nomen
502 2151 547 2183 ad
562 2150 694 2182 factum
716 2150 903 2183 adscribis:
932 2162 1071 2191 rursus,
1100 2164 1179 2184 cum

185 2199 310 2232 incidit
334 2200 552 2244 periculum,
585 2201 693 2245 sugis;
730 2202 790 2234 sed
815 2213 894 2235 cum
921 2208 1018 2234 extra
1043 2202 1181 2246 pericu-

184 2251 257 2283 lum
275 2263 417 2291 sumus,
448 2252 650 2296 praemium
668 2252 825 2296 flagitas,
860 2259 894 2286 et
915 2252 968 2286 vis
992 2253 1056 2286 tibi
1079 2266 1180 2287 coro-

188 2313 252 2335 nas
268 2303 423 2337 decerni.

287 2353 357 2387 Sed
372 2355 480 2388 iactat
495 2365 530 2387 se
548 2354 757 2398 popularem
775 2366 860 2388 esse.
903 2354 1010 2399 Quod
1026 2354 1054 2388 si
1070 2354 1181 2400 respi-

186 2403 283 2437 cietis
298 2405 371 2439 eius
388 2405 573 2450 magnifica
591 2407 697 2439 verba
710 2433 719 2447 ‚
747 2406 899 2450 decipiet
920 2418 984 2440 vos
1004 2406 1094 2440 sicut
1118 2418 1181 2439 an-

186 2462 263 2493 tea;
299 2457 358 2489 sed
388 2457 416 2490 si
444 2464 611 2490 naturam
637 2458 710 2491 eius
737 2464 771 2491 et
795 2470 871 2490 rem
897 2457 1179 2498 considerabitis,

186 2519 259 2540 non
277 2508 452 2541 errabitis.
505 2508 640 2541 Verum
657 2510 705 2543 sic
725 2509 908 2543 excutiatis
935 2521 1014 2542 eum
1028 2536 1037 2549 ,
1066 2515 1100 2542 et
1123 2521 1180 2542 ra-

186 2559 321 2591 tionem
345 2559 388 2591 ab
406 2571 446 2592 eo
463 2560 658 2602 postuletis.
711 2560 787 2605 Ego
804 2561 997 2594 subducam
1021 2560 1178 2594 rationes

226 2696 271 2722 15)
293 2694 366 2722 Elei]
386 2695 454 2717 hanc
473 2694 587 2717 sormam
601 2694 742 2723 vulgarem
756 2694 914 2724 scripsimus
929 2700 994 2726 pro:
1020 2694 1106 2727 Eleii,
1126 2701 1177 2725 qua

256 2730 305 2754 Εὐ.
328 2729 401 2754 1562.
422 2734 549 2760 graecam
567 2726 665 2752 Ἠλεῖοι
684 2729 708 2751 h.
729 2729 746 2752 Ι.
767 2730 901 2759 exprimit.

802 114 924 149 PHIL.
954 113 1066 148 MEL.
1095 112 1297 149 SCRIPTA
1323 113 1660 151 PHILOLOGICA.

2162 115 2239 152 920

1243 199 1446 241 vobiscum,
1488 202 1628 247 qualem
1654 214 1726 236 esse
1752 201 1941 235 conveniat
1966 213 2067 242 eum,
2105 201 2167 247 qui
2193 202 2239 236 sit

1241 263 1323 284 vere
1339 252 1522 296 popularis
1541 265 1579 286 ac
1598 254 1802 287 moderatus
1821 253 1924 292 civis;
1953 259 2096 286 econtra
2115 252 2240 298 depin-

1241 314 1321 346 gam
1354 303 1581 338 ambitiosum
1607 311 1642 338 et
1665 305 1868 349 improbum
1893 304 2018 338 civem.
2078 303 2152 339 Vos
2177 316 2239 338 au·

1241 360 1311 386 tem
1345 356 1500 388 conserte
1525 353 1588 389 has
1611 356 1782 400 imagines
1806 357 1898 389 inter
1922 368 1978 395 se,
2021 361 2055 388 et
2082 361 2239 389 contem-

1240 405 1392 449 plamini
1411 419 1490 439 eum
1503 433 1511 446 ‚
1539 407 1609 439 utri
1627 408 1778 441 similior
1795 408 1858 448 sit,
1885 420 1959 440 non
1979 406 2161 448 oratione,
2177 407 2237 441 sed

1240 457 1412 490 moribus.

1342 507 1646 553 Existimoitaque
1664 520 1788 543 omnes
1805 522 1867 543 vos
1883 508 1999 549 fateri,
2016 509 2113 554 quod
2131 520 2239 553 opor·

1241 565 1313 591 teat
1329 559 1463 593 bonum
1485 565 1519 592 et
1534 560 1743 604 popularem
1759 561 1870 594 civem
1892 560 1998 594 talem
2022 572 2107 594 esse.
2158 559 2238 593 Pri-

1241 623 1339 642 mum
1357 611 1402 643 sit
1420 610 1614 654 ingenuus,
1642 611 1761 645 liberis
1787 611 1994 656 parentibus
2016 617 2237 656 procreatus,

1242 673 1286 694 ne
1304 667 1452 706 propter
1468 662 1606 706 generis
1628 660 1866 696 humilitatem
1891 663 2047 706 legibus,
2080 674 2172 708 quae
2195 662 2238 695 li-

1241 713 1371 746 bertati
1386 714 1525 753 favent,
1558 713 1603 747 sit
1622 714 1789 748 infensus.
1841 713 1980 747 Deinde
2006 720 2148 758 oportet
2172 713 2236 746 ali-

1243 765 1339 809 quod
1355 764 1564 798 beneficium
1586 765 1762 799 maiorum
1781 765 1890 810 ipsius
1917 771 2035 798 extare
2061 764 2098 797 in
2121 776 2237 809 popu-

1241 815 1336 855 lum,
1372 822 1434 849 aut
1458 822 1570 856 certe,
1609 817 1705 862 quod
1727 815 1964 850 necessarium
1992 822 2062 857 est,
2096 815 2236 849 nullum

1242 879 1315 900 esse
1340 867 1520 911 publicum
1547 867 1670 901 odium
1697 868 1849 902 civitatis
1862 868 2040 901 -adversus
2065 879 2144 908 eos,
2179 878 2237 908 ne,

1241 918 1270 951 si
1289 925 1438 952 conetur
1455 931 1515 952 eos
1531 919 1665 959 ulcisci,
1693 919 1828 952 civitati
1845 919 1979 952 malum
1998 916 2236 953 machinetur.

1242 968 1367 1003 Tertio
1400 970 1568 1002 convenit
1598 970 1714 1015 ipsum
1742 971 1886 1015 ingenio
1909 970 2072 1004 modesto
2098 980 2172 1004 esse
2196 969 2236 1002 in

1242 1020 1452 1066 quotidiana
1469 1021 1561 1061 vita,
1589 1034 1633 1054 ne
1656 1021 1814 1066 patiatur
1836 1034 1872 1056 se
1892 1021 2043 1066 pecunia
2070 1033 2089 1055 a
2117 1020 2234 1066 patria

1242 1072 1458 1113 abalienari,
1485 1073 1579 1106 unde
1602 1073 1724 1107 luxum
1748 1073 1900 1106 tolerare
1925 1079 2042 1118 queat.

1239 1123 1285 1156 sit
1310 1130 1344 1157 et
1367 1124 1558 1168 prudentia
1586 1131 1620 1157 et
1641 1124 1844 1170 eloquentia
1870 1124 2073 1158 instructus.

1240 1175 1376 1209 clarum
1397 1181 1447 1209 est
1463 1175 1558 1208 enim
1576 1175 1611 1208 in
1629 1176 1780 1220 publicis
1797 1175 1952 1209 consiliis
1968 1187 2007 1208 ea
2019 1202 2028 1216 ,
2044 1186 2136 1220 quae
2153 1179 2236 1209 sunt

1239 1223 1486 1260 honestissima
1499 1253 1508 1267 ,
1534 1227 1663 1271 eligere
1681 1233 1716 1260 et
1732 1227 1852 1272 sequi,
1875 1232 1909 1260 et
1925 1232 2022 1259 tanta
2041 1238 2114 1259 esse
2129 1237 2234 1270 prae-

1239 1277 1353 1310 ditum
1385 1284 1459 1311 tum
1491 1278 1702 1318 autoritate,
1738 1284 1812 1311 tum
1846 1277 2070 1322 eloquentia,
2110 1282 2151 1310 ut
2172 1276 2233 1309 illa

1238 1329 1373 1372 populo
1395 1329 1610 1372 persuadere
1636 1335 1760 1374 queat3
1800 1334 1834 1362 et
1857 1334 1897 1361 ut
1920 1326 1989 1361 hoc
2012 1339 2086 1360 non
2109 1326 2234 1372 possit,

1238 1386 1358 1412 tamen
1396 1386 1447 1413 est
1485 1380 1715 1413 anteferenda
1760 1379 1984 1425 eloquentiae
2030 1378 2233 1422 prudentia.

1238 1430 1375 1475 Quinto
1393 1431 1516 1474 magni
1532 1431 1643 1463 animi
1660 1431 1724 1471 sit,
1750 1442 1794 1463 ne
1812 1430 1848 1463 in
1871 1429 2040 1475 periculis
2065 1441 2106 1462 ac
2132 1428 2234 1462 hellis

1237 1482 1410 1526 populum
1428 1482 1579 1515 deserat.

1339 1533 1386 1565 At
1399 1530 1454 1566 his
1469 1531 1659 1566 virtutibus
1675 1531 1856 1565 contraria
1881 1530 1965 1565 vitia
1991 1529 2099 1565 habet
2120 1530 2235 1565 ambi-

1236 1583 1347 1618 tiosus
1377 1583 1474 1618 civis.
1529 1583 1625 1629 Quid
1655 1583 1749 1616 enim
1782 1595 1922 1616 necesse
1959 1589 2012 1616 est
2046 1581 2231 1627 repetere?

1236 1634 1362 1668 Videte
1382 1647 1487 1675 vero,
1515 1635 1601 1680 quid
1624 1633 1753 1668 horum
1771 1631 2007 1668 Demostheni
2031 1634 2133 1667 adsit.
2183 1632 2233 1666 Et

1236 1692 1275 1719 ut
1293 1686 1419 1720 ordine
1439 1687 1559 1719 omnia
1577 1687 1836 1725 subducamus,
1860 1691 1963 1729 pater
1979 1683 2063 1719 huic
2077 1685 2144 1718 fuit
2160 1684 2231 1718 De-

1236 1735 1458 1778 mosthenes,
1499 1737 1556 1770 vir
1587 1737 1784 1781 ingenuus,
1824 1748 1940 1782 neque
1965 1736 2060 1770 enim
2085 1735 2232 1769 mentiri

1236 1789 1420 1827 convenit;
1447 1790 1508 1823 sed
1524 1789 1638 1834 qualis
1655 1794 1770 1821 mater
1786 1794 1819 1821 et
1843 1794 2027 1822 maternus
2047 1800 2134 1821 avus
2157 1787 2233 1821 fue—

1234 1840 1326 1880 rint,
1352 1840 1481 1874 dicam.
1535 1840 1654 1886 Gylon
1667 1840 1735 1873 fuit
1751 1839 1927 1885 quispiam
1940 1866 1950 1879 ,
1970 1840 2034 1885 qui
2049 1851 2128 1872 cum
2145 1849 2230 1882 pro-

1235 1891 1380 1925 didisset
1395 1892 1567 1937 oppidum
1586 1892 1623 1924 in
1638 1892 1756 1925 Ponto
1769 1917 1778 1931 ,
1810 1891 1907 1936 quod
1928 1897 2012 1924 tunc
2034 1890 2071 1923 in
2094 1889 2230 1923 ditione

1234 1942 1333 1977 urbis
1350 1949 1493 1977 nostrae
1510 1949 1607 1984 erat,
1624 1942 1766 1988 capitali
1784 1941 1916 1975 iudicio
1932 1941 2135 1981 damnatus,
2153 1951 2230 1974 non

1238 2001 1418 2039 expectata
1436 2007 1553 2039 poena
1571 1993 1742 2028 concessit
1758 1993 1795 2025 in
1810 1992 1967 2033 exilium,
1988 1999 2023 2026 et
2039 1993 2230 2038 profectus,

1236 2052 1288 2079 est
1310 2047 1354 2079 ad
1375 2046 1578 2090 Bosporum
1596 2045 1663 2094 16),
1697 2044 1746 2078 ibi
1769 2045 1922 2077 donatus
1946 2051 1998 2078 est
2022 2056 2040 2077 a
2066 2042 2229 2089 tyrannis

1234 2095 1348 2131 hortis
1365 2097 1597 2143 quibusdam,
1624 2103 1658 2131 et
1673 2096 1772 2130 duxit
1793 2107 1940 2128 uxorem
1960 2096 2165 2140 opulentam
2193 2100 2229 2128 et

1234 2149 1324 2182 bene
1348 2150 1529 2189 dotatam,
1558 2161 1680 2182 verum
1697 2144 1912 2192 Scythicam.
1970 2146 2024 2180 Ex
2046 2144 2114 2179 hac
2138 2147 2228 2180 duas

1235 2200 1388 2244 suscepit
1404 2200 1506 2240 filias,
1520 2212 1608 2245 quas
1625 2212 1703 2233 cum
1720 2197 1789 2232 huc
1805 2198 1957 2232 misisset
1972 2210 2051 2231 cum
2070 2197 2226 2231 maxima

1236 2251 1405 2295 pecunia,
1440 2251 1627 2285 collocavit
1650 2251 1798 2283 alteram
1821 2249 1941 2283 nescio
1965 2249 2022 2283 eui
2044 2249 2081 2282 in
2102 2248 2228 2282 matri-

1236 2302 1411 2336 monium.
1464 2302 1602 2336 Omitto
1620 2302 1729 2342 enim,
1745 2314 1789 2334 ne
1803 2302 1922 2346 plures
1938 2301 2130 2335 offendam.
2164 2300 2227 2334 Al-

1236 2360 1349 2387 teram
1371 2353 1471 2388 duxit
1485 2351 1743 2388 Demosthenes
1768 2359 1890 2386 contra
1914 2352 2013 2386 urbis
2035 2352 2149 2396 leges,
2184 2363 2226 2384 ex

1236 2417 1305 2450 qua
1339 2405 1403 2439 iste
1436 2417 1548 2439 vanus
1579 2403 1688 2438 homo
1720 2412 1753 2438 et
1784 2401 2002 2449 sycophanta
2033 2409 2139 2437 natus
2163 2408 2225 2437 est.

1233 2456 1390 2490 Proinde
1408 2469 1547 2490 necesse
1570 2463 1620 2490 est
1635 2469 1714 2490 eum
1732 2462 1880 2501 propter
1896 2454 2051 2488 materni
2073 2454 2131 2487 avi
2152 2465 2227 2486 me-

1234 2508 1386 2541 moriam
1404 2508 1537 2552 populo
1561 2509 1653 2542 male
1677 2508 1785 2548 velle,
1820 2507 1902 2552 quia
1929 2506 2082 2539 maiores
2105 2505 2180 2538 eius
2203 2515 2223 2537 a

1234 2559 1334 2593 vobis
1352 2560 1464 2604 capite
1483 2560 1640 2593 damnati
1659 2566 1760 2600 sunt,
1785 2565 1818 2592 et
1843 2571 1861 2591 a
1887 2564 2001 2591 matre
2017 2554 2145 2602 Scytha
2173 2562 2225 2589 est

1268 2696 1314 2723 16)
1333 2695 1498 2724 Bosporum]
1520 2694 1558 2718 sic
1579 2694 1739 2725 scripsimus
1759 2702 1792 2715 =
1811 2691 1971 2723 1365n0901›,·
1989 2691 2038 2715 Ed.
2061 2692 2134 2717 1562.
2154 2692 2223 2716 Bos-

1301 2731 1421 2760 phorum.

2327 1586 2336 1726 ,ἐ

2327 1783 2333 1843 ι
