2351 2990
177 119 246 153 527

174 202 320 237 doerit.
356 199 492 233 lleinde
511 196 655 243 exponit
673 208 772 231 suam
787 193 998 229 sententiam
1017 194 1059 227 de
1075 204 1157 237 sup-

175 253 363 300 plicatione
389 252 551 287 decreta,
579 248 794 285 ailmonens,
829 253 864 278 ut
894 251 1082 278 contentus
1109 245 1161 276 {u-

176 305 266 338 dicio
300 308 441 337 senatus
479 300 617 334 desinat
652 298 814 331 laborare
856 307 922 340 pro
964 291 1162 338 triumpho.

178 354 364 389 Conclusio
382 359 432 386 est
450 353 492 385 de
508 362 610 384 causa
629 347 818 381 scribendi.
870 346 910 380 In
930 347 998 379 fine
1018 353 1069 380 est
1084 346 1163 379 bre-

178 407 228 440 vis
245 404 460 439 adhortatio.

424 478 558 511 Aliud
593 480 921 519 argumentum.

282 546 426 583 Catonis
458 543 606 588 epistola
637 548 689 576 est
717 539 956 585 responsoria.
1020 539 1167 573 Exordii

180 604 256 635 loco
274 598 418 644 ponitur
439 594 658 639 propositIO,
690 592 809 625 addita
836 591 991 625 eiusdem
1017 591 1168 636 explica-

180 654 287 685 tione.
340 646 507 692 Sequitur
526 644 732 684 consillum,
760 650 799 677 ut
822 643 990 676 iudicium
1015 648 1168 682 senatus,

181 700 316 736 etiamsi
332 710 405 732 non
424 695 608 740 contigerit
628 692 840 738 triumphus,
863 694 946 727 satis
964 706 1035 726 esse
1053 693 1167 726 existi-

180 760 262 787 met.
315 750 485 794 Epilogus
502 747 658 780 continet
675 745 876 789 caus:15'·'⁷³)
893 743 1080 778 scribendi.

423 833 554 866 Aliud
593 837 921 875 argumentum.

283 900 487 945 Respondet
520 899 563 930 ad
594 897 779 941 epistolam
808 896 1101 940 praecedentem,
1138 899 1171 925 et

182 954 336 990 studium
365 963 467 984 suum
497 961 537 981 ac
569 949 790 981 voluntatem
824 947 869 979 ad
893 946 967 979 eius
996 943 1170 978 honorem

183 1003 470 1050 amplificandum
494 1000 598 1032 osi'ert
621 1011 658 1031 ac
682 998 887 1042 pollicetur,
921 1003 954 1029 et
977 1001 1099 1029 monet
1121 1001 1171 1027 ta-

183 1069 285 1095 mcn,
313 1066 356 1086 ne
381 1051 486 1085 nimis
511 1050 634 1094 cupide
654 1055 798 1093 appetat
820 1045 1052 1091 triumphum.
1105 1046 1172 1078 Or-

185 1109 280 1140 ditur
300 1118 318 1138 a
336 1103 459 1137 causis.

437 1185 572 1219 Aliud
601 1189 924 1227 argumentum.

288 1255 393 1290 Initio
421 1253 621 1298 gratulatur
646 1250 810 1283 Ciceroni
840 1249 1053 1283 felicitatem.
1105 1247 1175 1281 De-

189 1312 268 1343 inde
294 1310 550 1341 eonuuemorat
575 1302 729 1336 studium
755 1314 869 1335 suum.
934 1298 1176 1344 Reprehendit

189 1368 304 1394 :sulem
340 1356 521 1391 Ciceronis
553 1353 736 1386 consilium
768 1353 810 1384 de
848 1350 1176 1395 supplicationibus,

189 1413 282 1458 quod
303 1414 442 1454 putaret
460 1419 517 1439 eas
535 1404 819 1449 praerogativam
836 1400 1007 1446 triumphi
1026 1414 1114 1440 esse,
1144 1406 1176 1433 et

187 1462 372 1499 hortatur,
413 1464 452 1491 ut
477 1457 604 1489 virtute
626 1455 764 1498 potius,
808 1465 914 1497 quam
945 1453 979 1484 vi
1012 1459 1045 1484 et
1069 1451 1176 1484 armis

188 1511 409 1558 proxinciam
429 1509 464 1540 in
482 1506 596 1539 officio
614 1505 783 1543 retineat,
811 1516 889 1535 eam
906 1503 1046 1536 laudem
1064 1502 1177 1534 omni—

189 1567 255 1598 bus
273 1558 463 1604 triumphis
482 1563 675 1602 praestare.

380 1657 563 1692 Scholia
593 1656 637 1687 in
670 1653 909 1698 epistolam
938 1652 995 1686 VI.

346 1737 378 1769 1.
405 1737 530 1769 Laetus
548 1729 640 1778 snm]
667 1729 863 1763 Exordium
883 1740 901 1760 a
916 1726 1034 1773 χρείᾳ.

345 1790 380 1821 2.
408 1787 499 1826 Quod
512 1786 541 1816 si
561 1785 606 1816 ita
625 1784 710 1821 erit,
746 1785 875 1814 tantum
892 1792 938 1812 ea:
953 1785 983 1812 ie
996 1775 1089 1824 pelo]
1115 1777 1180 1810 Pe-

197 1841 273 1874 tilio
287 1866 295 1875 ,
319 1845 356 1871 ut
378 1850 439 1870 sua
457 1836 572 1879 ipsum
592 1831 764 1867 sententia
784 1831 879 1863 iuvet
896 1831 931 1862 in
949 1835 1084 1863 senatu.

297 1736 326 1771 ε.

298 1776 327 1822 ὲ.

492 1915 825 1958 Argumentum
840 1911 899 1957 ²⁸).

299 1985 419 2019 Civilis
444 1990 476 2016 et
505 1988 626 2025 arguta
652 1980 798 2024 epistola
825 1985 875 2012 est
902 1984 933 2010 et
957 1977 1180 2020 responsoria

1094 2027 1180 2060 Cllll)

199 2091 292 2124 enirn
305 2089 425 2121 Cicero
446 2085 763 2120 animadverteret,
791 2081 961 2113 Catonem
982 2079 1183 2122 improbare

201 2141 406 2186 petitionem
438 2132 629 2178 triumphi,
668 2133 862 2177 prudenter
888 2131 1008 2163 laudat
1033 2129 1182 2162 liberum

201 2191 354 2225 hominis
378 2188 566 2225 iudicium,
601 2191 633 2217 et
656 2190 775 2216 tamen
800 2188 886 2215 tecte
909 2180 1041 2219 innuit,
1069 2192 1105 2214 se
1126 2181 1186 2212 ad-

201 2243 267 2275 huc
285 2252 424 2286 sperart·
450 2234 689 2280 triumphum,
717 2246 781 2266 nec
807 2233 976 2266 Catonem
1006 2231 1185 2274 improba-

204 2302 319 2326 tur-um
334 2319 341 2331 ,
370 2290 395 2322 si
416 2290 444 2321 ei
464 2302 482 2321 a
499 2293 620 2321 senatu
638 2287 858 2318 decernatur.
919 2282 966 2315 lta
986 2282 1109 2314 callide
1127 2283 1186 2314 ad-

205 2350 320 2375 monel
344 2344 533 2377 ursionem,
561 2344 687 2370 utnon
705 2336 817 2369 solum
836 2346 909 2367 non
936 2333 1105 2377 impedire
1129 2345 1187 2365 ve-

206 2395 239 2426 liz
270 2390 509 2435 triumphxnn,
537 2390 595 2422 sed
623 2388 726 2420 etiam
754 2386 933 2418 adiuvare.
993 2383 1186 2420 Exordium

566 2439 658 2472 Citat
675 2439 768 2470 enim
787 2435 998 2470 sententiam
1023 2447 1063 2466 ex
1080 2435 1189 2467 veteri

199 2043 242 2073 ad
284 2037 503 2081 superiorein
548 2032 821 2076 gratulationem
857 2029 1013 2061 Catonis.

206 2451 255 2476 est
275 2443 511 2486 peregrinum.

241 2575 308 2601 27³]
329 2574 448 2596 continet
475 2574 588 2600 causas]
614 2572 654 2595 sie
673 2571 756 2595 Editt.
773 2570 865 2599 t565.‚
893 2567 984 2592 ¹571..
1014 2567 1106 2597 1596.;
1141 2567 1190 2590 Ed.

278 2608 352 2632 1556.
372 2613 469 2630 causas
489 2607 618 2629 continet.

241 2662 289 2688 28)
309 2661 365 2684 Huc
383 2659 568 2684 argumentum
589 2658 615 2679 et
642 2657 757 2685 quatuor
784 2653 926 2685 sequentia
950 2654 983 2677 ab
1002 2652 1085 2676 Editt.
1106 2652 1191 2682 1556„

278 2694 342 2718 1565
351 2692 465 2716 —15965.
486 2690 649 2714 exhibentur.

752 108 874 144 PHIL.
909 106 1020 142 MEL.
1055 105 1257 142 SCRIPTA
1293 106 1627 145 PHILOLOGICA.

2127 109 2199 146 528

1213 193 1394 237 tragoedia
1424 194 1632 241 Nam-11²⁹),
1674 194 1734 228 ubi
1760 194 1925 229 Priamus
1957 195 2068 228 silium
2098 209 2198 230 suum

1215 244 1400 277 Hectorem
1418 245 1594 285 laudavit,
1629 252 1663 279 et
1682 246 1814 278 Hector
1836 246 1931 290 patri
1954 246 2113 280 laudanti
2135 245 2200 280 hac

1214 296 1386 329 sententia
1398 296 1681 343 respondet-11³⁰),
1698 303 1731 330 et
1741 293 2013 345 addit'yvuiyrlv
2026 297 2199 341 insignem

1215 347 1258 379 de
1278 347 1371 380 veris
1394 347 1568 381 laudibus.
1621 347 1850 381 Consumitur
1873 354 1991 381 autern
2017 348 2201 382 exordium

1216 395 1285 431 hoc
1309 398 1380 430 sere
1403 399 1625 442 syllogismo:
1669 398 1823 433 Iucunda
1850 399 1926 432 laus
1951 405 2021 439 est,
2064 411 2154 445 quae
2182 411 2203 432 a

1217 449 1368 482 laudatis
1386 449 1471 482 viris
1493 449 1742 493 proficiscimr3
1778 457 1816 483 tu
1832 462 1867 483 es
1884 450 2067 491 laudatus,
2095 456 2128 483 et
2145 462 2202 482 me

1218 499 1382 533 laudibus
1408 500 1560 534 ornasti:
1604 513 1687 544 ergo
1713 513 1752 533 ea
1774 507 1833 534 tua
1856 501 2013 534 laudatio
2038 499 2127 534 mihi
2151 500 2204 534 iu-

1220 550 1430 584 cundissima
1458 556 1520 584 est.
1581 551 1759 584 Minorem
1785 551 1976 596 amplificat
2005 564 2023 585 a
2056 552 2204 585 circum-

1219 601 1368 641 stantiis,
1395 601 1557 634 videlicet
1574 603 1669 647 quod
1688 602 1795 635 libere
1814 615 1891 636 eum
1910 603 2084 643 laudarit,
2111 614 2204 636 eam-

1221 665 1288 698 que
1308 652 1652 685 commendationem
1671 653 1862 696 praedicat.
1910 653 2048 687 Deinde
2064 665 2128 698 per
2144 654 2204 686 ad-

1221 703 1433 736 versativam
1458 704 1501 736 ad
1525 703 1806 747 propositionem
1833 705 1984 744 accedit,
2022 716 2112 750 quae
2137 704 2204 736 cal-

1220 754 1291 787 lida
1311 760 1344 785 et
1362 759 1452 786 tecta
1471 760 1540 793 est,
1566 755 1627 788 sed
1650 752 1744 787 hunc
1769 767 1908 787 sensum
1933 753 2055 788 habet:
2090 754 2206 798 Rogo,

1222 811 1261 838 ut
1279 802 1365 837 mihi
1383 802 1604 848 triumphum
1623 804 1764 841 decerni
1782 805 1940 849 patiaris,
1967 805 2049 850 quia
2065 811 2206 838 senatus

1223 867 1302 888 euin
1320 867 1393 888 non
1410 856 1610 899 denegabit.
1670 855 1812 900 Epilogi
1836 857 1910 888 vice
1935 855 2067 888 indicat
2089 867 2124 889 se
2146 866 2208 900 pa-

1224 918 1303 939 rare
1327 905 1494 940 reditum.

1469 981 1606 1015 Aliud
1635 988 1960 1026 argumentum.

1328 1048 1583 1092 Comprobatio
1610 1055 1660 1082 est
1683 1048 1882 1082 litterarum
1900 1049 2043 1082 Catonis
2068 1049 2109 1081 de
2132 1060 2210 1091 gra-

1226 1099 1398 1132 tulatione
1414 1111 1533 1132 rerum
1554 1106 1728 1143 gestarum
1748 1105 1782 1131 et
1797 1101 1839 1132 de
1867 1105 1943 1132 toto
1969 1100 2042 1132 eius
2067 1099 2209 1132 iudicio.

1225 1149 1420 1183 Exordium
1435 1150 1587 1183 sumitur
1604 1162 1622 1182 a
1641 1149 1812 1184 sententia
1829 1162 1933 1183 verae
1949 1149 2064 1183 laudis
2080 1161 2119 1182 ac
2135 1161 2211 1194 gra-

1227 1201 1423 1241 tulationis,
1450 1201 1568 1234 addita
1587 1200 1878 1245 applicationem)
1895 1201 2101 1240 sententiae,
2120 1195 2210 1246 quae

1228 1259 1279 1285 est
1303 1252 1376 1296 ipsa
1401 1252 1618 1296 propositio,
1646 1253 1741 1297 quod
1765 1252 1955 1294 gratulatio
1977 1251 2122 1285 Catonis
2145 1251 2212 1285 sibi

1228 1302 1380 1335 iucunda
1414 1303 1532 1336 suerit.
1604 1302 1890 1346 Propositionem
1926 1302 2117 1346 amplificat
2149 1314 2212 1346 per

1229 1353 1544 1397 comparationem.
1613 1353 1740 1386 Postea
1772 1353 1917 1396 ponitur
1938 1353 2122 1397 responsio
2149 1365 2212 1397 per

1230 1404 1528 1443 confutationem,
1571 1410 1744 1448 quatenus
1776 1410 1873 1447 petat
1902 1402 2142 1447 triumphum,
2174 1414 2213 1435 at

1229 1455 1334 1487 simul
1351 1460 1470 1497 rogat,
1497 1460 1537 1486 ut
1552 1451 1639 1493 hoc,
1667 1455 1763 1499 quod
1783 1453 1959 1497 pollicitus
1988 1460 2039 1487 est
2061 1454 2098 1486 in
2122 1454 2213 1486 litte-

1231 1505 1297 1543 ris,
1325 1505 1512 1547 diligenter
1532 1503 1651 1537 saciat.
1708 1502 1747 1536 In
1773 1504 1840 1536 fine
1869 1509 1920 1537 est
1943 1503 2060 1536 brevis
2084 1503 2214 1546 signifi—

1232 1555 1322 1588 catio
1340 1556 1394 1588 sui
1412 1556 1592 1588 adventus.

1478 1629 1608 1662 Aliud
1639 1634 1964 1672 argumentum.

1335 1697 1529 1730 Exordium
1562 1699 1705 1730 ductum
1738 1703 1789 1729 est
1810 1708 1828 1728 a
1855 1696 2028 1730 sententia
2052 1695 2218 1740 generali,

1234 1748 1290 1781 cui
1311 1749 1428 1781 addita
1451 1755 1501 1782 est
1525 1749 1629 1781 ratio.
1688 1747 1856 1792 Sequitur
1872 1746 2062 1790 applicatio
2079 1752 2218 1779 senten-

1234 1800 1302 1832 tiae
1327 1812 1345 1831 a
1373 1812 1434 1832 sua
1459 1811 1622 1843 persona.
1675 1798 1776 1830 Hauc
1792 1797 2001 1830 mirabiliter
2017 1797 2218 1840 amplificat,

1235 1851 1330 1895 quod
1347 1848 1436 1882 nihil
1453 1862 1609 1894 unquam
1627 1848 1744 1893 potuit
1761 1848 1827 1882 sibi
1845 1849 2048 1892 contingere
2073 1846 2219 1880 hon‘ori-

1235 1901 1392 1934 ficentius
1412 1901 1542 1934 iudicio
1562 1900 1718 1934 Catonis.
1770 1899 1907 1932 Deinde
1929 1905 1980 1932 est
2001 1899 2117 1931 brevis
2137 1910 2218 1930 con—

1236 1953 1360 1984 futatio
1378 1953 1419 1984 de
1436 1950 1617 1995 triumpho
1629 1978 1638 1992 ‚
1665 1950 1762 1995 quod
1778 1961 1891 1994 neque
1908 1949 1956 1989 is,
1988 1949 2016 1982 si
2041 1949 2218 1992 obtigerit,

1237 2004 1515 2036 contemnendus
1537 2009 1598 2036 est.
1650 2001 1819 2045 Epilogus
1838 1999 1943 2032 habet
1961 2000 2181 2044 petitionem.

1485 2086 1616 2119 Aliud
1643 2091 1966 2128 argumentum.

1339 2154 1433 2186 Haec
1451 2152 1594 2197 epistola
1615 2157 1663 2183 est
1686 2150 1881 2194 gratiarum
1907 2150 1997 2182 actio
2024 2162 2089 2194 pro
2115 2150 2220 2183 bene-

1239 2206 1315 2238 ficio
1340 2210 1501 2248 accepto,
1533 2201 1600 2236 hoc
1626 2207 1692 2240 est,
1728 2214 1792 2245 pro
1819 2214 1880 2240 eo,
1920 2202 2014 2246 quod
2040 2213 2058 2233 a
2085 2200 2220 2234 Catone

1239 2255 1453 2301 lz.u‹latus³‘·')
1482 2255 1518 2287 in
1545 2259 1669 2286 senatu
1703 2260 1736 2284 et
1772 2252 1880 2295 ipsius
1916 2251 2083 2295 suffragio
2117 2263 2220 2285 orna-

1241 2315 1294 2340 tus
1322 2313 1376 2340 sit.

1275 2418 1323 2445 29)
1343 2414 1439 2440 Naevii
1458 2414 1574 2439 Hector,
1598 2412 1674 2435 cuins
1693 2412 1847 2440 fragmenta
1865 2411 2020 2435 Scriverius
2040 2411 2066 2435 in
2085 2411 2153 2435 libro
2172 2417 2221 2434 su-

1314 2457 1364 2480 pra
1382 2457 1406 2479 p.
1422 2449 1481 2472 246.
1501 2449 1566 2470 nota
1584 2447 1626 2469 33.
1651 2447 1760 2469 laudato
1780 2453 1805 2476 p.
1820 2446 1862 2469 4¹.
1887 2446 2014 2477 collegit,
2046 2445 2114 2469 conf.
2141 2445 2220 2468 etiam

1311 2484 1409 2509 Vossii
1430 2484 1457 2505 ln
1476 2487 1509 2504 ea
1527 2482 1662 2505 annotatt.
1682 2481 1700 2503 l.
1719 2480 1817 2503 ibidem
1837 2481 1856 2504 1.
1876 2487 1900 2509 p.
1916 2481 1957 2504 65.

1276 2528 1325 2554 30)
1349 2529 1375 2550 et
1400 2526 1502 2548 flector
1521 2535 1554 2539 —
1573 2522 1762 2552 responderit]
1788 2522 1828 2545 sie
1846 2521 1929 2545 Editt.
1950 2521 2040 2550 1555„
2067 2520 2157 2549 ¹563.;
2193 2520 2221 2543 in

1313 2561 1396 2585 Editt.
1418 2559 1510 2587 1571„
1531 2558 1605 2580 1596.
1625 2558 1693 2580 haec
1712 2556 1813 2580 omissa
1831 2557 1903 2579 suut.

1276 2604 1324 2631 31)
1344 2601 1539 2632 applicatione]
1559 2600 1599 2623 sie
1616 2599 1699 2623 Editt.
1718 2599 1803 2629 1556„
1824 2598 1913 2622 1565.:
1936 2597 2020 2621 Editt.
2037 2596 2127 2628 15⁷1.‚
2147 2597 2222 2623 15⁹6.

1313 2636 1531 2666 amplificatione.

1278 2681 1325 2708 ³2)
1345 2679 1487 2706 laudatus]
1507 2677 1554 2701 Ed.
1578 2676 1652 2700 1556.
1672 2680 1768 2699 errore
1787 2676 1913 2704 typogr.:
1939 2673 2084 2698 laudatius.
