2351 2990
184 144 258 179 647

187 230 274 264 stius
290 229 412 262 Cicero
431 229 496 274 ¹²³),
525 229 585 275 qui
600 242 688 275 quos
704 235 845 261 autores
861 233 1048 272 sequatur,
1075 238 1178 270 prae-

189 282 289 314 dicit!
319 281 415 315 Alias
431 281 478 327 Ἃ)
504 280 734 318 Crantorem,
762 280 829 317 ait,
857 290 1005 323 sequar,
1029 277 1115 311 alias
1130 277 1177 323 25)

187 333 375 365 Platonem
393 345 428 365 se
445 332 575 365 imitari
595 333 734 363 fatetur.
766 330 979 363 Panaetium
998 330 1128 362 fatetur
1143 340 1179 361 se

187 384 286 429 sequi
307 384 342 416 in
362 383 551 423 uss'u-iisffl),
577 382 636 427 qui
655 381 736 414 libri
755 393 939 426 nunquam
958 381 1000 413 de
1016 379 1180 412 manibus

189 435 347 479 ponendi
364 441 456 468 sunt.
497 434 556 466 Est
574 439 692 466 autem
713 432 849 465 servilis
868 432 977 464 animi
1002 431 1106 464 malle
1122 431 1181 463 de-

191 484 362 530 prehendi
385 486 418 517 in
436 486 529 517 surto
542 511 550 523 ‚
579 497 686 529 quam
704 490 867 516 mutuum
886 484 1054 522 reddere,
1080 494 1182 526 prac-

191 537 310 570 sertim
329 549 406 569 cum
425 548 465 568 ex
482 535 555 579 ipsa
575 547 694 574 usura,
718 535 946 579 quantumxis
961 534 1098 577 exigua,
1119 545 1182 565 no—

194 601 275 621 vam
296 587 357 619 tibi
375 593 506 620 sortem
526 585 749 630 conficiasffl).
778 585 1025 618 Graecimiras
1041 584 1183 617 delicias

195 640 371 672 adfectant
394 638 429 670 in
455 637 643 683 titulisff),
683 637 771 669 alius
796 635 981 681 27791⁷ov²⁹)
1006 635 1184 678 inscripsit

197 703 298 724 suum
318 702 427 733 opus,
451 688 539 722 alius
548 688 594 734 ³⁰)
611 687 718 733 κέρας
733 686 1015 732 ἀ,ιιαλθειάς3“),
1042 685 1183 732 alius³⁰)

195 741 336 780 Musas,
363 747 402 773 ut
427 740 525 773 lactis
547 739 731 783 gallinacei
757 737 922 771 baustum
950 738 1108 782 polliceri
1135 738 1184 769 xi-

196 793 361 825 deantur.
422 791 469 824 At
491 804 569 824 cum
597 790 744 835 propius
771 790 984 834 inspexeris,
1026 789 1185 822 invenies

194 844 285 876 mire
321 843 446 886 inopes
481 854 600 875 rerum
640 843 838 880 bonarum,
880 841 1053 885 planeque
1089 841 1184 885 quod

198 895 298 928 aiunt
321 893 518 939 ἄνθρακας
542 890 749 938 θησαυρόν.
809 892 929 924 Latini
951 891 1185 935 simpliciores

198 947 320 979 titulos
345 951 530 984 amarunt,
564 952 602 977 ut
626 944 900 989 antiquitatum,
930 943 1186 987 exemplorum,

199 998 343 1031 artium.
395 996 583 1039 Elegantes
607 995 751 1040 quidam
780 995 940 1027 fecerunt
959 994 1030 1027 suis
1047 993 1186 1037 scriptis

203 1049 345 1082 titulum
356 1046 650 1080 Lucubrationes.
685 1045 747 1079 Est
765 1045 989 1078 etFlesibula
1012 1046 1132 1078 titulus
1149 1045 1185 1076 in

200 1107 319 1144 satyra
342 1098 527 1131 vVarronis.
589 1097 655 1131 Sed
678 1097 860 1130 Diodorus
879 1096 1028 1135 Graius,
1056 1097 1086 1130 si
1109 1096 1186 1129 Diis

198 1152 333 1196 placet,
374 1156 478 1182 autor
507 1149 543 1181 in
576 1149 679 1181 titulo
708 1149 862 1192 ineptius
892 1147 1092 1187 fastidiens,
1133 1147 1187 1180 bis

199 1203 340 1246 ineptus
364 1201 447 1241 suit,
489 1213 598 1245 quum
623 1198 864 1232 Bibliothecas
896 1212 999 1232 suum
1025 1211 1112 1243 opus
1135 1199 1188 1231 in-

200 1253 351 1298 scripsit.
395 1250 753 1297 QuidAppion³¹²¹)'?
781 1263 888 1296 quam
906 1249 1187 1296 arroganter-⁹³²)!

201 1305 262 1351 qui
287 1303 592 1336 innnortalitatem
610 1315 644 1336 se
664 1303 799 1335 donare
816 1300 870 1335 his
888 1302 1107 1341 affirmabat,
1144 1302 1187 1333 ad

202 1369 291 1402 quos
310 1355 445 1400 aliquid
462 1360 722 1398 composuerat.
762 1353 839 1397 Ego
857 1351 921 1386 llas
937 1353 1089 1396 ineptias
1106 1352 1189 1385 titu-

201 1408 318 1441 lorum
344 1406 423 1446 odi,
451 1412 486 1439 et
508 1406 812 1451 quemadmodum
838 1403 1050 1437 nobilissimi
1077 1403 1189 1447 picto-

202 1472 257 1492 res
297 1457 463 1502 operibus
501 1457 572 1491 suis
618 1468 837 1501 quamquam
887 1455 1056 1488 absolutis
1074 1481 1083 1495 ‚
1138 1461 1190 1487 ta-

202 1522 284 1543 men
307 1508 481 1542 eiusmodi
499 1507 745 1551 inscrIptiones
762 1507 939 1545 fecerunt,
968 1518 1058 1551 quae
1083 1505 1190 1549 signi-

203 1562 349 1594 ficarent
380 1571 557 1593 summam
596 1571 739 1591 manum
775 1558 942 1602 operibus
972 1559 1109 1596 deesse,
1153 1563 1191 1589 ut

237 1675 287 1703 23)
314 1676 371 1699 Boc
398 1681 496 1700 nomeu
523 1675 551 1699 iu
570 1676 653 1700 Editt.
675 1674 864 1699 1559—1570.
890 1674 918 1698 in
936 1673 1061 1709 margine
1080 1675 1123 1697 est
1142 1680 1192 1698 re-

271 1710 393 1741 petitum.

237 1754 286 1781 2⁴)
307 1753 369 1776 Scil.
389 1753 415 1776 in
435 1753 505 1776 libro
525 1752 557 1775 de
575 1752 781 1778 consolatione,
813 1752 890 1776 cuius
911 1752 1017 1774 tantum
1036 1750 1193 1781 fragmenta

268 1790 394 1817 exstant,
419 1787 474 1811 vid.
493 1787 548 1811 Cic.
568 1793 628 1816 opp.
649 1787 690 1810 ed.
712 1787 797 1811 orell.
819 1787 892 1810 Tom.
907 1786 955 1810 lv.
976 1785 1006 1810 P.
1023 1785 1054 1810 ll.
1075 1792 1099 1815 p.
1116 1786 1174 1809 489.

238 1831 286 1859 25)
307 1830 373 1854 scil.
398 1830 425 1853 in
449 1830 528 1853 libris
554 1830 587 1852 de
609 1829 767 1859 republica,
804 1829 876 1854 cons.
902 1828 958 1853 Cic.
984 1828 1110 1858 fragium.
1134 1829 1153 1852 1.
1173 1828 1192 1852 l.

273 1873 297 1896 p.
312 1865 370 1889 579.
390 1866 416 1888 et
439 1865 468 1889 T.
484 1864 532 1889 lv.
552 1864 580 1888 P.
596 1864 615 1887 I.
636 1871 662 1893 p.
676 1864 735 1889 482.

237 1908 286 1937 26)
305 1908 359 1932 eie.
380 1907 412 1931 de
432 1907 509 1931 offic.
530 1907 563 1939 Π,
585 1907 626 1937 17,
646 1907 688 1930 ⁶0.
716 1907 762 1938 111,
781 1906 808 1937 2,
827 1905 852 1930 7.

239 1951 288 1980 27)
306 1951 472 1982 praesertim
492 1957 550 1974 cum
569 1957 603 1974 ex
621 1950 681 1980 ipsa
699 1955 803 1975 usura.
823 1948 997 1979 quantumvis
1016 1948 1125 1979 exigua,
1143 1954 1197 1972 no-

273 1991 336 2009 vam
355 1986 403 2009 tibi
427 1987 530 2009 sortem
555 1985 708 2013 conficias]
734 1985 775 2007 sie
798 1983 1111 2013 Editt.1541-15s7.;
1147 1983 1197 2006 Ed.

275 2020 352 2045 1527.
371 2020 535 2050 praesertim
554 2026 613 2043 eum
639 2026 703 2043 sors
729 2019 776 2042 tibi
801 2018 911 2045 integra
937 2018 1018 2041 etiam
1043 2017 1197 2040 remetienti

273 2060 386 2078 usuram
402 2055 508 2084 reliqua
527 2054 571 2078 sit.
593 2066 624 2070 -
673 2054 723 2077 His
743 2053 835 2076 verbis
862 2053 887 2075 in
907 2052 990 2075 Editt.
1008 2052 1100 2082 1527.‚
1122 2052 1196 2076 1541.

274 2089 302 2112 in
320 2089 445 2119 margine
463 2089 600 2118 adscripta
619 2090 661 2112 est
679 2089 746 2112 haec
767 2087 925 2112 annotatio:
961 2089 1030 2110 sors
1050 2092 1082 2109 ex
1102 2092 1197 2117 usura,

275 2123 304 2146 id
319 2125 372 2153 est,
389 2125 430 2147 Ex
444 2124 526 2146 usura
541 2123 693 2153 persoluta,
709 2125 799 2146 tamen
817 2121 863 2144 tihi
884 2127 948 2144 sors
969 2121 1079 2151 integra
1097 2123 1197 2145 manet.

239 2167 288 2194 28)
306 2166 336 2224 11:
354 2167 438 2190 Editt.
456 2166 547 2198 ¹527„
568 2166 642 2190 154¹.
662 2166 686 2190 h.
707 2166 724 2189 1.
744 2165 846 2196 legitur
867 2165 933 2187 nota
954 2164 1132 2194 marginalis:
1159 2163 1198 2187 De

273 2201 324 2224 titu
337 2206 361 2225 o.

239 2244 286 2275 29)
306 2245 416 2285 κηρίον]
447 2243 493 2267 sic:
516 2243 600 2268 Edat.
627 2243 720 2274 1527„
749 2243 840 2272 154¹.;

276 2286 379 2309 κυριον.

241 2322 289 2349 ³0)
309 2321 396 2350 anus]
418 2321 457 2344 sic
476 2321 560 2344 Edat.
577 2320 785 2349 1541—1587.;
812 2319 862 2344 Ed.
885 2318 957 2342 1527.
977 2318 1057 2343 alias.

242 2363 290 2391 31)
310 2359 477 2393 ‹tuat-(tefass
497 2363 581 2387 Editt.
601 2361 792 2386 1559—1587.
818 2366 916 2385 errore
942 2362 1070 2391 typogm
1105 2356 1198 2391 ἄμα).-

277 2398 356 2423 τείας.

877 2241 962 2266 Editt.
992 2241 1058 2264 1559
1073 2254 1105 2259 —
1123 2241 1197 2264 1587.

243 2440 312 2467 312)
331 2441 370 2463 De
388 2441 437 2464 hoc
454 2441 576 2471 Appione
595 2441 654 2470 (vel
673 2440 804 2470 Apione).
823 2438 963 2463 Posidonii
983 2438 1055 2467 filio,
1076 2437 1120 2468 qui
1140 2437 1198 2461 Pli-

278 2474 400 2498 stonices
428 2476 582 2505 appellatus
610 2477 669 2506 est⁷
700 2475 772 2499 conf.
799 2474 905 2498 Gellius
925 2474 1001 2496 Noct.
1021 2474 1078 2496 Ate.
1098 2472 1135 2503 V,
1156 2473 1197 2496 14.

279 2510 306 2532 et
324 2508 428 2538 Pauly:
454 2509 668 2540 Beal-Encycl.
689 2510 765 2533 Tom.
781 2509 801 2532 1.
819 2516 844 2538 p.
857 2508 909 2532 605
925 2514 965 2538 sq.

245 2549 292 2581 32)
312 2551 342 2574 ln
356 2551 438 2575 Editt.
450 2552 643 2577 1559-1587.
663 2552 687 2576 h.
701 2551 719 2577 1.
739 2551 841 2582 legitur
859 2552 924 2575 nota
943 2548 1120 2581 marginalis:
1139 2549 1197 2578 Ap-

278 2585 369 2616 pionis
387 2586 557 2616 arrogantia.

755 140 876 177 PHIL.
908 138 1021 175 MEL.
1056 137 1257 174 SCRIPTA
1291 137 1627 174 PHILOLOGICA.

2141 139 2214 175 648

1233 224 1260 258 si
1289 225 1376 271 quid
1401 223 1741 270 reprehenderetur,
1779 225 1954 269 corrigere
1982 224 2114 259 liceret.
2166 226 2223 260 Sic

1234 276 1328 309 enim
1344 276 1600 310 inscribebant:
1633 277 1805 322 Ἀπελλῆς
1823 274 1943 311 ἐποίει.
1979 274 2030 309 Ita
2046 288 2122 321 ego,
2141 289 2222 310 cum

1235 327 1343 360 multa
1370 328 1487 361 deesse
1510 329 1596 362 meis
1621 329 1760 373 scriptis
1786 329 1914 367 sciam,
1955 327 2092 361 nullum
2117 340 2220 372 prae-

1234 378 1337 423 posui
1355 380 1639 423 arrogantiorem
1658 380 1812 413 titulum.
1867 379 1948 412 Non
1968 380 2062 412 enim
2084 385 2222 413 tantum

1235 442 1337 463 sumo
1361 427 1470 467 mihi,
1504 437 1544 463 ut
1566 443 1740 477 nusquam
1769 443 1916 464 cessasse
1943 436 2003 463 aut
2026 428 2225 464 hallucina-

1236 488 1292 513 tus
1324 480 1438 513 xideri
1470 481 1588 514 velim.
1667 483 1773 526 Quod
1806 494 1846 515 eo
1881 482 1978 521 dico,
2012 488 2051 514 ut
2086 482 2225 516 criticos

1237 533 1411 576 quosdam
1449 532 1634 577 aequiores
1662 530 1750 566 milii
1777 535 1944 573 reddam,
1987 533 2046 578 qui
2081 539 2227 567 sumunt

1237 582 1302 616 sibi
1333 595 1516 616 censuram
1556 585 1723 617 adversus
1751 597 1827 617 mea
1854 585 2003 628 scripta,
2052 591 2085 617 et
2105 596 2146 617 ex
2172 584 2226 617 in-

1238 634 1432 667 sectatione
1453 646 1551 667 meae
1565 634 1680 667 samae
1697 634 1846 678 gloriam
1864 642 2098 680 aucupantur.
2132 635 2225 670 Nam

1238 685 1405 718 virtutem
1430 685 1642 730 plerumque
1673 685 1806 718 invidia
1834 687 2043 726 comitatur,
2078 687 2166 720 adeo
2187 693 2229 720 ut

1240 737 1408 770 adversus
1451 737 1744 770 facundissimum
1788 735 1971 770 hominem
2015 735 2227 783 Theophra-

1239 793 1330 820 stum
1361 788 1467 820 etiam
1487 788 1696 821 muliercula
1706 787 1752 833 ³3)
1769 789 1898 833 stylum
1914 788 2106 822 strinxerit.
2158 789 2228 822 Sed

1240 851 1304 881 ego
1332 838 1406 872 istis
1430 839 1538 873 Zoilis
1562 837 1650 871 nihil
1676 839 1771 872 aliud
1797 840 2020 884 respondebo
2046 837 2115 872 hoc
2142 846 2230 873 tem-

1239 901 1347 933 pore,
1402 903 1508 935 quam
1545 892 1640 936 quod
1678 890 1765 923 Cato
1781 891 1826 937 34)
1861 891 2032 935 scriptum
2066 891 2230 937 reliquit:

1240 940 1336 984 Quid
1359 941 1453 974 enim
1479 943 1523 975 ad
1554 948 1586 974 te
1618 942 1654 974 in
1686 954 1764 975 meo
1790 942 1997 975 volumine?
2051 942 2131 975 Scio
2154 954 2233 986 ego,

1240 1003 1331 1036 quae
1358 993 1487 1036 scripta
1522 1000 1622 1033 sunt,
1663 990 1749 1026 haec
1782 993 1808 1026 si
1842 994 1959 1037 palam
1992 994 2233 1038 proferantur,

1241 1043 1372 1076 multos
1397 1044 1494 1083 sore,
1538 1044 1599 1088 qui
1621 1044 1826 1087 vitilitigent
1840 1045 1907 1091 3⁵),
1947 1046 2006 1079 sed
2032 1043 2069 1078 hi
2093 1045 2233 1089 potissi-

1240 1107 1358 1134 mum,
1402 1095 1463 1140 qui
1491 1107 1594 1127 verae
1618 1095 1731 1128 laudis
1755 1102 1914 1139 expertes
1935 1102 2028 1129 sunt.
2094 1095 2233 1129 Eorum

1242 1158 1305 1189 ego
1315 1145 1361 1191 36)
1379 1146 1558 1179 orationes
1574 1146 1651 1179 sino
1669 1146 1986 1191 praete1·ssuere³⁷).
2035 1146 2109 1181 Nec
2124 1147 2233 1180 Plan-

1242 1209 1301 1230 cus
1310 1196 1355 1242 38)
1373 1197 1514 1241 illepide
1533 1198 1723 1230 absterruit
1738 1197 1938 1230 Pollionem
1948 1198 1994 1243 39)
2020 1198 2233 1239 minantem,

1242 1260 1277 1281 se
1297 1248 1450 1280 extincto
1468 1248 1601 1281 Planco
1621 1249 1789 1282 adversus
1811 1262 1890 1281 eum
1916 1249 2094 1282 orationes
2119 1249 2234 1282 editu-

1242 1311 1321 1331 rum
1340 1311 1423 1332 esse.
1477 1299 1533 1332 Sic
1560 1300 1654 1332 enim
1680 1300 1743 1332 ait:

1242 1350 1359 1383 larvas
1384 1350 1522 1383 luctari.

1781 1299 1868 1332 Cum
1893 1300 2044 1333 mortuis
2067 1312 2142 1332 non
2164 1300 2236 1334 nisi

1584 1350 1658 1383 Hac
1681 1363 1766 1383 voce
1789 1351 1905 1384 Pollio
1931 1364 1948 1384 a
1972 1351 2147 1384 sententia
2175 1352 2236 1384 de-

1243 1402 1386 1440 ductus,
1422 1401 1530 1434 sensit
1555 1414 1590 1434 se
1618 1401 1845 1445 impudenter
1867 1403 2063 1442 facturum,
2101 1402 2130 1435 si
2155 1414 2237 1435 cum

1244 1459 1386 1485 mortuo
1410 1453 1541 1484 bellum
1566 1459 1715 1495 gereret.
1785 1453 1853 1485 Sed
1878 1453 2021 1485 valeant
2044 1453 2082 1485 in
2104 1453 2236 1486 malam

1244 1516 1318 1535 rem
1334 1503 1391 1536 isti
1408 1503 1689 1547 vitilitigatores,
1718 1503 1779 1548 qui
1796 1502 1982 1536 cum·nihil
1999 1504 2161 1539 utilitatis
2176 1505 2237 1537 ad-

1244 1555 1360 1587 ferant
1377 1555 1413 1586 in
1429 1567 1637 1595 commune,
1665 1561 1804 1588 tantum
1821 1555 1909 1588 alios
1932 1567 1950 1587 a
1973 1556 2236 1589 benemerendo

1246 1606 1424 1638 deterrere
1455 1613 1641 1640 conantur.
1710 1607 1778 1640 Sed
1810 1618 1854 1639 ne
1879 1613 1993 1640 totum
2016 1607 2148 1640 librum
2172 1606 2238 1639 tibi

1245 1657 1292 1690 sic
1327 1663 1498 1701 occupato
1532 1658 1681 1701 publicis
1713 1657 1804 1691 curis
1833 1658 1987 1702 relegere
2017 1670 2156 1691 necesse
2183 1657 2241 1698 sit,

1247 1709 1379 1742 subieci
1396 1706 1476 1741 huic
1494 1709 1662 1753 epistolae
1685 1709 1819 1753 capita,
1849 1721 1958 1754 quae,
1987 1710 2073 1755 quid
2097 1709 2134 1741 in
2159 1708 2240 1742 uni-

1246 1772 1348 1793 verso
1370 1772 1476 1804 opere
1499 1760 1743 1800 contineatur,
1770 1761 1981 1801 ostendunt,
2008 1761 2240 1805 proderitque

1247 1809 1303 1843 hic
1322 1812 1426 1844 index
1443 1812 1487 1843 ad
1505 1810 1590 1851 boc,
1618 1819 1668 1853 ut,
1697 1812 1757 1845 ubi
1772 1812 1908 1856 singula
1926 1812 2138 1858 requirenda
2158 1810 2242 1852 sint,

1250 1862 1363 1896 sciant
1380 1869 1413 1895 et
1432 1863 1508 1902 alii,
1537 1863 1598 1908 qui
1615 1871 1728 1897 certos
1750 1870 1888 1896 tantum
1915 1863 2011 1896 locos
2037 1863 2158 1896 volent
2183 1874 2241 1895 co-

1251 1926 1431 1958 gnoscere,
1457 1926 1521 1946 nec
1538 1920 1675 1948 tantum
1696 1914 1759 1948 otii
1776 1912 1920 1955 habent,
1947 1920 1986 1947 ut
2002 1921 2102 1947 vacet
2118 1913 2241 1947 omnia

1237 1964 1443 2009 perlegere.
1495 1965 1595 1999 Vale.

1285 2084 1334 2113 33)
1353 2085 1531 2113 muliercula]
1552 2083 1612 2108 scil.
1632 2083 1775 2107 Leontium
1794 2082 1980 2106 meretricula.

1286 2127 1335 2185 34)
1355 2128 1413 2151 Hoc
1432 2133 1531 2151 nomen
1557 2127 1585 2150 iu
1602 2126 1687 2150 Editt.
1714 2125 1909 2150 1559—1587.
1934 2125 1962 2148 in
1986 2125 2111 2157 margine
2136 2124 2242 2156 repeti-

1257 2170 1260 2173 ·
1336 2168 1379 2185 um
1398 2164 1451 2185 est.

1285 2204 1333 2235 35)
1352 2204 1529 2235 vitilitigent]
1556 2202 1848 2227 Editt.1527—1570.
1874 2208 1971 2226 errore
1996 2203 2123 2234 typogra
2153 2201 2243 2226 vitili-

1321 2240 1402 2270 gent3
1425 2239 1475 2263 Ed.
1498 2238 1571 2262 1587.
1591 2239 1735 2268 corrupte:
1763 2237 1920 2268 intellgent.

1285 2282 1334 2309 36)
1353 2283 1419 2312 ego]
1441 2282 1481 2305 sic
1502 2282 1576 2304 reete
1595 2281 1644 2305 Ed.
1666 2280 1738 2303 ¹527.
1759 2280 1827 2308 (vid.
1844 2280 1913 2303 Plin.
1929 2280 1962 2303 Η.
1976 2279 2006 2304 N.
2027 2279 2045 2304 l.
2062 2279 2082 2303 1.
2100 2285 2122 2303 c.
2136 2279 2179 2305 30.
2199 2279 2242 2304 ed.

1322 2316 1435 2347 Sillig„
1460 2316 1544 2339 Editt.
1566 2314 1756 2339 1541—1587.
1777 2320 1852 2345 ergo.

1286 2358 1334 2389 37)
1357 2359 1426 2388 Quid
1452 2358 1522 2381 enim
1541 2371 1573 2375 —
1594 2358 1798 2388 pratertluere.]
1831 2358 1903 2380 Haec
1928 2357 1992 2379 sunt
2016 2356 2101 2379 verba
2127 2355 2240 2380 Catonis

1323 2393 1450 2417 Censorii
1462 2409 1469 2423 ,
1498 2398 1565 2422 quae
1584 2392 1612 2415 in
1631 2392 1710 2415 libris
1732 2392 1764 2415 de
1782 2391 1894 2415 militari
1915 2390 2058 2420 disciplina
2073 2389 2196 2420 scripsit.

1285 2436 1333 2464 38)
1354 2437 1411 2460 Hoc
1430 2440 1527 2459 nomeu
1553 2435 1579 2459 in
1600 2435 1684 2460 Editt.
1706 2434 1898 2459 1559—1587.
1926 2434 1952 2457 in
1978 2432 2101 2464 margine
2126 2433 2167 2455 est
2193 2437 2241 2455 re-

1320 2470 1442 2500 petitum.
1467 2483 1500 2486 —
1554 2470 1594 2493 De
1621 2470 1670 2493 hoc
1694 2470 1726 2495 L.
1752 2468 1874 2492 Munatio
1901 2469 2001 2493 Planco
2036 2467 2106 2491 conf.
2133 2466 2238 2496 Pauly:

1321 2505 1534 2534 fleat-Encycl.
1554 2505 1630 2528 Tom.
1645 2504 1680 2529 V.
1699 2511 1725 2534 ι).
1739 2504 1791 2528 204
1807 2510 1865 2534 sqq.

1285 2545 1334 2575 ³9)
1353 2546 1524 2605 CdoeAsinius
1548 2546 1654 2578 Pollio,
1691 2546 1725 2570 de
1757 2551 1807 2576 quo
1841 2544 1902 2569 vide
1930 2544 2019 2575 Pauly
2042 2543 2061 2567 1.
2081 2543 2099 2568 l.
2125 2543 2198 2566 Tem.
2218 2541 2238 2566 1.

1319 2587 1345 2611 Ρ.
1435 2588 1475 2611 sq.

2334 2245 2338 2316 r

2332 2390 2335 2481 ἔ
