2351 2990
225 130 298 164 863

224 215 504 258 recuperandum
541 219 669 247 statum
707 212 791 244 civis
824 210 890 244 huc
925 210 1122 247 transtulit;
1167 221 1210 242 ne
1235 209 1241 258 Ι
1266 207 1368 248 vicit,
1413 214 1602 242 coronatus
1629 214 1680 242 est
1706 214 1739 241 et
1763 209 1876 240 victor
1904 206 2137 241 renuntiatus.

224 274 307 300 tuuc
327 265 468 311 quidem
487 264 729 299 contrilmisti,
758 274 830 294 nou
853 262 994 306 iuopia,
1022 274 1105 293 nam
1129 258 1212 293 hae-

223 318 408 350 reditatem
433 316 544 350 soceri
570 326 753 358 acceperas
776 314 854 358 plus
879 314 1035 359 quinque
1061 311 1212 352 talentis,

224 375 256 401 et
290 367 443 401 habebas
473 366 705 400 honorarium
738 377 868 398 munus
891 367 1063 398 donatum
1088 364 1131 395 ab
1159 363 1212 403 iis,

224 420 284 465 qui
309 425 475 463 praesunt
500 417 674 460 collegiis,
709 422 747 449 nt
780 417 891 460 legem
923 416 964 448 de
997 415 1213 449 instruendis

223 472 372 504 navibus
395 470 634 502 lalvesaetares.
688 467 754 501 Sed
774 465 860 500 haec
883 467 1031 506 omitto,
1066 478 1110 498 ne
1137 466 1214 498 lon—

223 522 300 566 gius
345 519 430 553 baec
464 519 757 552 commemoratio
794 531 870 551 mea
907 531 1011 552 causa
1050 518 1212 550 abducat.

222 573 303 608 Nou
324 571 442 615 iuopia
469 569 558 603 nihil
583 570 826 609 contribuisti,
862 570 921 603 sed
949 581 991 602 ne
1018 569 1214 602 offenderes

223 624 421 656 voluntates
440 622 513 655 eius
532 622 661 666 partis,
690 621 743 655 cui
763 622 915 655 favebas.
975 621 1077 653 Tunc
1096 626 1212 653 autem

222 680 410 719 promptus
427 679 460 705 et
483 673 607 706 alacris
629 684 726 712 eras,
763 674 907 718 quando
931 672 1065 717 aliquid
1090 677 1213 704 contra

223 724 287 759 hos
304 725 493 757 dicendum
511 724 596 764 suit,
623 730 705 757 tunc
727 730 760 756 et
778 724 874 757 vocis
900 723 1060 756 claritate
1085 728 1119 755 et
1141 734 1214 754 me-

223 777 337 809 moria
356 775 568 815 excellebas,
595 781 629 808 et
647 787 724 808 cras
740 773 866 808 histrio
887 774 1043 819 optimus
1058 780 1092 807 et
1115 785 1215 818 syco-

223 826 356 873 phanta
374 826 532 870 insignis.

326 901 425 935 Talis
443 913 521 935 cum
537 901 595 941 sis,
622 900 747 934 recitas
763 899 912 932 nomina
930 906 963 932 et
982 899 1141 943 exempla
1158 911 1216 932 ve-

223 961 339 987 terum
365 953 658 997 gubernatorum.
711 951 779 984 Sed
796 963 869 983 nou
888 957 938 984 est
956 951 1108 991 iustum,
1135 962 1214 983 cum

223 1005 291 1038 illis
308 1017 373 1038 nos
391 1004 549 1036 viventes
574 1002 739 1036 conferri.
800 1001 978 1035 Miramur
1002 1002 1096 1035 enim
1122 1007 1216 1034 vete-

223 1069 278 1090 res
303 1056 378 1089 sine
404 1055 537 1088 invidia
564 1060 598 1086 et
621 1053 892 1093 malevolentia,
920 1053 1078 1087 viventes
1097 1059 1214 1086 autem

223 1119 347 1140 omnes
372 1118 433 1139 seu
456 1106 534 1150 plus
558 1117 619 1138 seu
643 1105 761 1138 minus
786 1105 918 1149 premit
949 1104 1052 1139 livor.
1120 1103 1216 1137 Haec

223 1171 333 1204 quum
350 1157 399 1190 ita
416 1157 505 1197 sint,
532 1169 606 1189 non
630 1157 689 1190 fiat
713 1156 756 1189 de
780 1168 836 1189 me
858 1155 1030 1189 iudicium
1056 1168 1097 1189 ex
1121 1168 1216 1188 com-

222 1208 409 1255 paratione
437 1214 617 1248 veterum,
660 1208 722 1241 sed
754 1214 868 1241 tecum
896 1213 930 1240 et
954 1220 1032 1240 cmn
1056 1207 1216 1247 caeteris,

223 1261 285 1306 qui
304 1272 443 1293 mecum
462 1259 587 1293 vivunt
603 1266 637 1292 ct
654 1258 691 1291 in
708 1258 832 1292 iisdem
850 1258 1001 1302 negotiis
1018 1264 1216 1298 versantur,

223 1311 426 1356 comparari
443 1323 499 1344 me
517 1323 670 1356 aequum
691 1317 752 1344 est.
810 1309 950 1343 Deinde
968 1316 1002 1343 et
1017 1307 1085 1343 hoc
1103 1309 1216 1342 consi-

222 1364 329 1402 dera,
353 1369 475 1396 utrum
497 1361 632 1394 civitati
655 1359 840 1395 honestius
863 1361 908 1395 sit
930 1373 996 1406 pro
1022 1359 1216 1405 praesenti-

223 1415 288 1448 bus
306 1412 483 1447 beneficiis
501 1413 680 1457 ingratam
700 1425 793 1453 esse,
829 1412 911 1458 quia
930 1412 1068 1445 maiora
1085 1411 1217 1444 suerint

221 1465 385 1510 priorum
418 1464 718 1508 gubernatorum,
761 1476 807 1496 an
842 1475 927 1496 vero
963 1475 1043 1507 erga
1082 1474 1216 1502 omnes,

222 1529 377 1562 quorum
395 1516 546 1559 probata
572 1521 623 1549 est
644 1516 750 1555 fides,
783 1514 1078 1559 significationem
1099 1520 1217 1547 osten-

223 1569 305 1601 dere
323 1566 561 1611 gratitudinis.
613 1566 754 1599 Addam
771 1563 839 1598 hoc
857 1578 1016 1611 quoque:
1054 1565 1138 1598 Mea
1155 1577 1216 1597 vo-

222 1619 340 1652 luntas
361 1624 394 1651 et
414 1617 560 1651 consilia
578 1617 615 1650 in
633 1617 813 1662 republica
831 1622 1033 1660 congruunt
1057 1629 1135 1650 cum
1162 1627 1217 1648 re-

222 1670 288 1703 bus
311 1669 415 1713 gestis
435 1669 578 1702 illorum
595 1681 817 1702 summorum
837 1667 1015 1706 xirorunn
1050 1673 1109 1701 tua
1131 1679 1216 1700 vero

224 1733 303 1754 cum
331 1720 391 1760 iis,
429 1720 491 1765 qui
515 1732 573 1754 eos
599 1719 920 1753 calumniabantur.
986 1718 1099 1752 Erant
1122 1719 1216 1751 enim

223 1779 307 1805 tunc
331 1783 492 1816 quoque,
528 1771 589 1816 qui
615 1771 860 1815 praesentibus
885 1770 1153 1810 obtrectabant,
1184 1776 1218 1803 et

222 1822 424 1867 superiores
441 1822 687 1855 anteferebant
703 1822 972 1862 malevolentia,
1001 1828 1041 1855 ut
1063 1828 1102 1854 tu
1122 1833 1218 1855 nunc

222 1874 320 1908 facis.
388 1873 486 1907 Talis
511 1885 591 1907 cum
620 1873 685 1914 sis,
722 1886 779 1907 me
805 1874 890 1908 dicis
915 1873 1122 1907 dissimilem
1145 1885 1217 1906 esse

222 1925 368 1958 illorum
386 1931 545 1958 veterum
562 1925 840 1969 gubernatorum
853 1952 861 1965 ,
897 1925 997 1970 quasi
1017 1936 1101 1957 vero
1118 1930 1157 1957 tu
1172 1923 1217 1957 sis

225 1988 348 2009 eorum
367 1976 512 2015 similis,
549 1982 610 2009 aut
626 1982 706 2010 tuus
724 1977 854 2017 frater,
888 1983 949 2009 aut
972 1976 1032 2008 alii
1057 1981 1217 2009 oratores

223 2025 329 2061 huius
347 2027 530 2071 temporis.

326 2103 402 2148 Ego
424 2116 509 2137 vero
534 2103 672 2136 nullum
698 2102 776 2135 dico
802 2114 926 2135 eorum
950 2102 1099 2135 similem
1127 2114 1217 2141 esse3

223 2156 282 2189 sed
307 2161 511 2200 praesentes
535 2167 615 2187 cum
639 2153 885 2198 praesentibus
908 2154 1062 2187 conferri
1085 2153 1216 2188 iustum

223 2212 292 2246 est,
320 2207 409 2240 etin
425 2219 488 2240 suo
508 2217 685 2251 quemque
709 2217 875 2245 munere,
910 2211 950 2238 ut
964 2211 1106 2249 poetas,
1135 2203 1217 2239 cho-

224 2269 300 2297 ros,
328 2258 474 2302 pugiles.
514 2258 597 2292 Non
614 2256 693 2289 ideo
711 2256 748 2289 in
766 2256 943 2301 Olympiis
958 2269 1127 2289 coronam
1144 2269 1218 2290 non

224 2309 355 2342 meruit
373 2308 503 2343 athleta
520 2307 768 2348 Philammon,
806 2308 889 2354 quia
907 2320 981 2341 non
997 2308 1064 2341 suit
1079 2320 1145 2352 par
1161 2321 1217 2342 ve-

226 2359 290 2391 teri
316 2361 451 2395 Glauco
474 2361 547 2394 filio
572 2360 744 2405 Carystii,
787 2361 867 2400 sed,
908 2372 986 2394 cum
1013 2366 1216 2404 praesentes

797 125 917 160 PHIL.
951 123 1062 158 MEL.
1097 122 1299 157 SCRIPTA
1332 121 1666 157 PHILOLOGICA.

2180 121 2255 158 864

2203 206 2254 240 lta

1267 271 1321 291 me
1349 259 1509 293 conferas
1534 260 1578 291 ad
1600 266 1821 303 praesentes,
1851 260 1893 291 ad
1910 265 1942 291 te
1958 264 1992 291 et
2008 269 2254 304 quemcunque

1267 310 1395 349 alium,
1436 322 1588 355 quorum
1613 312 1698 343 cedo
1721 311 1828 350 nulli,
1864 322 1973 355 quum
1997 321 2082 353 prae
2109 311 2256 344 caeteris

1266 361 1459 395 rectissima
1481 361 1625 395 consilia
1643 362 1802 395 dederim
1821 368 1920 399 tunc,
1947 373 2025 394 cum
2042 367 2181 405 tempus
2202 362 2254 393 sa-

1267 413 1432 445 cultatcm
1452 412 1673 445 deliberandi
1691 411 1806 447 adhuc
1822 412 2042 451 concederet,
2069 418 2103 445 et
2118 411 2254 456 patriae

1267 461 1420 496 charitas
1444 463 1611 496 invitaret
1636 476 1758 498 omnes
1780 466 1824 497 ad
1847 465 2047 498 dicendum.
2099 461 2152 496 Ibi
2175 475 2255 497 cum

1267 521 1422 548 vestrum
1440 526 1546 547 nemo
1564 514 1743 559 prodiret,
1771 516 1886 549 nisisi
1906 515 1992 560 quid
2017 520 2141 547 contra
2164 513 2257 549 cives

1269 567 1444 609 agendum
1463 572 1559 605 erat,
1586 565 1674 599 meis
1698 567 1865 607 decretis,
1893 566 2028 609 legibus
2052 571 2086 598 et
2111 565 2259 609 legatio—

1268 618 1372 651 nibus
1389 617 1509 649 omnia
1527 617 1773 650 administrata
1791 624 1884 651 sunt.
1927 617 2122 663 Postquam
2139 621 2260 650 autem

1267 666 1305 701 hi
1322 668 1438 701 tristes
1456 674 1602 701 eventus
1618 668 1728 701 secuti
1742 675 1841 708 sunt,
1867 674 1900 701 et
1915 668 1985 701 iam
2004 680 2080 702 non
2095 673 2147 701 est
2161 667 2260 701 locus

1268 719 1549 759 consultoribus,
1590 720 1650 753 sed
1673 719 1782 752 servis
1807 725 1841 752 et
1865 719 2161 759 assentatoribus,
2202 715 2260 752 hie

1268 783 1390 804 rursus
1404 770 1548 814 prodire
1568 770 1787 815 splendidius
1807 776 1842 804 et
1857 770 1950 803 alere
1970 782 2080 816 equos
2102 769 2261 813 coepisti,

1269 833 1333 866 ego
1348 820 1492 855 humilis
1509 828 1652 855 econtra
1670 822 1722 855 sui
1738 833 1818 865 erga
1836 821 1929 855 cives
1946 821 2058 866 magis
2073 821 2263 855 beneficus.

1270 873 1365 905 Haec
1383 879 1501 906 autem
1519 873 1590 906 duo
1609 873 1645 905 in
1674 873 1748 906 cive
1771 872 1943 905 mediocri
1968 884 2040 906 esse
2063 873 2163 906 decet
2185 869 2263 916 (ve—

1270 924 1459 958 recundius
1484 923 1577 957 enim
1602 924 1733 969 loquor
1757 923 1913 957 invidiae
1944 924 2110 957 vitandae
2138 923 2262 969 causa)

1270 982 1375 1016 tunc,
1409 987 1488 1008 cum
1514 975 1661 1009 facultas
1684 975 1752 1009 suit
1773 976 2025 1019 gubernandae
2046 973 2262 1020 reipublicae

1270 1038 1442 1071 generoso
1474 1025 1596 1059 animo
1628 1026 1837 1069 dignitatem
1868 1026 2006 1071 patriae
2027 1032 2063 1060 et
2082 1024 2263 1071 principa-

1270 1084 1344 1111 tum
1362 1078 1400 1110 in
1417 1077 1543 1111 dandis
1563 1077 1717 1111 consiliis
1736 1077 1846 1115 tueri;
1883 1084 2062 1111 caeterum
2079 1077 2263 1123 qualicun—

1271 1141 1340 1174 que
1370 1129 1441 1162 sint
1471 1135 1655 1173 tempora,
1697 1141 1771 1161 non
1797 1135 1937 1162 mutare
1963 1127 2263 1162 benevolentiam.

1269 1180 1347 1213 Hoc
1362 1180 1400 1212 in
1414 1186 1534 1213 nostra
1555 1186 1729 1224 potestate
1752 1185 1821 1220 est,
1857 1186 2003 1214 eventus
2025 1191 2110 1213 vero
2137 1190 2263 1212 causae

1270 1231 1359 1264 aliae
1377 1231 1510 1264 multae
1528 1231 1738 1275 gubernant.
1797 1230 1993 1276 Nunquam
2011 1238 2130 1265 autem
2147 1236 2264 1264 muta·

1270 1288 1343 1315 tam
1360 1294 1432 1316 esse
1449 1282 1735 1315 benevolentiam
1752 1293 1869 1315 meam
1887 1282 1986 1325 signa
2003 1283 2115 1316 multa
2133 1287 2264 1315 testan-

1270 1340 1340 1367 tur.
1392 1333 1475 1367 Non
1491 1333 1602 1366 sactus
1622 1339 1674 1366 est
1692 1333 1843 1366 alienior
1868 1333 2008 1367 animus
2033 1345 2132 1368 meus
2155 1344 2176 1366 a
2201 1344 2264 1377 pa—

1269 1384 1358 1424 tria,
1385 1384 1493 1417 etiam
1516 1396 1595 1417 cum
1618 1396 1675 1417 me
1698 1384 1779 1417 dedi
1804 1381 1922 1418 hostes
1945 1391 2151 1428 poscerent,
2183 1396 2264 1417 cum

1269 1433 1357 1467 mihi
1384 1435 1477 1468 diem
1501 1435 1659 1468 dicerent
1674 1433 1972 1480 Amphictyonico
1998 1435 2151 1483 iudicio,
2185 1447 2267 1469 cum

1270 1487 1338 1518 alia
1356 1486 1469 1520 tristia
1486 1486 1760 1527 minitarentur,
1797 1498 1876 1519 cum
1902 1487 2071 1521 adversus
2096 1498 2154 1520 me
2177 1486 2266 1520 inci—

1270 1543 1389 1570 tarent
1404 1537 1483 1571 illos
1499 1537 1686 1571 sceleratos
1704 1544 1875 1583 tanquam
1891 1538 2039 1579 belluas,
2067 1550 2146 1571 cum
2164 1544 2265 1572 accu-

1270 1588 1426 1622 sationes
1455 1589 1711 1633 perduellionis
1742 1589 1981 1623 instituerent.
2056 1589 2125 1623 Sed
2155 1601 2264 1635 quam

1270 1640 1373 1672 initio
1398 1646 1532 1673 rectam
1555 1646 1589 1673 et
1612 1640 1741 1674 iustam
1764 1640 1861 1673 viam
1883 1641 2059 1685 ingressus
2082 1652 2200 1681 eram,
2225 1647 2267 1674 ut

1270 1689 1426 1724 honores
1446 1697 1480 1724 et
1495 1691 1646 1736 gloriam
1664 1691 1802 1736 patriae
1820 1693 2108 1736 magnifacerem,
2136 1692 2180 1725 ab
2197 1689 2264 1726 hac

1270 1755 1345 1776 non
1362 1742 1499 1776 deflexi.
1539 1742 1622 1777 Non
1638 1741 1823 1788 triumpho
1841 1743 1878 1776 in
1893 1744 1990 1778 luctu
2005 1743 2162 1788 patriae,
2189 1755 2265 1777 non

1271 1794 1458 1828 ambulans
1476 1793 1515 1826 in
1532 1794 1611 1827 foro
1635 1794 1760 1828 alacris
1783 1795 1919 1840 excipio
1943 1795 2046 1829 istinc
2069 1794 2264 1836 venientes,

1270 1858 1345 1878 non
1360 1845 1520 1889 gratulor
1537 1845 1612 1879 istis
1630 1845 1836 1887 victoriam,
1870 1859 1944 1880 non
1961 1844 2212 1880 cohorrescens
2229 1853 2265 1880 et

1271 1909 1414 1941 gemens
1432 1903 1466 1929 et
1482 1897 1648 1930 deiiciens
1667 1898 1787 1931 oculos
1803 1898 1910 1931 audio
1928 1910 1982 1932 res
2006 1898 2178 1933 secundas
2200 1910 2263 1943 pa-

1271 1948 1381 1989 triae,
1408 1954 1448 1981 ut
1464 1948 1521 1981 isti
1539 1948 1660 1993 impii,
1689 1949 1750 1994 qui
1769 1949 1923 1993 patriam
1949 1949 2164 1983 contumelia
2189 1950 2263 1983 affi-

1271 1999 1389 2039 ciunt,
1417 1999 1518 2045 quasi
1536 2012 1609 2033 non
1625 2000 1730 2034 simul
1747 2013 1783 2034 se
1807 2000 1901 2044 ipsos
1925 2007 2009 2035 tunc
2035 2002 2261 2042 dedecorent,

1271 2051 1365 2084 foras
1382 2057 1561 2095 spectant,
1589 2052 1766 2085 laetantur
1785 2052 1985 2086 calamitate
2003 2052 2192 2093 Graeciae,
2227 2059 2262 2086 et
2287 2066 2294 2073 “

1271 2103 1426 2146 gaudent
1443 2102 1594 2136 victores
1612 2103 1766 2137 intentos
1794 2115 1884 2143 esse,
1919 2110 1959 2137 ut
1981 2110 2112 2138 statum
2137 2110 2262 2137 tuean-

1271 2160 1349 2194 tur,
1378 2165 1483 2199 quem
1503 2154 1771 2189 constituerunt.
1821 2153 1860 2187 Id
1879 2167 1952 2188 non
1971 2157 2143 2189 concedat
2153 2155 2262 2198 Deus,

1271 2206 1330 2238 sed
1347 2205 1466 2249 potius
1484 2205 1558 2239 istis
1575 2205 1758 2239 meliorem
1776 2213 1930 2240 mentem
1953 2208 2029 2246 det;
2062 2207 2118 2242 sin
2142 2213 2261 2241 autem

1271 2263 1352 2290 sunt
1367 2257 1598 2297 insanabiles,
1634 2256 1729 2301 ipsos
1754 2257 1828 2292 sine
1851 2258 1954 2292 nobis
1978 2264 2074 2292 terra
2097 2259 2261 2305 marique

1270 2308 1408 2352 perdat.
1466 2308 1540 2343 Nos
1557 2314 1673 2342 autem
1692 2309 1848 2356 reliquos
1864 2322 1970 2356 quam
1988 2310 2145 2355 primum
2163 2316 2262 2345 metu

1270 2360 1416 2400 liberet,
1446 2366 1478 2393 et
1496 2371 1570 2393 non
1587 2360 1731 2394 dubiam
1749 2362 1897 2396 salutem
1915 2361 2018 2396 nobis
2037 2362 2210 2397 restituat.
