2351 2990
139 103 213 141 353
285 101 408 140 XXIII.
454 99 763 139 ARGUMENTA
784 100 849 138 ΕΤ
870 100 1071 139 SCHOLIA
1096 101 1143 139 IN
1167 101 1314 141 EPIST.
1339 105 1368 140 F
1370 105 1453 144 AM.
1476 106 1562 145 ClC.
1593 108 1681 146 LIB.
1700 113 1740 148 X.
1771 112 1842 150 ΕΡ.
1861 117 2039 155 17—20.
2108 121 2182 157 354

383 189 520 224 Aliud
545 196 879 234 argumentum.

239 258 408 294 Eiusdem
433 259 506 292 fere
537 265 588 292 est
612 258 814 303 argumenti
840 271 919 292 cum
947 258 1135 303 superiori,

139 321 231 356 quae
256 317 308 345 est
331 310 406 345 XV.
429 310 467 342 in
491 309 628 344 ordine.
688 310 780 344 Nam
807 307 864 343 hic
889 322 1033 355 quoque
1062 311 1133 354 agit

135 364 179 395 de
194 361 445 395 coniunctione
462 360 634 395 exercitus
649 361 702 395 sui
719 374 798 395 cum
808 360 947 406 Lepidi,
965 367 999 394 et
1016 368 1132 395 osten-

136 414 207 453 dit,
235 425 306 458 quo
324 412 473 446 consilio
496 412 531 445 id
557 412 679 445 fecerit
701 419 783 446 ante
807 414 998 446 adventum
1014 412 1129 447 Bruti,

134 463 319 508 Principio
334 470 386 497 est
402 464 583 504 narratio,
611 475 702 509 quae
726 470 876 498 testatur
898 476 997 498 suam
1022 464 1128 497 bene-

134 514 329 547 volentiam
347 526 428 558 erga
450 515 721 559 rempublicam.
774 515 941 560 Sequitur
966 515 1128 560 proposi-

133 565 207 605 tio,
250 565 306 599 cui
326 572 409 599 sunt
431 565 584 599 insertae
608 567 784 611 quaedam
812 579 955 607 causae,
998 578 1060 600 cur
1091 579 1126 601 se

134 615 271 660 Lepido
301 617 535 650 coniunxerit.
604 617 849 661 Propositioni
874 617 1014 652 subiicit
1039 619 1126 651 duas

134 672 247 700 certas
264 667 439 708 rationes,
467 680 530 701 cur
546 680 623 700 eam
644 681 719 701 rem
735 681 808 701 non
825 669 1013 702 distulerit.
1047 669 1125 701 Pri-

134 729 193 750 ma
218 725 287 757 est,
329 730 374 751 ne
409 719 482 763 ipse
510 719 546 751 in
572 719 729 765 aliquam
754 718 1069 764 reprehensionem
1093 726 1127 752 et

135 766 269 801 crimen
287 770 436 803 veniret.
489 769 671 810 Secunda,
698 777 737 804 ut
751 771 899 803 Antonii
916 771 1065 804 consilia
1093 776 1126 802 et

134 826 280 853 conatus
296 820 485 865 impediret
503 827 535 853 ct
556 822 771 866 reipublicae
787 827 1017 855 succurreret.

377 903 517 938 Aliud
544 912 870 948 argumentum.

234 971 403 1006 Narratio
438 978 490 1006 est
521 973 564 1005 de
596 985 657 1006 sua
683 973 934 1006 coniunctione
959 986 1038 1007 cum
1059 972 1125 1005 Le-

131 1022 236 1066 pido,
265 1029 386 1067 estque
404 1024 523 1055 addita
542 1024 771 1067 amplificatio
788 1036 807 1057 a
825 1025 1002 1068 periculo,
1030 1024 1126 1069 quod

134 1072 283 1106 omnino
302 1074 575 1118 contempserit,
606 1087 640 1107 se
666 1075 858 1109 coniiciens
880 1075 916 1108 in
935 1075 1127 1109 discrimen

132 1124 342 1164 maximum,
362 1136 406 1157 ne
426 1125 606 1157 videretur
621 1125 770 1159 defuisse
786 1126 1015 1170 reipublicae.
1055 1126 1126 1159 Ad-

133 1174 186 1207 dit
214 1175 321 1208 etiam
348 1176 390 1207 de
416 1187 478 1209 sua
503 1175 761 1216 sollicitudine,
804 1189 912 1222 quam
937 1175 1067 1210 habeat
1090 1177 1126 1209 in

134 1225 300 1259 omnibus
324 1226 429 1259 rebus
453 1226 636 1270 gerendis,
673 1233 712 1260 ut
734 1228 894 1260 omnium
920 1227 1051 1260 iudicio
1078 1228 1127 1260 vi-

133 1277 261 1309 deatur
276 1276 477 1310 fidelissime
495 1289 597 1311 suum
614 1278 770 1311 officium
788 1279 1065 1313 administrasse.

268 1374 449 1410 Scholia
478 1376 525 1409 in
553 1377 804 1422 epistolam
833 1378 991 1427 XIX.¹2).

240 1450 269 1495 ἓ.
291 1452 324 1484 1.
359 1453 565 1497 Quamquam
587 1455 781 1495 yratiarum
804 1454 987 1503 actionem]
1015 1456 1127 1489 Exor-

134 1503 232 1536 dium
251 1515 269 1534 a
285 1501 410 1536 litteris
421 1501 558 1542 Planci,
587 1509 619 1535 et
638 1503 711 1537 eius
728 1505 956 1548 gratitudine.
1009 1509 1128 1551 Dices]

134 1552 310 1586 Obiectio.

238 1602 319 1646 §.2
346 1605 432 1643 Sed,
460 1606 507 1637 mi
525 1603 668 1651 Plance]
697 1604 911 1640 Adhortatio
936 1610 980 1641 ad
1008 1611 1127 1653 oppri-

135 1655 304 1688 mendum
322 1652 532 1687 Antonium.
603 1658 668 1696 Qui
684 1659 772 1690 enim
790 1658 994 1707 Antonium]
1025 1661 1127 1693 Clau-

134 1705 208 1740 sula
226 1705 263 1738 in
282 1704 433 1749 epilogo.

435 1776 768 1821 Argumentum
786 1780 842 1825 13).

236 1844 443 1889 Respondet
455 1844 578 1878 Cicero
595 1846 718 1879 Planci
733 1847 858 1882 litteris
870 1875 878 1887 ‚
906 1850 1033 1895 quihus
1050 1862 1128 1894 gra-

137 1898 204 1930 tias
229 1896 302 1940 agit
326 1908 392 1941 pro
414 1896 593 1931 beneficiis
616 1898 652 1929 in
678 1910 713 1931 se
739 1899 886 1933 collatis.
940 1901 1092 1934 Orditur
1109 1914 1126 1934 a

135 1947 383 1993 propositione
417 1948 567 1992 figurata
605 1950 857 1993 occupatione,
902 1953 999 1996 quod
1028 1960 1127 1997 grata

134 1999 242 2034 fuerit
266 1998 461 2043 gratiarum
488 1999 590 2033 actio.
650 2000 780 2034 Addita
808 2008 857 2034 est
884 2003 996 2044 ratio,
1032 2005 1129 2049 quod

135 2051 306 2084 iudicium
323 2051 454 2083 amoris
472 2050 554 2083 inde
573 2051 762 2095 collegerit.
816 2054 983 2099 Sequitur
1005 2067 1129 2088 narra-

136 2102 188 2135 tio
205 2103 247 2134 de
267 2101 415 2146 publicis
437 2102 562 2136 litteris
579 2103 724 2143 Planci,
753 2110 785 2137 et
811 2112 951 2139 senatus
975 2107 1129 2139 benevo-

138 2153 268 2193 lentia,
311 2152 368 2185 cui
398 2153 578 2186 subiunxit
610 2152 895 2190 exhortationem
923 2158 968 2190 acl
996 2158 1126 2191 bellum

142 2204 411 2237 conficiendum.

383 2287 518 2321 Aliud
554 2299 880 2333 argumentum.

244 2355 483 2399 Responsoria
515 2362 565 2389 est
593 2358 637 2390 ad
671 2359 855 2403 epistolam
882 2361 957 2402 XL,
994 2363 1029 2395 in
1060 2376 1128 2408 qua

143 2418 289 2451 magnas
313 2407 385 2450 agit
408 2406 538 2450 gratias
555 2407 717 2442 Ciceroni
734 2411 885 2447 Plancus
908 2426 973 2458 pro
1003 2415 1129 2449 officio.

142 2457 339 2492 Exordium
369 2458 521 2491 sumitur
550 2470 569 2491 a
599 2462 864 2504 praedicatione
893 2466 1130 2509 gratitudinis,

181 2577 227 2606 12)
251 2576 313 2600 Met.
333 2575 524 2605 argumentum
541 2575 621 2599 huius
640 2577 772 2606 epistolae
790 2580 818 2605 in
832 2581 915 2606 Editt.
933 2583 1131 2609 1537—1554..

219 2611 308 2641 1557.,
330 2609 423 2640 1560.⁷
444 2610 519 2634 1601.
539 2615 592 2633 non
612 2614 710 2636 exstat.
1126 2611 1129 2613 ”

185 2662 229 2688 13)
249 2661 305 2684 Hoc
324 2660 514 2689 argumentum
533 2661 559 2683 et
579 2660 629 2684 duo
648 2664 789 2692 sequeutia
807 2667 839 2689 ab
859 2667 940 2690 Editt.
963 2669 1028 2692 1556
1041 2685 1047 2691 .
1070 2669 1134 2692 1555

214 2694 331 2717 -1596,
351 2694 519 2718 exhibentur.

152 2737 338 2766 MELANTH.
364 2733 470 2765 opnn.
494 2734 577 2764 Vox..
602 2736 708 2767 XVII.

1188 202 1295 248 quam
1313 205 1489 228 summam
1510 207 1550 229 ex
1572 195 1666 231 illius
1689 197 1814 234 litteris
1838 212 2064 246 cognoverat.
2118 208 2178 241 Se·

1186 249 1308 286 quitur
1327 246 1509 287 narratio,
1545 249 1605 281 sed
1629 249 1731 283 valde
1756 251 1872 286 brevis
1896 255 1938 287 de
1962 256 2088 291 litteris
2111 271 2175 302 pu-

1183 292 1301 334 blicis,
1329 297 1425 341 quod
1443 297 1587 332 suerunt
1601 301 1740 334 senatui
1752 301 1797 346 ¹²)
1820 310 1853 336 et
1870 308 2004 349 populo
2022 310 2175 350 gratissi-

1182 355 1273 379 mae.
1327 345 1380 379 De
1399 348 1470 381 suis
1486 349 1612 384 litteris
1629 351 1664 384 in
1685 353 1831 396 epistola
1849 355 1921 390 XII.
1940 364 1971 390 et
1991 359 2079 393 XVI.
2098 361 2174 404 plu-

1182 394 1279 429 ribus
1297 398 1377 441 egit.
1431 400 1556 433 Postea
1574 403 1734 448 sequitur
1755 402 1959 441 adhortatio
1985 411 2029 443 ad
2054 413 2174 455 oppri-

1182 448 1350 481 mendum
1370 449 1582 486 Antonium.

1435 534 1571 568 Aliud
1600 548 1927 581 argumentum.

1282 600 1383 634 Duae
1414 609 1495 635 sunt
1524 605 1833 649 narratiunculae,
1876 610 1913 643 in
1944 613 2072 657 quibus
2101 617 2174 659 pri-

1180 662 1277 683 mum
1296 652 1419 685 laudat
1441 654 1695 697 gratitudinem
1715 658 1850 694 Planci.
1911 662 2049 697 Deinde
2073 668 2171 701 addit

1178 701 1315 735 litteras
1347 705 1391 735 ad
1433 711 1595 738 senatum
1630 708 1776 751 scriptas
1807 711 1912 746 fuisse
1943 716 2171 758 gratissimas.

1179 752 1265 785 Post
1282 754 1568 790 narratiunculas
1583 757 1744 802 sequitur
1765 758 1988 805 adhortatio,
2015 773 2054 799 ut
2078 774 2172 803 totus

1180 802 1363 837 incumbat
1392 804 1429 838 in
1461 807 1554 840 bello
1588 808 1744 842 finiendo
1769 821 1930 858 suscepto
1955 824 2076 851 contra
2099 819 2171 853 An-

1179 853 1330 889 tonium.

1394 931 1531 966 Aliud
1564 944 1884 979 argumentum
1901 940 1957 987 ¹⁵).

1282 996 1490 1041 Respondet
1512 1001 1557 1033 ad
1584 1001 1658 1036 eius
1685 1004 1883 1047 gratiarum
1909 1009 2104 1053 actionem,
2138 1022 2172 1048 et

1179 1047 1336 1080 breviter
1352 1058 1628 1092 commemorat,
1663 1067 1770 1099 quam
1799 1064 1920 1099 gratae
1941 1061 2074 1096 suerint
2098 1066 2172 1099 eius

1181 1098 1319 1132 litterae
1342 1101 1493 1135 senatui.
1546 1102 1734 1138 Postremo
1760 1105 1975 1145 adhortatur
1997 1126 2099 1155 eum,
2133 1124 2171 1150 ut

1180 1150 1437 1194 rempublicam
1464 1160 1586 1196 pergat
1609 1156 1799 1190 defendere
1824 1160 1991 1197 adversus
2014 1165 2172 1201 latrones

1181 1207 1215 1233 et
1233 1207 1416 1237 tyrannos.

1232 1302 1555 1345 Argumentum
1592 1313 1633 1338 et
1668 1306 1848 1343 schoIIa
1876 1312 1922 1346 in
1950 1315 2122 1359 episto-

1577 1356 1662 1390 lam
1692 1359 1764 1394 XX.

1283 1426 1452 1462 Narratio
1464 1428 1508 1474 16)
1520 1456 1528 1470 ,
1554 1431 1673 1467 varios
1691 1446 1762 1468 esse
1783 1447 1945 1473 rumores
1963 1441 2006 1474 de
2022 1441 2172 1487 Lepido,

1182 1489 1200 1510 a
1217 1477 1315 1511 cuius
1339 1480 1493 1513 exercitu
1509 1480 1688 1518 Antonius
1712 1494 1873 1531 receptus
1895 1491 2097 1534 dicebatur,
2139 1483 2173 1529 et

1182 1529 1279 1572 quod
1306 1529 1379 1572 ipse
1403 1543 1545 1577 quoque
1560 1532 1716 1578 Lepidus
1742 1550 1821 1571 cum
1842 1539 2000 1575 Antonio
2027 1557 2062 1577 se
2090 1558 2173 1579 con-

1182 1579 1350 1613 iunxisset
1360 1580 1418 1625 l⁷).

1286 1629 1316 1674 ᾗ.
1339 1633 1375 1666 2.
1419 1634 1483 1666 Bis
1507 1637 1552 1668 ad
1570 1636 1731 1685 eundem]
1764 1638 1832 1679 Δὶς
1853 1641 1945 1689 πρὸς
1965 1641 2033 1679 τὸν
2058 1645 2173 1682 αὐτὸν

1184 1680 1341 1734 αἰσχρὸν
1357 1682 1599 1729 ’.Ἶροςκρούειν
1616 1686 1794 1735 ti3012¹⁸).

1286 1734 1316 1775 &-
1333 1733 1368 1767 3.
1403 1736 1486 1768 Mea
1514 1739 1644 1781 quidem
1656 1738 1727 1787 19)]
1764 1740 2001 1785 Adhortatio,
2043 1754 2080 1780 ut
2107 1747 2173 1782 hoc

1182 1782 1315 1816 bellum
1332 1791 1455 1818 contra
1470 1786 1669 1837 A'ntonium
1688 1793 1862 1827 conficiat.

1403 1869 1535 1904 Aliud
1564 1883 1884 1917 argumentum
1901 1878 1959 1925 ¹²⁰).

1283 1935 1412 1970 Incerti
1445 1946 1545 1972 erant
1574 1953 1736 1975 rumores
1769 1944 1811 1977 de
1835 1944 1963 1988 Lepidi
1993 1948 2175 1983 voluntate

1183 1998 1265 2030 erga
1284 1989 1560 2031 rempublicam,
1589 1998 1628 2023 ut
1645 2004 1719 2024 non
1735 1995 1817 2027 satis
1836 2003 2031 2038 constaret,
2068 2012 2113 2032 an
2137 2014 2172 2034 se

1218 2105 1265 2133 14)
1284 2105 1408 2133 senatui]
1427 2105 1477 2128 Ed.
1498 2105 1573 2129 1571.
1594 2109 1700 2131 senatu.

1218 2147 1263 2175 15)
1284 2148 1342 2171 Hoc
1360 2148 1548 2178 argumentum
1566 2149 1667 2180 legitur
1685 2150 1713 2174 in
1734 2152 1817 2176 Editt.
1838 2153 2025 2180 1565—1596.

1218 2190 1265 2218 16)
1284 2190 1352 2214 Huic
1371 2190 1434 2214 voci
1458 2190 1485 2214 in
1504 2191 1589 2215 Editt.
1604 2193 1693 2223 15⁴0.,
1722 2194 1814 2223 1544.⁹
1841 2196 1932 2227 1554.²
1960 2198 2032 2222 1557.
2053 2201 2174 2229 praefixa

1251 2226 1315 2248 suut
1335 2225 1391 2249 Cic.
1411 2226 1495 2249 verba
1515 2224 1556 2257 (§.
1575 2227 1630 2255 1.):
1661 2228 1709 2252 lta
1728 2231 1814 2254 erant
1833 2232 1938 2255 omnia.

1219 2266 1341 2325 Ῑῒῖὢὶῗο
1356 2269 1544 2298 argumentum
1557 2269 1656 2293 habent
1669 2270 1752 2296 Editt.
1767 2271 1831 2295 1537
1842 2284 1870 2289 -
1883 2273 1969 2304 1554„
1984 2274 2069 2307 1557„
2089 2276 2173 2308 1560„

1219 2344 1266 2371 18)
1285 2342 1336 2371 Δὶς
1353 2357 1387 2361 —-
1406 2343 1510 2374 Maon]
1537 2346 1577 2369 sic
1603 2347 1680 2371 recte
1697 2347 1781 2372 Editt.
1798 2348 1891 2379 1537.,
1913 2350 2003 2383 1545„
2024 2351 2098 2378 1560.
2124 2354 2172 2378 iis-

1254 2379 1367 2408 demque
1386 2379 1479 2402 verbis
1499 2380 1526 2402 in
1546 2381 1660 2404 Gnomis
1679 2382 1882 2412 paroemiisque
1901 2384 2084 2412 Graecorum.
2104 2395 2173 2418 quae

1253 2413 1281 2436 iu
1300 2413 1358 2436 lani
1377 2414 1488 2437 Gruteri
1508 2414 1661 2446 Florilegio
1681 2416 1907 2446 ethico-politico
1932 2413 2081 2447 (Francofs
2096 2423 2170 2446 1610.

1252 2447 1292 2474 Β.)
1312 2447 1481 2472 afferuntur.
1507 2455 1531 2477 p.
1546 2448 1605 2473 431.
1632 2456 1706 2473 vers.
1724 2450 1783 2475 647.
1811 2451 1861 2474 hoc
1884 2454 2058 2481 proverbium
2076 2456 2174 2480 lauda-

1252 2483 1306 2504 tur.
1343 2481 1536 2513 Editt.1540.,
1563 2483 1637 2506 1557.
1663 2484 1735 2507 male
1758 2485 1855 2508 habent
1880 2485 1997 2517 αἰσχόν,
2028 2489 2077 2512 Ed.
2099 2491 2172 2515 1554.

1253 2513 1283 2538 τὸ
1298 2513 1433 2546 αἰσχρὸν,
1454 2516 1502 2540 Ed.
1513 2517 1587 2540 1544.
1603 2520 1731 2547 corrupte
1744 2519 1774 2541 (ιί
1787 2517 1908 2550 τόσχρόν
1920 2527 1968 2549 pro
1984 2522 2031 2545 illo
2046 2523 2173 2556 αἰσχρόν,

1255 2552 1281 2573 et
1300 2550 1349 2574 Ed.
1368 2551 1441 2573 1557.
1460 2549 1619 2581 προςκούιιι»
1636 2558 1686 2581 pro
1706 2552 1893 2584 προςκρούειν.
2103 2551 2107 2555 ”

1220 2592 1266 2623 19)
1287 2593 1339 2616 Pro
1359 2593 1399 2615 his
1419 2593 1473 2617 Cic.
1494 2593 1584 2616 verbis
1604 2594 1630 2617 in
1645 2594 1828 2623 Editt.1545.,
1850 2597 1925 2621 1560.
1944 2598 2004 2621 huic
2023 2602 2104 2624 notae
2123 2602 2173 2624 ad-

1255 2627 1359 2656 scrIpta
1376 2629 1440 2650 sunt
1458 2627 1616 2656 sequentia:
1643 2629 1700 2658 Qui
1718 2630 1859 2660 reliquias
1879 2631 1974 2656 liuius.

1219 2668 1266 2700 20)
1286 2670 1345 2693 Hoc
1362 2671 1552 2699 argumentum
1573 2671 1599 2694 et
1619 2670 1670 2695 duo
1690 2672 1832 2702 sequentia
1852 2673 1878 2697 in
1898 2674 1981 2700 Editt.
1998 2675 2089 2708 1556„
2110 2677 2175 2702 1565

1260 2716 1287 2720 —
1299 2704 1364 2727 1596
1383 2705 1501 2727 exstant.
